3968 6126
151 323 268 387 961·

953 322 1337 388 exeam.
1385 325 1487 387 ex
1531 319 1761 388 cono.
1807 282 2122 388 mmo.
2165 321 2767 390 FON’I‘AVELLAN.

397 457 536 522 Quae
557 457 773 513 mundi
799 462 1011 531 purgat
1040 459 1305 514 crimina.

407 546 541 602 Tibi
573 544 859 603 talentum
891 547 1167 613 creditur,

405 635 540 691 Adae
573 637 727 709 quod
759 636 933 692 solvit
957 637 1240 693 debitum.

475 713 593 781 Nos
622 726 752 781 vitae
777 725 948 799 signo
971 730 1235 798 'protege,

401 813 529 878 Quo
561 830 659 870 rex
687 814 1018 886 triumphat
1054 814 1273 887 gloriae.

405 902 510 958 Ber
540 907 593 959 te
617 903 690 959 ad
723 920 968 977 regnum
995 904 1245 975 perveha

405 993 563 1058 Quos
591 993 873 1048 servitute
905 993 1131 1048 liberat.

471 1080 565 1136 Sit
587 1081 749 1136 Patri
783 1081 914 1139 laus
942 1081 1223 1154 ingenito,

401 1169 495 1226 Sit
521 1170 702 1227 decus
733 1170 1065 1244 Unigenito,

403 1258 490 1314 Sit
520 1259 828 1332 utriusque
853 1260 1030 1334 parili

403 1348 676 1420 Majestas
707 1367 942 1405 summa
974 1348 1244 1405 Flamini.
1275 1351 1480 1406 Amen.

692 1441 940 1510 Hymnus
969 1439 1037 1493 ad
1068 1438 1276 1494 laudes.

477 1530 625 1581 Crux
656 1528 861 1582 mundi
898 1528 1248 1593 benedictio,

403 1615 547 1687 Spes
577 1620 635 1670 et
657 1620 824 1672 certa
857 1617 1201 1690 redemptio,

406 1702 557 1759 Olim
575 1704 861 1778 gehennae
893 1705 1110 1776 bajula,

407 1792 572 1847 Nunc
594 1793 758 1848 clara
787 1793 914 1848 coeli
940 1796 1145 1865 janua.

480 1882 544 1936 In
571 1885 627 1937 tae
650 1881 881 1938 levatur
908 1882 1101 1939 hostia

409 1970 493 2026 Ad
525 1987 704 2043 seque
727 1971 909 2027 traxit
939 1973 1137 2027 omnia

409 2059 596 2124 Quam
631 2060 834 2116 mundi
867 2061 1139 2134 princeps
1172 2061 1419 2133 impetit,

403 2149 712 2223 'Suu'mque
743 2149 889 2205 nihil
923 2151 1162 2208 invenit.

471 2239 615 2302 TQuaa
631 2238 787 2310 legis
821 2239 1121 2310 antiquius

417 2326 598 2382 Vetus
614 2331 820 2383 cassat
849 2327 1325 2402 chirographum,

403 2415 661 2488 Antiqua
687 2416 834 2487 perit
864 2416 1112 2473 servitus

407 2503 556 2560 Vera
581 2503 818 2560 libertas
849 2505 1133 2560 redditur.

463 2593 687 2649 'Odoris
715 2595 801 2648 tui
841 2594 1006 2665 copia

411 2681 636 2737 Cuncta
667 2683 845 2737 vincit
875 2688 1139 2738 aromata

406 2769 529 2825 'Tui
555 2769 806 2826 dulcedo
838 2772 1086 2826 nectaris

420 2859 624 2932 Replet
646 2877 863 2916 arcana
895 2861 1165 2931 pectoris.

477 2949 599 3005 Per
621 2949 885 3016 Crucem,
915 2948 1161 3018 Christe,
1194 2968 1533 3023 quazsumus

421 3039 506 3094 Ad
538 3039 678 3093 vita
694 3039 948 3094 transfer
977 3040 1280 3110 praemium

415 3129 570 3193 Quos
588 3126 740 3199 ligni
775 3127 924 3181 ﬁxus
954 3126 1150 3199 stipite

400 3214 699 3288 Dignatus
730 3232 792 3270 es
823 3215 1128 3283 redimere,

471 3303 580 3359 -Sit~
602 3303 731 3359 laus
764 3303 917 3358 Patri
950 3305 1229 3376 ingenito,
1263 3310 1371 3362 etc.

369 3410 427 3448 ΞΝ
449 3408 655 3449 'NKFAL’I
685 3408 1101 3449 RPOSTOLORUM
1134 3411 1296 3450 PETRI
1329 3413 1396 3450 ET
1427 3413 1614 3452 PAULI.

859 3485 1129 3553 Hymnus.

385 3569 672 3642 Felixper
701 3586 903 3625 omnes
936 3570 1149 3625 festum
1185 3571 1384 3625 mundi
1419 3573 1653 3628 cardine

310 3658 718 3730 Apostolorum
746 3658 1042 3731 prtepollet
1071 3658 1356 3726 alacriter,

301 3747 461 3803 Petri
494 3747 669 3814 beati,
702 3747 863 3802 Pauli
898 3748 1304 3814 sacratissimi,

307 3838 468 3902 Quos
495 3837 762 3893 Christus
793 3835 946 3892 almo
973 3838 1642 3912 consecravit-sanguine

305 3924 696 3982 Ecclesiarum
727 3925 1026 3998 deputavit
1056 3926 1370 3999 principes.

379 4013 444 4069 Hi
478 4019 620 4070 sunt
647 4015 808 4070 oliva;
837 4016 964 4070 duae
995 4032 1193 4071 coram
1225 4015 1474 4072 Domino

307 4101 376 4156 Et
405 4102 756 4159 candelabra
786 4103 912 4158 luce
943 4105 1251 4171 radiantia,

306 4190 589 4247 Praaclara
615 4190 748 4245 coeli
780 4191 896 4245 duo
927 4191 1262 4247 luminaria.

311 4277 507 4333 Fortia
539 4277 772 4332 solvunt
802 4282 1171 4348 peccatorum
1200 4280 1438 4336 vincula

309 4365 511 4421 Portas
542 4363 769 4437 Olympi
804 4370 1061 4421 reserant
1094 4365 1384 4422 fidelibus.

385 4452 612 4508 Habent
641 4469 923 4525 supernas
953 4457 1302 4523 potestatem

311 4538 593 4598 Claudere
623 4557 893 4598 sermone
923 4542 1114 4609 sedes,

309 4629 568 4686 Pandere
599 4629 966 4703 splendentia
997 4628 1222 4686 lumina
1254 4630 1392 4702 poli,

307 4722 494 4790 Super
525 4716 640 4774 alta
669 4719 862 4774 sidera
898 4716 1110 4791 linguae

309 4806 521 4862 Eorum
552 4807 744 4864 claves
775 4805 901 4862 οωιί
935 4807 1096 4863 facta:
1128 4812 1268 4863 sunt

310 4899 522 4950 Larvas
551 4895 842 4968 repellunt
871 4896 1024 4952 ultra
1052 4897 1257 4952 mundi
1295 4897 1530 4953 limites.

380 4982 588 5040 Petrus
617 4985 823 5040 beatus
855 4989 1192 5040 catenarum
1227 4986 1466 5058 laqueos

313 5069 543 5127 Christo
566 5073 810 5142 jubente
842 5074 1002 5144 rupit
1031 5073 1400 5142 mirabiliter,

311 5158 524 5215 Custos
555 5159 747 5228 ovilis,
769 5166 826 5215 et
854 5161 1054 5216 doctor
1072 5161 1374 5231 Ecclesiae,

311 5246 633 5320 Pastorque
662 5247 875 5321 gregis,
905 5254 1276 5306 conservator
1304 5253 1498 5307 ovium

310 5340 486 5402 Arcet
515 5335 788 5408 luporum
819 5336 1212 5392 truculentam
1246 5338 1488 5393 rabiem.

383 5425 782 5497 Quodcunque
803 5424 1011 5481 vinclis
1031 5441 1210 5497 super
1228 5429 1445 5481 terram
1462 5427 1793 5501 strinxeris,

312 5513 434 5568 Erit
464 5513 524 5569 in
555 5513 730 5570 astris
762 5512 1068 5586 religatum
1099 5513 1354 5582 fortiter;

310 5601 384 5662 Et
411 5602 566 5681 quod
596 5601 836 5663 resolvis
868 5603 927 5662 in
959 5603 1130 5663 terris
1157 5602 1419 5676 arbitrio,
1489 5639 1492 5642 ~

3448 327 3580 391 969‘

1836 468 1888 531 Α
2063 459 2182 514 Erit
2213 458 2470 516 solutum
2502 477 2680 532 super
2709 459 2836 517 (εωὶὶ
2869 459 3080 517 radios.

2060 548 2122 603 In
2156 547 2268 604 ﬁne
2299 549 2502 604 mundi
2531 550 2712 622 judex
2741 549 2856 605 eris
2890 551 3105 605 sazculi.

2130 637 2252 692 Non
2284 637 2477 709 impar
2505 637 2720 694 Paulus
2753 639 2889 693 huic
2919 640 3120 695 doctor
3145 641 3436 712 gentium,
3532 654 3538 658 '

2059 723 2369 781 Electionis
2398 727 2686 799 templum
2719 727 3211 790 sacratissimum,

2059 813 2120 868 In
2154 817 2338 868 morte
2369 831 2626 886 compar,
2650 815 2710 870 in
2743 832 2957 871 corona
2988 818 3299 889 particeps,

2056 901 2242 956 Ambo
2273 901 2542 970 lucernae,
2576 909 2634 959 et
2662 905 2840 960 decus
2873 904 3141 961 Ecclesia}

2061 989 2124 1044 In
2155 989 2292 1046 orbe
2323 990 2478 1046 claro
2512 997 2822 1048 coruscant
2850 994 3193 1049 vibramina.

2131 1078 2174 1134 Ο
2206 1079 2390 1135 Roma
2421 1080 2575 1147 felix,
2611 1097 2737 1152 quae
2769 1086 3066 1137 tantorum
3100 1082 3429 1156 principum

2059 1167 2126 1221 Et
2157 1173 2478 1240 purpurata
2507 1170 2761 1242 pretioso
2794 1171 3080 1243 sanguine

2060 1255 2302 1312 Excellis
2332 1272 2566 1312 omnem
2600 1259 2806 1313 mundi
2836 1258 3334 1331 pulchritudinem

2058 1345 2182 1400 Non
2214 1345 2384 1401 laude
2410 1349 2532 1414 tua,
2561 1348 2659 1403 sed
2687 1351 3022 1405 sanctorum
3054 1350 3280 1406 meritis

2061 1435 2216 1498 Quos
2247 1436 2569 1492 cruentatis
2591 1437 2885 1510 jugulasti
2910 1438 3144 1512 gladiis.

2129 1526 2246 1580 Vos
2276 1540 2412 1598 ergo
2444 1526 2618 1582 modo
2651 1526 2893 1599 gloriosi
2928 1529 3244 1602 principes,

2063 1613 2225 1668 Petre
2255 1613 2440 1683 beate,
2471 1615 2648 1671 Paule
2678 1618 2883 1672 mundi
2909 1617 3121 1685 lilium,

2060 1700 2322 1756 Caelestis
2352 1703 2495 1758 aulae
2525 1704 2921 1777 triumphales
2953 1706 3188 1776 milites,

2061 1790 2338 1846 Precibus
2369 1789 2542 1846 almis
2571 1793 2783 1848 vestris
2814 1811 2920 1848 nos
2951 1795 3022 1849 ab
3054 1795 3330 1852 omnibus

2064 1878 2284 1934 Munite
2313 1880 2507 1946 malis,
2544 1880 2686 1936 ferte
2715 1898 2895 1954 super
2924 1882 3155 1939 aethera.

2133 1965 2328 2024 Gloria
2358 1968 2473 2024 Deo
2504 1985 2608 2042 per
2639 1971 2934 2026 immensa
2963 1972 3176 2029 saecula

2065 2057 2154 2112 Sit
2183 2057 2310 2126 tibi,
2343 2057 2508 2124 Nate,
2540 2059 2720 2115 decus
2753 2060 3174 2132 etimperium,
3209 2066 3316 2120 etc.

2412 2164 2470 2202 IN
2511 2164 2710 2202 NATALI
2751 2165 2948 2204 EORUM
2957 2167 3091 2205 DEM.

1993 2236 2399 2303 Invitatorium,
2447 2240 2508 2290 ut
2555 2237 2615 2290 in
2651 2236 2839 2292 editis.
2895 2239 3225 2311 A-ntiphona.
3260 2241 3323 2296 In
3369 2240 3579 2312 plateis

1926 2323 2294 2394 ponebantur
2335 2323 2556 2378 infirmi
2587 2323 2646 2380 in
2693 2323 2946 2392 lectulis,
2981 2332 3046 2383 ut
3073 2329 3340 2384 veniente
3391 2329 3574 2386 Petro.

1925 2413 1988 2466 Et
2018 2415 2232 2469 extera:
2270 2413 2585 2483 antiphonw
2607 2415 2785 2486 primi
2813 2424 2866 2470 et
2905 2417 3128 2472 secundi
3171 2419 3430 2474 nocturni
3457 2433 3581 2490 qua:

1921 2504 2208 2572 ponuntur
2233 2500 2299 2556 de
2327 2501 2563 2558 historia
2593 2507 2829 2558 Actuum
2860 2507 3243 2575 apostolorum.
3268 2507 3581 2578 Antiphona

1925 2589 1994 2644 ad
2030 2592 2271 2645 cantica.
2303 2589 2663 2662 Signiﬁcavit
2711 2592 2999 2648 Dominus
3028 2593 3215 2661 Petro,
3247 2609 3366 2666 qua
3395 2601 3581 2652 morte

1927 2677 2350 2735 clariﬁcaturus
2395 2683 2551 2735 esset
2594 2680 2800 2748 Deum,
2855 2681 3113 2738 alleluia.
3165 2685 3582 2755 Responsorium

1925 2766 2258 2824 duodecima:
2287 2768 2554 2825 lectionis.
2588 2768 2732 2824 Cum
2762 2775 2918 2826 esset
2946 2771 3154 2827 Petrus
3185 2772 3245 2827 in
3278 2788 3469 2840 cruce,
3492 2788 3582 2829 ve-

1928 2856 2016 2911 nit
2043 2856 2217 2911 turba
2259 2856 2464 2924 multa,
2487 2857 2875 2915 maledicebat
2905 2859 3213 2928 Caesarem,
3237 2865 3294 2917 et
3322 2861 3583 2918 fecerunt

1927 2944 2226 3016 planctum
2258 2961 2539 3019 magnum
2566 2950 2702 3003 ante
2728 2964 2983 3004 crucem.
3006 2950 3212 3005 Petrus
3243 2951 3582 3006 exhortaba-

1928 3039 2026 3088 tur
2053 3050 2151 3090 eos
2183 3035 2255 3090 de
2295 3051 2465 3090 cruce
2513 3035 2715 3091 dicens
2741 3054 2753 3091 :
2786 3036 2974 3092 Nolite
3006 3038 3160 3106 flere,
3185 3039 3287 3094 sed
3336 3040 3583 3110 gaudete

1929 3123 2336 3194 mecum,quia
2362 3125 2508 3180 vado
2539 3140 2743 3196 parare
2773 3125 2937 3180 vobis
2982 3124 3446 3182 locum.Gratias
3477 3126 3580 3181 tibi

1843 3203 1888 3269 C
1927 3227 2054 3284 ago,
2079 3211 2284 3267 Pastor
2328 3213 2497 3278 bone,
2523 3213 2663 3284 quia
2692 3228 2827 3268 oves
2876 3229 3023 3285 quas
3071 3213 3365 3269 tradidisti
3414 3215 3580 3282 mihi,

1927 3299 2365 3372 compatiuntur
2392 3317 2620 3356 mecum
2653 3302 2713 3356 in
2745 3301 3191 3372 sempiternum,
3223 3307 3279 3358 et
3309 3319 3444 3357 cum
3472 3303 3582 3358 hoc

1928 3388 2193 3457 dixisset,
2229 3388 2311 3443 ait
2344 3406 2357 3444 :
2390 3389 2601 3459 Nolite,
2635 3394 2745 3446 etc.

2151 3494 2208 3533 IN
2248 3495 2444 3533 NATALI
2483 3495 2716 3534 SANCTE
2753 3497 2951 3535 MARLE
2989 3497 3365 3536 MAGDALENIE.

2436 3568 2514 3623 Ad
2543 3584 2788 3640 vesper-as
2820 3569 3079 3642 hymnus.

2215 3655 2390 3712 Nardi
2422 3656 2607 3712 Maria
2640 3658 2832 3729 pistici

2142 3745 2405 3816 Sumpsit
2433 3744 2644 3800 libram
2677 3763 2811 3801 mox
2842 3747 3048 3819 optimi

2145 3832 2319 3887 Unxit
2348 3833 2546 3888 beatos
2578 3834 2810 3889 Domini

2141 3920 2318 3975 Sedes
2351 3921 2594 3991 rigando
2626 3921 2920 3994 lacrymis.

2215 4008 2430 4076 Honor,
2459 4009 2659 4077 decus,
2689 4014 2798 4065 etc.

2000 4099 2404 4153 Invitatorium.
2437 4098 2760 4163 Eternum,
2793 4098 3133 4169 trinumque
3164 4097 3348 4152 Deum
3381 4096 3582 4154 laude-

1930 4203 2066 4242 mus
2094 4192 2152 4242 et
2185 4203 2390 4253 unum,
2415 4185 2515 4257 qui
2539 4185 2649 4241 sibi
2678 4185 2920 4241 Mariam
2953 4185 3270 4242 transvexit
3290 4187 3350 4242 in
3372 4185 3586 4243 aathera

1931 4279 2154 4332 sancta.

2627 4365 2889 4437 Hymnus.

2142 4453 2427 4509 Consonis
2455 4453 2752 4510 Christum
2784 4470 3131 4510 veneremur
3163 4453 3290 4511 odis

1850 4564 1898 4628 Ι)
2074 4541 2238 4595 Hunc
2269 4542 2422 4597 diem
2457 4543 2800 4598 celebrando
2832 4544 3071 4610 festum,

2073 4630 2238 4683 Nunc
2271 4630 2630 4700 Magdalenen
2662 4631 2854 4686 Mariae

2075 4717 2179 4771 Per
2207 4718 2407 4772 orbem
2447 4719 2940 4791 congratulantes.

2145 4805 2278 4868 Qua:
2311 4811 2484 4876 caput
2514 4809 2810 4878 quondam
2843 4809 3076 4864 Domini

2076 4893 2369 4960 Perunxit,
2405 4911 2470 4950 ac
2497 4896 2670 4966 pedes
2701 4895 2861 4965 lavit,

2077 4983 2369 5055 Lacrymis
2401 4982 2643 5054 rigando
2675 4985 2833 5039 crine
2864 4985 3103 5040 detersit

2055 5072 2315 5144 Capitis,
2347 5071 2709 5144 supplexque
2740 5073 2912 5128 corde
2941 5073 3247 5145 gemendo.

2147 5161 2401 5232 Indeque
2435 5160 2741 5216 confestim
2775 5161 2954 5216 totius
2985 5166 3181 5218 reatus

2055 5248 2332 5306 Contulit
2363 5249 2634 5306 Christus
2663 5249 2892 5306 veniam

2072 5339 2335 5394 Precanti
2361 5338 2581 5395 Simoni
2612 5340 2858 5413 dignum

2073 5428 2420 5500 Paradigma
2451 5429 2716 5500 pandens
2747 5445 2844 5484 ore
2876 5428 3148 5501 benigno.

2145 5516 2274 5572 Haec
2303 5515 2437 5573 tulit
2468 5517 2767 5591 myrrham
2797 5521 2997 5591 erepta
3027 5517 3136 5573 sub
3166 5517 3316 5588 luce,

2070 5605 2156 5665 Ad
2185 5606 2631 5687 perungendum
2662 5606 2979 5667 Dominum
3009 5607 3298 5688 sepulcro,
