3968 6126
361 265 476 328 963

502 401 682 466 Quem
714 397 1117 468 resurgentem
1151 392 1366 449 meruit

502 488 677 544 Beata
706 486 896 558 primo
925 484 1135 540 videre.

571 578 754 643 Quam
789 572 986 648 procul
1020 576 1148 645 post
1177 571 1316 634 hzec,
1350 570 1644 626 tribuente

502 665 753 733 Christo,
781 663 1075 720 credimus
1107 660 1231 716 cccli
1265 666 1601 733 penetrasse

500 754 741 811 Culmen
774 753 953 824 hujus
983 751 1245 807 obtentu.

499 844 772 900 Miserere
803 841 993 905 nobis,
1026 840 1298 896 Conditor
1328 836 1505 894 orbis.

570 932 827 991 Gloriam
860 930 1015 987 Patri
1045 928 1263 1002 pariter
1292 943 1574 983 canamus

503 1024 757 1081 Gloriam
792 1019 965 1088 Proli,
1000 1017 1368 1088 Flaminique

500 1113 598 1169 Pio
630 1126 860 1183 semper
888 1108 1048 1164 omni

498 1204 862 1259 Resonemus
893 1214 1097 1254 omnes
1120 1200 1379 1267 tempore
1406 1193 1567 1250 secti.

427 1290 755 1364 Antiphone.
789 1288 935 1343 Cum
983 1285 1377 1340 discubuisset
1420 1283 1480 1337 in
1530 1283 1703 1337 domo
1750 1279 2007 1335 Simonis

355 1380 643 1438 Dominus
696 1379 889 1453 Jesus,
945 1374 1151 1430 mundi
1211 1372 1414 1446 gloria,
1448 1370 1658 1426 mulier
1715 1368 2002 1440 quaedam,

358 1488 484 1544 quae
532 1472 655 1525 erat
704 1466 1011 1543 peccatrix,
1054 1462 1222 1518 nardi
1272 1460 1543 1517 odoriferi
1587 1457 1849 1514 exhibuit
1898 1473 2005 1511 un-

356 1562 591 1632 guenta.
648 1553 979 1626 Antiphona.
1037 1553 1216 1607 Secus
1274 1550 1453 1623 pedes
1517 1547 1748 1604 Domini
1808 1550 2007 1600 astans

356 1649 685 1709 incessante
716 1660 812 1699 ore
861 1645 1089 1699 sacrato
1121 1642 1249 1711 ejus
1279 1638 1525 1709 vestigia
1568 1635 1888 1702 osculatur,
1921 1633 2007 1688 la-

357 1734 572 1808 crymis
624 1731 817 1805 plena.
850 1729 1178 1800 Antiphona.
1215 1727 1499 1798 Irrigabat
1528 1725 1707 1798 igitur
1755 1720 2004 1778 domini-

358 1841 457 1879 cos
485 1823 625 1878 Jesu
659 1820 857 1893 pedes,
890 1820 1070 1873 fracto
1102 1831 1333 1888 quoque
1363 1814 1655 1870 alabastro
1699 1810 2007 1884 prmcipuis

358 1912 659 1983 odoribus,
711 1908 994 1983 ﬂagrabat
1039 1907 1252 1961 domus
1301 1902 1512 1969 omnis,
1547 1906 1722 1974 atque
1769 1898 2005 1973 capillo-

356 1976 734 2057 rum.officio
791 1976 1143 2067 detergebat.
1186 1992 1515 2064 Antiphona.
1551 1991 1751 2046 Simon
1810 1993 2006 2044 autem

355 2091 509 2145 intra
540 2104 623 2155 se,
668 2087 892 2158 inquit;
922 2083 981 2140 Si
1014 2087 1169 2139 esset
1211 2081 1512 2154 propheta,
1547 2080 1720 2136 sciret
1752 2077 2006 2151 profecto

358 2196 485 2251 quae
516 2183 572 2233 et
600 2174 790 2249 qualis
820 2178 973 2229 esset
1004 2189 1130 2245 quae
1164 2169 1351 2243 tangit
1379 2168 1689 2240 eum,quia
1720 2166 2009 2240 peccatrix

356 2271 462 2323 est.
496 2266 824 2337 Antiphonti.
859 2265 928 2317 Et
958 2277 1273 2317 conversus
1305 2258 1584 2315 Dominus
1620 2257 1809 2313 dixit:
1845 2255 2005 2311 Post-

358 2373 535 2429 quam
566 2353 694 2410 veni
727 2353 785 2423 in
807 2352 1049 2407 domum
1082 2354 1267 2414 tuam,
1292 2365 1405 2403 non
1430 2346 1678 2403 cessavit
1699 2345 1859 2400 crine
1878 2344 2006 2399 fuso

360 2446 477 2500 haec
529 2459 691 2498 meos
748 2439 999 2496 osculari
1072 2438 1269 2511 pedes.
1327 2436 1661 2507 Antiphone.
1719 2432 2005 2497 Quoniam

358 2533 611 2589 multum
645 2529 949 2595 dilexeras,
970 2526 1113 2582 scito
1146 2526 1393 2582 dimissa
1421 2525 1528 2579 tibi
1572 2520 1926 2594 peccamina,
1950 2524 2008 2574 et

359 2622 493 2686 ﬁde,
527 2634 643 2691 qua
685 2616 890 2691 polles,
922 2632 1089 2672 sacra
1118 2613 1349 2687 inipace
1378 2612 1632 2668 remitto.
1666 2613 1725 2680 ιῑ.
1762 2611 2010 2665 Laetetur

358 2725 531 2763 omne
552 2706 830 2763 saeculum
855 2705 915 2758 in
950 2703 1317 2759 solemnitate
1338 2705 1551 2757 sancta:
1583 2700 1796 2755 Maria.
1821 2700 2006 2764 Quam

357 2798 529 2853 Jesus
554 2800 766 2870 aeterno
786 2808 981 2849 amore
1003 2790 1205 2847 dilexit
1230 2789 1569 2863 plurimum.
1596 2790 1648 2857 ᾖ.
1674 2788 1803 2843 Haec
1827 2785 2011 2842 Maria

360 2885 471 2942 fuit
499 2884 621 2950 illa,
641 2880 886 2939 Domino
916 2879 1413 2953 gratissima,quae
1436 2881 1733 2951 unguento
1756 2875 2007 2949 pretioso

358 2978 535 3048 pedes
558 2971 723 3028 unxit
755 2970 933 3027 illius.
953 2972 1157 3035 Quam.
1186 2970 1242 3043 Ii).
1267 2968 1556 3040 Optimam
1591 2970 1811 3039 partem
1836 2964 2009 3037 elegit

360 3063 472 3119 sibi
505 3061 704 3118 Maria.
729 3062 863 3126 Qua:
912 3075 1024 3114 non
1075 3058 1370 3113 auferetur
1398 3057 1470 3111 ab
1501 3073 1591 3123 ea
1615 3056 1671 3110 in
1703 3060 2003 3109 aeternum.

1543 254 1733 327 SIEC.
1781 255 1861 319 XI
1905 252 2214 318 MONUM.
2262 248 2578 317 LITURG.

2029 398 2082 464 Α
2114 406 2240 460 qua:
2296 387 2523 459 piarum
2582 387 2756 442 undis
2802 386 3194 459 lacrymarum
3247 382 3467 441 tersisti
3522 388 3783 464 tuorum

3647 248 3789 313 96d

2117 476 2378 533 maculas
2408 476 2744 532 criminum.
2765 474 3014 530 Assidue
3042 478 3098 531 te
3122 488 3358 531 exorare
3387 471 3786 545 deposcimus

2116 583 2220 639 pro
2252 565 2468 622 nostris
2496 565 2850 621 excessibus.
2876 566 2928 629 in
2954 564 3215 620 Summis
3239 561 3518 618 caelorum
3539 560 3785 619 civibus

2115 655 2455 728 glomerata,
2480 655 2726 726 jamque
2782 658 2997 709 aeterna
3047 651 3487 708 immortalitate
3535 649 3782 706 induta.

2009 774 2019 785 ο
2115 743 2382 800 Assidue.
2443 745 2501 813 ri).
2546 743 2718 799 Venit
2770 743 2953 799 Maria
3007 740 3349 814 Magdalene
3406 739 3784 796 annuntians

2116 832 2422 906 discipulis
2464 851 2476 888 :
2527 832 2673 897 Quia
2728 831 2845 889 vidi
2901 831 3238 888 Dominum.
3271 830 3453 902 Cujus
3508 828 3781 902 petimus

2116 931 2389 1004 precibus
2437 931 2699 1003 adjuvari
2738 930 2892 1003 apud
2926 934 3001 998 te,
3036 928 3388 1000 Redemptor
3430 926 3779 984 clementis-

2116 1021 2284 1077 sime.
2319 1022 2371 1090 ᾖ.
2402 1019 2550 1084 Quia
2576 1036 2713 1092 ergo
2760 1019 2817 1074 in
2868 1019 3140 1092 paradiso
3180 1017 3391 1073 mulier
3435 1016 3779 1090 propinavit

2113 1108 2236 1165 viro
2268 1114 2538 1174 mortem,
2570 1126 2604 1164 a
2634 1107 2901 1181 sepulcro
2934 1107 3146 1163 mulier
3173 1106 3313 1162 viris
3343 1104 3654 1162 annuntiat
3681 1104 3774 1159 vi-

2114 1202 2257 1254 tam.
2292 1197 2490 1269 Cujus.
2525 1199 2586 1266 fit.
2619 1197 2738 1252 Rex
2768 1198 3056 1253 immense
3096 1195 3272 1261 Deus,
3303 1198 3594 1252 terrarum
3624 1210 3773 1249 con-

2115 1286 2271 1343 ditor
2298 1285 2476 1353 orbis,
2510 1285 2706 1356 accipe
2734 1285 3037 1356 praesentis
3067 1283 3207 1340 cleri
3238 1283 3333 1355 pia
3359 1286 3492 1339 vota
3522 1298 3767 1355 precan-

2112 1376 2210 1431 tis.
2238 1377 2289 1444 ᾖ.
2316 1375 2388 1431 Ut
2414 1374 2602 1431 valeat
2623 1391 2854 1447 semper
2882 1374 3087 1430 laudes
3109 1372 3215 1428 tibi
3237 1388 3504 1444 promere
3531 1371 3767 1445 dignas.

2113 1464 2340 1536 Accipe.
3504 1516 3507 1518 .

2183 1553 2501 1625 Antiphonti
2529 1553 2600 1608 ad
2628 1555 2859 1608 cantica.
2886 1552 2928 1608 Ο
2962 1551 3164 1607 mundi
3195 1551 3423 1624 lampas
3452 1553 3510 1607 et
3536 1564 3770 1622 marga-

2115 1641 2226 1696 rita
2254 1641 2615 1714 praefulgida,
2648 1658 2775 1713 quae
2824 1640 3308 1697 resurrectionem
3350 1637 3563 1694 Christi
3610 1655 3767 1693 nun-

2113 1729 2311 1786 tiando
2342 1730 2736 1802 apostolorum
2779 1729 3041 1801 apostola
3086 1729 3209 1784 ﬁeri
3261 1726 3548 1793 meruisti,
3580 1726 3769 1783 Maria

2116 1818 2477 1891 Magdalena,
2503 1835 2735 1891 semper
2764 1824 2886 1873 esto
2917 1818 3014 1889 pia
3043 1816 3330 1873 exoratrix
3358 1831 3463 1888 pro
3492 1814 3664 1871 nobis
3692 1815 3765 1870 ad

2115 1907 2319 1974 Deum,
2344 1908 2444 1980 qui
2486 1912 2538 1963 te
2578 1907 2770 1980 elegit.
2796 1909 2853 1965 ιῖ.
2887 1907 3159 1980 Flagrans
3187 1905 3391 1961 Jesum
3421 1903 3768 1960 muneribus

2115 1995 2341 2052 intimis
2374 1996 2557 2052 Maria
2587 1995 2922 2068 praecordiis
2952 1996 3193 2049 atratum
3234 1993 3508 2066 perunxit
3538 1996 3770 2049 sacrata

2117 2090 2415 2158 unguento
2445 2084 2710 2157 vestigia.
2737 2084 2899 2141 Unde
2925 2082 3139 2140 meruit
3158 2099 3399 2139 suorum
3423 2081 3769 2139 delictorum

2114 2175 2364 2230 veniam.
2396 2176 2447 2241 ᾖ.
2473 2173 2879 2229 Peccaminum
2902 2178 3235 2229 nostrorum
3254 2171 3456 2228 sordes
3478 2170 3768 2244 piissimis

2116 2262 2303 2319 diluat
2331 2263 2857 2319 interventionibus
2902 2262 3098 2317 divino
3126 2260 3305 2316 fonte.
3338 2260 3520 2317 Unde.
3554 2261 3616 2329 ἢ.
3650 2259 3770 2315 Ma-

2116 2352 2203 2407 ria
2231 2355 2394 2407 stans
2427 2352 2498 2407 ad
2532 2355 2976 2407 monumentum
3002 2348 3242 2423 plorans
3262 2348 3409 2404 vidit
3426 2349 3574 2404 duos
3593 2364 3776 2421 ange-

2115 2440 2205 2496 los
2236 2442 2295 2496 in
2342 2440 2491 2496 albis
2540 2440 2829 2496 sedentes.
2863 2439 2968 2495 Ubi
3017 2441 3275 2510 positum
3319 2438 3510 2494 fuerat
3556 2453 3773 2509 corpus

2114 2531 2276 2587 Jesu.
2312 2531 2362 2597 Ῠ.
2387 2529 2531 2585 Cum
2566 2545 2704 2602 ergo
2745 2529 2927 2595 ﬂeret,
2953 2525 3254 2582 inclinavit
3282 2542 3368 2594 se,
3386 2530 3443 2581 et
3471 2525 3773 2597 prospexit

2116 2619 2176 2672 in
2236 2622 2634 2673 monumento.
2686 2617 2813 2672 Ubi.
2868 2617 2927 2683 ἡ.
2979 2613 3292 2686 Discipulis
3346 2613 3585 2682 Christi,
3640 2629 3772 2685 qua:

2115 2707 2331 2779 gaudia
2361 2705 2517 2761 celsa
2541 2704 2750 2773 tulisti,
2776 2721 2909 2760 cum
2944 2703 3191 2759 nimium
3212 2702 3410 2759 tristes
3434 2703 3679 2759 fuerunt
3698 2702 3773 2758 de

2118 2799 2302 2851 morte
2330 2794 2611 2867 Magistri.
2637 2794 2917 2849 Laetitiam
2941 2793 3109 2848 nobis
3131 2793 3258 2847 vita
3280 2790 3531 2849 caelestis
3554 2791 3769 2862 adjun-

2115 2900 2204 2956 ge.
2240 2885 2291 2951 in
2328 2882 2400 2938 Ut
2447 2882 2559 2937 sibi
2589 2882 2938 2947 conformes,
2961 2883 3133 2953 cujus
3163 2881 3377 2953 pietate
3426 2883 3634 2936 sanata
3681 2895 3766 2945 es,

2115 2977 2269 3028 sorte
2300 2972 2601 3027 beatorum
2630 2971 2753 3026 fieri
2775 2987 3104 3026 mereamur
3134 2970 3193 3024 in
3222 2986 3427 3025 unum.
3450 2968 3762 3026 Laetitiam.

2118 3063 2177 3131 ιῆ.
2203 3061 2246 3118 Ο
2279 3060 2494 3116 mirum
2519 3065 2575 3116 et
2602 3076 2881 3133 magnum
2913 3058 3284 3130 miraculum,
3307 3058 3447 3131 Quia
3474 3057 3772 3131 peccatrix

359 3154 413 3227 ᾗ..
448 3150 708 3224 Diligens
730 3148 1038 3204 Dominum
1072 3164 1139 3202 ex
1180 3146 1350 3202 corde
1380 3145 1802 3218 perfectissimo
1835 3141 2002 3197 coelo-

2183 3149 2330 3204 mina
2352 3148 2601 3205 audebat
2619 3148 3073 3221 Redemptorum
3093 3147 3298 3202 mundi
3315 3150 3572 3220 tangere,
3589 3145 3777 3219 lacry-

360 3258 493 3297 rum
518 3239 775 3297 obtinuit
802 3238 1169 3311 dignitatem.
1200 3236 1354 3299 Quae.
1381 3236 1439 3302 ιῑς.
1468 3234 1792 3300 Potissima,
1826 3232 2005 3287 inter-

359 3330 497 3387 cede
555 3346 590 3385 a
641 3328 908 3394 Domino,
955 3326 1163 3381 collata
1218 3324 1481 3399 gaudens
1534 3327 1798 3396 potenter
1854 3319 2006 3394 polo.

359 3419 570 3474 Obtine
601 3421 667 3472 ut
697 3433 803 3471 nos
826 3414 1156 3487 perenniter
1174 3412 1386 3468 divinis
1418 3418 1609 3467 tecum
1632 3409 1863 3483 gaudiis
1886 3426 2010 3482 per-

360 3509 645 3562 fruamur.
767 3504 915 3568 Quia
970 3509 1070 3558 tua
1122 3501 1482 3574 reposcimus
1540 3499 1748 3554 merita
1805 3496 2011 3553 deletis

359 3594 737 3650 facinoribus.
773 3592 1000 3648 Obtine.
1028 3592 1086 3659 it.
1112 3590 1254 3654 Quis
1294 3588 1638 3661 Magdalena
1679 3586 2013 3643 sceleratior

359 3698 488 3739 esse
519 3680 722 3747 Maria,
757 3696 884 3751 quas
917 3679 1018 3734 ivit
1048 3678 1118 3733 ad
1151 3694 1323 3733 omne
1350 3675 1590 3732 malum.
1612 3678 1745 3742 Qua
1777 3674 2014 3731 nomine

358 3772 532 3844 plena
563 3774 759 3826 reatus
805 3768 1094 3841 peccatrix
1123 3766 1393 3832 vocitata,
1417 3764 1527 3820 fuit
1556 3765 1726 3837 quasi
1777 3763 2014 3820 nomine

358 3859 562 3933 culpae.
592 3860 646 3929 ᾗ.
677 3858 826 3913 Dum
858 3862 1055 3911 tamen
1087 3856 1215 3928 ipsa
1246 3854 1430 3910 Deum
1460 3852 1734 3926 laerymis
1764 3868 2019 3919 commo_

354 3948 438 4006 vit
466 3947 688 4004 obortis
719 3945 913 4002 cordis
944 3945 1017 4000 ab
1041 3944 1272 4013 affectu,
1298 3942 1511 3999 meruit
1542 3942 1876 4015 peccamine
1905 3940 2017 3997 sol-

353 4039 430 4095 vi.
465 4040 599 4105 Quae
644 4036 901 4092 nomine.
933 4033 1267 4105 Antiphone.
1302 4031 1615 4104 Satagebat
1656 4031 1836 4104 igitur
1863 4031 2015 4087 Mar-
2094 4030 2103 4039 ’

354 4127 478 4196 tba,
500 4142 666 4183 soror
686 4124 878 4180 Mariae
910 4123 1290 4195 Magdalenae,
1321 4121 1473 4177 circa
1504 4119 1855 4189 ministeria,
1888 4136 2017 4191 qua:

357 4215 567 4271 sedens
584 4229 755 4269 secus
778 4212 955 4284 pedes
976 4211 1209 4266 Domini
1231 4209 1508 4266 audiebat
1526 4208 1702 4263 verba
1726 4209 1844 4264 oris
1865 4209 2014 4280 ejus.

354 4303 683 4373 Antiphona.
712 4300 836 4354 Non
869 4304 978 4368 est,
1014 4298 1244 4353 Martha
1273 4296 1488 4369 inquit,
1522 4296 1628 4352 tibi
1658 4314 1829 4365 curae,
1858 4297 2017 4369 quod

357 4404 522 4445 soror
550 4404 681 4443 mea
710 4385 947 4458 reliquit
985 4403 1077 4442 me
1118 4385 1304 4441 solum
1338 4384 1707 4454 ministrare;
1732 4385 1877 4456 jube
1911 4384 2017 4474 illi,

355 4480 424 4532 ut
454 4492 547 4531 me
579 4475 834 4545 adjuvet.
868 4474 1198 4562 Antiphona.
1232 4474 1298 4527 Et
1330 4474 1692 4545 respondens
1724 4474 1871 4530 dixit
1900 4478 2018 4531 sta-
2054 4497 2100 4562 Ι)

351 4565 463 4622 tim
494 4563 579 4619 illi
610 4563 931 4619 Dominus:
961 4561 1153 4618 Unum
1186 4566 1377 4618 exstat
1407 4567 1562 4618 certe
1594 4564 1997 4619 necessarium

357 4655 489 4710 Hac
511 4653 793 4726 optimam
818 4651 931 4708 sibi
954 4656 1177 4723 partem
1202 4651 1537 4723 elegit,quaa
1561 4669 1678 4708 non
1702 4636 2017 4725 auferetur:

356 4743 684 4814 Antiphona.
706 4741 969 4813 Cumque
1014 4740 1339 4797 Pharisaaus
1370 4740 1686 4797 Dominum
1730 4743 2015 4813 prandere

358 4836 643 4905 rogasset,
658 4831 953 4902 corporeis
976 4831 1190 4885 fruitur
1210 4830 1461 4901 dapibus
1482 4830 1629 4885 dans
1653 4831 2012 4902 spirituales.

360 4920 687 4993 Antiphone.
723 4920 863 4975 Ecce
912 4936 1077 4975 soror
1121 4920 1322 4975 Lazari
1374 4918 1471 4991 pia
1520 4937 1697 4988 nunc,
1730 4920 1829 4974 sed
1878 4926 2016 4977 tunc

361 5009 643 5067 scelerata
671 5008 866 5065 attulit
887 5012 1253 5081 unguentum
1277 5006 1516 5080 pretiosi
1543 5008 1776 5080 pondus
1797 5009 2012 5065 odoris.

359 5098 688 5171 Antiphone.
742 5097 996 5153 Maxima
1046 5114 1179 5169 spes
1229 5096 1412 5152 venia:
1468 5095 1684 5168 populo
1741 5113 2018 5153 succurre

362 5187 609 5260 roganti,
643 5191 707 5241 ut
735 5185 1021 5243 scelerum
1054 5186 1285 5241 veniam
1331 5190 1668 5241 mereantur
1697 5202 1801 5256 per
1826 5189 1884 5241 te
1912 5185 2014 5242 ha-

361 5276 517 5330 bere.
554 5277 613 5344 ii).
648 5275 692 5329 Ο
723 5274 857 5330 felix
886 5290 1188 5331 sacrorum
1225 5273 1500 5344 lacrymis
1530 5273 1739 5345 rigatio
1774 5275 2011 5345 pedum,

364 5378 466 5434 per
486 5379 664 5432 quam
692 5366 1017 5434 promeruit
1036 5363 1216 5420 Maria
1237 5363 1372 5430 dici,
1395 5368 1454 5418 et
1478 5378 1607 5419 esse
1626 5362 1754 5433 ejus
1779 5361 2009 5419 dilecta.

363 5449 436 5506 Et
465 5466 580 5520 quo
613 5456 934 5521 pascuntur
961 5453 1173 5509 azthere
1217 5451 1423 5509 sancti.
1451 5452 1502 5521 ᾖ.
1533 5449 1809 5524 Angelico
1839 5451 2019 5524 pollet

365 5538 570 5601 decore
598 5536 721 5619 haec
751 5542 808 5596 et
836 5539 895 5596 hi
928 5557 1030 5618 per
1056 5541 1375 5602 Christum.
1398 5541 1491 5602 Et.
1516 5542 1576 5617 ιῆ.
1600 5540 1781 5600 Beata
1807 5540 2017 5616 Maria,

2114 3239 2329 3294 mando
2360 3241 2418 3293 et
2446 3235 2674 3309 capillis
2719 3237 3019 3309 tergendo,
3052 3235 3302 3291 crimina
3331 3252 3440 3291 sua
3469 3233 3775 3291 abluebat.

2117 3327 2249 3383 Ideo
2276 3326 2523 3381 dimissa
2548 3330 2686 3381 sunt
2716 3325 2768 3380 ei
2811 3329 3049 3397 peccata
3077 3324 3286 3392 multa,
3310 3322 3591 3396 quoniam
3622 3322 3777 3379 dile-

2115 3416 2201 3471 xit
2230 3414 2504 3471 multum.
2538 3416 2591 3484 ᾗ.
2622 3414 2782 3469 Vidit
2821 3414 3005 3470 Maria
3046 3413 3383 3480 Dominum,
3417 3418 3475 3468 et
3502 3412 3775 3479 credidit,

2118 3507 2176 3559 et
2203 3520 2339 3559 cum
2370 3503 2585 3575 gaudio
2609 3503 2866 3574 suscepit
2890 3501 3059 3557 illum
3082 3502 3345 3575 gaudens
3366 3504 3423 3556 et
3440 3500 3612 3569 ﬂens,
3633 3500 3780 3572 quia

2119 3592 2390 3665 cognovit
2410 3608 2471 3646 se
2494 3591 2895 3664 peccatricem.
2918 3591 3072 3647 Ideo.
3092 3593 3153 3646 In
3176 3589 3432 3646 laudibus
3451 3588 3776 3660 antiphona.

2123 3681 2187 3737 In
2219 3680 2427 3737 diebus
2458 3679 2575 3736 illis
2609 3699 2621 3736 ε
2656 3679 2882 3750 Mulier,
2911 3696 3039 3751 qua:
3066 3682 3191 3735 erat
3221 3679 3280 3734 in
3312 3677 3541 3734 civitate
3570 3693 3779 3750 pecca-

2122 3768 2255 3838 trix,
2294 3774 2355 3824 ut
2391 3768 2662 3841 cognovit
2691 3768 2844 3840 quod
2874 3767 3046 3824 Jesus
3076 3767 3448 3823 accubuisset
3490 3766 3552 3821 in
3595 3766 3778 3821 domo

2124 3857 2379 3916 Simonis
2411 3856 2650 3930 leprosi,
2680 3856 2874 3912 attulit
2916 3856 3278 3913 alabastrum
3316 3854 3624 3929 unguenti.
3653 3855 3783 3910 Hec

2122 3952 2307 4004 autem
2332 3947 2632 4018 antiphona
2662 3954 2875 4001 tantum
2904 3947 3103 4017 legitur
3129 3945 3199 4001 ad
3229 3944 3437 4001 laudes.
3530 3963 3535 3967 '

2706 4066 2715 4076 -
2817 4036 3081 4106 Hymnus.

2481 4123 2765 4180 Fidelium
2796 4123 3025 4179 devotio
3056 4124 3363 4196 depromat

2413 4215 2704 4286 Hymnum
2735 4213 3003 4282 Domino,
3037 4212 3137 4284 qui

2409 4303 2602 4359 Mariae
2635 4301 2986 4376 Magdalenm

2411 4392 2617 4448 Sedem
2650 4391 2806 4446 dedit
2836 4391 2895 4446 in
2926 4390 3158 4447 aethere.

2485 4481 2550 4535 In
2581 4496 2699 4551 qua
2727 4479 2867 4551 quid
2898 4484 3055 4536 esset
3083 4480 3286 4552 pietas,

2415 4570 2555 4640 Ejus
2585 4568 2842 4625 ostendit
2870 4568 3121 4637 bonitas,

2416 4658 2563 4724 Quid
2594 4656 2769 4712 donet
2799 4657 3141 4728 paenitentia

2414 4745 2687 4803 Patefecit
2714 4743 3041 4803 clementia.

2476 4834 2609 4898 Quae
2642 4833 2807 4906 prius
2835 4835 2992 4890 enim
3024 4834 3240 4892 scelera

2409 4922 2714 4978 Commisit
2748 4922 3075 4992 innumera,

2408 5015 2663 5083 Accepta
2692 5026 2834 5082 pace
2861 5011 3038 5067 veniae

2413 5100 2612 5173 Regno
2644 5098 2866 5172 potitur
2894 5098 3111 5172 gloria.

2482 5187 2666 5243 Maria
2692 5186 2866 5244 tersis
2890 5188 3154 5245 crinibus

2407 5276 2805 5333 Procumbens
2835 5275 3050 5332 Christi
3082 5279 3333 5350 pedibus

2409 5366 2561 5422 Dum
2594 5366 2743 5438 rigat
2771 5381 2906 5420 cum
2936 5364 3232 5439 lacrymis,

2409 5456 2483 5511 Se
2513 5454 2667 5509 lavat
2698 5454 2868 5511 sorde
2898 5454 3184 5512 criminis.

2481 5543 2626 5610 Hinc
2655 5547 2969 5607 consecuta
2999 5542 3322 5620 plurimum
