3968 6126
153 320 277 385 965

508 448 739 510 Amoris
768 468 903 526 erga
932 452 1269 521 Dominum,

514 542 578 599 In
611 542 889 598 caelorum
921 540 1137 616 palatio

516 631 760 688 Perenni
791 631 1007 704 gaudet
1036 630 1296 702 praemio.

587 720 886 793 Rogamus
917 735 1076 791 ergo,
1100 719 1368 783 Domina,

517 809 728 865 Nostra
757 807 950 865 deleto
981 806 1252 875 crimina,

514 897 774 970 Tuisque
798 898 1017 953 sanctis
1046 896 1318 969 precibus

516 987 635 1043 Nos
656 987 840 1059 junge
871 985 994 1041 caeli
1028 984 1272 1042 civibus.

588 1074 765 1141 Patri,
792 1074 937 1131 Nato
966 1091 1101 1131 cum
1134 1072 1394 1130 Flumine

522 1162 609 1221 Sit
636 1163 765 1220 laus
794 1167 1007 1219 aeterno
1035 1166 1297 1235 tempore
1322 1181 1334 1232 ;

520 1252 629 1316 Qui
659 1256 751 1308 est
779 1268 1014 1309 summa
1043 1252 1238 1308 Deitas
1322 1262 1340 1277 ’

519 1341 583 1397 In
615 1341 847 1396 Unitate
874 1340 1152 1397 Trinitas.
1185 1343 1389 1397 Amen.

234 1431 313 1486 Ad
344 1429 691 1486 Benedictus
720 1429 1043 1500 antiphona.
1078 1430 1289 1484 Sancta
1321 1429 1521 1496 Maria,
1557 1428 1652 1501 pio
1683 1445 1818 1484 con-

156 1522 367 1591 juncta
393 1520 557 1582 Jesu,
587 1518 904 1573 osculando
936 1519 1111 1590 pedes
1144 1517 1330 1589 ipsius
1354 1522 1410 1573 et
1438 1517 1532 1590 pie
1555 1518 1817 1590 rigando,

163 1614 323 1680 terge
353 1606 599 1664 crimina
620 1611 981 1676 nostra,eum
1010 1607 1233 1679 jugiter
1263 1607 1482 1661 orando
1505 1624 1605 1678 pro
1630 1606 1817 1662 nobis.

317 1732 374 1772 IN
415 1731 614 1771 NATALI
657 1730 854 1769 SANC'I‘I
895 1730 1272 1769 APPOLIXARIS
1312 1729 1565 1769 EPISCOPI
1607 1730 1672 1768 ET

834 1801 1141 1841 MARTYRIS.

238 1875 320 1931 Ad
347 1874 680 1948 Magniﬁcat
708 1874 1030 1946 antiphona.
1076 1877 1282 1946 Surge,
1312 1873 1511 1946 accipe
1539 1872 1819 1946 Spiritum

167 1962 765 2035 sanctum,simulque
796 1962 1288 2035 pontiﬁcatum,et
1304 1977 1477 2033 perge
1499 1962 1569 2017 ad
1594 1962 1818 2028 urbem,

167 2071 294 2127 quas
336 2057 578 2109 vocatur
633 2052 925 2108 Ravenna.
988 2050 1435 2106 Commemoratio
1492 2050 1823 2118 Magdalenae

173 2142 492 2214 antiphona.
508 2140 553 2197 Ο
568 2141 901 2196 veneranda
921 2138 1016 2195 Dei
1039 2138 1594 2211 sedes,spesinclyta
1617 2138 1820 2193 nostri.

168 2231 212 2288 Ο
232 2230 410 2287 validi
454 2230 679 2285 fructus
702 2227 1081 2285 celeberrima
1111 2228 1280 2282 vinea
1303 2226 1826 2289 Christi,drachma

168 2324 416 2393 reperta,
445 2319 549 2376 sed
603 2318 726 2373 ovis
754 2317 825 2372 de
857 2320 1043 2372 morte
1088 2317 1343 2372 reducta.
1378 2314 1558 2371 Valde
1587 2332 1825 2387 precare

168 2413 350 2465 Deum
384 2425 486 2481 pro
518 2406 712 2463 nobis.
741 2405 907 2462 valde
937 2421 1263 2478 precamur.
1297 2404 1628 2475 Antiphone.
1662 2404 1826 2460 Dice—

169 2498 273 2553 bat
302 2498 509 2553 beatus
533 2499 742 2551 Petrus
772 2494 1074 2567 apostolus
1116 2492 1374 2549 Judaeis:
1408 2492 1553 2547 Nam
1611 2498 1669 2547 et
1721 2507 1826 2565 ego

173 2586 450 2642 Hebraeus
481 2601 636 2652 sum,
670 2585 771 2640 sed
804 2588 1043 2655 propter
1073 2582 1420 2637 cheritatem
1454 2582 1703 2637 fratrum
1732 2581 1828 2636 ad-

171 2670 985 2746 veni.Antip/zona.Multitudo
1016 2676 1211 2727 autem
1243 2670 1633 2726 Hazbraeorum
1650 2685 1825 2743 agen-

171 2767 262 2819 tes
290 2760 692 2834 paenitentiam
750 2759 1215 2829 baptizabantur,
1276 2758 1575 2814 credentes
1620 2758 1825 2814 Jesum

173 2850 469 2907 Christum
498 2866 629 2906 vere
659 2865 789 2906 esse
822 2847 1030 2904 Filium
1062 2847 1179 2902 Dei.
1230 2848 1555 2920 Antiphona.
1616 2847 1827 2904 Beatus

176 2940 382 2996 Petrus
413 2937 713 3012 apostolus
744 2937 1195 2994 administrandi
1222 2936 1335 2991 sibi
1391 2936 1616 2991 aiebat:
1677 2936 1824 2999 Quid

175 3028 343 3085 sedes
374 3026 728 3083 nobiscum?
783 3027 927 3082 Ecce
985 3026 1251 3080 eruditus
1308 3040 1370 3079 es
1401 3025 1471 3079 de
1527 3025 1824 3092 omnibus,

176 3132 303 3188 quze
333 3114 466 3170 fecit
492 3114 686 3170 Jesus.
720 3113 1047 3186 Antiphone.
1070 3113 1164 3168 Ait
1194 3113 1399 3169 beatus
1422 3114 1627 3168 Petrus
1657 3112 1828 3185 Apol-

957 315 1338 384 EXCERPT.
1365 314 1487 383 ax
1528 317 1756 385 conn.
1804 313 2120 383 urnae.
2140 278 2149 283 ’
2170 311 2754 383 FUNEAVELLAN.

3440 310 3567 380 966'

1835 455 1890 519 Α
1919 457 2039 508 stro
2065 468 2215 519 meo,
2250 467 2489 524 cperare
2520 455 2577 507 et
2605 467 2833 507 mecum
2866 454 2931 506 ut
2961 446 3308 506 clariﬁcctur
3332 443 3557 507 nomen

1922 545 2111 597 tuum.
2172 540 2502 611 Antiphone.
2563 540 2870 613 Ingressus
2928 539 3133 596 beatus
3206 537 3561 611 Apollinaris

1921 630 2164 685 domum
2196 628 2415 685 tribuni
2447 628 2628 684 dixit:
2665 628 3008 700 Requiescat
3041 629 3099 683 in
3131 628 3294 685 vobis
3325 645 3437 700 pax
3459 628 3565 683 Do-

1923 717 2090 784 mini,
2121 720 2177 771 et
2206 717 2306 773 Dei
2341 717 2524 773 nostri
2546 717 2687 774 Jesu
2736 716 2970 773 Christi.
3010 717 3318 788 Antiphona
3348 716 3560 788 Requi-

1924 805 2161 862 escatin
2208 805 2371 861 vobis
2410 824 2521 878 pax
2550 806 2780 862 Domini
2807 806 2991 862 nostri
3020 806 3159 862 Jesu
3190 805 3427 874 Christi,
3462 822 3566 878 per

1926 911 2102 966 quam
2151 893 2447 949 infirmam
2479 894 2699 949 tribuni
2752 895 3061 967 conjugem
3100 894 3308 950 beatus
3339 894 3567 950 sanavit

1924 982 2294 1056 Apollinaris.
2354 982 2681 1055 Antiphone.
2710 982 2908 1037 Virtus
2954 982 3068 1038 alia
3099 1000 3215 1038 non
3246 986 3355 1050 est,
3387 999 3565 1055 quam

1927 1071 2156 1128 Domini
2187 1072 2370 1128 nostri
2396 1072 2533 1128 Jesu
2567 1071 2798 1139 Christi,
2824 1089 2925 1144 per
2955 1088 3127 1144 quem
3160 1071 3364 1127 beatus
3393 1070 3565 1143 Apol-

1928 1160 2131 1216 linaris
2156 1162 2333 1217 Tauri
2355 1159 2547 1216 ﬁlium
2569 1176 2782 1217 caacum
2808 1159 3178 1216 illuminavit.
3218 1160 3562 1233 Antiphone.

1927 1250 2269 1305 Nuntiatum
2284 1253 2370 1306 est
2392 1249 2500 1306 hoc
2518 1249 2728 1306 Caesari
2750 1267 2783 1305 a
2804 1250 3045 1322 paganis
3059 1250 3215 1321 quod
3239 1248 3481 1321 quidam
3495 1249 3569 1304 ab

1928 1338 2238 1395 Antiochia
2269 1338 2694 1395 introduxisset
2725 1355 2936 1395 nomen
2964 1339 3107 1394 Jesu
3133 1339 3193 1394 in
3223 1338 3428 1395 urbem
3457 1339 3567 1395 Ra-

1928 1431 2262 1495 vennam,et
2292 1427 2604 1485 multitudo
2636 1444 2852 1501 magna
2871 1427 3132 1484 obediret
3150 1426 3259 1496 illi,
3277 1430 3335 1484 et
3358 1427 3568 1483 domus

1932 1516 2060 1571 Ruﬁ
2098 1516 2347 1589 patricii.
2382 1518 2442 1587 ii).
2479 1517 2573 1573 Ait
2604 1518 2673 1573 ad
2706 1532 2842 1573 eum
2869 1517 3184 1573 tribunus:
3218 1517 3371 1573 Bene
3399 1517 3570 1571 adve-

1930 1605 2091 1672 nisti,
2124 1606 2365 1661 medice.
2426 1607 2527 1661 Cui
2585 1606 2796 1662 beatus
2836 1606 3191 1678 Apollinaris
3220 1605 3521 1678 respondit
3554 1622 3569 1661 :

1930 1694 2275 1765 Requiescat
2309 1695 2368 1749 in
2384 1694 2550 1750 vobis
2570 1711 2681 1767 pax
2716 1693 2942 1750 Domini
2959 1695 3143 1751 nostri
3172 1694 3312 1751 Jesu
3332 1693 3568 1751 Christi.

1851 1821 1899 1885 B
1931 1784 1984 1851 ir.
2018 1781 2280 1854 Cumque
2309 1782 2613 1856 ingressus
2644 1783 2850 1839 fuisset
2880 1783 3124 1839 domum
3168 1781 3411 1849 tribuni,
3443 1782 3572 1839 ofﬁ-

1931 1871 2255 1929 ciosissime
2287 1875 2597 1945 susceptus
2627 1877 2738 1940 est,
2771 1877 2828 1927 et
2855 1872 3002 1927 dixit
3040 1889 3054 1928 :
3108 1871 3475 1944 Requiescat.
3511 1874 3570 1942 ιῖί.

1929 1960 2122 2033 Aperi,
2141 1960 2692 2027 Domine,continuo
2714 1978 2778 2016 os
2801 1961 2947 2016 muti
2971 1965 3037 2016 ut
3057 1965 3227 2016 tuum
3249 1960 3575 2017 conﬁtean-

1930 2054 2028 2104 tur
2048 2065 2281 2105 nomen.
2304 2048 2492 2115 Quies
2514 2049 2710 2106 vivens
2726 2050 2782 2104 in
2806 2050 3039 2106 saecula.
3060 2052 3113 2121 ᾖ.
3134 2049 3292 2107 Illico
3315 2050 3573 2108 solutum

1931 2141 2020 2193 est
2037 2136 2336 2193 vinculum
2357 2137 2570 2211 lingua:
2602 2140 2751 2209 eius,
2784 2142 2841 2194 et
2871 2139 3181 2195 clamabat.
3215 2140 3342 2205 Qui.
3377 2141 3436 2209 ii).
3470 2140 3577 2196 Do-

1933 2226 2091 2281 mine
2117 2225 2259 2281 Jesu
2289 2225 2537 2296 Christe,
2579 2226 2732 2282 Deus
2782 2243 2971 2297 meus,
2995 2227 3098 2299 qui
3127 2228 3409 2301 magistro
3442 2245 3570 2286 meo

1934 2313 2197 2386 apostolo
2209 2316 2308 2369 tuo
2330 2317 2498 2370 Petro
2512 2314 2723 2370 dedisti
2746 2312 2874 2370 locu
2886 2331 2940 2369 m
2959 2314 3312 2387 impetrandi
3330 2317 3483 2390 apud
3498 2321 3574 2385 te,

1934 2420 2060 2473 qua:
2092 2402 2403 2458 desiderat.
2434 2402 2520 2456 Tu
2553 2402 2772 2458 suscita
2819 2402 2970 2458 hanc
3006 2402 3284 2476 puellam,
3318 2422 3446 2478 qua:
3477 2410 3577 2462 tua

1934 2496 2023 2546 est
2052 2494 2337 2557 creatura,
2368 2494 2426 2546 et
2456 2507 2571 2545 non
2631 2495 2720 2546 est
2755 2490 2907 2547 alius
2960 2491 3115 2548 Deus
3166 2496 3373 2565 praeter
3411 2498 3487 2550 te.
3522 2496 3573 2563 ᾖ.

1935 2580 2099 2635 Tunc
2121 2578 2567 2651 apprehendens
2610 2595 2853 2635 manum
2879 2579 3149 2636 mulieris
3178 2581 3259 2636 ait
3283 2599 3296 2637 :
3329 2582 3577 2639 Domine

1935 2668 2088 2724 Deus
2111 2682 2295 2723 meus.
2330 2668 2440 2723 'I‘u.
2466 2669 2526 2735 It.
2550 2668 2681 2724 Jam
2713 2684 2806 2723 me
2834 2669 3113 2741 perducto
3144 2668 3203 2724 in
3237 2668 3577 2741 capitolium

1934 2756 2132 2812 vicarii
2163 2772 2406 2813 securus
2441 2759 2586 2823 esto,
2621 2756 2759 2828 quia
2789 2756 3063 2813 manibus
3085 2756 3232 2813 meis
3254 2757 3430 2812 thura
3461 2775 3577 2814 non

1936 2862 2150 2919 ponam
2179 2845 2505 2915 daemoniis,
2567 2846 2669 2902 sed
2727 2845 2975 2902 Domino
3007 2863 3136 2902 meo
3166 2846 3308 2903 Jesu
3349 2846 3580 2904 Christo

1935 2936 2239 2991 incensum
2294 2935 2491 2991 oﬂ‘ero.
2553 2936 2607 3004 ᾗ.
2666 2935 2979 2990 Dominum
3037 2935 3243 2991 Jesum
3283 2936 3579 2993 Christum

1938 3029 2117 3079 Deum
2147 3023 2345 3079 vivum
2376 3039 2506 3079 esse
2555 3023 2853 3090 conﬁteor,
2885 3027 2944 3078 et
2987 3023 3169 3080 alium
3201 3029 3406 3097 printer
3445 3042 3579 3081 eum

1935 3128 2063 3168 esse
2094 3128 2210 3167 non
2242 3110 2392 3167 dico.
2419 3111 2549 3166 Sed.

175 3202 348 3259 linari
374 3200 661 3274 discipulo
693 3218 799 3257 suo
825 3218 838 3256 :
868 3201 1144 3256 Eruditus
1173 3216 1236 3256 es
1277 3200 1333 3254 in
1378 3199 1652 3257 omnibus
1682 3217 1824 3273 prae-
1852 3188 1898 3254 C
2006 3199 2087 3255 Ad
2137 3201 2353 3256 cantica
2409 3198 2729 3271 antiphona.
2789 3198 3169 3255 Sanctissime
3225 3199 3582 3272 Apollinaris

178 3292 374 3347 dicare
404 3291 690 3346 Ravenna:
719 3290 923 3345 Jesum
957 3289 1168 3344 Filium
1202 3288 1319 3345 Dei.
1354 3289 1662 3361 Antiphone
1691 3289 1827 3345 Mit-

180 3385 265 3437 tat
293 3379 562 3436 Christus
596 3378 876 3434 Dominus
915 3377 1188 3451 angelum
1244 3393 1442 3446 suum,
1475 3382 1576 3450 qui
1608 3394 1828 3450 praepa-

181 3474 269 3525 ret
294 3467 404 3524 iter
434 3484 630 3535 suum,
664 3470 721 3522 et
750 3483 877 3538 qure
908 3465 1312 3537 postulaveris,
1344 3470 1567 3521 annuat
1594 3466 1832 3522 tibi.An-

184 3557 430 3630 tiphona.
464 3556 641 3613 Ortus
672 3556 744 3611 ab
774 3554 1082 3610 Antiochia
1102 3554 1308 3610 beatus
1339 3554 1692 3628 Apollinaris
1725 3557 1830 3612 Ra-

179 3661 428 3701 vennam
460 3645 683 3701 missus
704 3649 793 3699 est
824 3642 1138 3715 praedicare
1162 3643 1519 3715 baptismum
1544 3644 1830 3715 poeniten-

178 3734 272 3789 tiae
302 3733 361 3788 in
394 3732 798 3789 remissionem
833 3737 1224 3804 peccatorum.
1260 3733 1318 3800 iit.
1353 3731 1447 3786 Ait
1485 3731 1690 3788 beatus
1737 3732 1833 3787 Pe-

179 3829 306 3878 trus
325 3821 641 3894 Apollinari
665 3820 952 3893 discipulo
973 3838 1081 3877 suo
1106 3838 1119 3878 :
1139 3821 1284 3885 Quid
1308 3821 1475 3877 sedes
1494 3820 1833 3876 nobiscum?

183 3911 325 3966 Ecce
366 3911 633 3967 eruditus
690 3927 751 3966 es
806 3911 875 3966 de
932 3910 1204 3966 omnibus
1258 3926 1386 3983 qua:
1448 3911 1582 3966 fecit
1635 3910 1829 3966 Jesus.

183 4001 237 4069 in
298 4000 502 4073 Surge,
571 3999 770 4071 accipe
824 3999 1103 4071 Spiritum
1183 4003 1455 4055 sanctum
1536 3998 1833 4071 simulque

183 4089 610 4161 pontiﬁcatum,
668 4093 726 4143 et
778 4105 950 4159 perge
1007 4090 1079 4143 ad
1150 4090 1355 4145 urbem
1412 4106 1541 4160 quae
1595 4093 1835 4144 vocatur

187 4176 478 4233 Ravenna.
513 4177 675 4232 Ecce.
711 4175 975 4242 itBeatus
993 4175 1195 4232 Petrus
1224 4176 1527 4248 apostolus
1555 4177 1701 4233 dixit
1720 4177 1835 4233 dis-

181 4264 379 4337 cipulo
431 4280 538 4319 suo
561 4261 918 4334 Apollinari:
978 4263 1184 4334 Surge,
1242 4279 1417 4335 perge
1473 4265 1832 4331 Ravennam,

183 4351 507 4409 multitudo
538 4349 735 4422 pepuli
770 4350 850 4405 ibi
880 4355 1159 4417 moratur,
1217 4352 1466 4422 praedica
1496 4352 1581 4408 eis
1609 4353 1832 4424 baptis-

182 4457 350 4498 mum
382 4437 752 4513 poanitentiaa,
788 4439 844 4493 in
874 4437 1276 4493 nomineJesu.
1312 4440 1364 4506 ᾖ.
1399 4440 1539 4493 Ecce
1568 4440 1834 4495 eruditus

1939 3288 2278 3362 colloquens
2337 3287 2699 3361 angelorum,
2719 3304 2867 3359 quas
2897 3287 3197 3343 offerimus
3230 3288 3335 3343 tibi
3366 3291 3581 3346 oratio-

1941 3395 2065 3446 nes,
2098 3381 2155 3433 et
2185 3393 2383 3451 preces
2415 3375 2647 3448 suscipe
2672 3375 2958 3445 omnium,
2994 3379 3051 3432 et
3078 3376 3253 3432 redde
3275 3377 3583 3434 Salvatorii

1941 3484 2044 3541 pro
2065 3465 2234 3523 nobis
2265 3466 2573 3539 hymnum,
2612 3468 2674 3521 ut
2699 3464 2890 3521 salvos
2938 3482 3045 3521 nos
3076 3465 3268 3521 faciat.
3295 3467 3347 3537 ἢν.
3381 3467 3585 3524 Exuite

1941 3574 2096 3621 eum,
2131 3561 2188 3611 et
2235 3556 2518 3612 caedentes
2543 3554 2755 3611 dicite:
2808 3554 3051 3627 Respice
3073 3554 3391 3611 etimmola
3420 3556 3533 3613 diis
3566 3575 3580 3626 ;

1942 3646 2038 3701 ille
2070 3650 2263 3701 autem
2296 3645 2655 3717 respondens
2686 3644 2831 3699 dixit
2865 3662 2877 3699 :
2911 3643 3281 3700 Christianus
3313 3661 3468 3713 sum,
3494 3645 3583 3702 fac

1943 3735 2098 3807 quod
2120 3734 2227 3789 vis.
2250 3735 2303 3803 ᾖ.
2328 3733 2490 3789 Unus
2516 3736 2604 3788 est
2619 3733 2904 3788 Dominus
2926 3733 3081 3787 Deus
3115 3732 3448 3802 invisibilis,
3482 3750 3586 3807 per

1942 3839 2117 3895 quem
2149 3821 2435 3878 daemonia
2464 3821 2799 3893 ejiciuntur.
2833 3821 3224 3877 Christianus.
3255 3824 3312 3891 ii).
3351 3823 3466 3879 Iste
3497 3828 3586 3880 est

1943 3910 2213 3967 sacerdos
2232 3910 2463 3965 Domini
2486 3910 2583 3981 qui
2618 3910 2675 3964 in
2692 3909 2986 3965 mandatis
3001 3910 3129 3979 ejus
3145 3910 3462 3965 meditatur
3490 3910 3584 3966 die

1942 4017 2008 4056 ac
2028 4003 2337 4055 nocte.lste
2358 3997 2610 4052 directus
2635 4001 2723 4052 est
2763 3997 2835 4052 ab
2876 3996 3139 4068 apostolo
3171 4000 3338 4052 Petro
3358 3997 3581 4053 Raven-

1943 4106 2079 4145 nam
2114 4086 2424 4159 prazdicare
2471 4085 2830 4157 baptismum
2876 4084 3249 4158 paenitentia).
3284 4087 3338 4155 ᾖ.
3372 4085 3585 4142 Beatus

1941 4180 2050 4245 vir,
2081 4177 2182 4249 qui
2229 4192 2343 4231 non
2389 4173 2530 4230 abiit
2588 4173 2645 4228 in
2678 4174 2918 4229 consilio
2981 4173 3317 4246 impiorum.
3353 4176 3485 4232 Iste.
3521 4176 3580 4245 ﬁ.

1941 4265 2160 4323 Servivi
2212 4264 2364 4320 sicut
2408 4263 2597 4318 bonus
2633 4260 2802 4315 miles
2833 4260 3080 4330 Christo,
3123 4262 3334 4319 certavi
3365 4260 3584 4320 bonum

1943 4359 2259 4411 certamen.
2310 4350 2508 4407 Placui
2568 4350 2707 4416 Deo,
2764 4350 2865 4420 qui
2897 4365 2989 4404 me
3020 4350 3308 4421 probavit,
3340 4356 3397 4407 et
3425 4353 3586 4409 dedit

1945 4442 2089 4497 mihi
2120 4442 2407 4497 Dominus
2452 4455 2725 4495 coronam
2766 4437 2914 4493 vitae.
2949 4439 3002 4507 ir.
3036 4443 3260 4497 Bonum
3290 4444 3585 4499 certamen

183 4546 247 4586 es
280 4529 351 4585 de
376 4526 653 4584 omnibus
702 4543 831 4599 quae
880 4526 1015 4582 fecit
1061 4526 1253 4583 Jesus.
1300 4527 1503 4598 Surge.
1539 4528 1597 4595 ii).
1657 4530 1835 4593 Deus,
1867 4547 1915 4611 Β
1947 4530 2421 4597 certavi,cursum
2449 4528 2874 4596 consummavi,
2898 4528 3075 4584 ﬁdem
3099 4530 3339 4586 servavi.
3362 4529 3583 4587 Placui.

186 4615 288 4689 qui
312 4632 427 4671 non
461 4614 847 4684 localiter,sed
883 4614 1099 4688 ubique
1128 4618 1281 4682 es,tu
1311 4612 1635 4669 intromitte
1648 4612 1841 4685 cogni-

188 4704 409 4760 tionem
444 4703 573 4760 Filii
605 4703 691 4761 tui
725 4703 951 4760 Domini
984 4703 1238 4760 nostriin
1262 4704 1436 4759 istam
1461 4702 1835 4772 civitatcmj.

188 4791 261 4848 Ut
288 4797 706 4866 cognoscentes
733 4793 936 4849 Jesum
987 4792 1199 4849 Filium
1230 4796 1419 4859 tuum,
1452 4806 1587 4847 cum
1626 4808 1838 4865 magno

187 4880 399 4937 aﬂ‘ectu
430 4879 595 4938 locus
626 4881 769 4937 mihi
800 4881 1228 4953 praedicationis
1284 4881 1597 4937 tribuatur.
1655 4883 1740 4937 Tu
1776 4884 1834 4951 Ii).

184 4972 361 5038 Deus,
416 4969 519 5041 qui
574 4969 902 5043 cooperaris
959 4987 1089 5025 cum
1147 4970 1315 5025 Petro
1375 4969 1655 5042 magistro
1686 4988 1834 5038 meo,

188 5073 430 5129 operare
456 5062 515 5113 et
544 5074 800 5115 mecum.
832 5059 906 5114 Ut
937 5063 1293 5131 cognoscant
1323 5072 1529 5115 omnes
1557 5063 1619 5120 te.
1645 5060 1839 5116 solum

186 5150 372 5201 Deum
398 5145 456 5201 in
489 5149 793 5203 aeternum.
823 5148 1036 5216 incus
1057 5148 1158 5219 qui
1185 5145 1698 5215 nonlocaliter,sed
1716 5149 1841 5206 ubi-

189 5250 324 5306 que.
358 5233 433 5290 Ut
452 5239 825 5308 cognoscant.

258 5323 324 5378 In
348 5324 586 5381 secundo
614 5328 879 5382 nocturno
899 5326 1217 5397 antiphona.
1277 5322 1425 5380 Cum
1484 5326 1842 5397 pervenisset

189 5411 399 5466 beatus
457 5411 813 5485 Apollinaris
843 5415 915 5470 ad
944 5414 1147 5471 urbem
1205 5416 1564 5479 Ravennam,
1627 5414 1841 5473 faciens

192 5499 431 5573 signum
462 5501 675 5573 crucis,
699 5506 1008 5575 susceptus
1031 5509 1120 5559 est
1148 5502 1207 5558 in
1239 5502 1480 5558 domum
1504 5501 1708 5560 militis
1734 5504 1841 5561 Ire-

192 5588 324 5653 nasi.
356 5588 668 5669 Antiphane
690 5595 840 5650 Deus
871 5590 970 5669 qui
1003 5592 1262 5670 operaria
1293 5607 1427 5651 cum
1459 5591 1627 5651 Petro
1658 5594 1839 5671 magi-

1951 4619 2010 4686 a.
2045 4617 2294 4672 Pulchra
2317 4617 2481 4685 facie,
2514 4622 2571 4672 et
2591 4617 2768 4672 alacri
2801 4616 2985 4687 vultu,
3013 4619 3179 4674 beate
3211 4617 3586 4691 Apollinaris,

1948 4720 2077 4759 ecce
2098 4720 2229 4758 oves
2257 4708 2366 4759 tum
2390 4705 2461 4759 ad
2492 4709 2544 4759 te
2575 4706 2782 4760 devota
2810 4709 3002 4761 mente
3033 4709 3407 4773 concurrunt,
3440 4723 3588 4777 quas

1948 4792 2194 4848 Domino
2221 4791 2544 4863 acquisisti.
2579 4793 2920 4866 Deprecare,
2954 4810 3158 4865 precor
3187 4799 3389 4866 pastor
3417 4795 3585 4861 bone,

1948 4898 2052 4954 pro
2084 4880 2167 4936 eis
2187 4881 2391 4936 Jesum
2415 4880 2733 4937 Christum.
2760 4884 2812 4951 ᾖ.
2847 4882 2921 4938 Ut
2940 4881 3443 4954 digniefﬁciamur
3462 4897 3591 4953 pro-

1949 4970 2336 5026 missionibus
2357 4971 2504 5040 ejus.
2545 4975 2880 5041 Deprecare.
2904 4971 3235 5027 Inlaudibus
3265 4970 3590 5042 antiphona.

1948 5060 2118 5126 Audi,
2149 5059 2361 5125 Judex,
2395 5059 2544 5129 quod
2577 5058 2706 5113 dico
2751 5058 3028 5115 viriliter:
3061 5059 3234 5115 Jesus
3262 5062 3386 5114 erat
3419 5059 3589 5129 Deus,

1949 5152 2006 5204 et
2034 5152 2123 5204 est
2155 5147 2214 5202 in
2245 5150 2528 5202 aeternum
2561 5162 2808 5202 manens
2838 5147 2898 5202 in
2930 5164 3168 5221 corpore
3194 5146 3438 5216 mundo,
3470 5147 3590 5220 pati

1951 5241 2147 5293 autem
2179 5251 2352 5292 carne
2381 5252 2484 5308 pro
2516 5234 2791 5291 omnibus
2818 5235 3022 5293 voluit.

2023 5327 2147 5382 Hac
2175 5329 2393 5382 tantum
2415 5324 2719 5397 antiphona
2765 5324 2835 5380 ad
2885 5324 3072 5382 laudes
3106 5323 3265 5398 hujus
3291 5326 3464 5399 ofﬁcii
3493 5325 3590 5383 ha-

1951 5413 2120 5471 betur.

2021 5503 2100 5558 Ad
2136 5503 2458 5559 Benedictus
2506 5502 2831 5574 antiphona.
2889 5505 3288 5576 Praegravatus
3334 5504 3590 5576 pondere

1951 5592 2112 5667 ferri,
2169 5591 2302 5653 exul
2358 5592 2430 5650 ab
2488 5591 2631 5653 urbe
2684 5590 2957 5667 mittitur,
2989 5596 3047 5654 et
3103 5596 3236 5672 post
3266 5592 3591 5659 triennium
