3968 6126
366 253 489 315 96τ»
1550 242 1735 307 SEC.
1781 241 1863 305 XI
1906 239 2218 306 MONUM.
2264 244 2576 307 LITUBG.
3649 243 3795 313 965

2261 376 2441 440 Quem
2469 375 2671 447 nequit
2703 378 2860 433 totus
2891 373 3165 435 cohibere
3195 376 3474 449 mundus,

2398 464 2633 520 Claudis
2661 464 2719 520 in
2752 464 2900 521 alvo.

2328 554 2511 618 Quem
2541 557 2805 609 tremunt
2831 554 2980 619 caeli,
3014 559 3287 612 metuunt
3318 556 3537 631 abyssi.

2261 640 2485 695 Laudat
2513 657 2776 710 occasus,
2808 646 3116 698 veneratur
3145 647 3310 700 ortus

2397 729 2648 802 Stringis
2680 730 2739 785 in
2772 728 2948 787 ulnis.

2330 820 2496 872 Lacte
2527 816 2787 872 nutritus
2817 816 2946 873 cibo
2976 817 3339 893 angelorum,

2253 904 2457 960 Fertur
2483 905 2740 978 innuptis
2767 904 2987 978 gremio
3020 905 3247 979 puellae,

2253 992 2357 1055 Qui
2390 1011 2498 1050 sua
2526 993 2642 1050 late
2675 994 2897 1052 ditione
2924 998 3089 1052 terra

2394 1083 2654 1139 Pondera
2678 1083 2874 1141 librat.

365 383 436 438 ad
471 396 639 438 suam
672 382 936 437 sanctam
995 376 1199 434 urbem
1265 377 1597 432 Ravennam
1656 374 2001 448 regreditur,
2033 376 2086 441 Α

362 489 538 546 quem
560 470 821 527 videntes
843 467 1155 524 Christiani
1190 484 1323 523 cum
1355 465 1568 538 gaudio
1599 469 2003 536 susceperunt.

366 563 444 618 Ad
462 562 705 634 primam
724 555 1307 629 antiphona.Angclus
1332 552 1563 609 Domini
1585 552 1822 608 beatum
1842 550 2008 622 Apol-

362 649 611 705 linarem
650 647 708 701 in
734 661 961 713 carcere
992 644 1266 711 visitavit,
1296 642 1630 698 videntibus
1660 640 2005 696 custodibus

359 736 595 806 cibavit,
623 737 684 792 et
729 733 1094 790 confortavit.
1144 732 1224 787 Ad
1252 734 1476 788 tertiam
1504 729 1823 802 antiphona.
1859 730 2006 785 Sus-

361 842 581 899 pensus
614 824 673 879 in
702 822 948 895 equuleo
999 820 1293 876 clamabat
1353 820 1560 876 beatus
1608 816 2001 890 Apollinaris:

357 913 671 970 Dominum
704 912 908 968 Jesum
936 910 1233 966 Christum
1265 914 1447 965 Deum
1477 924 1683 964 verum
1714 923 1843 962 esse
1873 922 2004 961 con-

357 1004 543 1060 fiteor.
593 1001 671 1056 Ad
699 1009 911 1056 sariam
960 998 1283 1071 antiphona.
1343 998 1552 1053 Custos
1610 1000 1667 1051 et
1713 999 2004 1067 protector

359 1095 575 1159 noster,
600 1089 841 1145 Domine
864 1088 1004 1145 Jesu
1032 1087 1461 1158 Christe,quem
1482 1086 1689 1141 beatus
1707 1082 2002 1156 Apollina-

356 1182 436 1238 ris
484 1178 771 1253 pradixit,
810 1176 1227 1241 benedicimus,
1274 1176 1562 1248 hymnum
1611 1172 1863 1228 dicimus
1895 1170 2002 1226 tibi

354 1276 470 1327 Deo
485 1272 703 1325 nostro.
732 1267 935 1322 Oratio.
969 1265 1296 1322 Salutarem
1343 1264 1512 1319 nobis
1533 1262 1696 1318 dedit
1719 1260 2003 1317 hodierna

354 1360 446 1415 die
470 1358 627 1416 beati
674 1354 1032 1429 Apollinaris
1082 1353 1398 1410 sacerdotis
1432 1357 1487 1407 et
1518 1350 1790 1423 martyris
1822 1349 1907 1404 tui
1940 1349 1998 1403 in

352 1447 742 1517 tua,Domine,
758 1446 969 1500 virtute
990 1443 1278 1499 confessio
1300 1441 1583 1509 laetitiam,
1608 1444 1819 1512 praesta
1841 1455 1998 1509 quze~

353 1553 582 1603 sumus,
613 1531 1147 1590 utconvcrsationis
1183 1532 1311 1603 ejus
1336 1528 1666 1585 imitatione
1681 1526 2000 1599 praedican-

2323 1171 2409 1227 Sit
2433 1172 2611 1228 decus
2641 1190 2942 1229 summum
2972 1173 3097 1230 sine
3119 1174 3234 1231 {ine
3262 1173 3514 1242 Christo,

2252 1260 2429 1333 Virgo
2462 1278 2637 1333 quem
2668 1267 2871 1318 sancta
2899 1263 3102 1336 genuit
3133 1262 3337 1333 Maria,

2249 1349 2357 1413 Qui
2386 1350 2544 1406 Patri
2567 1367 2824 1424 compar,
2860 1350 3231 1424 Flaminique
3261 1356 3469 1409 sancto

2251 1437 2474 1512 Regnat
2503 1438 2562 1493 in
2594 1457 2799 1495 aevum.
2833 1442 3036 1496 Amen.

2284 1544 2341 1581 IN
2379 1544 2775 1583 ASSUMPTIONE
2815 1546 3044 1585 SANC’I‘E
3074 1546 3272 1586 MARIE
3301 1546 3584 1589 VIRGINIS.

352 1626 448 1691 da,
481 1629 538 1680 et
584 1622 999 1679 intercessione
1027 1620 1130 1675 tibi
1171 1620 1384 1692 placita
1404 1618 1627 1691 jugiter
1656 1614 1995 1687 gloriemur.
2173 1616 2573 1672 Invitatorium.
2617 1616 2771 1671 Odor
2825 1621 2984 1682 tuus,
3040 1622 3243 1690 sancta
3298 1619 3399 1673 Dei
3472 1618 3760 1687 Genitrix,

351 1714 443 1769 Διὶ
484 1729 685 1769 nonam
713 1710 1036 1783 antiphona.
1069 1709 1277 1764 Sancte
1306 1705 1678 1779 Apollinaris,
1726 1703 1995 1759 sacerdos
2028 1739 2073 1804 Β
2108 1702 2261 1802 sicut
2286 1705 2430 1759 odor
2459 1704 2724 1762 balsami.
2758 1707 2932 1774 Quasi
2962 1705 3174 1777 lilium,
3199 1708 3282 1763 ita
3305 1708 3496 1776 ﬂores,
3530 1708 3630 1764 Dei
3659 1726 3761 1782 ge-

351 1909 419 1947 ex
446 1890 724 1965 gentibus
755 1886 1077 1960 acquisisti,
1112 1902 1217 1941 nos
1250 1890 1446 1940 autem
1483 1881 1737 1956 populus
1769 1884 1909 1936 tuus
1940 1884 1999 1935 et

350 1997 487 2036 oves
506 1977 698 2054 gregis
719 1976 827 2042 tui,
853 1974 1145 2031 intercede
1166 1990 1271 2045 pro
1293 1972 1464 2028 nobis
1483 1971 1622 2027 Filio
1641 1970 1759 2025 Dei.
1790 1970 1994 2025 Oratio.

349 2066 648 2127 Terribilis
683 2070 851 2128 Deus,
877 2067 932 2119 et
955 2063 1168 2117 invicta
1199 2061 1476 2117 fortitudo
1500 2077 1565 2115 ac
1590 2059 1764 2114 nimis
1783 2074 1993 2130 paven-

350 2156 424 2212 da
450 2158 727 2229 potestas,
748 2151 959 2224 largire
986 2150 1155 2205 nobis
1170 2150 1320 2206 beati
1352 2147 1705 2221 Apollinaris
1719 2145 1993 2218 martyris

348 2250 404 2300 et
434 2242 754 2301 sacerdotis
785 2240 866 2297 tui
902 2238 1171 2312 precibus
1194 2237 1488 2309 stipendia
1511 2236 1719 2293 salutis
1742 2239 1991 2298 aeternas,

351 2338 414 2389 ut
443 2336 605 2389 casta
635 2335 867 2404 pectora
917 2328 1248 2402 bajulantes
1295 2326 1499 2381 laudes
1530 2330 1641 2383 tuae
1672 2322 1990 2379 clementiae

348 2421 825 2490 reieramus,ejus
847 2417 1133 2473 solemnia
1154 2416 1532 2473 celebrantes.
1557 2413 1637 2470 Ad
1654 2411 1991 2485 Magnificat

348 2513 649 2584 antiphona
696 2509 904 2580 Accipe
926 2508 1210 2579 Spiritum
1230 2509 1517 2571 sanctum,
1543 2501 1719 2558 simul
1755 2499 1987 2573 pontiﬁ-

348 2605 566 2656 catum.
599 2598 807 2669 Surge,
840 2613 1014 2668 perge
1045 2595 1404 2661 Ravennam,
1438 2590 1755 2647 multitudo
1786 2587 1986 2661 populi

349 2688 428 2743 ibi
463 2690 743 2742 moratur.
807 2683 1059 2738 Pracdica
1113 2682 1197 2737 eis
1246 2681 1479 2746 Jcsum,
1539 2678 1692 2750 quod
1751 2693 1881 2732 vere
1913 2675 1989 2731 sit

351 2775 535 2831 Filius
568 2772 689 2829 Dei.

420 2880 480 2918 IN
517 2879 708 2921 NA'I'ALI
742 2874 935 2916 SANCTI
989 2876 1239 2914 ENIYGDII
1281 2874 1531 2914 EPISCOPI
1571 2873 1636 2912 ΕΓ
1681 2871 1984 2912 MARTYRIS.

425 2952 511 3007 Ad
536 2949 869 3024 Magniﬁcat
898 2949 1215 3020 antiphona.
1250 2947 1293 3003 Ο
1315 2945 1581 3020 ίΕωγεᾱὶ
1613 2946 1833 3017 martyr
1860 2943 1982 3016 glo-

349 3041 519 3108 riose,
544 3055 690 3111 quos
710 3038 767 3092 in
791 3037 1017 3092 Christo
1033 3036 1289 3109 genuisti
1310 3034 1459 3091 ﬁlios
1481 3041 1611 3089 tuos
1633 3032 1979 3106 sanguinem

350 3104 670 3193 fundendo,
701 3132 820 3190 tua,
855 3104 1215 3197 quaesumus,
1250 3123 1434 3179 oratio
1479 3104 1845 3177 commendet
1883 3136 1989 3175 nos
2019 3104 2062 3170 C

347 3216 750 3273 indesinenter
772 3219 904 3269 Deo.
939 3213 1253 3284 Antiphone
1287 3211 1357 3267 ad
1382 3212 1748 3267 Benedictus.
1780 3210 1986 3263 Sancte

347 3305 445 3363 Dei
478 3303 687 3379 praesul
738 3306 795 3358 et
855 3305 1075 3374 martyr
1125 3300 1411 3375 Emygdi,
1447 3300 1567 3372 qui,
1615 3295 1988 3354 occidentalis

354 3394 600 3450 Franciae
631 3391 919 3448 oriundus
952 3391 1197 3445 Romam
1220 3388 1828 3460 veniens,disponentc
1852 3389 1985 3454 Deo,

348 3499 382 3537 a
412 3482 673 3538 Romano
706 3479 978 3551 pontifice
1037 3478 1368 3533 destinatus
1417 3492 1479 3531 es
1537 3475 1878 3548 prmdicator
1916 3472 1989 3528 ad

351 3567 698 3624 Esculanam
720 3566 947 3633 urbem,
972 3582 1074 3637 pro
1106 3565 1274 3621 nobis
1295 3564 1450 3636 apud
1476 3562 1987 3627 Deumintercede,

349 3673 497 3729 quos
514 3655 708 3711 verbis
739 3659 796 3709 et
844 3652 1143 3709 miraculis
1184 3652 1255 3708 ad
1288 3651 1645 3725 agnitionem
1675 3648 1991 3706 Christiani

352 3743 608 3801 nominis
635 3740 822 3798 fecisti
842 3741 1055 3797 venire.

419 3851 476 3890 IN
513 3847 714 3888 VIGILIA
752 3844 1157 3887 ASSUMPTIONIS
1213 3845 1439 3886 SANCTE
1477 3844 1673 3884 MARIIE
1721 3842 1991 3885 VIRGINIS.

416 3922 495 3978 Ad
518 3937 764 3994 vespera:
785 3919 1106 3991 antiphona.
1131 3918 1314 3974 Maria
1342 3917 1537 3991 Virgo,
1573 3933 1804 3989 semper
1832 3915 1991 3972 laeta-

350 4026 567 4082 re,quae
600 4008 865 4065 meruisti
898 4006 1197 4064 Christum
1254 4011 1483 4079 portare
1541 4005 1671 4061 caeli
1731 4008 1787 4060 et
1826 4007 1991 4060 terrae

346 4098 728 4162 conditorem,
753 4095 891 4168 quia
912 4097 982 4152 de
1002 4098 1102 4151 tuo
1126 4100 1287 4152 utero
1311 4094 1604 4168 protulisti
1637 4091 1841 4149 mundi
1865 4092 1989 4147 Sal-

344 4191 627 4243 vatorem.
642 4187 854 4241 Psalmz'
881 4185 946 4240 de
964 4186 1142 4242 Feria.

1048 4276 1311 4345 Hymnus.

454 4362 747 4417 Gaudium
780 4362 984 4417 mundi
1020 4379 1166 4418 nova
1198 4360 1369 4417 stella
1397 4360 1548 4428 caeli,
1650 4407 1653 4410 .

452 4449 769 4505 Procreans
799 4448 1008 4517 solem,
1039 4450 1273 4523 pariens
1306 4453 1629 4523 parentem,
2022 4468 2068 4534 Ι)

453 4542 535 4593 Da
567 4554 808 4595 manum
841 4536 1050 4609 lapsis,
1081 4537 1166 4593 fer
1195 4554 1366 4611 opem
1418 4535 1675 4605 caducis,

712 4624 887 4699 Virgo
920 4624 1121 4680 Maria.

527 4715 606 4771 Te
639 4719 751 4770 Deo
780 4716 988 4770 factam
1018 4713 1206 4787 liquet
1236 4731 1364 4771 esse
1396 4713 1637 4771 scalam.

453 4806 753 4871 Quatenus
785 4820 1021 4863 summa
1053 4802 1197 4876 petit
1227 4802 1383 4859 altus
1407 4804 1544 4871 ima,

426 4882 572 4951 'Nos
599 4893 668 4949 ad
703 4891 930 4949 excelsa
949 4892 1194 4949 remeari
1228 4892 1353 4948 coeli
1628 4880 1645 4885 ’

705 4980 975 5037 Culmina
1005 4981 1176 5036 dona.

531 5070 610 5125 Te
635 5070 939 5125 beatorum
966 5069 1181 5125 chorus
1213 5069 1577 5142 angelorum,

457 5160 536 5216 Te
566 5159 986 5232 prophetarum
1017 5164 1074 5214 et
1102 5160 1499 5231 apostolorum

457 5246 609 5302 Ordo
640 5246 937 5318 praelatam
969 5245 1082 5303 sibi
1115 5246 1299 5302 cernit
1321 5262 1500 5303 unam

707 5334 846 5390 Post
874 5335 1177 5391 Deitatem.

538 5418 685 5473 Aula
715 5419 964 5477 caelestis
997 5422 1263 5495 speciosa
1293 5421 1469 5495 regis,

436 5504 635 5586 ’Fulta
666 5508 920 5585 septenis
948 5510 1180 5586 Sophim
1201 5509 1513 5589 columnis,

240 1788 243 1791 ’
352 1808 408 1858 et
439 1806 658 1874 martyr
688 1799 923 1866 Christi,
957 1799 1268 1871 deprecare
1329 1813 1430 1868 pro
1462 1794 1631 1867 plebe
1665 1796 1784 1859 tua,
1819 1809 1994 1864 quam
2028 1788 2073 1804 ”
2106 1792 2281 1846 nitrix
2309 1793 2503 1867 Virgo.

2796 1886 3057 1955 Hymnus.

2388 1973 2643 2029 Terrena
2671 1979 2880 2029 cuncta
2900 1973 3177 2043 jubilent,

2313 2062 2485 2116 Astra
2507 2060 2783 2118 laudibus
2816 2062 3104 2131 intouent,

2244 2148 2505 2222 Virginis
2536 2155 2668 2206 ante
2698 2150 3025 2207 thalamum

2243 2236 2486 2293 Carmen
2520 2238 2809 2295 allernent
2827 2240 3183 2296 dramatum.

2313 2325 2443 2381 Haec
2475 2326 2670 2399 Virgo,
2695 2327 2882 2384 Verbo
2907 2329 3165 2402 gravida,

2244 2414 2333 2468 Fit
2364 2415 2621 2485 paradisi
2646 2417 2851 2487 janua.

2239 2501 2373 2565 Quae
2407 2507 2587 2558 Deum
2621 2506 2842 2562 mundo
2876 2506 3147 2574 reddidit,

2239 2590 2457 2647 Ccnlum
2487 2593 2656 2649 nobis
2686 2594 2929 2666 aperuit.

2311 2680 2469 2735 Felix
2501 2680 2612 2737 ista
2641 2698 2925 2754 puerpera

2238 2769 2360 2823 Eva:
2394 2768 2516 2842 lege
2547 2770 2845 2827 liberrima

2236 2857 2508 2930 Concepit
2535 2858 2661 2914 sine
2690 2860 2866 2925 coitu,

2233 2945 2443 3003 Emisit
2470 2948 2691 3020 absque
2719 2949 2961 3020 gemitu.

2308 3035 2473 3090 Dives
2502 3036 2693 3091 Mariae
2716 3037 3033 3109 gremium,

2244 3123 2445 3179 Mundi
2469 3124 2712 3196 gestavit
2741 3126 3016 3198 pretium,

2239 3211 2361 3275 Quo
2392 3211 2712 3284 gloriemur
2743 3214 2951 3269 redimi

2238 3300 2438 3356 Soluto
2459 3300 2608 3374 jugo
2632 3301 2830 3359 debiti.

2310 3388 2494 3455 Quam
2526 3390 2716 3446 Patris
2746 3391 2949 3464 implet
2977 3392 3178 3461 Filius,

2240 3481 2488 3534 Sanctus
2517 3480 2830 3536 obumbrat
2858 3481 3132 3554 Spiritus,

2241 3565 2460 3621 Coclum
2493 3567 2642 3622 ﬁunt
2672 3568 3012 3625 castissima

2241 3657 2427 3710 Sacrae
2454 3654 2659 3726 puellae
2690 3655 2931 3713 viscera.

2316 3747 2465 3799 Laus
2495 3743 2623 3812 tibi,
2658 3743 2777 3800 Rex
2807 3744 3092 3803 altissime

2244 3831 2352 3895 Qui
2384 3834 2558 3887 natus
2579 3837 2669 3888 est
2688 3833 2759 3889 de
2788 3832 3024 3907 Virgine

2244 3918 2329 3975 Sit
2359 3917 2488 3975 laus
2520 3925 2577 3976 et
2615 3920 2894 3979 ineffabili

2242 4007 2421 4073 Patri,
2453 4012 2770 4081 sanctoque
2803 4008 3076 4068 Flamini.

2634 4098 2879 4169 Hymnus
2906 4099 2976 4155 ad
3004 4100 3213 4157 laudes.

2241 4185 2463 4240 Aurora
2491 4183 2650 4241 velut
2679 4185 2903 4259 fulgida

2241 4271 2330 4326 Ad
2364 4271 2488 4329 cceli
2521 4277 2677 4329 meat
2707 4274 2987 4333 culmina.

2242 4360 2305 4415 Et
2332 4360 2418 4417 sol
2450 4361 2633 4419 Maria
2664 4363 2987 4435 splendida.

2243 4449 2550 4522 Tanquam
2581 4451 2723 4508 luna
2751 4452 3164 4525 pulcherrima.

2315 4538 2534 4612 Regina
2556 4541 2762 4596 mundi
2796 4541 2969 4599 hodie

2243 4624 2546 4682 Thronum
2580 4630 2919 4686 conscendit
2946 4631 3168 4706 glorize.

2248 4712 2417 4769 Illum
2441 4715 2611 4772 enixa
2631 4716 2863 4787 Filium,

2247 4801 2352 4866 Qui
2381 4808 2471 4859 est
2500 4808 2635 4860 ante
2666 4804 2995 4864 luciferum.

2316 4892 2637 4963 Assumpta
2666 4910 2844 4966 super
2864 4897 3124 4970 angelos,

2249 4979 2488 5035 Excedis
2517 4980 2920 5055 archangelos,

2248 5066 2468 5123 Cuncta
2486 5074 2822 5127 sanctorum
2854 5074 3062 5131 merita

2246 5154 2634 5212 Transcendit
2658 5176 2778 5215 una
2806 5160 3044 5218 femina.

2320 5245 2501 5309 Quem
2534 5245 2754 5303 foverat
2774 5248 2834 5305 in
2854 5251 3078 5323 gremio

2248 5332 2489 5388 Locarat
2520 5332 2580 5390 in
2609 5338 2910 5410 praesepio,

2249 5420 2415 5476 Nunc
2445 5438 2640 5496 regem
2674 5442 2852 5499 super
2879 5428 3080 5489 omnia

2251 5510 2441 5571 Patris
2470 5511 2626 5574 videt
2655 5514 2714 5574 in
2735 5516 2946 5595 gloria,
