3968 6126
437 439 545 496 Pro
577 440 746 495 nobis
776 439 949 514 Virgo
981 439 1273 512 virginum

327 531 516 584 Tuum
547 529 796 602 deposce
829 528 1063 596 Filium,
1269 593 1274 597 η

326 623 434 673 Per
463 635 642 690 quam
675 621 878 674 nostra
907 622 1249 689 susceperat

327 707 397 762 Et
425 723 535 762 sua
565 706 736 762 nobis
765 707 1108 778 praebuerat.

395 795 548 850 Laus
581 794 708 863 tibi,
745 795 862 850 Rex
893 793 1202 865 altissime,
1226 797 1333 850 etc.

421 901 479 938 IN
510 899 724 938 OCTAVA
755 900 975 939 SANCTzﬁ
1007 900 1202 938 ΜΛῆΙῶ
1249 899 1520 938 VIRGINIS.

221 971 531 1044 Antipho-na
566 972 636 1026 ad
683 971 1014 1041 Magni/imi.
1067 970 1186 1026 Sub
1239 974 1406 1026 tuum
1459 969 1797 1042 prmsidium

146 1061 545 1133 confugimus,
578 1059 680 1115 Dei
712 1059 1006 1126 Genitrix;
1036 1063 1300 1115 nostram
1331 1058 1797 1132 deprecationem

145 1166 222 1205 ne
241 1149 530 1220 despicias
554 1148 608 1202 in
638 1147 1105 1213 necessitatibus,
1131 1149 1230 1204 sed
1258 1166 1292 1203 a
1317 1148 1592 1221 periculis
1615 1147 1798 1203 libera

143 1255 256 1294 nos
289 1253 541 1309 semper,
571 1236 747 1309 Virgo
779 1236 1051 1309 gloriosa.
1085 1239 1290 1294 Ultima
1309 1238 1611 1309 antiphona
1627 1238 1800 1308 primi

139 1328 429 1382 Nocturni.
464 1326 526 1381 In
561 1325 720 1398 prole
753 1330 956 1390 mater,
992 1326 1048 1380 in
1084 1331 1254 1397 partu
1283 1326 1464 1398 virgo,
1505 1327 1696 1397 gaude
1741 1329 1798 1380 et

137 1414 340 1470 laetare
371 1415 568 1487 Virgo,
604 1418 789 1470 mater
819 1414 1051 1470 Domini

562 1521 620 1558 ΙΝ
655 1520 850 1558 NATALI
883 1519 1066 1558 SANC'I'I
1102 1520 1362 1559 MARTINI.

641 1593 719 1647 Ad
751 1609 996 1664 vesperas
1041 1593 1294 1664 hymnus.

426 1681 544 1737 Rex
573 1680 820 1746 Christe,
854 1680 1087 1735 Martini
1118 1682 1296 1736 decus

327 1770 430 1826 Hic
457 1768 586 1826 laus
615 1774 737 1837 tua,
772 1773 831 1824 tu
868 1769 1048 1837 illius,

326 1860 411 1914 Tu
444 1876 550 1914 nos
583 1861 641 1913 in
673 1858 781 1914 hoc
812 1863 867 1912 te
897 1857 1086 1914 colere

327 1947 570 2014 Quando
604 1947 797 2020 ipsum
830 1947 885 2001 in
923 1952 975 2003 te
1007 1947 1216 2002 tribue.

396 2037 504 2101 Qui
536 2037 640 2092 das
674 2053 774 2108 per
803 2036 962 2091 orbis
995 2034 1264 2090 cardines

327 2125 486 2191 Quod
521 2142 755 2198 gemma
789 2123 971 2195 fulget
1002 2123 1340 2195 praesulum,

329 2215 434 2284 Da,
467 2231 614 2285 quos
643 2217 918 2286 premunt
949 2211 1131 2284 culpa:
1163 2228 1387 2285 graves,

330 2302 526 2358 Solvat
557 2319 659 2375 per
689 2303 895 2374 ingens
925 2302 1222 2356 meritum.

426 2393 508 2446 En
543 2408 764 2463 pauper
793 2390 888 2446 hic
919 2395 974 2446 et
997 2390 1262 2445 modicus

325 2480 528 2536 Polum
559 2481 717 2535 dives
751 2479 1092 2551 ingreditur.

325 2569 461 2624 Coeli
493 2568 759 2624 cohortes
791 2567 1044 2635 obviant,

330 2658 588 2729 Linguae,
621 2655 830 2722 tribus,
865 2662 1069 2728 gentes
1098 2660 1288 2710 ovant.

426 2746 496 2802 Ut
526 2747 642 2799 vita
670 2745 852 2817 fulget
881 2745 1164 2801 transitus

325 2834 460 2890 Cazli
492 2839 546 2889 et
579 2851 712 2890 arvo
743 2833 1109 2906 Splendidus,

325 2924 588 2979 Gaudere
620 2923 844 2978 cunctis
877 2922 1040 2994 pium
1072 2926 1179 2988 est,

321 3011 559 3068 Cunctis
590 3011 751 3066 salus
781 3011 858 3066 sit
883 3011 1003 3066 hac
1035 3010 1182 3066 dies.

423 3101 670 3156 Martine
698 3117 806 3172 par
837 3099 1141 3172 apostolis,

327 3191 564 3246 Festum
595 3188 850 3245 colentes
879 3192 941 3242 tu
976 3188 1120 3255 fove,

327 3278 434 3342 Qui
464 3277 654 3333 vivere
684 3275 989 3348 discipulis
1023 3276 1130 3343 vis,

330 3367 396 3422 Et
425 3366 572 3422 mori
606 3382 721 3421 non
752 3366 1000 3437 respuis.

427 3456 538 3510 Fac
564 3470 738 3522 nunc,
772 3455 924 3525 quod
959 3452 1096 3508 olim
1129 3469 1415 3525 gesseras,

323 3545 489 3600 Nunc
520 3542 795 3616 praasules
827 3541 1100 3609 clarifica,

325 3635 484 3705 Auge
515 3632 694 3686 decus
725 3629 993 3686 Ecclesia:

327 3721 585 3776 Fraudes
615 3719 799 3776 relide
827 3719 1074 3776 Satanae.

419 3809 525 3873 Qui
559 3814 645 3864 ter
675 3808 851 3864 chaos
883 3809 1194 3875 evisceras,

324 3897 548 3953 Mersos
574 3900 734 3952 reatu
764 3897 1003 3963 suscita,

323 3987 614 4042 Diviseras
647 3991 710 4040 ut
739 3986 1112 4055 chlamidem,

323 4075 436 4130 Nos
466 4075 643 4130 indue
665 4075 981 4144 justitiam.

423 4163 496 4217 Ut
525 4160 795 4232 specialis
825 4161 1019 4232 gloriae

323 4250 625 4313 Quondam
657 4248 973 4303 recorderis
1005 4254 1136 4316 tuae,

324 4337 644 4392 Monastico
677 4353 830 4390 nunc
854 4337 1062 4391 ordini.

325 4425 458 4480 Jam
491 4440 638 4497 pene
671 4423 836 4496 lapso
869 4425 1129 4480 subveni.

401 4513 489 4570 Sit
517 4511 787 4568 'l‘rinitati
821 4512 1027 4585 gloria,

328 4603 615 4659 Martinus
648 4607 713 4656 ut
743 4602 1047 4658 confessus
1077 4607 1166 4658 est
1191 4620 1202 4669 ;

328 4693 507 4764 Cujus
540 4692 714 4746 fidem
747 4708 849 4762 per
879 4706 1074 4761 opera,

332 4781 393 4835 ln
427 4798 533 4836 nos
563 4785 619 4835 et
647 4779 772 4851 ipse
804 4780 1053 4835 roboret.
1087 4781 1292 4835 Amen.

577 4886 631 4923 ΙΝ
665 4885 1034 4923 ῸΕΟΙΟΑΤΙΟΝΕ
1072 4885 1368 4924 ECCLESL‘E.

648 4956 726 5011 Ad
755 4973 1000 5028 vesperas
1041 4957 1300 5028 hymnus.

257 5043 509 5109 Christe,
540 5049 882 5100 cunctorum
916 5045 1250 5102 dominator
1277 5045 1451 5116 alme,

259 5131 446 5188 Patris
475 5132 671 5187 aeterni
701 5133 934 5204 genitus
966 5135 1039 5188 ab
1069 5150 1167 5188 ore

260 5219 602 5292 Supplicum
632 5225 785 5287 vota,
813 5220 1147 5293 pariterque
1180 5221 1464 5294 hymnum

709 5309 888 5365 Cerne
918 5311 1236 5382 benignus.

330 5399 509 5453 Cerne
541 5397 697 5468 quod
729 5414 898 5469 puro,
931 5399 1107 5464 Deus,
1137 5398 1195 5453 in
1227 5397 1444 5454 honore

257 5484 428 5541 Plebs
460 5488 561 5541 tua
591 5485 835 5557 supplex
867 5491 1102 5542 resonat
1133 5486 1191 5541 in
1223 5485 1378 5542 aula.

255 5577 467 5637 Annua
498 5575 668 5647 cujus
701 5575 948 5631 redeunt
975 5573 1219 5634 colenda

473 5700 736 5768 ΡΑτιιοι.
783 5700 926 5766 CLI.

946 305 1334 370 EXCERPT.
1379 303 1484 369 EX
1524 303 1756 378 CODD.
1797 300 2114 378 LITURG.
2162 302 2758 382 FONTAVELLAN.

1826 441 1880 508 Α

1831 4540 1877 4603 D

3433 305 3562 366 9η

2494 439 2775 511 Tempore
2802 438 2970 495 festa.

2085 527 2215 583 Haec
2245 528 2458 584 domus
2491 528 2597 583 rite
2629 527 2732 583 tibi
2763 526 3029 584 dedicata

2012 615 2302 683 Noscitur,
2337 617 2396 672 in
2429 633 2546 688 qua
2575 616 2828 688 populus
2865 619 3159 673 sacratum

2015 707 2235 776 Corpus
2266 705 2532 774 assumit,
2569 705 2736 771 bibit,
2771 708 2828 761 et
2858 705 3009 762 beati

2403 793 2718 866 Sanguinis
2749 794 3050 851 haustum.

2090 881 2232 936 Hinc
2265 883 2620 938 sacrosancti
2651 883 2851 940 latices
2881 886 3149 939 veternus

2014 969 2263 1025 Diluunt
2291 969 2516 1042 culpas,
2548 972 2962 1043 perimuntque
2992 988 3195 1037 noxas,
3240 1006 3252 1028 ε

2015 1058 2341 1115 Cbrismate
2370 1075 2502 1115 vero
2533 1075 2719 1132 genus
2748 1064 2814 1114 ut
2845 1064 3073 1116 creetur

2486 1149 2563 1203 Ch
2572 1149 2615 1204 ri
2624 1149 2786 1205 sticol
2794 1165 2958 1204 arum
2970 1193 2982 1205 .

2083 1237 2186 1294 Hic
2217 1237 2377 1293 salus
2409 1237 2600 1310 aegris,
2635 1237 2927 1293 medicina
2955 1237 3152 1304 fessis,

2014 1326 2233 1382 Lumen
2266 1326 2507 1391 orbatis,
2539 1325 2824 1397 veniaque
2854 1326 3072 1382 nostris

2012 1414 2216 1470 Fertur
2246 1415 2503 1480 offensis,
2531 1415 2708 1470 timor
2737 1420 2911 1487 atque
2944 1431 3158 1472 mceror

2484 1502 2728 1560 Pellitur
2758 1504 2970 1560 omnis.

2082 1591 2376 1647 Daemonis
2407 1608 2559 1647 saeva
2589 1592 2738 1664 perit
2766 1592 2862 1648 hic
2893 1593 3118 1665 rapina,

2011 1679 2283 1735 Pervicax
2313 1684 2643 1736 monstrum
2677 1685 2870 1752 pavet,
2901 1685 2959 1737 et
2986 1685 3212 1738 retenta

2006 1772 2259 1841 Corpora
2287 1769 2561 1840 linquens
2591 1770 2742 1842 fugit
2769 1769 2830 1825 in
2861 1774 3116 1826 remotas

2489 1858 2664 1914 Ocius
2693 1859 2956 1916 umbras.

2082 1945 2184 2000 Hic
2213 1946 2375 2002 locus
2407 1963 2616 2019 nempe
2646 1947 2936 2004 vocitatur
2992 1979 3002 1990 -

2007 2034 2156 2088 Aula
2189 2034 2362 2106 Regis
2395 2035 2612 2103 aeterni,
2647 2035 2915 2108 niveique
2943 2035 3096 2102 cmli,

2012 2123 2303 2194 Portaque
2335 2124 2463 2178 vitae
2495 2124 2745 2195 patriam
2776 2128 3039 2196 petentes

2491 2213 2715 2284 Accipit
2744 2229 2968 2269 omnes.

2084 2301 2277 2354 Turbo
2306 2317 2482 2372 quam
2506 2299 2706 2357 nullus
2735 2302 2945 2372 quatit,
2979 2306 3082 2359 aut
3110 2307 3392 2377 vagantes

2010 2389 2262 2444 Diruunt
2291 2391 2468 2455 venti,
2498 2394 2922 2462 penetrantque
2954 2391 3162 2460 nimbi,

2013 2478 2136 2533 Non
2169 2478 2300 2533 tetri
2335 2477 2491 2533 laedit
2521 2479 2721 2550 piceus
2752 2479 3007 2536 tenebris

2439 2569 2722 2623 Tartarus
2751 2567 3018 2624 horrens.

2084 2657 2429 2720 Quaesumus
2460 2671 2616 2727 ergo,
2651 2655 2826 2724 Deus,
2859 2661 2925 2712 ut
2955 2672 3160 2713 sereno

2010 2745 2252 2799 Annuas
2281 2744 2443 2799 vultu
2477 2744 2730 2800 famulos
2759 2744 2974 2814 videre,

2013 2832 2118 2897 Qui
2151 2833 2234 2887 tui
2258 2849 2522 2889 summos
2553 2832 2853 2890 celebrant
2881 2850 3079 2890 amore

2485 2921 2708 2978 Gaudia
2737 2922 2962 2995 templi.

2084 3010 2256 3066 Nulla
2285 3027 2391 3066 nos
2419 3009 2548 3066 vitae
2580 3011 2845 3066 cruciant
2873 3009 3139 3078 molesta,

2012 3099 2138 3152 Sint
2166 3099 2291 3153 dies
2321 3099 2454 3166 laeti,
2491 3097 2847 3170 placidaeque
2878 3103 3101 3165 noctes,

2013 3187 2220 3242 Nullus
2247 3204 2313 3242 ex
2340 3187 2507 3243 nobis
2537 3191 2814 3259 pereunte
2844 3188 3063 3244 mundo

2510 3276 2737 3332 Sentiat
2761 3277 2949 3349 ignes.

2083 3365 2184 3420 Hic
2215 3365 2360 3433 dies,
2395 3365 2455 3418 in
2487 3381 2603 3436 quo
2634 3364 2741 3419 tibi
2769 3367 3166 3420 consecratam

2010 3453 2307 3526 Conspicis
2338 3470 2500 3510 aram
2529 3452 2751 3509 tribuat
2781 3469 3032 3525 perenne

2010 3543 2301 3598 Gaudium
2333 3541 2523 3611 nobis,
2554 3541 2861 3614 vigeatque
2884 3541 3057 3614 longo

2489 3629 2792 3702 Temporis
2820 3647 2953 3687 usu.

2080 3721 2335 3776 Gloriam
2368 3736 2600 3775 summo
2631 3735 2975 3776 resonemus
2997 3719 3152 3776 Patri

2007 3808 2263 3864 Gloriam
2295 3809 2461 3877 Nato,
2495 3809 2828 3881 pariterque
2859 3812 3062 3864 sancto

2007 3897 2248 3968 Spiritui
2281 3897 2436 3954 dulei
2467 3896 2840 3953 modulemur
2868 3897 3086 3969 hymno

2352 3986 2492 4040 Esse
2523 4001 2625 4056 per
2655 4001 2861 4040 sevum.
2892 3989 3103 4040 Amen.

1902 4103 1962 4157 In
1993 4102 2139 4157 calce
2187 4099 2492 4171 supradicti
2542 4099 2803 4228 briqiarii
2849 4100 3050 4169 legitur
3100 4099 3344 4171 ofﬁcium
3391 4099 3554 4158 beatae

2674 4185 2834 4227 ariae.

2674 4185 2834 4227 (17⁸268.

1903 4279 2114 4318 INCIPIT
2139 4276 2410 4316 OFFICIUM
2462 4273 2655 4316 ΒΕΔΤΕ
2703 4276 2900 4314 MAI!le
2944 4275 3200 4315 VIRGINIS
3243 4273 3557 4317 SECUNDUM

1973 4348 2451 4389 CONSUE’I‘UDINEM
2493 4346 2891 4386 MONACHORUM
2937 4348 3280 4388 MONAS'I‘ERII
3330 4347 3557 4388 ΒΛΝΟΤΒ

1973 4422 2175 4460 CRUCIS
2203 4420 2401 4459 FONTIS
2431 4419 2754 4458 AVELLAN:E.

1977 4519 2056 4573 Ad
2083 4521 2436 4574 matutinum.
2474 4517 2736 4586 Domine,
2770 4518 2929 4575 labia
2961 4535 3093 4576 mea
3141 4520 3390 4592 aperies,
3445 4523 3555 4575 etc.

1909 4623 2076 4676 usque
2104 4607 2173 4660 ad
2203 4608 2474 4661 lectiones.
2500 4607 2678 4662 Lectio
2689 4609 2896 4678 prima.
2923 4609 3138 4664 Sancta
3163 4607 3366 4674 Maria,
3384 4606 3560 4679 Virgo

1907 4693 2220 4764 virginum,
2273 4698 2460 4749 mater
2506 4697 2562 4748 et
2613 4694 2735 4748 ﬁlia
2784 4695 2960 4768 Regis
3004 4711 3232 4768 regum,
3290 4695 3558 4750 omnium

1911 4786 2080 4837 tuum
2112 4781 2282 4837 nobis
2313 4782 2586 4853 impende
2635 4781 2935 4852 solatium,
2984 4788 3049 4838 ut
3100 4783 3350 4839 ccelestis
3399 4780 3562 4854 regni

1911 4885 2162 4925 meream
2174 4886 2241 4923 ur
2253 4870 2464 4924 habere
2478 4869 2808 4939 praemium,
2824 4888 2957 4927 cum
2983 4870 3183 4928 electis
3204 4871 3562 4942 Deiregnare

1909 4961 1967 5016 in
1992 4960 2360 5033 perpetuum.
2378 4958 2437 5024 ιῖ.
2455 4957 2523 5014 Ut
2543 4959 2698 5029 apud
2724 4977 2850 5015 nos.
2869 4961 3050 5015 Lectio
3070 4959 3326 5015 secunda.
3349 4958 3564 5014 Sancta

1907 5049 2109 5116 Maria,
2145 5045 2374 5118 piarum
2406 5045 2696 5116 piissima,
2730 5047 3023 5103 intercede
3049 5063 3152 5118 pro
3183 5047 3374 5118 nobis,
3421 5062 3560 5103 san-

1908 5142 2136 5192 ctarum
2168 5133 2563 5199 sanctissima,
2598 5136 2662 5187 ut
2693 5149 2797 5205 per
2825 5139 2882 5188 te
2911 5138 3109 5190 sumat
3137 5139 3338 5192 nostra
3366 5150 3560 5208 preca-

1909 5224 2088 5291 mina,
2118 5222 2220 5294 qui
2245 5239 2349 5293 pro
2380 5222 2550 5278 nobis
2582 5224 2758 5276 natus
2790 5225 2995 5293 regnat
3020 5239 3198 5294 super
3227 5221 3461 5288 aethera,
3494 5227 3561 5277 ut

1909 5318 2010 5368 tua
2039 5313 2253 5384 pietate
2283 5309 2477 5365 deleat
2507 5315 2708 5366 nostra
2738 5310 3097 5382 peccamina.
3118 5312 3176 5380 1i).
3196 5307 3352 5366 Felix
3392 5325 3563 5365 nam-

1909 5419 2043 5474 que,
2075 5406 2183 5458 etc.
2228 5400 2406 5455 Lectio
2453 5399 2634 5454 tertia.
2687 5399 2899 5454 Sancta
2948 5399 3050 5455 Dei
3099 5398 3385 5468 Genitrix,
3436 5413 3565 5470 quae

1907 5491 2081 5564 digne
2110 5487 2376 5545 meruisti
2408 5485 2711 5559 concipere
2741 5502 2916 5557 quem
2947 5491 3108 5544 totus
3151 5486 3310 5544 orbis
3356 5485 3568 5566 nequit

1906 5577 2419 5657 comprehendere,
2438 5591 2783 5650 quasumus
2801 5578 2866 5632 ut
2885 5578 2986 5633 tuo
3008 5576 3338 5634 interventu
3361 5573 3567 5652 culpae

3163 5701 3247 5789 3i.
