3968 6126
366 268 477 331 971
1298 356 1307 361 η
1730 266 2044 338 MONUM.
2087 266 2406 336 urnae.
3643 270 3789 339 972

364 406 593 459 nostras
624 404 849 476 abluas,
882 424 999 481 quo
1028 423 1340 480 perennem
1375 409 1572 465 sedem
1604 407 1798 482 gloriae
1824 424 1926 481 per
1954 412 2009 463 te
2039 410 2092 475 Α
2123 407 2286 462 drus.
2306 408 2363 473 ft.
2391 407 2719 479 Adjuvabit.
2748 408 2799 477 ,i‘.
2822 404 2983 464 Sicut
3034 401 3291 481 myrrha.
3347 409 3553 467 Oratio.
3607 411 3786 469 Dens

363 491 646 565 redempti
709 511 1042 551 mereamur
1095 498 1393 566 scandere,
1458 497 1556 553 ubi
1614 514 1815 554 manes
1870 514 2005 553 cum
2120 494 2221 567 qui
2257 495 2423 551 nobis
2470 502 2685 551 sanctae
2728 496 3033 553 Trinitatis
3080 497 3424 570 mysterium
3472 497 3782 565 revelasti,

362 580 568 636 eodem
601 582 745 639 Filio
803 588 902 640 tuo
960 586 1107 641 sime
1164 588 1714 660 tempore.it.Beata
1761 604 1845 654 es,
1895 590 2003 641 etc.
2115 583 2325 652 tribuo,
2360 600 2725 655 quazsumus,
2758 586 3782 661 utquijamteexﬁdecognovimus,

363 669 630 740 Hymnus.
663 672 740 728 Te
770 678 949 729 Deum
981 673 1314 731 laudamus.
1354 677 1677 732 Versiculus.
1720 675 2006 731 Dominus
2116 688 2218 743 per
2247 670 2381 727 boni
2414 672 2608 744 operis
2638 678 2954 745 augmenta
2982 690 3335 731 crescamus.

358 757 681 815 vobiscum.
732 762 1045 833 Sequentia
1090 764 1275 819 sancti
1327 763 1621 837 Evangelii
1678 763 2003 820 secundum
2186 761 2307 814 Alia
2335 761 2530 817 oratio.
2561 761 2820 818 Concede
2849 779 2975 831 nos,
3011 779 3370 834 quaesumus,
3395 764 3779 839 omnipotens

361 845 591 903 Lucam.
639 849 701 903 In
736 849 834 907 illo
883 856 1173 925 tempore:
1224 854 1521 926 Loquente
1570 855 1708 911 Jesu
1760 853 1831 909 ad
1881 857 2002 908 tur-
2119 848 2286 917 Deus,
2322 849 2502 905 beata:
2535 850 2728 905 Maria:
2760 867 2991 924 semper
3018 851 3263 925 virginis
3283 854 3777 925 precibussuble-

359 935 486 1003 bas,
518 941 701 999 etht.
724 941 925 995 Amen.
957 943 1034 997 Te
1074 943 1237 998 decet
1284 943 1435 1008 laus,
1486 946 1594 999 etc.
1647 943 1724 998 Ad
1776 942 2003 999 Benedi-
2111 937 2253 1000 vari,
2287 953 2389 1009 per
2418 939 2589 1010 cujus
2621 939 2972 996 ineffabilem
3002 944 3238 1012 partum
3260 941 3586 1013 procurasti
3608 941 3772 999 salu-

358 1032 473 1080 ctus
501 1028 826 1099 antiphona.
861 1030 995 1093 Quae
1025 1036 1114 1087 est
1142 1031 1276 1101 ista,
1323 1049 1451 1104 que
1502 1032 1802 1087 descendit
1851 1032 2006 1092 sicut
2112 1025 2187 1079 iis
2219 1025 2489 1081 humanm
2520 1027 2867 1084 remedium.

358 1130 568 1170 aurora
599 1132 979 1191 consurgens,
1013 1118 1261 1191 pulchra
1291 1126 1356 1176 ut
1383 1121 1547 1187 luna,
1580 1120 1760 1176 electa
1798 1124 1863 1175 ut
1892 1120 1999 1189 sol,
2181 1114 2306 1169 Αιία
2335 1116 2531 1171 oratio.
2552 1114 2830 1171 Omnium
2848 1121 3187 1173 sanctorum
3210 1122 3470 1185 tuorum,
3497 1120 3762 1188 Domine.

355 1204 635 1260 terribilis
658 1210 725 1261 ut
748 1210 1075 1263 castrorum
1107 1207 1261 1264 acies
1291 1209 1601 1265 ordinata?
1649 1209 1820 1281 Kyrie
1865 1209 1922 1265 el

2191 1201 2535 1274 pplicatione
2566 1202 2855 1275 placatus,
2887 1204 3118 1260 veniam
3150 1205 3317 1262 nobis
3338 1206 3550 1278 tribue,
3581 1213 3640 1264 et
3669 1226 3758 1266 re—

356 1309 485 1360 son,
516 1299 628 1350 etc.
671 1295 842 1351 Pater
895 1299 1109 1351 noster.
1129 1297 1617 1363 izBenedicamus
1666 1299 1892 1354 Patrem
1945 1302 2002 1355 et
2112 1290 2305 1345 media
2334 1291 2692 1363 sempiterna
2722 1293 2993 1348 concede.

355 1380 567 1437 Filium
598 1399 730 1437 cum
766 1388 967 1439 sancto
997 1384 1313 1455 Spiritth.
1333 1386 1665 1442 Laudemus
1696 1390 1753 1440 et
1796 1403 1997 1459 super-
2183 1378 2258 1432 Αιι
2288 1395 2490 1433 "01mm
2520 1381 2776 1452 hymnus.
2810 1380 2854 1435 Ο
2886 1380 3203 1453 Singularis
3226 1382 3490 1449 Domina,
3515 1388 3626 1441 etc.
3647 1387 3755 1441 An-

352 1469 675 1526 exaltemus
706 1487 839 1526 eum
860 1472 916 1527 in
936 1471 1165 1528 saecula.
1192 1475 1242 1541 ἢ.
1263 1474 1394 1529 Post
1415 1478 1670 1546 partum,
1691 1474 1887 1547 Virgo,
1915 1475 1919 1528 i

2189 1467 2350 1535 hona,
2378 1470 2600 1539 psalmi,
2626 1472 2677 1524 et
2707 1469 2864 1524 lectio
2894 1478 2956 1523 ut
3000 1469 3148 1540 apud
3192 1470 3586 1545 nos.ﬁ.Elegit
3624 1489 3754 1528 eam

349 1557 563 1614 violata
593 1561 1181 1631 permansisti.l't,.Dei
1233 1562 1510 1627 Genitrix,
1557 1562 1846 1618 intercede
1893 1579 1916 1633 ι

2193 1573 2280 1624 us,
2332 1558 2805 1629 etc.,i“.Speciosa
2855 1557 3008 1613 facta
3053 1574 3137 1613 es.
3185 1559 3391 1614 Oratio.
3444 1564 3598 1617 Deus
3651 1561 3754 1633 qui

350 1648 920 1717 nobis.i.Mirabilis
980 1651 1310 1717 Deus.ﬁ.ln
1372 1652 1591 1708 sanctis
1646 1652 1995 1719 suis.S‘.Do-
2105 1644 2469 1717 virginalem.

346 1736 543 1792 minus
574 1736 894 1794 vobiscum.
917 1740 1038 1807 ιῑΕι
1065 1756 1223 1795 cum,
2028 1775 2074 1807 υ
2174 1734 2299 1787 Atia
2330 1736 2523 1789 oratio.
2559 1733 2793 1806 Porrige
2826 1734 3014 1802 nobis,
3044 1738 3218 1801 Deus,
3245 1737 3540 1793 dexteram
3565 1743 3751 1807 tuam,

418 1827 621 1881 Oratio.
656 1826 810 1882 Deus
842 1828 1012 1899 cujus
1040 1845 1282 1884 munere
1313 1830 1654 1886 Trinitatem
1687 1830 1745 1883 in
1796 1846 1996 1901 per-so-
2028 1823 2075 1839 "
2105 1826 2161 1877 et
2191 1838 2292 1893 per
2322 1823 2801 1879 intercessionem
2827 1823 3008 1878 beatae
3042 1823 3234 1879 Mariae
3261 1841 3492 1897 semper
3510 1825 3753 1899 virginis

347 1914 461 1979 nis,
489 1918 546 1969 et
577 1913 864 1970 Unitatem
900 1915 958 1971 in
1005 1916 1205 1973 divina
1252 1918 1583 1973 substantia
1628 1917 1994 1986 conﬁtemur,
2105 1914 2161 1964 et
2192 1911 2453 1965 omnium
2488 1916 2826 1966 sanctorum
2857 1916 3092 1967 tuorum
3120 1911 3402 1969 auxilium
3435 1913 3603 1970 nobis
3651 1932 3751 1971 su-

349 2003 599 2057 concede
630 2003 939 2075 propitius,
966 2004 1162 2061 uthac
1184 2004 1342 2060 fideli
1362 2003 1540 2061 lorica
1571 2005 1781 2061 muniti
1804 2024 1837 2061 a
1853 2023 1916 2062 cu

1312 2003 1540 2061 lilorica
1571 2005 1781 2061 muniti
1804 2023 1995 2062 acun-
2105 2015 2293 2069 pernae
2325 1999 2556 2055 virtutis
2589 1999 2879 2071 impende.

345 2090 455 2146 ctis
486 2091 663 2146 etiam
694 2108 1027 2148 mereamur
1055 2094 1509 2149 adversitatibus
1541 2093 1793 2149 liberari.

2199 2088 2279 2143 Ad
2348 2104 2598 2160 vesperas
2670 2089 3004 2160 antiphona.
3084 2091 3230 2145 Ante
3297 2094 3517 2149 torum.
3585 2094 3751 2149 Psat.

415 2179 540 2233 Alia
571 2181 762 2236 oratio.
796 2180 971 2249 Deus,
1006 2182 1104 2253 qui
1140 2181 1352 2237 Filium
1404 2187 1571 2238 tuum
1621 2183 1692 2238 ad
1744 2201 1851 2239 nos
1895 2200 1998 2256 per
2104 2176 2279 2232 Dixit.
2321 2178 2632 2249 Antiphona
2670 2179 2847 2249 Aquae
2903 2176 3120 2233 multat.
3170 2179 3445 2235 Psalmus.
3498 2180 3754 2237 Lanatus

345 2267 643 2340 Virginem
668 2267 948 2341 dignatus
964 2286 1026 2325 es
1050 2270 1301 2337 mittere,
1324 2271 1398 2325 da
1420 2272 1587 2326 nobis
1611 2273 1680 2327 ad
1710 2276 1765 2327 te
1788 2273 1993 2328 suti'ra-
2104 2281 2259 2321 sum.
2299 2268 2625 2337 Antiphona.
2659 2270 2865 2339 Surge,
2891 2265 3108 2338 aquilo,
3138 2272 3195 2322 et
3208 2268 3360 2335 veni,
3384 2272 3601 2338 auster,
3629 2288 3757 2343 per-

345 2357 620 2429 gantibus
650 2357 914 2427 ejusdem
944 2359 1122 2414 beata:
1154 2360 1346 2415 Μαιιίω
1378 2362 1650 2432 precibus
1672 2361 1894 2433 jugiter
1916 2361 1993 2417 re-
2106 2352 2180 2408 ila
2209 2353 2441 2410 hortum
2476 2372 2693 2421 meum,
2722 2359 2779 2410 et
2827 2355 3008 2413 fluent
3055 2360 3319 2411 aromata
3368 2356 3547 2413 illius.
3596 2359 3753 2415 Psal.

348 2443 585 2500 stinare,
2102 2442 2226 2498 Nisi
2285 2443 2587 2499 Dominus.
2657 2445 2991 2516 Antiphona.
3067 2444 3390 2512 Revertere,
3446 2453 3752 2505 revertere.

416 2534 542 2587 Alia
572 2537 766 2589 oratio.
800 2535 1096 2589 Auxilium
1132 2541 1299 2591 tuum
1333 2537 1521 2604 nobis,
1557 2538 1820 2608 Domine,
1871 2537 1990 2609 pla-
2099 2530 2249 2585 Psal.
2281 2530 2594 2600 Memento,
2632 2532 2890 2588 Domine.
2923 2532 3251 2604 Antiphona.
3274 2532 3337 2588 In
3359 2532 3520 2606 prole
3542 2535 3754 2606 Mater,

345 2624 511 2676 catus
542 2621 837 2691 impende,
868 2627 924 2677 et
948 2622 1345 2679 intercedente
1375 2624 1541 2681 beata
1571 2626 1673 2681 Dei
1713 2626 1992 2698 genitrice
2101 2618 2159 2672 in
2190 2624 2361 2690 partu
2389 2619 2588 2692 Virgo,
2621 2622 2809 2692 gaude
2841 2625 2899 2677 et
2926 2620 3141 2689 laetare,
3175 2622 3370 2695 Virgo,
3405 2628 3591 2679 mater
3636 2629 3753 2681 Do-

346 2707 531 2763 Maria
559 2725 691 2763 cum
724 2710 1000 2767 omnibus
1031 2712 1251 2767 sanctis
1280 2711 1421 2778 tuis,
1454 2713 1543 2768 fac
1574 2731 1681 2769 nos
1710 2715 1782 2769 ab
1830 2716 1990 2770 omni
2101 2708 2267 2762 mini.
2299 2710 2428 2764 Ρδαί
2480 2710 2676 2765 Lauda
2729 2708 3078 2766 Jerusalem.
3136 2711 3340 2766 Lectio:
3402 2712 3520 2785 Ego
3575 2715 3752 2785 quasi

345 2797 693 2853 adversitate
725 2796 980 2867 liberari,
1011 2803 1068 2855 et
1096 2804 1310 2855 aeterna
1339 2800 1536 2856 laetitia
1566 2803 1840 2875 gaudere.
1883 2806 1992 2857 Per
2096 2795 2251 2862 Vitia,
2284 2801 2393 2853 etc.
2416 2796 2752 2866 ῆοΕΧαΙῐᾶῒα
2779 2814 2841 2853 es
2874 2802 3077 2854 sancta
3104 2798 3204 2854 Dei
3251 2797 3528 2855 Genitrix.
3576 2803 3749 2873 Hym-

343 2884 682 2953 Dominum,
713 2888 824 2940 etc.
1938 2934 1943 2937 μ
2095 2902 2218 2940 nus.
2251 2884 2428 2942 Sidus
2460 2885 2655 2943 Marias
2682 2886 3077 2959 splendidum,
3129 2892 3237 2942 etc.
3286 2887 3367 2943 Ad
3412 2890 3744 2961 Magniﬁcat.

413 2973 695 3044 Su/Tragia
723 2974 791 3028 ad
829 2975 1178 3030 matutinum.
1232 2978 1562 3048 Antiphona.
1616 2978 1772 3034 Inter
1820 2985 1987 3037 natos
2095 2973 2275 3030 Maria
2302 2974 2484 3048 virgo,
2521 2991 2635 3029 non
2668 2978 2758 3030 est
2785 2975 2892 3030 tibi
2925 2975 3140 3031 similis
3172 2980 3309 3032 nata
3337 2976 3394 3032 in
3431 2979 3651 3034 mundo
3683 2980 3743 3035 in

342 3058 678 3118 mulierum,
801 3063 1006 3119 Justus
1064 3069 1128 3119 ut
1184 3065 1399 3137 palma,
1530 3066 1692 3122 Sicut
1754 3069 1983 3129 cedrus,
2095 3061 2464 3133 mulieribus,
2499 3063 2714 3119 ﬂorens
2746 3068 2810 3118 ut
2840 3079 2993 3130 rosa,
3023 3062 3187 3119 olens
3216 3063 3370 3119 sicut
3396 3064 3607 3133 lilium,
3638 3084 3750 3123 ora

343 3150 547 3217 Oratio.
582 3151 735 3206 Beati
757 3152 1002 3209 Joannis
1022 3153 1319 3224 Baptistae,
1345 3172 1470 3223 nos,
1496 3172 1857 3227 quaesumus.
1882 3159 1986 3215 Do-
2014 3138 2057 3207 (ἶ
2095 3168 2199 3223 ΡΡο
2226 3152 2392 3207 DObiS
2425 3153 2579 3225 αριιά
2609 3156 2778 3207 illum
2802 3151 3033 3208 Filium-
3060 3152 3248 3224 Κῐτίθ·
3273 3156 3461 3209 Patet
3483 3156 3541 3222 ιῗ-
3562 3155 3745 3212 ΒΘΠΘ’

342 3239 519 3310 mine,
552 3242 661 3294 etc.
708 3240 1037 3312 Antiphona.
1090 3241 1295 3298 Petrus
1346 3244 1662 3315 apostolus.
1681 3247 1728 3313 ᾗ.
1749 3246 1812 3301 In
1860 3263 1983 3303 om-
2094 3240 2364 3297 dicamus
2393 3244 2622 3296 Patrem
2652 3245 2711 3296 et
2742 3240 2973 3311 Filium,
3004 3243 3185 3310 etc}.
3205 3245 3343 3296 Post
3356 3249 3609 3314 partum,
3633 3249 3747 3301 etc.

341 3343 496 3383 nem.
523 3328 669 3395 ii.Et
714 3328 782 3383 in
838 3329 1006 3385 ﬁnes.
1068 3331 1268 3386 Oratio.
1329 3331 1561 3399 Praesta,
1624 3349 1983 3405 quaesumus,
2096 3326 2483 3396 iMimbiiis.

341 3415 711 3487 omnipotens
742 3417 914 3486 Deus,
949 3424 1014 3472 ut
1042 3418 1221 3475 nullis
1251 3436 1377 3488 nos,
1401 3425 1508 3477 etc.
1545 3421 1871 3493 Antiphona.
1907 3426 1988 3479 Da
2167 3416 2371 3471 θναίίοο
2402 3415 2784 3489 Omnipotens
2815 3417 3169 3489 sempiterne
3199 3421 3375 3489 D608,
3401 3418 3499 3490 qui
3533 3419 3593 3473 in
3623 3420 3750 3475 Tri-

339 3521 562 3577 pacem.
582 3506 632 3571 in
652 3505 779 3561 Fiat
810 3523 938 3578 pax.
959 3508 1017 3575 ἡ.
1037 3508 1105 3562 Et
1135 3507 1514 3564 abundantia.
1551 3510 1756 3566 Oratio.
1809 3511 1982 3578 Deus,
2094 3504 2274 3560 nitate
2305 3504 2604 3574 colendus,
2632 3511 2691 3560 et
2720 3504 2778 3559 in
2809 3504 3044 3560 Unitate
3068 3521 3132 3561 es
3151 3505 3507 3573 adorandus,
3529 3511 3589 3563 te
3609 3524 3749 3581 sup-

339 3610 373 3648 a
397 3610 512 3665 quo
540 3597 742 3649 sancta
772 3594 1079 3664 desideria,
1112 3600 1219 3651 etc.
1256 3597 1585 3667 Antiphona.
1611 3598 1765 3655 Justi
1801 3599 1984 3672 fulge-
2094 3592 2274 3665 plices
2307 3608 2617 3649 exoramus
2648 3598 2711 3649 ut
2729 3592 3284 3666 mundes’propitius
3306 3611 3405 3651 cor
3425 3599 3747 3652 nostruma

338 3682 505 3737 bunt.
524 3682 571 3750 ᾗ.
593 3680 877 3738 Mirabilis
926 3684 1100 3739 Deus.
1119 3686 1174 3751 ιῆ.
1196 3685 1255 3739 ln
1307 3686 1527 3741 sanctis
1576 3688 1721 3742 suis.
1776 3688 1981 3744 Oratio.
2092 3682 2248 3737 vitiis
2277 3686 2334 3738 et
2358 3681 2585 3754 repleas
2616 3699 2721 3738 nos
2743 3683 2969 3755 iugiter
3000 3682 3405 3754 spiritualibus
3440 3684 3632 3740 donis.

335 3774 489 3825 Deus
520 3769 618 3842 qui
651 3787 757 3826 nos
787 3772 1080 3839 concedis,
1110 3777 1219 3827 etc.
2164 3772 2289 3825 Alia
2315 3772 2510 3827 oratio.
2542 3775 2718 3842 Deus,
2741 3771 2841 3843 qui
2869 3770 3081 3826 vitiata
3109 3771 3311 3844 stirpis
3331 3772 3616 3845 originem
3640 3792 3748 3846 per

404 3858 484 3913 Ad
503 3860 747 3930 primam
774 3861 1029 3932 hymnus.
1062 3860 1238 3915 Beata
1267 3860 1365 3917 Dei
1416 3862 1695 3932 Genitrix,
1749 3868 1882 3931 θεία,
1914 3882 1984 3921 ωε
2090 3858 2393 3931 virginalis
2427 3858 2573 3915 uteri
2605 3876 2841 3932 reparas
2873 3858 3244 3932 dignitatem,
3277 3861 3527 3917 concede
3547 3864 3749 3935 propi-

334 3946 597 4019 Operibus
625 3948 681 4004 S.
713 3949 865 4003 Petri
892 3950 1170 4004 Damiani.
1205 3950 1533 4021 Antiphone.
1568 3951 1648 4006 Ex
1678 3956 1754 4018 te,
1801 3954 1980 4009 Maria
2090 3948 2229 4014 tius,
2251 3953 2475 4019 utquos
2498 3947 2713 4019 proprii
2738 3952 2935 4004 reatus
2957 3946 3140 4003 moles
3159 3950 3748 4020 gravat,intercessio

331 4035 511 4108 virgo.
544 4036 691 4090 Psal.
726 4036 938 4092 Beatus
962 4037 1050 4091 vir
1079 4037 1179 4108 qui
1213 4054 1326 4093 non
1376 4038 1536 4093 abiit.
1587 4040 1738 4095 Psal.
1794 4042 1982 4106 Quare
2089 4037 2270 4092 beata:
2303 4038 2398 4091 Dei
2431 4037 2731 4109 genitricis
2762 4036 3008 4093 attollat.

334 4124 713 4179 fremuerunt.
746 4125 892 4178 Psal.
927 4124 1190 4189 Domine,
1224 4126 1375 4181 nein
1397 4125 1482 4182 ira
1504 4131 1626 4181 tua.
1651 4129 1976 4200 Antiphona.
2161 4126 2283 4181 Atia
2313 4126 2505 4181 oratio.
2541 4124 2615 4179 Ut
2656 4125 2783 4191 tibi,
2838 4124 3102 4194 Domine,
3150 4124 3378 4198 placere
3420 4124 3745 4198 possimus,

334 4212 413 4266 Ex
442 4216 518 4278 te,
551 4211 732 4266 Maria
760 4211 941 4283 virgo,
977 4213 1257 4284 processit
1283 4217 1433 4270 Deus
1482 4218 1540 4269 et
1588 4215 1781 4283 homo,
1831 4215 1981 4287 lapis
2089 4214 2269 4269 beata:
2302 4213 2493 4269 Mariae
2516 4230 2749 4286 semper
2769 4212 3009 4287 virginis
3033 4218 3090 4269 et
3109 4214 3374 4269 omnium
3398 4218 3743 4270 sanctorum

335 4300 636 4356 abscissus
665 4304 754 4355 est
786 4300 855 4354 de
886 4306 940 4355 te
972 4300 1237 4355 Christus
1266 4302 1488 4372 virgine
1519 4308 1779 4369 sanctus,
1803 4320 1979 4375 quem
2090 4302 2360 4374 precibus
2389 4307 2447 4357 et
2477 4302 2704 4358 meritis
2734 4302 3100 4374 adjuvemur.

334 4386 617 4458 propheta
646 4386 847 4442 Daniel
881 4387 1243 4458 prazdixerat.
1280 4390 1473 4445 Lectio.
1510 4391 1577 4444 Et
1606 4391 1689 4446 sic
1715 4391 1773 4446 in
1817 4393 1976 4461 Sion,
2162 4391 2440 4463 Suﬂ'ragia
2471 4391 2541 4445 ad
2563 4406 2835 4462 vesperas.
2865 4394 3021 4445 Inter
3037 4394 3227 4458 natos,
3251 4394 3359 4446 etc.
3389 4390 3619 4458 Justus,
3662 4391 3747 4447 si-

339 4480 450 4531 etc.
472 4473 857 4567 ii.Benedicta
888 4474 1027 4567 tu‘in
1051 4475 1416 4567 mulieribus,
1442 4481 1751 4547 etc.i'.Ave
1774 4480 1979 4550 Maria,
2008 4501 2058 4567 Ι)
2088 4483 2188 4535 cut
2215 4478 2445 4534 cedrus.
2475 4478 3069 4567 Oratio.0mnipotens
3087 4477 3439 4550 sempiterno
3466 4482 3637 4546 Deus,
3662 4479 3745 4535 da

338 4563 526 4636 gratia
558 4562 748 4634 plena,
781 4569 888 4618 etc.
925 4564 1128 4619 Oratio.
1164 4564 1347 4620 Beatze
1380 4571 1437 4621 et
1475 4566 1758 4639 gloriosae,
1794 4574 1903 4626 etc.
2008 4562 2048 4567 ⁷
2088 4568 2360 4622 cordibus
2392 4567 2608 4622 nostris
2638 4565 2801 4622 illam
2835 4571 3072 4623 tuarum
3099 4567 3511 4624 rectitudinem
3560 4568 3744 4623 semi-

407 4653 533 4707 Alia
549 4652 743 4707 oratio.
768 4651 1001 4717 Tribue,
1026 4669 1386 4724 quaesumus,
1411 4654 1779 4728 omnipotens
1801 4657 1974 4726 Deus,
2088 4661 2303 4723 tarum,
2337 4672 2484 4726 quas
2515 4656 2720 4710 beatus
2739 4654 2998 4711 Joannes
3021 4653 3283 4727 Baptista
3304 4655 3361 4710 in
3383 4656 3614 4711 deserto
3633 4673 3747 4712 vox

336 4745 572 4799 sanctos
601 4743 659 4795 et
688 4744 920 4795 sanctas
945 4744 1077 4796 tuas
1096 4741 1318 4813 iugiter
1345 4760 1510 4798 orare
1536 4761 1639 4816 pro
1681 4746 1872 4811 nobis,
1922 4752 1980 4802 et
2088 4742 2398 4800 clamantis
2438 4742 2688 4800 edocuit.
2740 4742 3071 4815 Antiphona.
3123 4742 3371 4801 Gloriosi
3422 4743 3742 4816 principes.

334 4848 433 4888 eos
460 4828 776 4887 clementer
803 4829 1015 4885 audiri.
1049 4830 1154 4885 Per
1182 4830 1518 4898 Dominum,
1548 4837 1658 4887 etc.
2090 4834 2294 4888 Oratio.
2326 4831 2673 4904 Apostolicis
2704 4847 2834 4898 nos,
2863 4848 3225 4904 quaesumus,
3259 4831 3499 4887 Domine
3541 4832 3746 4888 beato-

403 4920 485 4976 Ad
514 4920 730 4976 tertiam
758 4918 1013 4991 hymnus.
1048 4919 1247 4983 Maria,
1299 4919 1476 4976 decus
1529 4923 1815 4988 omnium,
1868 4928 1976 4978 etc.
2088 4939 2219 4976 rum
2248 4921 2397 4975 Petri
2431 4926 2487 4976 et
2517 4919 2677 4975 Pauli
2709 4920 2907 4976 attolle
2936 4919 3244 4992 praesidiis,
3280 4923 3346 4974 ut
3374 4923 3596 4991 quanto
3630 4919 3747 4976 fra-

333 5009 661 5081 Antiphona.
694 5008 802 5064 Per
833 5011 908 5074 te,
944 5007 1125 5063 Maria
1158 5009 1337 5081 virgo.
1371 5010 1590 5066 Psatmi
1610 5020 1669 5066 ut
1690 5011 1835 5084 apud
1854 5028 1975 5068 nos.
2086 5007 2320 5081 giliores
2337 5024 2565 5075 sumus,
2586 5011 2747 5062 tanto
2768 5006 3149 5064 validioribus
3167 5005 3403 5063 auxiliis
3417 5006 3741 5064 foveamur.

333 5100 661 5169 Antiphona.
699 5097 805 5153 Per
834 5101 909 5163 te,
944 5097 1125 5152 Maria
1155 5097 1337 5170 virgo,
1371 5096 1613 5170 impleta
1661 5104 1801 5154 sunt
1845 5117 1975 5172 pro-
2086 5096 2413 5169 Antiphona.
2446 5101 2524 5152 De
2555 5111 2717 5169 pace,
2749 5103 2808 5151 ut
2832 5112 3019 5168 supra.

335 5186 639 5257 phetarum
676 5186 937 5241 omnium
971 5185 1277 5256 praeconia,
1307 5202 1432 5257 quae
1460 5186 1617 5242 dicta
1637 5192 1795 5254 sunt,
1818 5189 1977 5261 virgo
2155 5185 2235 5240 Ad
2254 5185 2688 5256 completorium.
2726 5186 2877 5240 Deus
2903 5184 2963 5239 in
2995 5183 3375 5255 adiutorium.
3427 5183 3576 5239 Psal.
3628 5180 3740 5239 Us-

335 5272 667 5344 concepisti,
701 5275 860 5346 virgo
891 5273 1165 5345 genuisti.
1199 5275 1397 5329 Lectio.
1433 5273 1769 5330 Hmreditavi
1795 5275 1853 5330 in
1874 5293 1974 5348 po-
2086 5290 2337 5345 quequo,
2370 5274 2630 5329 Domine.
2663 5274 2811 5328 Psal.
2842 5272 3002 5344 Saepe
3032 5275 3531 5345 expugnaverunt.
3582 5271 3740 5328 Psat.

333 5360 492 5433 pulo,
524 5366 632 5416 etc.
652 5363 919 5433 Ii.8pecie
950 5368 1069 5418 tua.
1092 5363 1471 5432 ?.Benedicta
1499 5367 1582 5418 tu.
2085 5362 2328 5419 Domine
2359 5380 2474 5419 non
2503 5367 2593 5419 est
2622 5361 2959 5417 exaltatum.

406 5448 484 5503 Ad
506 5454 718 5504 sextam
748 5450 1003 5522 hymnus.
1038 5451 1237 5519 Maria,
1269 5450 1553 5522 templum
1586 5452 1838 5522 Domini,
1860 5459 1971 5510 etc.
2785 5452 3030 5523 Hymnus

332 5534 644 5612 Antiphone
672 5542 723 5595 et
748 5540 953 5614 psalmi
976 5544 1037 5597 ut
1064 5539 1210 5615 apud
1240 5555 1357 5601 nos.
1407 5540 1606 5607 Lectio.
1655 5540 1833 5609 Quasi
1882 5558 1974 5613 ce-
2258 5539 2441 5600 Enixa
2470 5544 2561 5601 est
2590 5554 2897 5617 puerpera.
