3968 6126
355 303 479 375 νη

741 435 870 499 CAP.
897 439 939 500 Ῑ.
961 474 1030 482 -
1050 441 1122 497 De
1150 442 1380 498 introitu
1408 442 1612 499 missae.

419 530 746 604 Presbyter,
778 547 911 588 cum
942 548 1005 587 se
1047 536 1215 604 parat
1253 531 1323 586 ad
1376 531 1638 593 missam,
1676 530 1847 601 juxta
1885 531 2001 586 Ro-

347 636 586 681 manam
604 620 1089 677 consuetudinem
1107 620 1378 675 decantat
1394 620 1501 676 hos
1520 619 1805 692 psalmos:
1833 622 2007 689 Quam

343 710 562 778 dilecta,
594 709 952 777 Benedixisti,
993 709 1229 773 Inclina,
1274 710 1519 778 Domine,
1569 708 1786 764 Credidi
1832 709 2001 780 (Psal.

347 815 576 866 LXXXIII,
632 814 854 865 LXXXIV,
916 814 1118 867 Lxxxv,
1167 800 1294 869 cxv)
1321 816 1334 865 ;
1364 797 1572 853 deinde
1604 807 1746 872 Κύριε
1779 807 2003 867 ἐλέησον,

347 888 514 944 Pater
538 892 737 955 noster,
770 901 905 941 cum
935 886 1207 958 precibus
1233 892 1291 943 et
1320 888 1579 943 oratione
1604 905 1708 960 pro
1733 889 2005 960 peccatis,

348 974 619 1032 videlicet
647 978 713 1030 ut
739 973 899 1030 intus
930 979 987 1030 et
1015 976 1269 1031 exterius
1301 993 1534 1032 summo
1566 977 1850 1033 sacerdoti
1883 978 2007 1050 pla-

351 1080 483 1121 cere
532 1062 743 1131 valeat,
773 1080 948 1136 quem
979 1081 1114 1120 cum
1144 1064 1544 1121 sacratissima
1572 1065 1866 1122 oblatione
1897 1056 2022 1122 sibi

352 1151 750 1224 omnibusque
778 1151 1125 1208 Christianis
1156 1152 1386 1226 placare
1415 1154 1727 1211 desiderat.
1764 1156 2009 1211 Paratus

353 1245 551 1298 autem
582 1241 761 1297 intrat
790 1241 862 1297 ad
894 1240 1095 1309 altare,
1126 1245 1184 1298 et
1226 1242 1363 1298 facit
1390 1244 1838 1311 confessionem,
1873 1245 2013 1316 quia

352 1330 642 1402 scriptum
689 1333 808 1386 est:
842 1330 1069 1402 Sapiens
1097 1335 1380 1387 accusator
1427 1337 1504 1387 est
1533 1337 1623 1388 sui
1653 1336 1707 1389 in
1737 1335 2011 1406 principio

352 1419 535 1491 (Prov.
566 1419 668 1491 xu)
692 1420 797 1489 ;_et
825 1419 1075 1491 antiquae
1104 1419 1249 1492 legis
1279 1422 1607 1503 sacerdotes
1632 1422 1883 1494 primum
1908 1441 2011 1496 pro

352 1524 437 1575 se,
471 1506 681 1564 deinde
710 1523 814 1580 pro
845 1506 1059 1579 populo
1090 1509 1297 1565 otl'erre
1326 1510 1477 1566 soliti
1512 1516 1678 1566 erant
1709 1512 1888 1581 (Hebr.
1909 1530 2009 1580 vn,

352 1598 476 1653 Leu.
508 1596 645 1667 xw).
676 1595 916 1652 Interim
943 1601 1214 1652 cantatur
1238 1599 1557 1671 antiphona
1581 1601 1651 1655 a‘d
1682 1601 2010 1668 Introitum,

353 1701 482 1757 qua:
511 1685 585 1741 ab
616 1684 857 1741 introitu
880 1686 1199 1746 sacerdotis
1221 1688 1293 1743 ad
1315 1687 1495 1744 altare
1526 1689 1633 1743 hoc
1658 1706 1868 1745 nomen
1893 1708 2014 1746 me-

355 1771 474 1829 ruit
501 1771 716 1872 habere
877 1773 1137 1875 Hanc‘ad
1188 1775 1494 1875 Introitum
1528 1778 1637 1833 dici
1669 1778 2014 1838 leestinus
2045 1810 2093 1875 Β

356 1877 531 1935 papa,
566 1860 626 1916 in
657 1859 861 1917 ordine
904 1863 1392 1936 quadragesimus
1440 1866 1704 1937 quintus,
1739 1867 2013 1937 instituit,

355 1965 495 2007 cum
517 1965 706 2022 usque
717 1950 789 2005 ad
806 1950 935 2022 ejus
952 1954 1218 2024 tempora
1233 1957 1367 2008 ante
1385 1954 1736 2029 sacriﬁcium
1759 1956 2017 2029 Epistola

357 2041 592 2095 tantum
614 2021 787 2095 Pauli
818 2021 876 2096 et
905 2021 1268 2113 evangelium
1290 2021 1598 2115 legeretur.
1629 2021 1866 2100 Litaniae
1889 2062 2016 2117 qua:

356 2132 687 2200 sequuntur
713 2133 950 2201 propter
981 2127 1109 2201 ipsa
1162 2129 1358 2187 Graeca
1405 2132 1581 2188 verba
1610 2150 1644 2189 a
1676 2134 1890 2190 Graecis
1923 2120 2014 2191 as-

355 2219 607 2290 sumpta
635 2217 974 2274 creduntur.

354 2323 491 2382 CAP.
525 2323 594 2380 II.
617 2355 686 2367 —
708 2326 781 2381 De
809 2324 1009 2382 Gloria
1036 2325 1097 2382 in
1129 2326 1395 2397 excelsis,
1427 2335 1479 2384 et
1507 2328 1793 2387 Dom'inus
1822 2332 2017 2389 vobis-

1110 2413 1267 2454 cum.

425 2487 492 2541 In
514 2485 672 2541 omni
694 2484 840 2541 festo
858 2486 1011 2558 quod
1028 2485 1269 2558 plenum
1290 2487 1466 2544 habet
1480 2489 1760 2556 ofﬁcium,
1781 2496 2017 2565 excepto

354 2573 514 2630 intra
540 2574 866 2630 Adventum
898 2574 1151 2643 Domini,
1185 2578 1243 2631 et
1273 2576 1797 2649 Septuagesimam,
1831 2584 1887 2636 et
1919 2599 2017 2637 na-

356 2661 461 2719 tali
498 2662 926 2734 Innocentium,
964 2667 1084 2718 tam
1131 2665 1433 2737 presbyter
1485 2684 1662 2738 quam
1707 2669 2018 2741 episcopus

361 2750 549 2807 Gloria
577 2752 639 2805 in
664 2751 887 2807 excelsis
909 2751 1131 2807 dicunt.
1154 2754 1316 2819 Quod
1338 2754 1517 2810 etiam
1541 2773 1844 2830 nunquam
1887 2766 2020 2833 post

358 2837 667 2895 meridiem
721 2838 937 2912 legitur
991 2839 1327 2912 dicendum,
1381 2843 1496 2899 nisi
1558 2845 1615 2899 in
1675 2846 1847 2902 Coena
1906 2849 2017 2905 Do-

362 2926 508 2984 mini
559 2927 659 3002 (2),
710 2928 813 2984 ubi
858 2927 1115 2985 chrisma
1161 2931 1488 3002 conﬁcitur,
1543 2939 1601 2989 et
1652 2934 1711 2991 in
1750 2937 2019 2995 Sabbatis

356 3015 594 3096 Pascha
624 3020 682 3074 et
709 3017 1097 3075 Pentecostes.
1131 3018 1349 3077 Deinde
1380 3038 1584 3080 versus
1605 3026 1677 3079 ad
1709 3025 2015 3098 populum,

358 3104 543 3162 dicit:
600 3106 863 3164 Dominus
917 3109 1210 3165 vobiscum.
1272 3110 1714 3184 Respondetur:
1774 3116 1841 3170 Et
1892 3132 2018 3171 cum

1733 304 2048 371 MONUM.
2092 303 2408 373 LITURG.
2470 294 2483 304 ’

2036 439 2092 508 Α
2117 455 2326 504 sumus,
2361 438 2517 511 apud
2549 438 2822 495 Sanctam
2849 432 3223 493 Anastasiam
3265 450 3446 507 supra
3472 432 3792 492 collectam

3662 297 3800 369 ξω

2112 528 2310 602 populi
2335 527 2565 596 dicitur,
2587 528 2686 600 qui
2704 526 3015 583 stationem
3034 525 3188 598 apud
3205 524 3479 581 Sanctam
3496 524 3790 581 Sabinam

2113 618 2518 675 celebratnrus
2551 622 2661 673 est.

2255 709 2388 764 CAP.
2426 707 2516 763 IV.
2552 738 2619 748 —
2642 709 2717 762 De
2750 723 2974 763 numero
3004 707 3321 763 orationum
3357 706 3418 759 in
3448 707 3639 760 missa.

2185 797 2361 852 Juxta
2382 797 2715 853 Romanum
2760 796 3036 852 Ordinem
3070 794 3307 850 nonnisi
3339 811 3520 851 unam
3565 792 3793 849 oratio-

2117 902 2251 943 nem
2274 890 2406 941 ante
2428 884 2732 941 lectionem
2753 885 2944 940 dicere
2962 884 3263 949 debemus,
3290 885 3353 937 ut
3368 881 3704 938 Amalarius
3726 881 3786 936 in

2118 974 2356 1048 prologo
2388 974 2522 1030 libri
2551 975 2644 1030 sui
2691 975 2772 1029 De
2820 973 3049 1042 ofﬁciis,
3105 989 3168 1029 se
3216 972 3286 1027 ab
3330 971 3476 1045 ipsis
3502 970 3790 1027 Romanis

2118 1064 2395 1120 didicisse
2424 1064 2657 1119 fatetur.
2694 1064 2807 1118 [loc
2829 1062 3031 1134 utique
3052 1066 3111 1118 et
3133 1061 3425 1116 institutio
3450 1059 3785 1116 ofﬁciorum

2118 1153 2345 1225 exigere
2374 1138 2605 1207 videtur
2634 1155 2699 1207 ut
2743 1152 2899 1207 sicut
2942 1151 3016 1206 ad
3070 1167 3250 1206 unam
3301 1149 3570 1213 missam,
3604 1164 3784 1204 unam

2120 1247 2351 1298 tantum
2370 1242 2677 1297 lectionem
2694 1245 2752 1298 et
2769 1240 3132 1314 evangelium
3151 1239 3425 1313 legimus,
3441 1239 3583 1294 item
3599 1254 3783 1293 unum

2120 1331 2570 1399 introitum,imo
2589 1347 2773 1387 unum
2787 1330 3045 1386 ofﬁcium
3062 1326 3785 1399 cantamus,nibilominus

2121 1425 2178 1476 et
2206 1437 2384 1476 unam
2439 1421 2764 1477 orationem
2818 1419 3103 1476 dicamus.
3158 1419 3269 1475 Sed
3324 1417 3432 1474 hoc
3455 1418 3583 1489 jam
3618 1425 3788 1489 pauci

2121 1512 2469 1578 observant;
2494 1511 2611 1565 imo
2634 1510 2831 1582 plures
2853 1509 2911 1566 in
2936 1513 3169 1564 tantum
3193 1508 3483 1563 orationes
3501 1504 3786 1578 multipli-

2123 1602 2277 1664 cant,
2310 1603 2375 1653 ut
2419 1596 2716 1653 auditores
2761 1614 2900 1652 suos
2952 1595 3061 1651 sibi
3116 1597 3376 1669 ingratos
3422 1593 3701 1660 efﬁciant,
3735 1598 3789 1648 et

2122 1686 2406 1759 populum
2425 1687 2524 1742 Dei
2548 1685 2742 1758 potius
2759 1690 3027 1741 avertant
3043 1702 3222 1758 quam
3238 1685 3311 1740 ad
3335 1683 3785 1740 sacriﬁcandum

2122 1776 2515 1833 illiciant.Hoc
2534 1780 2729 1831 autem
2754 1772 3210 1846 sapientioribus
3224 1772 3475 1828 multum
3494 1771 3787 1845 displicet,

2127 1868 2227 1940 qui
2271 1866 2378 1921 etsi
2402 1864 2717 1937 aliquando
2748 1862 3057 1936 antiquam
3089 1862 3485 1930 traditionem,
3518 1860 3650 1916 aliis
3674 1877 3791 1917 mo-

2126 1956 2456 2030 rigerando,
2489 1953 2800 2021 excedunt,
2832 1952 2892 2007 in
2924 1952 3054 2025 ipsa
3081 1955 3277 2007 tamen
3319 1968 3430 2007 sua
3455 1950 3792 2007 excessione

2127 2045 2368 2102 modum
2387 2048 2586 2100 tenere
2607 2048 2663 2099 et
2678 2042 2936 2114 aliquam
2959 2041 3245 2097 rationem
3264 2039 3560 2096 attendere
3577 2038 3788 2095 solent.

2126 2134 2291 2190 Unde
2321 2137 2379 2189 et
2405 2133 2463 2187 in
2494 2132 2698 2199 missa,
2730 2130 2838 2186 etsi
2873 2146 2987 2185 non
3018 2146 3249 2201 semper
3271 2145 3389 2183 una
3415 2130 3645 2183 tantum
3666 2143 3793 2184 ora.

2124 2222 2282 2279 tione
2305 2222 2424 2278 sint
2447 2221 2725 2286 contenti,
2750 2219 3150 2292 septenarium
3173 2222 3368 2273 tamen
3392 2231 3707 2273 numerum
3732 2215 3792 2271 in

2127 2311 2489 2368 orationibus
2520 2325 2649 2364 raro
2680 2308 2999 2364 excedunt:
3035 2322 3212 2379 quem
3245 2305 3447 2378 utique
3478 2321 3794 2361 numerum

2127 2417 2231 2457 nec
2262 2397 2567 2456 Dominica
2597 2397 2782 2453 oratio
2812 2395 3056 2464 excedit,
3083 2412 3208 2469 quae
3233 2411 3367 2451 cum
3392 2393 3534 2450 solis
3566 2398 3793 2466 septem

2126 2487 2506 2561 petitionibus
2527 2485 2725 2541 omnia
2741 2484 2967 2556 corpori
2984 2487 3042 2539 et
3064 2483 3271 2539 animas
3290 2480 3621 2538 necessaria
3640 2496 3801 2535 com-

2128 2575 2456 2650 prehendit.
2482 2576 2598 2631 Hoc
2619 2577 2814 2630 autem
2846 2588 3217 2644 summopere
3241 2569 3433 2628 solent
3458 2570 3794 2634 observare,

2128 2671 2194 2722 ut
2225 2667 2282 2721 in
2317 2664 2498 2721 missa
2529 2667 2625 2719 aut
2657 2679 2858 2729 unam,
2908 2665 3010 2718 aut
3057 2665 3196 2731 tres,
3242 2664 3344 2716 aut
3373 2657 3656 2732 quinque,
3688 2661 3796 2713 aut

2128 2762 2349 2827 septem
2382 2754 2673 2810 orationes
2703 2751 2920 2807 dicant.
2976 2750 3164 2806 Unam
3196 2753 3431 2823 propter
3459 2747 3791 2803 Romanam

2127 2843 2540 2911 traditionem;
2571 2846 2710 2909 tres,
2755 2841 2895 2913 quia
2947 2838 3231 2896 Dominus
3273 2841 3406 2894 ante
3450 2835 3793 2909 passionem

2128 2950 2297 2989 suam
2328 2936 2414 2987 ter
2443 2948 2640 2988 orasse
2665 2930 2913 3003 legitur;
2937 2929 3217 3001 quinque,
3245 2930 3481 2999 propter
3505 2924 3795 2998 quinque-

2128 3022 2402 3095 partitam
2425 3023 2555 3094 ejus
2576 3018 2931 3093 passionem,
2958 3018 3015 3072 in
3040 3018 3213 3089 cujus
3236 3013 3795 3072 commemoratione

2127 3111 2250 3166 haec
2298 3111 2501 3167 eadem
2561 3108 2923 3165 celebramus
2983 3105 3213 3173 ofﬁcia;
3274 3107 3519 3176 septem,
3564 3102 3706 3174 quia
3736 3106 3797 3157 et

353 3195 556 3268 spiritu
612 3199 725 3253 tuo.
771 3196 1105 3253 Notandum
1156 3215 1226 3254 ex
1281 3176 1407 3256 his-
1431 3202 1620 3258 verbis
1659 3202 1856 3274 plures
1889 3221 2016 3263 esse
2047 3176 2090 3244 Ε
2128 3189 3553 3273 apostoliseptempetitionesDominicaeorationis
3570 3191 3641 3246 ad
3658 3206 3800 3246 con-

354 3282 566 3341 debere
583 3286 1003 3358 respondentes
1021 3289 1077 3342 et
1092 3304 1278 3343 unum
1292 3288 1670 3347 salutantem.
1690 3293 2019 3350 Sicutenim

351 3371 548 3445 inepte
594 3374 1064 3447 responderetur,
1114 3377 1183 3432 Et
1218 3394 1345 3434 cum
1392 3381 1595 3451 spiritu
1643 3386 1841 3450 vestro,
1886 3400 2019 3439 cum

352 3476 511 3552 unus
538 3465 696 3518 esset
717 3461 1029 3552 salutator,
1084 3465 1169 3521 sic
1218 3466 1538 3540 incongrue
1572 3469 1864 3526 salutatur
1895 3489 2018 3552 per,

350 3551 615 3606 Dominus
642 3551 934 3623 vobiscum,
967 3569 1104 3608 cum
1135 3570 1290 3611 unus
1322 3560 1554 3612 tantum
1585 3559 1741 3615 adsit
1771 3560 1857 3615 vel
1891 3551 2019 3617 nul;

353 3636 471 3695 lus.
500 3637 621 3694 Hoc
651 3637 854 3711 utique
902 3640 1228 3698 beatissimi
1278 3644 1477 3702 Patres
1507 3647 1833 3718 apostolici,
1864 3653 2015 3707 Ana-

356 3724 562 3795 cletus,
595 3727 696 3799 qui
727 3745 762 3782 a
787 3728 956 3785 beato
986 3729 1153 3786 Petro
1207 3732 1474 3804 quintus,
1528 3741 1584 3791 et
1613 3737 1801 3806 Soter,
1836 3739 1893 3793 in
1922 3758 2015 3795 or-

355 3814 492 3872 dine
520 3815 784 3873 decimus
805 3817 1036 3886 tertius,
1065 3820 1313 3877 decretis
1336 3821 1458 3879 suis
1481 3823 1801 3896 ﬁrmavere,
1830 3833 1893 3883 ut
1922 3847 2012 3884 sa-

355 3904 560 3962 cerdos
591 3920 822 3978 semper
850 3906 937 3963 vel
980 3908 1190 3966 tertius
1236 3916 1410 3983 esset,
1443 3912 1584 3968 dum
1618 3915 1831 3973 missas
1862 3918 2011 3973 cele-

353 3992 571 4050 braret.
603 3994 913 4053 Zacharias
942 4002 1158 4067 autem,
1190 3999 1279 4055 vir
1308 4000 1683 4072 apostolicus,
1717 4004 1777 4060 in
1810 4007 2014 4063 ordine

352 4083 774 4157 nonagesimus
804 4086 1037 4155 tertius,
1092 4089 1396 4145 constituit
1451 4107 1522 4147 ne
1574 4094 1907 4150 sacerdotes
1936 4096 2007 4151 ad

352 4170 702 4229 celebranda
738 4173 1056 4231 missarum
1102 4176 1388 4234 solemnia
1418 4195 1554 4235 cum
1584 4180 1791 4237 baculo
1823 4182 2008 4238 intra-

352 4264 501 4327 rent,
535 4276 643 4315 nec
669 4259 856 4318 velato
887 4264 1074 4335 capite
1105 4264 1272 4321 altari
1321 4271 1598 4323 astarent.
1633 4269 1826 4324 Sancti
1861 4288 2004 4341 quo-

350 4363 466 4419 que
495 4347 693 4404 Patres
718 4348 777 4404 in
806 4350 1210 4409 Aurelianensi
1240 4354 1505 4421 concilio,
1539 4356 1791 4427 capitulo
1814 4359 2000 4427 tertio,

349 4434 783 4492 constituerunt
807 4441 873 4492 ut
900 4439 972 4494 ad
1000 4439 1383 4497 salutationes
1413 4445 1731 4502 sacerdotis
1761 4465 1876 4503 non
1909 4466 2003 4505 so-

2131 3289 2512 3345 secrationem
2568 3285 2907 3343 eorumdem
2939 3282 3351 3356 mysteriorum
3386 3281 3798 3353 frequentasse

2130 3378 2424 3450 leguntur.
2457 3377 2521 3432 In
2541 3374 2849 3432 Nativitate
2874 3377 3070 3429 tamen
3111 3370 3341 3428 Domini
3366 3371 3439 3425 ad
3461 3369 3710 3424 missam
3732 3367 3795 3423 in

2129 3482 2321 3532 mane,
2358 3466 2604 3521 Romani
2634 3463 2956 3522 orationem
2978 3463 3049 3518 de
3067 3466 3272 3517 sancta
3301 3457 3612 3515 Anastasis
3633 3457 3795 3528 adjis

2127 3554 2310 3621 ciunt,
2345 3553 2484 3626 quia
2509 3552 2819 3609 stationem
2850 3551 2911 3606 in
2941 3548 3187 3607 ecclesia
3216 3548 3478 3619 ejusdem
3513 3544 3793 3618 martyris

2126 3644 2197 3699 ad
2231 3643 2495 3699 eamdem
2529 3641 2771 3697 missam
2805 3644 3007 3713 agunt.
3041 3640 3111 3694 Et
3159 3655 3264 3693 nos
3294 3653 3525 3709 quoque
3564 3634 3700 3691 illos
3730 3633 3792 3689 in

2124 3732 2223 3788 illa
2253 3732 2575 3803 adiectione
2612 3730 2933 3797 imitamur,
2985 3726 3119 3784 licet
3161 3744 3277 3785 non
3328 3726 3594 3782 eamdem
3626 3725 3793 3796 adje-

2123 3821 2335 3876 ctionis
2386 3819 2750 3876 occasionem
2803 3818 3019 3874 habere
3076 3816 3400 3871 videamur.
3466 3813 3792 3875 Rarissime

2121 3909 2361 3981 quidem
2393 3906 2790 3980 diligentiores
2822 3906 3150 3961 ofﬁciorum
3183 3903 3605 3972 observatores,
3639 3900 3788 3957 alios

2119 3999 2179 4054 in
2211 3996 2572 4054 orationibus
2603 4011 2879 4051 numeros
2910 3994 3251 4055 admittunt.
3274 3991 3385 4046 nisi
3417 3994 3473 4046 et
3495 4006 3645 4062 quos
3678 4007 3789 4046 nos

2118 4104 2298 4158 supra
2327 4084 2675 4157 competenti
2708 4083 2983 4164 mysterio
3012 4081 3326 4155 insignitos
3358 4078 3710 4135 notavimus.

2347 4174 2482 4230 CAP.
2514 4173 2581 4228 V.
2614 4204 2683 4213 —
2712 4174 2789 4229 De
2817 4172 3152 4229 authenticis
3181 4169 3542 4226 orationibus.

2187 4263 2348 4319 Alias
2378 4278 2611 4334 quoque
2642 4262 2957 4328 orationes,
3001 4260 3115 4316 nisi
3172 4257 3447 4330 antiquas
3477 4260 3535 4311 et
3562 4256 3787 4327 Grego-

2115 4353 2333 4418 rianas,
2366 4350 2710 4406 difﬁcillime
2744 4349 3083 4416 admittunt,
3118 4352 3317 4419 utpote
3362 4362 3509 4418 quas
3540 4344 3600 4399 in
3628 4345 3786 4400 anti-

2112 4441 2420 4514 quioribus
2439 4445 2495 4495 et
2510 4438 3009 4496 emendatioribus
3022 4434 3507 4493 Sacramentariis
3527 4432 3787 4490 maxime

347 4521 473 4578 lum
494 4521 689 4579 clerici
708 4527 766 4580 et
786 4528 899 4581 Deo
922 4525 1122 4594 dicati,
1141 4530 1240 4585 sed
1263 4533 1321 4587 et
1339 4532 1533 4589 omnis
1562 4532 1730 4606 plebs
1753 4552 2005 4595 consona

2163 4531 2439 4587 iveniunt.
2472 4529 2621 4585 Nam
2651 4532 2921 4584 octavum
2951 4526 3232 4582 Africana:
3255 4522 3560 4597 provinciae
3583 4522 3783 4578 conci-

345 4625 485 4667 voce
513 4612 882 4684 respondeat.

544 4700 680 4758 CAP.
715 4701 810 4759 lII.
843 4735 912 4744 -—
939 4705 1015 4761 De
1038 4708 1225 4778 prima
1256 4709 1313 4764 in
1344 4712 1509 4767 missa
1536 4715 1798 4770 oratione.

414 4790 694 4862 Sequitur
720 4792 905 4851 oratio
935 4811 1112 4867 quam
1143 4795 1459 4855 Collectam
1490 4800 1713 4870 dicunt,
1746 4820 1812 4860 eo
1844 4807 1998 4876 quod

344 4880 640 4949 sacerdos,
671 4881 772 4954 qui
803 4881 1091 4956 legatione
1121 4885 1386 4960 fungitur
1413 4906 1515 4961 pro
1541 4891 1756 4963 populo
1786 4893 1858 4948 ad
1895 4895 1999 4950 Do-

345 4966 574 5024 minum
606 4968 677 5039 (Il
706 4969 830 5025 Cor.
864 4971 941 5043 v),
983 4973 1251 5030 omnium
1301 4975 1608 5047 petitiones
1639 4995 1707 5035 ea
1736 4981 1998 5038 oratione

343 5051 583 5141 colligat
612 5059 785 5129 atque
816 5057 1141 5117 concludat.
1178 5061 1289 5117 Illas
1321 5066 1514 5120 tamen
1546 5066 1835 5124 orationes
1867 5086 1995 5141 spe-

343 5140 550 5199 cialius
569 5142 829 5202 Collectae
847 5148 1038 5203 vocari
1062 5149 1351 5219 videntur,
1376 5170 1503 5225 qua:
1525 5156 1675 5225 apud
1703 5140 1996 5215 Romanos

341 5244 521 5317 super
547 5231 844 5290 collectam
878 5236 1074 5310 populi
1107 5238 1272 5306 ﬁunt,
1298 5241 1441 5295 dum
1465 5241 1849 5315 colligitur,ut
1870 5263 1996 5317 pro-

339 5316 507 5374 cedat
535 5319 606 5374 de
635 5337 755 5378 una
781 5324 1026 5382 ecclesia
1048 5327 1105 5382 in
1128 5327 1325 5395 aliam,
1349 5328 1421 5384 ad
1445 5324 1757 5386 stationem
1781 5316 1992 5388 facien-

337 5402 509 5471 dam;
543 5410 610 5461 ut
635 5406 694 5465 in
726 5409 923 5485 Capite
950 5415 1169 5487 Jejunii
1201 5416 1301 5473 illa
1328 5416 1547 5474 oratio:
1583 5417 1817 5477 Concede
1844 5437 1992 5493 qum-

436 5506 490 5581 l)
522 5511 619 5568 Sic
647 5515 823 5573 etiam
854 5521 1187 5580 Amalarius
1212 5541 1262 5580 c.
1294 5526 1331 5580 5
1358 5523 1461 5580 lib.
1493 5542 1575 5581 IlI.

2114 4619 2282 4688 lium,
2318 4617 2410 4674 cui
2438 4622 2678 4674 sanctus
2708 4615 3094 4690 Augustinus,
3125 4614 3243 4671 imo
3276 4611 3511 4669 ducenti
3543 4615 3600 4666 et
3630 4627 3782 4682 qua-

2112 4707 2435 4765 tuordecim
2468 4704 2653 4762 sancti
2682 4705 2878 4761 Patres
2910 4705 3321 4771 interfuerunt,
3353 4698 3605 4774 capitulo
3627 4700 3779 4757 duo-

2111 4797 2338 4852 decimo
2366 4796 2447 4850 ita
2476 4794 2780 4850 constituit
2810 4796 3043 4866 (Concil.
3074 4793 3605 4858 Milevitanum,can.
3643 4790 3736 4861 12)
3760 4808 3779 4845 :

2109 4886 2293 4941 Nullae
2315 4900 2517 4955 preces,
2551 4884 2635 4938 vel
2664 4884 2959 4951 orationes,
3002 4883 3083 4939 vel
3136 4883 3343 4946 missae,
3373 4879 3459 4934 vel
3484 4879 3777 4950 praefatio-

2105 4990 2223 5037 nes,
2246 4974 2329 5028 vel
2341 4971 2851 5037 commendationes,
2870 4973 2955 5027 vel
2973 4987 3171 5027 manus
3192 4969 3569 5041 impositiones
3586 4965 3781 5038 dican_

2104 5068 2216 5129 tur,
2239 5063 2355 5118 nisi
2376 5062 2435 5117 in
2454 5062 2685 5117 concilio
2704 5063 2916 5133 fuerint
2928 5061 3193 5133 probata}.
3217 5059 3362 5114 Item
3380 5055 3618 5113 tertium
3642 5056 3775 5114 Car.

2105 5151 2453 5223 thaginense
2484 5149 2819 5219 concilium,
2853 5149 2943 5205 cui
2980 5150 3117 5205 item
3140 5150 3381 5205 sanctus
3404 5142 3774 5218 Augustinus

2104 5239 2386 5297 interfuit.
2421 5237 2674 5310 capitulo
2705 5239 2978 5295 vicesimo
3009 5238 3216 5296 tertio:
3249 5237 3444 5293 Nullus
3487 5233 3558 5290 ad
3587 5233 3778 5290 altare

2104 5335 2325 5385 Patrem
2350 5343 2453 5399 pro
2482 5328 2641 5396 Filio,
2674 5329 2754 5383 vel
2797 5329 3006 5384 Filium
3042 5343 3144 5400 pro
3186 5328 3353 5383 Patre
3380 5325 3645 5392 nominet,
3675 5321 3776 5378 sed

2099 5433 2312 5484 semper
2329 5417 2633 5473 orationem
2661 5417 2731 5473 ad
2759 5419 2977 5475 Patrem
2996 5416 3226 5489 dirigat,
3259 5431 3358 5472 nec
3378 5412 3623 5486 qualibet
3648 5427 3753 5467 ora

409 5510 490 5655 (lg
522 5511 619 5594 Sic
647 5515 823 5573 etiam
854 5521 1187 5580 Amalarius
1212 5541 1262 5580 c.
1294 5526 1331 5580 5
1358 5523 1461 5580 lib.
1493 5542 1575 5581 III.

430 5585 467 5638 2
520 5581 666 5640 Vide
699 5584 806 5643 hac
834 5589 903 5646 de
936 5610 995 5648 re
1026 5592 1194 5665 plura
1225 5612 1403 5667 supra
1433 5597 1583 5669 apud
1618 5597 1970 5657 Damianum
2001 5601 2062 5656 in
2094 5600 2344 5655 tractatu
2369 5595 2672 5668 inscripto,
2696 5596 2959 5652 Dominus
2992 5596 3281 5652 vobiscum.
