3968 6126
1657 321 2181 391 MICROLOGUS.

3500 315 3631 385 98!

220 446 370 539 tione
390 446 584 539 utatur
605 445 716 539 nisi
725 445 972 539 probata.
988 447 1182 507 Oratio
1197 449 1435 523 quidem
1452 451 1525 509 ad
1544 452 1773 512 Patrem
1785 457 1868 513 di-
1895 459 1950 527 Α
1975 459 2305 519 seculorum
2326 459 2506 520 altius
2534 460 2768 534 dicit,ut
2795 459 3097 539 praemissa
3118 458 3303 520 oratio
3325 474 3429 536 per
3448 460 3620 518 Amen

216 531 580 605 rigendaest,
604 536 1014 607 juxtaDomini
1034 543 1860 619 pras‘ceptum,quidiscipulos

214 638 356 679 suos
372 623 452 679 ita
483 624 782 695 instruxit,
813 643 947 683 cum
968 645 1104 685 eum
1134 630 1577 702 interrogarent,
1612 634 1863 705 qualiter

211 727 378 768 orare
406 712 722 771 deberent:
778 716 913 771 Cum
940 718 1174 785 stabitis,
1226 720 1440 791 inquit,
1494 722 1563 777 ad
1592 724 1863 779 orandum

208 799 415 857 dicite:
447 806 611 858 Pater
635 809 833 872 noster,
865 808 962 878 qui
989 824 1044 863 es
1073 811 1135 863 in
1163 809 1312 865 cwlis
1342 810 1549 881 (Matth.
1591 813 1692 884 χι),
1746 818 1854 869 etc.

460 892 569 948 Cur
591 892 681 949 VI.
705 924 775 936 —-
802 896 872 951 De
898 898 1244 953 conclusione
1271 901 1605 955 orationum.
1644 934 1653 939 -

276 981 699 1041 Concludimus
729 988 921 1042 autem
949 987 1270 1059 orationes,
1301 990 1411 1043 Per
1438 991 1732 1045 Dominum
1756 1007 1856 1047 no-

204 1078 406 1138 strum,
436 1072 707 1130 videlicet
737 1074 963 1132 Patrem
995 1077 1214 1132 orando
1277 1094 1379 1148 per
1409 1077 1642 1145 Filium,
1682 1079 1857 1149 juxta

203 1162 473 1233 ejusdem
506 1160 633 1218 Filii
668 1168 1040 1236 praeceptum,
1065 1165 1165 1237 qui
1197 1166 1257 1220 in
1279 1166 1588 1238 Evangelio
1621 1168 1856 1240 itaprze-

202 1255 392 1327 cepit:
431 1256 605 1326 Usque
633 1252 789 1309 modo
835 1270 945 1309 non
979 1257 1194 1326 petistis
1214 1256 1512 1327 quidquam
1538 1259 1763 1314 Patrem
1793 1260 1853 1313 in

200 1346 426 1400 nomine
458 1359 619 1405 meo;
659 1345 848 1415 petite,
880 1351 931 1399 et
959 1345 1239 1415 accipietis
1262 1348 1447 1415 (Joan.
1484 1346 1623 1417 xw).
1656 1347 1760 1410 Qui
1796 1350 1853 1403 et

199 1435 472 1490 effectum
500 1432 719 1489 nostris
745 1431 1147 1505 petitionibus,
1181 1434 1228 1489 si
1265 1434 1576 1506 peripsum
1614 1452 1848 1506 rogave-

198 1523 412 1588 rimus,
470 1520 778 1596 promittit,
830 1519 1030 1577 dicens
1080 1539 1093 1576 :
1155 1523 1523 1596 Quodcunque
1575 1526 1850 1595 petieritis

195 1615 422 1669 Patrem
451 1614 513 1667 in
535 1613 757 1667 nomine
792 1627 930 1676 meo,
962 1610 1113 1666 dabit
1131 1611 1280 1667 vobis
1303 1614 1485 1681 (Joan.
1511 1612 1649 1684 xvn).
1683 1613 1848 1669 Unde

192 1706 257 1758 et
283 1701 571 1758 orationes
617 1699 921 1771 plurimas,
953 1700 1041 1755 vel
1090 1716 1237 1772 pene
1267 1717 1491 1766 omnes,
1525 1701 1667 1758 satis
1701 1718 1844 1757 con-

192 1807 341 1865 grue
360 1790 440 1846 ita
458 1788 868 1845 concludimus
893 1807 905 1845 :
932 1791 1038 1845 Per
1064 1790 1358 1846 Dominum
1385 1794 1655 1846 nostrum.
1693 1795 1841 1846 Pau-

190 1879 449 1936 cissimze
465 1878 619 1934 enim
646 1879 889 1951 [autem]
920 1878 1303 1935 inveniuntur
1331 1896 1458 1952 quze
1490 1897 1594 1952 pro
1619 1896 1846 1951 compe-

188 1969 379 2026 tentia
416 1985 627 2025 sensus
658 1967 772 2023 alia
822 1967 1192 2024 conclusione
1246 1968 1545 2024 ﬁniantur.
1602 1968 1840 2025 Utilia:

189 2062 429 2127 Przsta,
479 2074 804 2130 quaesumus,
855 2059 1192 2128 omnipotens
1231 2060 1389 2125 Deus,
1422 2066 1483 2114 ut
1524 2062 1686 2113 natus
1713 2058 1839 2113 Sal-

186 2152 367 2215 vator,
398 2152 510 2205 etc.
540 2148 646 2217 Qui
672 2156 849 2203 tecum
896 2149 1028 2203 vivit
1086 2156 1138 2203 et
1167 2152 1380 2217 regnat.
1430 2148 1573 2202 Item
1606 2152 1662 2203 et
1690 2146 1792 2202 illa
1824 2164 1837 2202 :

190 2241 353 2306 Deus,
376 2239 530 2309 cujus
559 2238 740 2294 Filius
795 2239 855 2291 in
884 2237 1001 2292 alta
1053 2237 1332 2302 caelorum,
1384 2240 1491 2290 etc.
1548 2238 1841 2292 Dominum

184 2332 435 2385 nostrum
466 2329 645 2384 Iesum
674 2326 973 2396 Christum,
1027 2328 1124 2397 qui
1180 2334 1357 2382 tecum
1419 2327 1577 2391 vivit,
1629 2328 1736 2381 etc.
1775 2326 1837 2381 In

184 2415 453 2490 qualibet
510 2418 708 2471 autem
763 2414 1137 2471 conclusione
1210 2415 1835 2471 commemorationem

182 2510 403 2562 sanctas
422 2503 726 2561 Trinitatis
749 2504 1057 2560 observare
1079 2502 1362 2569 solemus,
1389 2505 1561 2574 juxta
1584 2505 1739 2575 quod
1772 2503 1832 2559 in

181 2592 684 2652 emendatioribus
713 2593 1195 2649 Sacramentariis
1225 2609 1567 2666 expressum
1612 2593 1834 2648 inveni-

182 2684 527 2755 m‘us.[Adeo
549 2682 707 2739 enim
730 2681 916 2738 sancti
938 2686 1136 2737 Patres
1175 2681 1598 2738 invocationem
1621 2686 1833 2737 sanctae

183 2772 494 2829 Trinitatis
516 2772 574 2827 in
594 2770 957 2828 orationibus
977 2770 1096 2827 sive
1118 2770 1626 2826 benedictionibus
1640 2771 1836 2826 obser-

184 2862 423 2929 vabant,
456 2865 521 2917 ut
549 2877 654 2917 nec
706 2860 761 2916 in
795 2860 940 2933 ipsis
979 2860 1361 2916 sacramentis
1392 2859 1611 2931 aliquid
1644 2864 1831 2914 ratum

180 2954 765 3022 censerent,quorum
796 2948 1141 3005 confectioni
1169 2949 1455 3004 invocatio
1468 2952 1681 3003 sancta:
1701 2947 1831 3002 Tri-

184 3040 391 3096 nitatis
412 3040 712 3104 defuisset,
737 3042 802 3094 ut
832 3039 891 3094 in
925 3037 1106 3094 sacris
1139 3037 1656 3103 Paulianistarum,
1687 3053 1830 3108 quo-

1970 566 2006 604 a
2036 551 2250 624 populo
2277 552 2466 624 possit
2495 554 2848 611 conﬁrmari.

2076 640 2215 696 CAP.
2247 642 2396 698 VIII.
2423 675 2492 684 —-
2532 645 2605 698 De
2633 644 2861 715 epistola
2906 643 2977 698 ad
3005 645 3229 698 missam
3258 641 3505 714 legenda.

2039 728 2193 785 Solis
2222 731 2686 789 subdiaconibus
2734 732 2887 789 inter
2917 731 3221 788 inferiores
3250 731 3467 803 gradus
3500 730 3614 785 Roo

1967 833 2145 873 mana
2163 820 2479 876 auctoritas
2502 820 2868 891 conceditut,
2902 821 3083 877 sacris
3112 820 3371 876 vestibus
3397 819 3615 884 induti,

1966 906 2287 979 Epistolam
2318 908 2515 982 legant
2574 910 2644 965 ad
2679 910 2945 967 missam.
2978 910 3139 976 Quod
3167 913 3362 965 tamen
3390 925 3503 964 non
3537 925 3607 964 ex

1966 1011 2167 1052 eorum
2203 998 2654 1066 consecratione,
2688 1000 2789 1055 sed
2850 1000 3046 1071 potius
3090 1015 3159 1053 ex
3214 998 3612 1054 ecclesiastica

1964 1086 2342 1143 concessione
2383 1091 2725 1143 meruerunt
2755 1088 3036 1143 obtinere.
3072 1087 3236 1142 Unde
3266 1090 3323 1141 et
3351 1087 3609 1141 rationa-

1963 1173 2142 1230 bilius
2172 1192 2301 1232 esse
2329 1176 2561 1232 videtur
2591 1181 2655 1231 ut
2682 1176 2807 1248 ipse
2839 1176 3109 1232 sacerdos
3140 1175 3252 1231 sibi
3283 1174 3615 1248 Epistolam"

1961 1262 2135 1336 legat,
2166 1282 2345 1337 quam
2390 1270 2455 1321 ut
2499 1264 2757 1337 aliquem
2799 1266 3061 1321 nondum
3093 1265 3450 1327 ordinatum,
3483 1257 3611 1320 sibi

1959 1352 2210 1409 asciscat
2239 1355 2310 1410 ad
2341 1354 2675 1427 legendum.
2735 1356 2881 1410 Nam
2940 1356 3148 1410 beatus
3205 1353 3538 1418 Hormisda,
3571 1370 3606 1408 a

1960 1447 2161 1497 sancto
2190 1443 2355 1498 Petro
2378 1444 2907 1516 quinquagesimus
2928 1443 3136 1499 tertius
3158 1460 3329 1516 papa,
3349 1441 3605 1514 capitulo

1957 1528 2149 1597 tertio,
2186 1529 2353 1586 illum
2410 1532 2667 1604 deponit,
2729 1532 3065 1605 quicunque
3123 1549 3239 1588 non
3270 1532 3600 1601 ordinatus,

1956 1618 2216 1674 oﬂicium
2253 1619 2503 1675 ordinati
2540 1621 2933 1692 usurpaverit,
2966 1621 3123 1692 quod
3150 1620 3351 1692 utique
3386 1614 3501 1674 nOn
3533 1634 3603 1675 ex

1956 1708 2412 1774 consecratione,
2472 1726 2579 1764 nec
2634 1726 2701 1765 ex
2733 1708 3128 1765 ecclesiastica
3173 1706 3602 1763 consuetudine

1954 1811 2217 1867 unquam
2251 1797 2593 1868 promeruit.
2653 1797 2920 1853 Canones
2971 1797 3148 1852 etiam
3182 1795 3350 1863 alios,
3384 1796 3496 1851 nisi
3526 1791 3630 1850 ad'

1955 1884 2064 1938 hoc
2092 1886 2412 1951 ordinatos,
2469 1886 2530 1942 in
2590 1886 2833 1942 ecclesia
2892 1886 3103 1958 legere,
3134 1884 3223 1941 vel
3254 1885 3313 1939 in
3364 1884 3598 1957 publico

1955 1971 2223 2045 [pulpito]
2251 1974 2518 2045 psallere,
2576 1975 2665 2030 vel
2696 1976 2936 2031 Alleluia
2986 1975 3199 2041 dicere,
3256 1973 3346 2029 vel
3378 1972 3596 2029 alicubi

1952 2062 2295 2130 exorcizare,
2330 2063 2388 2117 in
2449 2064 2696 2120 diversis
2726 2063 2989 2120 conciliis
3032 2064 3404 2135 prohibuere.
3438 2061 3594 2118 Nihil

1952 2154 2149 2207 autem
2181 2152 2378 2208 obstat
2416 2152 2558 2224 quin
2617 2153 2893 2209 sacerdos
2944 2153 3005 2207 in
3038 2152 3223 2208 missa
3254 2151 3609 2208 inferiorum.

1948 2240 2223 2296 ordinum
2255 2241 2464 2308 officia,
2499 2243 2545 2296 si
2578 2258 2811 2298 necesse
2842 2240 3307 2313 fuerit,expleat;
3340 2256 3515 2312 quem
3537 2245 3595 2295 et

1948 2346 2154 2385 omnes
2183 2329 2487 2387 inferiores
2519 2331 2779 2386 obtinere
2809 2334 3058 2400 constat,
3092 2330 3192 2402 qui
3224 2333 3281 2384 et
3320 2330 3378 2383 in
3410 2328 3594 2384 missa

1947 2418 2131 2474 sacris
2156 2419 2415 2476 vestibus
2458 2420 2836 2486 estindutus,
2887 2419 3015 2475 sine
3043 2418 3259 2491 quibus
3304 2418 3376 2473 ad
3408 2418 3591 2473 altare

1935 2508 2107 2579 juxta
2151 2508 2479 2564 Romanum
2530 2508 2865 2564 ministrare
2903 2525 3016 2563 non
3039 2507 3512 2563 debemus.Unde
3533 2510 3591 2561 et

1946 2597 2362 2669 congruentius
2378 2597 2501 2669 ipse
2515 2597 2624 2653 sibi
2643 2596 2902 2652 ofﬁcium
2918 2594 3261 2653 subdiaconi
3277 2592 3590 2668 repraesen-

1942 2688 2230 2758 tat,quam
2256 2686 2573 2758 quemlibet
2605 2686 3028 2751 inordinatum,
3060 2702 3165 2742 nec
3197 2685 3379 2741 sacris
3410 2685 3583 2741 vesti-

1942 2774 2053 2829 bus
2084 2774 2494 2841 indutum,hoc
2522 2774 2753 2848 explere
2782 2774 3100 2847 permittat.

1941 2862 2075 2917 CAP.
2102 2863 2197 2917 IX.
2247 2897 2317 2903 —
2356 2866 2429 2919 De
2458 2865 2736 2936 evangelio
2766 2867 2827 2919 in
2875 2881 2985 2937 qua
3001 2867 3157 2936 parte
3174 2867 3246 2919 sit
3273 2863 3579 2933 legendum.

2017 2951 2246 3007 Diaconi
2282 2968 2514 3023 quoque
2534 2953 2792 3007 ofﬁcium
2825 2953 2883 3007 in
2918 2951 3100 3007 missa
3130 2950 3599 3008 nihilominuset-

1940 3037 2066 3110 ipse
2097 3040 2536 3095 convenientius
2567 3040 2835 3111 explebit,
2870 3056 3050 3111 quam
3080 3039 3233 3095 alius
3271 3039 3369 3111 qui
3398 3039 3582 3094 sacris

180 3146 318 3185 rum
351 3134 410 3185 et
438 3127 800 3201 baptismum
833 3127 951 3183 sive
980 3126 1378 3183 ordinationes
1435 3126 1494 3181 in
1536 3124 1832 3181 conversis
1870 3198 1895 3201 Δγ
1938 3127 2199 3182 vestibus
2230 3145 2346 3183 non
2378 3128 2552 3184 fuerit
2580 3128 2843 3183 indutus.
2876 3129 3024 3183 Nam
3080 3127 3257 3183 etiam
3298 3127 3595 3182 diaconus

176 3219 447 3274 iteranda
488 3198 842 3273 censuerunt
873 3217 1101 3287 (Concil.
1134 3217 1361 3281 Nicena,
1394 3231 1522 3270 can.
1562 3214 1646 3279 19,
1680 3218 1737 3269 et
1763 3229 1820 3269 v1
1850 3198 1899 3271 .C
1938 3220 2199 3287 tempore
2228 3216 2539 3272 oblationis
2569 3221 2625 3272 et
2656 3216 3006 3272 lectionibus
3037 3215 3427 3272 albaindutus
3448 3231 3578 3271 esse

171 3308 448 3378 Synodus,
476 3323 603 3362 can.
635 3305 751 3379 97.]
783 3304 1099 3361 Sciendum
1130 3308 1324 3359 autem
1372 3302 1442 3358 -in
1473 3302 1575 3357 illa
1607 3300 1822 3357 usitata

173 3394 573 3460 conclusione,
592 3396 698 3450 Per
728 3395 1019 3449 Dominum
1046 3397 1316 3457 nostrum,
1337 3392 1491 3463 quod
1525 3392 1825 3447 Romanus

174 3485 332 3541 Ordo
353 3487 409 3540 et
439 3482 855 3556 antiquissima
894 3480 1251 3553 exemplaria
1272 3497 1483 3537 nomen
1516 3479 1614 3535 Dei
1651 3479 1823 3534 inter-

177 3576 427 3647 ponunt,
442 3572 541 3629 ubi
572 3571 823 3628 dicitur:
854 3572 963 3639 Qui
977 3573 1153 3625 tecum
1182 3568 1316 3623 vivit
1343 3577 1393 3624 et
1418 3577 1613 3636 regnat
1642 3570 1783 3624 Deus
1805 3585 1825 3629 ;

178 3662 340 3736 quod
371 3666 567 3717 tamen
599 3660 864 3715 moderni
920 3662 1052 3731 post
1082 3673 1294 3713 nomen
1344 3657 1600 3728 Spiritus
1636 3655 1824 3711 sancti

178 3751 537 3822 subjungere
566 3748 854 3805 solent.Et
883 3748 1003 3803 haec
1035 3746 1238 3818 utique
1260 3746 1623 3802 consuetudo
1646 3744 1822 3800 etiam

177 3839 336 3912 apud
368 3839 661 3894 Romanos
684 3852 1107 3910 usquequaque
1130 3834 1553 3899 adeoinvaluit,
1585 3839 1649 3889 ut
1678 3834 1828 3889 anti-

176 3944 308 4000 qua:
334 3926 667 3983 traditionis
720 3925 1014 3982 exsecutio
1064 3925 1189 3995 jam
1224 3941 1339 3980 non
1390 3924 1517 3979 sine
1549 3922 1826 3978 seandalo

169 4016 370 4073 locum
400 4014 615 4071 habere
637 4016 843 4087 possit,
878 4014 1034 4085 quod
1060 4015 1232 4082 juxta
1267 4011 1611 4084 Apostolum
1644 4011 1824 4081 (Rom.

172 4107 290 4177 xw)
303 4110 362 4160 et
392 4102 765 4173 Evangelium
790 4102 1007 4171 (Matth.
1022 4102 1143 4171 vm)
1165 4101 1222 4155 in
1244 4105 1362 4156 tam
1386 4100 1610 4156 levibus
1630 4100 1827 4156 causis

172 4209 415 4252 summo
447 4191 642 4246 studio
676 4190 929 4245 devitarc
960 4189 1261 4244 debemus.

172 4299 314 4355 CAP.
350 4294 469 4351 VII.
511 4326 578 4335 —
600 4297 801 4350 Iterum
831 4295 899 4349 de
926 4295 1270 4417 qqnclusioue
1297 4310 1391 4348 seu
1412 4296 1829 4364 conﬁrmatione

842 4381 937 4417 ora
966 4380 1173 4417 mnum.

842 4380 1173 4420 orationum.

249 4455 585 4513 Secundum
604 4454 926 4509 Romanam
950 4452 1354 4508 auctoritatem
1374 4452 1595 4506 nullam
1621 4452 1829 4506 oratio-

1936 3304 2124 3368 debet,
2145 3306 2313 3375 juxta
2331 3305 2849 3377 quadragesimum
2873 3304 3132 3377 primum
3154 3303 3577 3376 Carthaginem-

1932 3393 2016 3449 sis
2047 3393 2273 3449 concilii
2306 3394 2497 3466 quarti
2527 3394 2874 3467 capitulum,
2898 3393 2993 3450 cui
3020 3393 3573 3466 sanctus'Augusti-

1932 3498 2065 3550 nus,
2099 3483 2217 3539 imo
2276 3483 2510 3539 ducenti
2572 3488 2796 3555 septem
2826 3488 2882 3540 et
2923 3484 3124 3539 decem
3154 3483 3339 3540 sancti
3374 3486 3573 3539 Patres

1933 3572 2343 3628 interfuerunt.
2373 3574 2549 3629 Juxta
2590 3574 2887 3629 decretum
2930 3572 3225 3629 Anastasii
3264 3588 3425 3645 papa
3457 3574 3575 3627 non

1934 3662 2168 3717 sedetur
2195 3662 2377 3718 donec
2410 3664 2531 3734 [pro
2559 3663 2723 3733 dum]
2755 3662 3120 3735 evangelium
3157 3660 3407 3734 legitur;
3448 3678 3589 3734 quie-

1934 3749 2275 3817 reverentia,
2332 3756 2397 3805 ut
2451 3752 2635 3814 aiunt,
2696 3755 2754 3806 et
2792 3750 3124 3823 apostolicae
3155 3748 3387 3805 lectioni
3420 3749 3576 3821 apud

1934 3837 2163 3893 Graecos
2186 3838 2511 3894 exhibetur.
2544 3839 2834 3895 Diaconus
2867 3854 3000 3894 cum
3024 3837 3162 3909 legit
3189 3834 3575 3909 evangelium,

1932 3927 2098 3997 juxta
2127 3927 2456 3981 Romanum
2488 3926 2787 3993 Ordinem,
2850 3928 2909 3981 in
2941 3926 3191 3981 ambone
3228 3925 3306 3996 (3)
3339 3924 3581 3980 vertitur

1934 4015 2006 4070 ad
2035 4013 2362 4078 meridiem,
2391 4015 2487 4069 ubi
2551 4020 2608 4069 et
2638 4014 2883 4070 masculi
2919 4014 3275 4070 conveniunt
3307 4030 3319 4080 ;
3355 4028 3471 4066 non
3506 4011 3577 4066 ad

1934 4103 2291 4175 aquilonem,
2325 4104 2423 4157 ubi
2474 4104 2701 4158 feminae
2738 4102 3089 4158 consistunt.
3126 4102 3204 4156 Ad
3237 4099 3578 4173 pricipalem

1934 4193 2091 4249 enim
2140 4209 2341 4248 sexum
2401 4192 2607 4247 merito
2668 4191 2936 4257 vertitur,
2996 4190 3113 4256 cui,
3146 4193 3213 4245 ut
3268 4188 3581 4263 Apostolus

1932 4280 2503 4345 instituit,inﬁrmior
2517 4297 2689 4335 sexus
2703 4280 2865 4335 domi
2889 4278 3294 4336 instituendus
3316 4277 3585 4335 commit-

1933 4371 2100 4426 titur.
2124 4371 2284 4434 Quod
2326 4375 2521 4425 autem
2555 4369 2875 4441 presbyteri
2899 4369 2970 4423 ad
2994 4367 3305 4440 legendum
3336 4382 3579 4439 evange-

1938 4457 2077 4514 lium
2104 4477 2214 4514 non
2244 4476 2305 4514 se
2325 4460 2393 4513 ad
2418 4458 2721 4514 meridiem
2736 4457 3253 4526 vertunt,hocideo
3276 4455 3582 4512 inolevisse

177 4562 315 4601 nem
338 4549 447 4600 Per
491 4559 616 4599 eum
656 4546 752 4614 qui
774 4549 1031 4599 venturus
1053 4543 1131 4597 est
1148 4539 1578 4606 concludimus,
1614 4539 1723 4593 nisi
1748 4540 1825 4594 sit
1862 4561 1905 4625 η
1936 4546 2248 4615 credimus,
2282 4548 2419 4618 quia
2444 4565 2547 4603 nec
2570 4547 2722 4603 Ordo
2744 4547 2859 4603 illis
2882 4546 3155 4617 injunxit,
3194 4550 3258 4602 ut
3289 4545 3348 4600 in
3380 4545 3581 4601 ambo-

173 4633 559 4699 exorcismus,
581 4633 639 4687 in
665 4650 779 4704 quo
795 4631 1067 4688 diabolus
1082 4648 1186 4703 per
1215 4629 1480 4685 divinum
1506 4627 1827 4700 judicium,

173 4726 243 4778 ut
271 4738 306 4777 a
343 4726 609 4777 creatura
632 4720 734 4777 Dei
781 4720 1063 4787 discedat,
1096 4717 1459 4776 exorcizatur
1508 4716 1627 4773 sive
1659 4716 1824 4783 adju-

171 4813 358 4865 ratur.
392 4810 537 4866 Nam
562 4809 622 4865 in
670 4810 799 4866 aliis
815 4809 1199 4871 orationibus,
1235 4824 1382 4880 quas
1408 4822 1508 4879 per
1528 4806 1820 4862 Dominum

169 4902 423 4955 nostrum
443 4897 870 4966 concludimus,
889 4903 1138 4963 Patrem,
1158 4902 1224 4952 ut
1257 4897 1425 4953 nobis
1448 4912 1550 4969 per
1562 4909 1823 4949 amorem

172 4985 302 5043 Filii
325 4988 417 5044 sui
463 4988 787 5054 subveniat,
822 4986 1230 5059 imploramus.
1268 4986 1331 5041 In
1363 4984 1689 5041 exorcismo
1720 4999 1823 5038 au-

172 5075 605 5132 temdiabolum
627 5092 726 5148 per
748 5077 847 5131 Dei
862 5074 1251 5146 judicium,ut
1270 5090 1342 5128 au
1354 5072 1828 5144 fugiat,increpa-

177 5164 558 5219 mus.Omnes
582 5170 775 5220 autem
801 5164 1250 5231 astantes,juxta
1274 5161 1577 5233 antiquam
1602 5165 1827 5215 sancto-

179 5269 312 5308 rum
334 5253 572 5308 Patrum
596 5252 994 5319 traditionem,
1025 5251 1085 5305 in
1108 5250 1342 5323 signum
1362 5250 1824 5305 confirmationis

175 5342 347 5397 Amen
367 5341 723 5413 subjungere
746 5341 979 5405 debent,
1001 5343 1065 5395 ut
1084 5354 1457 5394 communem
1476 5338 1823 5406 orationem,

175 5446 354 5503 quam
386 5430 659 5486 sacerdos
689 5445 792 5501 pro
824 5426 1101 5483 omnibus
1132 5426 1381 5483 Domino
1428 5425 1650 5493 libavit,
1686 5443 1825 5482 con-

171 5518 429 5575 firment.
465 5518 625 5575 Unde
681 5522 738 5573 et
765 5517 823 5572 in
856 5517 984 5589 ipsa
1015 5520 1238 5571 secreta
1267 5517 1374 5571 Per
1410 5516 1597 5570 omnia
1620 5517 1826 5572 saecula

238 5606 317 5679 (3)
355 5606 595 5663 Ambone
624 5609 788 5663 vocat
818 5606 973 5678 quod
1002 5605 1279 5677 pulpitum
1311 5603 1478 5677 prius
1507 5603 1676 5661 dixit.

1938 4650 2071 4687 nem
2103 4635 2173 4688 ad
2206 4633 2519 4705 legendum
2551 4636 2702 4690 sicut
2732 4635 3006 4691 diacones
3046 4634 3453 4697 ascenderant,
3480 4633 3579 4688 ubi

1937 4721 2264 4776 necessario
2285 4722 2357 4776 ad
2383 4722 2679 4777 masculos
2706 4723 2903 4794 potius
2924 4738 3101 4793 quam
3125 4722 3195 4775 ad
3230 4720 3479 4775 feminas
3520 4734 3581 4773 se

1933 4814 2153 4864 vertere
2171 4809 2467 4864 deberent.
2503 4810 2644 4864 Nam
2661 4812 2833 4880 juxta
2854 4808 3313 4864 ecclesiasticam
3331 4822 3582 4861 consue-

1934 4897 2197 4951 tudinem
2231 4896 2298 4949 ad
2332 4895 2752 4969 altarelegunt,
2778 4896 2879 4952 ubi
2902 4895 3066 4951 nulla
3081 4895 3394 4951 diversitas
3417 4892 3581 4948 audi-

1933 4991 2130 5041 torum
2160 4984 2547 5056 upproximat,
2607 4982 2735 5056 quia
2792 4984 3051 5058 legentes
3107 4983 3294 5055 magis
3328 4982 3385 5037 in
3429 4982 3582 5037 hanc

1934 5079 2155 5147 partem
2189 5090 2365 5145 quam
2393 5074 2450 5127 in
2478 5073 2648 5128 aliam
2673 5072 2931 5129 converti
2954 5071 3474 5144 exigat.Nusquam
3498 5069 3577 5125 ibi

1935 5163 2181 5226 femina),
2218 5163 2316 5216 sed
2359 5161 2465 5217 soli
2527 5162 2783 5234 religiosi
2815 5162 2887 5217 ad
2920 5161 3216 5217 dexteram
3249 5166 3307 5216 et
3336 5160 3408 5215 ad
3441 5159 3581 5215 sini-

1935 5256 2115 5306 stram
2152 5251 2574 5323 permittuntur
2604 5251 2865 5305 stare.Ad
2901 5248 3209 5305 sinistrum
3237 5266 3373 5306 vero
3395 5265 3579 5305 cornu

1934 5339 2137 5396 altaris
2152 5339 2371 5395 habent
2398 5339 2637 5407 librum,
2672 5355 2806 5394 cum
2838 5338 3044 5411 legunt
3071 5337 3457 5411 evangelium,
3490 5336 3580 5393 vel

1935 5444 2070 5484 cum
2097 5428 2519 5490 sacriﬁcant,ut
2549 5428 2607 5482 in
2622 5428 2826 5483 dextra
2855 5431 3019 5499 parte
3049 5426 3167 5484 sint
3195 5425 3582 5498 expeditiores

1934 5518 2007 5573 ad
2064 5517 2469 5589 suscipiendas
2526 5516 2870 5584 oblationes,
2932 5515 3053 5573 sive
3114 5516 3186 5572 ad
3216 5514 3583 5573 conﬁcienda
