3968 6126
1733 357 2044 424 MONUM.
2088 358 2405 426 LITURG.

3644 353 3776 420 θοι

365 487 568 546 altaris
600 491 1155 549 sacramenta.Unde
1175 493 1243 548 ad
1262 492 1592 564 aquilonem
1620 493 1807 566 magis
1823 510 2002 566 quam
2030 496 2087 564 Α
2115 495 2259 551 dum
2279 493 2616 568 legitur,ubi
2635 493 2883 550 dicitur:
2909 489 3770 566 Accipiensethuneprzclarum

365 577 438 634 ad
465 579 768 636 meridiem
789 581 939 637 versi
954 582 1380 646 videntur,cum
1399 583 2006 656 annuntiantevange-

362 665 534 723 lium.
566 666 711 724 Hinc
728 669 922 742 itaque
942 669 1182 742 [utique]
1215 670 1314 726 illa
1359 673 1662 743 usurpatio
1691 673 2003 728 emersisse

364 756 614 826 videtur,
647 761 712 813 ut
765 757 940 814 etiam
975 758 1246 815 diacones
1275 760 1334 814 in
1365 762 1633 826 amboue,
1666 767 1870 817 contra
1901 763 2006 816 Ro-

367 860 614 904 manum
645 845 1007 912 Ordinem,se
1036 852 1267 903 vertant
1297 850 1366 904 ad
1401 849 1755 920 aquilonem,
1782 850 2004 921 potius-

367 951 481 1006 que
511 951 574 990 se
602 936 675 990 ad
705 939 931 1007 partem
965 936 1314 992 feminarum
1365 955 1540 1010 quam
1603 939 2003 995 masculorum

365 1027 585 1080 vertere
615 1040 730 1079 non
758 1029 1086 1082 vereantur.
1142 1028 1276 1092 Qua:
1334 1028 1640 1099 usurpatio
1691 1031 1816 1100 jam
1862 1031 2005 1085 adeo

366 1111 625 1179 inolevit,
658 1118 723 1169 ut
747 1115 900 1185 apud
941 1114 1246 1186 plerosque
1269 1116 1436 1187 quasi
1459 1134 1560 1188 pro
1583 1118 1786 1173 ordine
1807 1123 2005 1174 tenea-

363 1203 481 1258 tur.
539 1202 648 1258 sed
697 1203 836 1275 quia
889 1202 1213 1260 certissime
1270 1209 1470 1260 contra
1515 1205 1776 1263 ordinem
1808 1211 1896 1263 est
1953 1211 2010 1263 et

365 1288 738 1359 inhonesta,a
754 1291 1221 1364 diligentioribus
1247 1294 1469 1349 ordinis
1489 1296 1882 1351 servatoribus
1896 1312 2009 1351 me-

367 1380 477 1436 rito
507 1380 814 1436 refutatur.
847 1381 999 1437 Ordo
1021 1399 1252 1454 quoque
1278 1383 1550 1455 praicepit
1580 1389 1662 1452 ut,
1699 1385 1794 1456 qui
1828 1384 2010 1439 lectu-

367 1485 470 1525 rus
499 1472 589 1527 est
617 1469 1006 1544 evangelium,
1039 1488 1269 1527 crucem
1304 1472 1414 1528 sibi
1457 1475 1633 1528 faciat
1684 1475 1742 1528 in
1800 1474 2006 1541 fronte,

367 1557 656 1626 videlicet,
681 1559 854 1629 juxta
883 1561 1300 1634 Augustinum,
1362 1563 1419 1616 in
1455 1563 1590 1618 sede
1637 1563 1822 1634 ipsius
1849 1579 2012 1618 vere-

371 1646 617 1715 cundia,
642 1652 725 1716 ut,
745 1647 1045 1704 eliminata
1091 1651 1249 1705 omni
1283 1651 1651 1718 verecundia,
1696 1669 1829 1707 cum
1860 1655 2010 1724 Apo-

371 1735 520 1792 stolo
541 1737 713 1806 (Rom.
744 1738 905 1808 1)non
919 1739 1308 1795 erubescatde
1331 1739 1635 1811 Evangelio
1668 1740 2011 1813 Christi,qui

2111 584 2356 639 calicem.
2389 584 2457 639 Et
2515 582 2640 638 ibi:
2676 585 2782 638 Per
2820 590 3019 654 ipsum,
3079 586 3129 638 et
3183 599 3309 637 cum
3341 583 3477 652 ipso,
3537 585 3595 636 et
3650 580 3768 637 hoc

2112 673 2359 728 fortasse
2386 671 2515 728 ideo
2547 671 2686 744 quia
2715 674 2944 726 cautius
2992 671 3216 726 levatur
3237 670 3363 726 sine
3397 669 3766 742 operimento

2114 778 2290 832 quam
2317 766 2646 832 coopertus.

2220 854 2349 905 ΟΜ).
2379 850 2469 906 XI.
2495 881 2564 891 —-
2593 850 2733 918 Quid
2761 867 2924 921 super
2947 849 3220 905 oblatione
3244 851 3316 904 sit
3334 848 3644 903 dicendum.

2186 939 2518 1010 Composita
2539 944 2732 994 autem
2748 939 3039 994 oblatione
3057 939 3115 991 in
3139 936 3473 1003 altari,dicit
3490 937 3764 993 sacerdos

2116 1028 2266 1084 hanc
2296 1028 2617 1084 orationem
2651 1026 3204 1099 juxtaGallicanum
3253 1026 3571 1082 Ordinem:
3613 1028 3764 1093 Veni,

2115 1119 2483 1188 saneti/ieator
2523 1119 2882 1189 omnipotens,
2934 1120 3136 1171 wterne
3178 1121 3343 1182 Deus,
3395 1116 3618 1171 benedzc
3664 1115 3765 1170 hoc

2115 1207 2448 1276 sacriﬁcium
2505 1210 2598 1261 tuo
2655 1208 2872 1261 nomini
2897 1208 3294 1277 praeparatum.
3349 1206 3456 1260 Per
3487 1204 3760 1260 Christum

2117 1296 2407 1351 Dominum
2437 1303 2704 1350 nostrum.
2741 1294 2960 1351 Deinde
3017 1298 3150 1349 ante
3181 1292 3364 1349 altare
3414 1293 3755 1356 inclinatus,

2119 1383 2274 1440 dicat
2293 1383 2444 1439 hanc
2468 1384 2812 1452 orationem,
2847 1400 2958 1438 non
2993 1400 3060 1438 ex
3088 1382 3286 1453 aliquo
3309 1381 3534 1447 ordine,
3568 1381 3672 1437 sed
3694 1398 3760 1437 ex

2119 1471 2519 1528 ecclesiastica
2537 1470 2962 1528 consuetudine
2987 1489 2999 1525 :
3025 1473 3273 1542 Suscipe,
3298 1475 3490 1525 sancta
3506 1471 3758 1534 Trinitas,

2119 1563 2261 1618 hanc
2288 1563 2637 1628 oblationem,
2671 1578 2836 1630 quam
2867 1562 2968 1616 tibi
3015 1561 3295 1632 oﬂerimu-s
3351 1561 3410 1613 in
3440 1561 3762 1614 memoriam

2119 1653 2414 1714 Passionis,
2433 1652 2880 1716 ltesurrectionis,
2897 1650 3256 1713 Aseensionis,
3280 1653 3388 1704 etc.
3413 1650 3546 1713 Qum
3562 1647 3760 1719 utique

2121 1740 2303 1796 oratio
2325 1757 2359 1794 a
2377 1738 2846 1811 diligentioribus
2872 1737 3094 1793 ordinis
3132 1742 3190 1793 et
3207 1752 3332 1792 com
3343 1737 3594 1810 probate:
3618 1752 3760 1792 con-

353 1829 436 1881 'se
465 1823 538 1930 in‘
558 1823 766 1930 finede
820 1825 920 1882 illo
951 1827 1320 1882 erubiturum
1351 1829 1636 1899 praedixit,
1671 1829 2009 1902 quicunque
2046 1866 2090 1930 Β
2123 1827 2452 1885 suetudinis
2475 1827 2966 1894 observatoribus,
3001 1831 3121 1882 tam
3145 1843 3248 1898 pro
3279 1825 3756 1896 defunctisquam

370 1928 504 1970 eum
525 1911 640 1980 hic,
667 1912 755 1970 vel
776 1915 952 1971 verba
973 1916 1101 1986 ejus
1113 1932 1308 1972 coram
1331 1916 1667 1973 hominibus
1688 1918 2006 1974 erubuerit.

369 2000 565 2058 Faciat
585 2002 761 2058 etiam
805 2002 916 2058 sibi
948 2003 1006 2058 in
1030 2008 1258 2075 pectore
1279 2022 1610 2070 crucem,ne
1643 2007 1842 2079 aliqua
1871 2024 2008 2080 sug-

370 2089 557 2164 gestio
578 2090 794 2148 diaboli
821 2109 955 2148 eum
990 2092 1291 2165 impediat,
1325 2095 1422 2165 qui
1457 2112 1600 2166 puro
1633 2097 1802 2151 corde
1836 2098 2015 2152 Evan-

368 2179 586 2252 gelium
607 2179 707 2238 Dei
728 2183 1078 2237 annuntiare
1107 2182 1314 2238 valeat.
1351 2185 1657 2256 Presbyter
1697 2202 1830 2240 cum
1871 2185 2011 2257 legit

371 2268 760 2341 evangelium,
793 2271 1053 2327 Romano
1085 2288 1246 2328 more
1292 2272 1586 2345 planetam
1615 2275 1671 2329 in
1705 2275 2009 2331 dexterum

370 2356 524 2415 levat
545 2357 880 2426 humerum,
914 2366 978 2415 ut
997 2360 1329 2433 expeditum
1355 2379 1416 2418 se
1436 2363 1682 2418 terrenis
1705 2364 2012 2420 affectibus

369 2464 498 2504 esse
515 2449 873 2506 demonstret
896 2451 968 2506 ad
990 2450 1751 2523 evangelizandum.Eadem
1775 2469 2012 2524 quoque

368 2536 595 2594 ratione
610 2541 668 2594 et
695 2538 1087 2606 diaconi,cum
1118 2539 1340 2612 legunt,
1375 2539 1669 2612 planetam
1700 2545 1928 2596 tantum
1953 2542 2009 2596 in

372 2625 615 2682 sinistro
645 2626 891 2685 humero
920 2644 1135 2699 ponere
1173 2629 1460 2685 videntur.
1509 2630 1649 2684 ltem
1712 2630 2011 2685 Romanus

371 2713 528 2769 Ordo
550 2714 812 2786 praecipit
831 2719 898 2770 ut
934 2716 1240 2772 incensum
1263 2733 1495 2789 semper
1524 2719 1809 2790 praecedat
1839 2736 2009 2774 evan-

372 2800 613 2874 gelium,
646 2819 780 2859 cum
825 2803 896 2860 ad
927 2804 1109 2860 altare
1128 2805 1247 2861 sive
1272 2805 1328 2860 in
1363 2807 1670 2862 ambonem
1702 2812 2008 2880 portatur;

295 2935 314 2950 ν
373 2907 491 2949 non
512 2894 710 2949 autem
731 2893 996 2949 concedit
1014 2896 1078 2949 ut
1092 2892 1308 2950 oblatio
1331 2893 1390 2964 in
1413 2894 1580 2950 altari
1609 2896 1670 2950 th
1681 2897 2010 2967 urificetur;

374 2979 532 3051 quod
552 2983 611 3037 et
645 2980 978 3038 Amalarius
1026 2982 1086 3038 in
1109 2981 1350 3056 prologo
1373 2982 1508 3039 libri
1542 2985 1633 3040 sui
1667 2985 1747 3040 De
1778 2986 2010 3051 officiis,

375 3067 668 3128 Romanos
697 3069 949 3128 devitarc
975 3071 1206 3140 fatetur,
1241 3073 1510 3144 quamvis
1554 3075 1726 3130 modo
1767 3091 1800 3130 a
1830 3074 2014 3147 pluri-

372 3161 506 3228 bus,
538 3158 657 3215 imo
688 3175 834 3232 pene
863 3159 936 3215 ab
968 3161 1243 3217 omnibus
1275 3166 1610 3234 usurpetur.

479 3247 614 3306 CAP.
647 3247 709 3309 Χ.
730 3277 798 3289 -
821 3249 896 3304 De
913 3249 1184 3306 oblatione
1227 3251 1286 3305 in
1317 3251 1486 3306 altari
1515 3251 1901 3323 componenda.

445 3337 636 3394 Finito
665 3337 988 3411 evangelio,
1017 3339 1218 3395 statim
1248 3343 1334 3395 est
1367 3340 1750 3406 offerendum,
1785 3343 1926 3397 dum
1957 3346 2014 3398 et

373 3426 668 3484 offerenda
695 3425 945 3495 canitur,
1001 3444 1130 3499 qua:
1189 3444 1400 3484 nomen
1460 3429 1530 3484 de
1560 3427 1850 3486 oblatione
1880 3447 2012 3486 mu-

375 3513 582 3571 tuavit.
613 3513 762 3572 Nam
792 3514 996 3570 ordine
1025 3519 1378 3588 praepostero
1435 3517 1707 3589 deinceps
1753 3520 2013 3586 offertur,

377 3606 692 3676 postquam
723 3603 784 3658 in
814 3602 983 3658 altari
1041 3604 1341 3675 proposita
1396 3605 1689 3660 oblatione
1747 3609 2017 3664 sacerdos

377 3689 661 3764 populum
689 3689 958 3748 hortatur
987 3692 1058 3747 ad
1091 3695 1399 3748 orandum.
1434 3695 2020 3754 SanctusAlexander

291 3836 310 3854 ,
375 3778 797 3853 papmquintus
818 3796 853 3835 a
872 3779 1041 3836 beato
1062 3783 1252 3847 Petro,
1267 3781 1571 3838 constituit
1591 3787 1655 3838 ut
1684 3785 1854 3855 panis
1886 3791 2015 3842 tan-

373 3872 505 3928 tum
552 3871 612 3924 et
635 3866 839 3924 vinum
886 3885 1041 3939 aqua
1098 3869 1342 3926 mistum
1375 3871 1434 3926 in
1468 3872 1754 3928 sacrificio
1787 3876 2015 3930 Domini

368 3958 664 4024 offeratur,
723 3957 864 4029 quia
915 3958 985 4013 de
1015 3957 1195 4014 latere
1224 3958 1454 4015 Domini
1498 3962 1740 4033 sanguis
1773 3966 1831 4017 et
1861 3979 2016 4034 aqua

363 4045 544 4104 simul
567 4047 971 4120 proﬂuxerunt
993 4065 1006 4114 ;
1027 4048 1181 4104 unde
1212 4052 1449 4104 sanctus
1463 4050 1786 4122 Cyprianus
1833 4054 2008 4122 (epist.

355 4136 427 4192 ad
458 4135 624 4194 Caecil
671 4135 737 4192 de
785 4152 1020 4193 sacram.
1082 4138 1294 4208 calicis)
1331 4154 1344 4192 :
1393 4160 1420 4188 «
1453 4138 1518 4194 In
1551 4138 1751 4207 calice,
1789 4140 2010 4211 inquit,

355 4224 660 4282 Dominico
685 4241 839 4298 aqua
866 4225 1000 4281 vino
1023 4227 1225 4282 deesse
1251 4244 1367 4282 non
1405 4227 1594 4294 debet,
1630 4244 1702 4283 ne
1734 4229 2006 4300 populus,

355 4313 458 4384 qui
488 4329 592 4386 per
619 4329 836 4385 aquam
883 4314 1056 4384 juxta
1085 4315 1473 4388 Apocalypsin
1535 4315 1930 4386 significatur,
1977 4335 2010 4373 a

356 4400 594 4458 Christo
624 4404 933 4473 separatus
965 4419 1094 4458 esse
1133 4403 1415 4458 videatur.
1447 4425 1474 4452 »ι
1510 4403 1594 4458 Ita
1626 4408 1818 4458 autem
1837 4406 2009 4476 juxta

362 4487 698 4544 Romanum
730 4488 998 4544 ordinem
1029 4489 1087 4544 in
1121 4489 1285 4544 altari
1318 4491 1722 4562 componenda
1751 4496 1909 4560 sunt,
1944 4499 2007 4549 ut

2122 1933 2224 1989 pro
2238 1915 2517 1972 vivissola
2534 1917 2954 1986 frequentatur,
2982 1915 3082 1986 qui
3116 1915 3223 1969 etsi
3257 1913 3555 1969 multoties
3578 1912 3758 1984 pluri-

2121 2023 2349 2062 morum
2374 2006 2780 2062 consuetudini
2801 2006 3029 2071 cedant,
3053 2005 3350 2076 superflua
3377 2007 3570 2059 tamen
3594 2019 3759 2059 sum-

2121 2096 2641 2168 moperedevitant.
2669 2096 2965 2151 Romanus
2987 2099 3178 2148 tamen
3203 2093 3353 2148 Ordo
3383 2091 3601 2147 nullam
3635 2108 3780 2148 ora--
3823 2098 3836 2103 ’

2122 2184 2338 2240 tionem
2393 2183 2649 2238 instituit
2703 2187 2834 2255 post
2883 2183 3239 2238 offerendam
3273 2185 3406 2237 ante
3449 2186 3755 2237 secretam.

2119 2273 2361 2328 Erectus
2383 2278 2576 2328 autem
2601 2272 2898 2344 presbyter
2918 2270 3200 2344 populum
3224 2271 3490 2326 hortatur
3505 2271 3577 2326 ad
3595 2287 3761 2325 oran-

2122 2360 2347 2426 dum,et
2378 2361 2502 2433 ipse
2533 2365 2664 2432 post
2713 2361 2938 2415 finitam
2991 2363 3296 2426 secretam,
3358 2359 3756 2430 praefationem
3795 2388 3812 2404 ο

2121 2449 2346 2505 orditur
2398 2450 2457 2504 in
2517 2450 2834 2520 Canonem,
2887 2450 2946 2504 in
2979 2466 3095 2520 qua
3122 2465 3511 2520 supernorum
3541 2448 3757 2503 civium

2121 2539 2355 2595 ordines
2377 2538 2583 2594 merito
2601 2542 3118 2608 connumerantur,
3139 2537 3279 2608 quia
3302 2536 3523 2593 eisdem
3545 2543 3760 2609 myste-

2122 2627 2224 2682 riis
2241 2644 2367 2699 quse
2381 2625 3058 2697 ibiconﬁciuntur,juxta
3077 2626 3509 2682 attestationem
3531 2629 3766 2681 sancto-

2122 2733 2252 2773 rum
2277 2703 2829 2782 Patrum,interesse
2850 2716 3191 2772 creduntur.
3220 2715 3380 2769 Unde
3395 2719 3454 2769 et
3471 2713 3772 2787 angelieas

2122 2805 2398 2878 hymnus,
2434 2805 2491 2859 id
2511 2808 2620 2873 est,
2641 2804 2893 2869 Sanetus,
2924 2808 3161 2867 sanctus,
3194 2806 3431 2868 sanctus,
3455 2803 3765 2875 subsequi-

2124 2899 2418 2964 tur,quem
2434 2893 2641 2949 beatus
2652 2892 2848 2948 Sixtus
2862 2893 3092 2964 papa,in
3113 2892 3314 2947 ordine
3327 2895 3774 2958 octavus,cons-

2126 2983 2286 3038 tituit
2301 2986 2363 3038 ut
2379 2987 2513 3038 ante
2527 2981 2878 3038 sacrificium
2898 2981 3382 3036 diceretur.Hunc
3405 2983 3600 3036 autem
3612 2980 3777 3052 hym-

2124 3089 2265 3127 num
2289 3075 2346 3128 et
2368 3071 2498 3143 ipse
2520 3072 2792 3127 sacerdos
2813 3086 2948 3126 cum
2973 3069 3104 3126 aliis
3119 3069 3446 3126 necessario
3493 3069 3667 3125 debet
3684 3069 3770 3124 di-

2123 3177 2277 3226 cere,
2310 3177 2383 3216 ne
2405 3159 2662 3232 seipsum
2687 3177 2795 3215 sua
2816 3175 2986 3232 prece
3002 3159 3272 3214 videatur
3293 3158 3692 3230 privasse,qui
3717 3162 3776 3212 et

2041 3234 2085 3300 C
2123 3266 2262 3305 suas
2288 3265 2456 3304 voces
2504 3253 2562 3305 et
2619 3247 2869 3304 aliorum
2900 3247 3182 3320 angelicis
3208 3246 3484 3303 laudibus
3536 3247 3768 3302 admitti

2123 3338 2468 3410 deprecatus
2497 3340 2586 3392 est
2601 3336 2661 3391 in
2679 3336 3036 3408 praefatione.
3056 3336 3232 3391 Juxta
3254 3335 3584 3390 Romanum
3601 3333 3768 3390 Ordi-

2124 3441 2258 3482 nem
2281 3441 2584 3496 nunquam
2608 3424 2850 3481 missam
2869 3424 3132 3499 [missas]
3151 3425 3372 3495 absque
3387 3423 3612 3479 lumine
3624 3423 3773 3479 cele-

2125 3515 2405 3570 bramus:
2439 3531 2552 3569 non
2574 3513 2775 3585 utique
2806 3513 2878 3567 ad
2897 3512 3272 3585 depellendas
3305 3514 3598 3578 tenebras,
3631 3529 3766 3568 cum

2127 3603 2205 3658 sit
2233 3602 2389 3658 clara
2419 3602 2564 3669 dies,
2599 3603 2700 3658 sed
2755 3603 2951 3674 potius
3009 3602 3067 3655 in
3101 3606 3303 3674 typum
3336 3600 3496 3658 illius
3523 3599 3771 3656 luminis

2126 3693 2298 3764 cujus
2325 3694 2693 3747 sacramenta
2723 3691 2801 3745 ibi
2824 3690 3326 3756 conﬁcimus,sine
3343 3705 3460 3761 quo
3485 3692 3540 3744 et
3571 3688 3632 3743 in
3656 3705 3772 3745 me-

2127 3781 2272 3837 ridie
2305 3779 2674 3852 palpabimus
2704 3783 2769 3834 ut
2797 3779 2856 3833 in
2887 3783 3076 3834 nocte.

2267 3871 2400 3925 CAP.
2436 3869 2552 3924 XII.
2593 3900 2661 3907 —
2708 3867 2852 3938 Quid
2898 3872 3122 3923 auctum
3162 3871 3235 3922 sit
3275 3869 3335 3922 in
3387 3868 3620 3922 Canens.

2195 3958 2527 4014 Orationem
2542 3973 2719 4028 quam
2739 3955 3177 4024 Canonem,sive
3197 3956 3768 4026 Actionem,propter

2122 4046 2446 4119 regularem
2477 4049 2978 4101 sacramentorum
3027 4044 3442 4099 confectionem
3502 4044 3764 4098 Romano

2122 4152 2282 4191 more
2313 4134 2698 4206 appellamus,
2732 4133 2865 4205 quis
2898 4133 3308 4205 composuerit,
3333 4136 3658 4204 apertenon
3684 4131 3763 4186 le-

2119 4225 2336 4298 gimus,
2370 4222 2483 4278 nisi
2527 4223 2682 4294 quod
2735 4223 2794 4278 S.
2827 4223 3150 4294 Gregorius
3183 4219 3764 4294 quemdam.schola-

2121 4313 2334 4369 sticum
2365 4311 2526 4367 illam
2559 4312 2959 4383 composuisse
3017 4316 3282 4367 testatur.
3340 4309 3525 4366 Multa
3565 4315 3762 4365 tamen

2119 4403 2308 4458 eidem
2341 4400 2558 4456 Canoni
2591 4418 2625 4456 a
2654 4401 2876 4456 sanctis
2907 4401 3178 4456 Patribus
3239 4401 3457 4454 inserta
3485 4397 3763 4470 legimus,

2121 4492 2274 4547 sicut
2296 4507 2328 4546 a
2350 4495 2552 4546 sancto
2573 4489 2962 4545 Alexandrino
3011 4505 3176 4562 papa,
3211 4489 3268 4542 in
3301 4488 3504 4544 ordine
3531 4487 3763 4558 quinto,

363 4573 562 4632 oblata
589 4575 655 4647 [i.
689 4591 735 4631 ε.
797 4575 1011 4648 hostia]
1070 4577 1129 4632 in
1169 4577 1454 4649 corporali
1514 4579 1725 4652 posita,
1757 4565 1903 4636 calix
1931 4583 2004 4638 ad
2036 4597 2083 4660 Ι)
2112 4579 2301 4653 ipsius
2330 4579 2640 4634 Dominicis
2674 4578 2965 4649 passionis
2983 4577 3460 4633 commemoratio
3493 4574 3764 4630 interseri

297 4709 300 4712 .
362 4663 636 4720 dextrum
667 4663 823 4721 latus
851 4663 1056 4721 oblatis
1115 4670 1386 4737 ponatur,
1441 4668 1609 4740 quasi
1649 4669 2002 4742 sanguinem

363 4751 590 4810 Domini
610 4756 1014 4826 suscepturus,
1038 4770 1213 4826 quem
1251 4755 1319 4810 de
1343 4754 1521 4812 latere
1547 4758 1845 4814 Dominico
1868 4776 2004 4830 pro-

362 4841 1080 4899 fluxissecredimus.Nam
1094 4841 1352 4899 oblatam
1365 4843 1484 4901 sive
1496 4862 1705 4917 panem
1727 4848 1784 4901 in
1800 4863 2001 4902 verum

358 4929 572 4988 Christi
599 4946 833 5003 corpus,
867 4931 1022 4986 sicut
1041 4935 1098 4986 et
1120 4931 1321 4986 vinum
1345 4931 1404 4986 in
1429 4933 1775 5004 sanguinem
1808 4935 2002 4989 Domi-

359 5018 559 5076 nicum
591 5018 852 5075 converti
883 5037 994 5073 non
1030 5019 1392 5076 dubitarﬂus.
1427 5019 1630 5077 Solent
1659 5027 1854 5078 autem
1881 5039 2006 5095 pre-

357 5107 744 5180 sbyteri,dum
765 5113 890 5163 sine
915 5108 1198 5166 ministris
1213 5109 1484 5176 offerunt,
1514 5111 1780 5181 deposita
1808 5111 2003 5166 oblata

358 5193 420 5250 in
444 5195 612 5251 altari
644 5200 912 5268 patenum
947 5198 1302 5253 abscondere
1334 5198 1442 5252 sub
1474 5199 1781 5269 corporali,
1815 5204 1871 5254 et
1895 5200 2004 5254 for-

358 5285 514 5340 tasse
543 5283 672 5341 ideo
704 5286 1025 5357 quiajuxta
1046 5285 1322 5341 Ordinem
1339 5285 1642 5357 acolythus
1674 5288 1842 5342 debet
1872 5305 1998 5344 eam

359 5375 556 5427 tenere
590 5372 905 5428 involutam
962 5374 1114 5430 inter
1155 5373 1627 5432 sacrificandum.
1661 5376 2022 5448 Cooperitur.

360 5474 592 5530 quoque
617 5459 769 5516 calix
796 5479 910 5518 non
944 5467 1061 5518 tam
1094 5480 1270 5520 causa
1300 5463 1562 5535 mysterii
1603 5481 1779 5535 quam
1811 5472 2001 5521 caute-

358 5545 449 5612 la,
507 5562 693 5618 usque
748 5549 891 5605 dum
952 5551 1114 5608 finito
1164 5553 1395 5608 Canone
1445 5550 1706 5608 dicitur:
1751 5555 1996 5622 Oremus,

357 5636 647 5708 Praecptis
673 5637 1010 5693 salutaribus
1067 5641 1280 5694 moniti.
1319 5639 1753 5713 Discooperitur
1780 5646 1996 5709 tamen,

2107 4669 2518 4741 jubetur.ltem
2548 4671 2789 4722 sanctus
2809 4666 3124 4736 Gregorius
3143 4681 3294 4738 papa
3313 4663 3539 4736 primus
3563 4680 3576 4718 :
3602 4666 3766 4718 Dies-

2113 4774 2214 4828 que
2233 4759 2444 4812 nostros
2462 4757 2521 4809 in
2543 4759 2637 4809 tua
2667 4754 3090 4826 paccdzsponas,
3123 4770 3310 4825 usque
3340 4754 3444 4806 Per
3479 4751 3768 4806 Christum

2110 4846 2404 4900 Dominum
2423 4847 2688 4898 nostrum.
2734 4842 2800 4896 Et
2822 4859 3072 4915 magnus
3115 4843 3265 4897 Leo:
3301 4840 3561 4896 Sanctum
3587 4842 3765 4895 sacri-

2112 4931 2748 5002 ﬁeiumjmmaculatam
2771 4930 3026 4996 hostiam,
3053 4931 3110 4986 in
3129 4931 3359 4986 Canone
3382 4929 3762 4984 addiderunt.

2111 5018 2701 5092 Item[idem}quoque
2723 5019 3035 5091 Gregorius
3051 5018 3410 5075 Dominicam
3430 5016 3762 5073 orationem

2111 5126 2172 5165 se
2193 5108 2411 5164 Camoni
2434 5107 2718 5178 adjecisse
2745 5108 2800 5161 in
2826 5109 3091 5180 Registro
3120 5125 3226 5162 suo
3266 5105 3478 5162 asserit
3501 5106 3764 5176 (Πιερίαν.

2110 5197 2212 5252 lib.
2238 5213 2334 5262 vn,
2360 5213 2450 5268 ep.
2474 5197 2565 5262 03,
2615 5197 2688 5252 ad
2712 5198 2975 5252 Joannem
3007 5196 3462 5267 Syracusanum),
3494 5193 3593 5248 ubi
3627 5195 3762 5266 qui-

2111 5287 2361 5341 busdam
2396 5285 2531 5342 inde
2564 5285 3099 5354 murmurantibus,
3133 5284 3342 5340 humili
3376 5281 3766 5355 responsione

2109 5373 2830 5439 satisfecit,inconveoiens
2852 5391 2979 5430 esse
3005 5391 3271 5430 asserens
3298 5372 3561 5429 utoratio
3578 5387 3763 5443 quam

2109 5462 2496 5519 scholasticus
2526 5463 3047 5536 composuitsuper
3071 5463 3425 5518 oblationem
3441 5461 3764 5526 diceretur,

2107 5557 2164 5608 et
2184 5551 2838 5623 illapraetermitteretur
2876 5569 3054 5624 quam
3079 5551 3190 5624 ipsi
3223 5548 3470 5624 apostoli
3494 5565 3561 5605 ex
3594 5548 3766 5602 insti-

2106 5640 2330 5698 tutione
2360 5639 2664 5696 Dominica
2692 5640 2752 5697 in
2784 5641 3140 5698 confectione
3173 5639 3512 5697 eorumdem
3567 5653 3767 5694 sacra~
