3982 6162
1604 292 2109 364 MIGROLOGUS
2121 339 2136 359 .

3451 293 3661 363 πθ,

158 431 500 487 mentorum
516 427 771 488 usitasse
782 430 1164 489 crederentur
1178 429 1333 502 [cred
1342 431 1558 502 untur].
1573 435 1640 487 In
1657 448 1819 488 sum-
1848 431 1905 497 Α
1932 427 2519 503 libet[quorumlibet]
2541 433 2874 489 sanctorum
2895 428 3138 489 nomine
3156 429 3573 490 internumera-

164 519 284 576 mis
310 534 549 592 quoque
573 518 988 576 festivitatibus
1035 520 1303 593 quaedam
1350 519 1569 577 Canoni
1612 521 1672 575 in
1718 520 1818 577 illo

164 605 316 676 loco,
359 607 461 664 ubi
508 607 728 664 dicitur
775 608 1267 678 Communicanles,
1318 608 1406 666 vel
1453 614 1614 666 Hanc
1648 613 1822 681 igitur

154 694 974 770 oblationem,interponimus,
993 714 1121 770 quae
1150 702 1348 755 tamen
1379 714 1446 755 ex
1475 699 1819 771 antiquiori-

164 785 284 840 bus
309 789 368 841 et
386 784 883 843 emendatioribus
896 786 1380 844 Sacramentariis
1397 787 1821 860 interponenda

160 888 299 930 esse
326 872 664 942 didicimus,
695 874 969 931 videlicet
1009 874 1069 930 in
1116 876 1429 931 Nativitate
1473 876 1725 945 Domini,
1757 876 1817 932 in

162 960 520 1035 Epiphania,
553 962 612 1018 in
643 963 834 1031 Coena,
869 964 929 1019 in
968 964 1214 1033 Pascha,
1248 965 1306 1020 in
1353 966 1727 1034 Ascensione,
1758 967 1818 1021 in

156 1051 528 1109 Pentecoste.
564 1052 934 1124 [Hujusmodi
966 1053 1437 1126 interpositiones
1467 1054 1729 1111 efﬁciunt
1757 1060 1823 1111 ut

162 1139 342 1207 illud,
374 1139 867 1210 Communicantes,
895 1143 1156 1214 apertius
1188 1159 1291 1215 per
1319 1159 1401 1210 se,
1435 1144 1603 1216 quasi
1635 1144 1693 1199 in
1726 1160 1819 1200 ca.

158 1228 389 1285 tholica
418 1230 831 1287 communione
860 1236 1186 1301 manentes,
1212 1231 1819 1306 intelligamus,quam

160 1318 241 1375 ad
274 1318 761 1392 subsequentium
778 1324 1114 1376 sanctorum
1129 1322 1599 1379 communionem
1625 1323 1821 1395 ipsum

160 1407 729 1476 referamus.]Nimis
749 1412 943 1465 autem
974 1410 1351 1465 temerarium
1383 1410 1617 1466 videtur
1636 1414 1821 1467 utnos

160 1494 371 1568 aliqua
399 1495 618 1552 Canoni
646 1497 717 1552 ad
746 1502 1014 1554 nostrum
1045 1497 1281 1554 libitum
1314 1499 1682 1572 adjiciamus,
1706 1499 1822 1557 nisi

160 1601 298 1658 qua
327 1602 364 1641 a
390 1584 610 1641 sanctis
637 1586 911 1643 Patribus
940 1587 1185 1659 adjecta,
1216 1588 1306 1643 vel
1338 1589 1666 1660 adjicienda
1693 1606 1822 1646 esse

160 1673 591 1747 cognovimus;
642 1675 929 1748 praecipue
984 1693 1118 1732 cum
1178 1678 1330 1733 inter
1379 1678 1539 1751 ipsos
1589 1684 1822 1735 sanctos

158 1761 369 1818 Patres
395 1759 542 1816 nulli
572 1760 794 1834 aliquid
824 1764 1112 1835 adjecisse
1139 1764 1430 1838 legantur,
1462 1767 1576 1823 nisi
1626 1768 1723 1840 qui
1766 1772 1824 1824 et

158 1849 489 1923 apostolica
518 1851 863 1908 auctoritate
884 1853 1111 1925 praediti
1142 1854 1253 1910 hoc
1279 1856 1465 1912 facere
1484 1862 1818 1928 potuerunt.

159 1937 471 2011 Optimum
504 1955 643 2013 ergo
683 1939 912 1997 videtur
941 1946 1004 1997 ut
1057 1943 1116 1997 in
1165 1943 1274 1998 hac
1319 1960 1497 1999 causa
1536 1945 1822 2002 terminos

160 2031 509 2085 nostrorum
538 2031 770 2101 patrum
800 2045 914 2085 non
947 2032 1429 2103 excedamus,nec
1461 2051 1567 2089 nos
1596 2039 1823 2107 aposto-

161 2116 297 2172 lica
327 2116 690 2173 auctoritatis
708 2134 839 2173 reos
869 2119 1217 2186 efficiamus,
1253 2120 1324 2192 si,
1353 2123 1506 2194 quod
1542 2122 1648 2179 soli
1682 2141 1819 2196 apo-

161 2204 390 2262 stolicae
437 2205 769 2262 auctoritati
814 2207 1115 2280 competit,
1147 2212 1438 2266 Canoncm
1483 2213 1701 2268 nostris
1732 2213 1823 2267 in-

102 2325 131 2343 κ
160 2294 651 2367 terpositionibus
681 2301 1061 2369 augmentare
1091 2315 1541 2370 praesumamus.

300 2382 436 2439 CAP.
462 2383 607 2440 XIII.
641 2415 710 2427 —
741 2385 883 2454 Quid
906 2388 1242 2458 superﬂuum
1274 2390 1346 2443 sit
1374 2390 1436 2444 in
1463 2389 1695 2446 Conone.

246 2473 624 2544 Interponam
642 2473 798 2530 enim
814 2473 1002 2530 solent
1017 2475 1256 2549 quidam
1281 2476 1361 2532 ibi
1378 2494 1518 2534 suas
1533 2477 1825 2536 orationes

165 2559 276 2617 ubi
305 2561 518 2619 dicitur
546 2579 560 2617 :
592 2562 875 2633 Manento,
906 2564 1153 2634 Domine,
1184 2565 1545 2638 famulorum,
1576 2568 1823 2638 famula-

166 2666 425 2722 rumque,
457 2654 517 2706 et
541 2655 678 2707 ante
724 2653 1340 2710 commemorationem
1388 2655 1821 2713 defunctorum.

166 2739 325 2796 Item
358 2742 489 2811 post
504 2755 717 2796 nomen
733 2739 955 2797 domini
976 2758 1136 2815 papas
1158 2743 1280 2800 sive
1310 2743 1527 2818 proprii
1542 2745 1822 2819 episcopi,

165 2826 461 2899 adjiciunt
491 2846 504 2884 :
537 2830 605 2885 Et
629 2831 881 2885 omnibus
908 2831 1225 2889 orthodoxis
1271 2837 1432 2905 atque
1459 2834 1747 2893 catholicae
1773 2841 1826 2893 et

164 2917 483 2989 apostolicae
511 2916 642 2988 ﬁdei
666 2918 994 2985 cultoribus,
1028 2920 1129 2976 sed
1160 2922 1476 2993 superﬂuo.
1501 2923 1649 2979 Nam
1672 2925 1824 2981 Ordo

165 3004 372 3062 statim
418 3005 480 3061 in
528 3007 797 3079 sequenti
848 3023 1041 3076 versu,
1095 3009 1195 3064 ubi
1241 3010 1502 3068 dicitur:
1545 3013 1821 3081 Memento,

165 3095 419 3163 Domine,
461 3095 803 3167 famulorum
829 3098 1296 3169 famularumque,
1337 3100 1509 3156 nobis
1558 3101 1825 3159 concedit

1929 535 2340 592 repossumus.
2367 521 2561 577 Etboc
2582 520 2756 577 etiam
2774 521 3096 578 notandum
3131 522 3285 595 quod
3313 539 3571 594 personae

1928 606 2295 679 praelatorum
2316 614 2372 665 et
2383 609 3571 689 subjectoruminCanonedistinguuntur.

1930 695 2037 752 Ubi
2065 697 2221 752 enim
2249 697 2469 752 domini
2499 697 2799 771 apostolici
2830 696 2950 754 sive
2978 698 3235 772 episcopi
3262 701 3447 757 nostri
3477 719 3577 759 no—

1930 800 2064 840 men
2113 786 2494 853 assumimus,
2540 788 2612 842 de
2663 786 2918 859 praelatis
2965 802 3134 861 agere
3179 789 3465 845 videmur.
3498 795 3577 847 De

1928 873 2211 945 subjectis
2238 891 2372 931 vero
2400 875 2597 931 statim
2617 875 2675 930 in
2697 874 2962 947 sequenti
2979 877 3573 950 versu,ubidicimusf:

1930 963 2210 1030 Memento,
2275 964 2524 1031 Domine,
2583 964 2923 1036 famulorum
2960 966 3408 1038 famularumque
3448 971 3577 1024 tua-

1928 1053 2225 1107 rum.[tem
2255 1050 2578 1109 illud:Hanc
2604 1054 2779 1124 igitur
2804 1051 3136 1109 oblationem
3164 1056 3441 1111 servitutis
3453 1074 3578 1114 nos-

1930 1148 2036 1198 trze
2064 1141 2136 1196 de
2167 1141 2424 1212 praelatis
2454 1146 2643 1198 sonat.
2675 1141 2821 1197 Nam
2854 1143 3007 1214 quod
3059 1144 3326 1216 sequitur
3356 1161 3369 1199 :
3403 1146 3505 1202 Sed
3531 1153 3581 1203 et

1932 1239 2139 1286 cunctae
2167 1232 2404 1302 familiar
2414 1231 2848 1303 tuae,subjectos
2864 1231 3547 1292 videturintimare.ltem
3564 1254 3577 1292 :

1935 1319 2084 1376 Unde
2107 1324 2159 1375 et
2189 1336 2469 1389 memores,
2492 1322 2738 1389 Domine,
2770 1336 2869 1376 nos
2895 1323 3043 1376 servi
3069 1323 3172 1389 tui,
3202 1322 3274 1378 de
3303 1323 3578 1396 praelatis,

1931 1412 1989 1463 et
2016 1407 2159 1464 illud
2191 1425 2204 1463 :
2240 1409 2341 1465 Sed
2371 1417 2422 1465 et
2446 1410 2600 1481 plebs
2634 1413 2731 1465 tua
2759 1417 2967 1475 sancta,
3001 1410 3072 1466 de
3103 1410 3383 1483 subjectis
3410 1429 3583 1487 agere

1932 1512 2050 1552 non
2080 1496 2405 1553 dubitatur.

2109 1585 2245 1641 CAP.
2277 1586 2422 1642 XIV.
2456 1618 2523 1628 -
2551 1588 2626 1644 De
2651 1589 2826 1661 signis
2861 1605 3025 1660 super
3050 1588 3403 1647 oblationem.

2002 1674 2083 1730 De
2112 1675 2301 1748 signis
2331 1680 2526 1731 autem
2558 1692 2686 1748 qua
2718 1692 2897 1748 super
2925 1676 3277 1734 oblationem
3292 1679 3584 1739 adiversis

1931 1762 2156 1819 diverse
2188 1764 2470 1829 ﬁunt,nos
2500 1765 2572 1820 ab
2590 1763 2909 1837 apostolica
2934 1766 3071 1822 sede
3084 1766 3460 1839 potissimum
3473 1770 3584 1826 for-

1931 1868 2089 1908 mam
2136 1869 2368 1909 sumere
2421 1853 2803 1923 decrevimus,
2837 1855 2991 1911 unde
3028 1856 3208 1915 totius
3238 1856 3581 1915 Christianae

1930 1939 2234 2012 religionis
2266 1940 2531 1998 ordinem
2563 1946 2621 1998 et
2649 1942 2934 2014 originem
2966 1944 3587 2016 suscepimusNamet

1932 2028 2018 2085 illi
2048 2028 2175 2084 sedi
2207 2035 2406 2086 nostro
2436 2034 2700 2102 tempore
2722 2031 2893 2087 talem
2930 2032 3084 2088 Deus
3109 2035 3584 2105 gubernatorem,
3606 2047 3657 2073 ο

1932 2119 2280 2185 reverendae,
2315 2118 2883 2191 inquam,memoria3
2912 2120 3258 2193 Gregorium
3275 2122 3353 2193 (4)
3371 2136 3582 2195 papam

1932 2205 2342 2278 imposuit,qui
2365 2207 2475 2262 sub
2500 2207 2697 2263 decem
2711 2207 2835 2263 suis
2861 2209 3393 2281 antecessoribus,a
3404 2228 3584 2284 puero

1933 2295 2129 2351 Rome
2160 2296 2417 2351 nutritus
2449 2300 2507 2351 et
2534 2295 2821 2362 eruditus,
2849 2312 3054 2352 omnes
3083 2296 3435 2369 apostolicae
3466 2304 3585 2356 tra-

1933 2383 2185 2439 ditiones
2215 2382 2666 2457 diligentissime
2695 2384 3084 2458 investigavit,
3119 2390 3178 2442 et
3204 2386 3587 2461 investigatas

1934 2470 2370 2529 studiosissime
2416 2471 2476 2527 in
2509 2476 2707 2529 actum
2739 2473 2951 2530 referre
2976 2474 3219 2530 curavit.
3253 2474 3418 2532 Hunc
3447 2493 3586 2550 ergo

1934 2559 2230 2616 doctorem
2263 2559 2546 2634 religione
2588 2565 2647 2617 et
2676 2562 3022 2618 auctoritate
3052 2562 3434 2635 praecipuum,
3467 2564 3586 2622 imo

1933 2648 2315 2722 apostolicam
2344 2648 2719 2707 traditionem
2738 2667 2843 2724 per
2870 2651 3066 2722 ipsum
3098 2651 3155 2706 in
3175 2653 3587 2710 consecrandis

1934 2736 2228 2810 mysteriis
2258 2738 2631 2812 potissimum
2661 2739 2877 2796 imitari
2910 2739 3464 2801 decrevimus.Sicut
3479 2759 3588 2801 nos

1934 2826 2047 2899 ipsi
2079 2844 2178 2898 per
2206 2826 2404 2901 ipsum
2453 2834 2509 2884 et
2556 2845 2659 2902 per
2702 2828 3045 2902 episcopum
3077 2830 3177 2901 qui
3207 2845 3343 2887 eum
3374 2830 3588 2889 imitati

1934 2916 2748 2989 sunt,accepimus,imparem
2782 2934 3095 2999 numerum
3126 2934 3358 2992 semper
3381 2919 3441 2976 in
3460 2920 3586 2976 dis-
3690 2948 3695 2953 λ

1933 3003 2276 3077 pensatione
2307 3005 2612 3078 signorum
2625 3022 2804 3077 super
2813 3004 3167 3062 oblationem
3180 3006 3584 3079 observamus,

1932 3091 2200 3148 videlicet
2242 3098 2423 3149 unam
2455 3109 2708 3161 crucem,
2741 3093 2837 3149 vel
2871 3097 3013 3162 tres,
3052 3093 3142 3150 vel
3192 3094 3455 3168 quinque
3499 3096 3585 3152 fa-
3608 3112 3647 3131 ί

166 3186 240 3239 ut
266 3181 533 3241 omnium
561 3183 825 3240 vivorum
857 3200 1406 3255 commemoramus,
1440 3205 1823 3263 quoscunque
1854 3169 1896 3235 C
1935 3181 2224 3249 ciendo,et
2251 3180 2362 3238 hoc
2392 3183 2595 3255 utique
2621 3198 2736 3239 non
2767 3181 2897 3237 sine
2923 3180 3065 3239 certi
3093 3198 3273 3239 causa
3298 3183 3584 3256 mysterii.

165 3269 552 3328 voluerimus.
586 3273 729 3329 Item
778 3278 909 3346 post
958 3290 1146 3347 pauca
1188 3277 1415 3334 addunt
1447 3294 1459 3334 :
1491 3282 1601 3334 Pro
1631 3281 1829 3352 quibus

164 3359 281 3416 tibi
303 3360 606 3433 oﬂh'imus,
629 3377 765 3417 cum
796 3360 857 3418 in
887 3362 1320 3436 antiquioribus
1348 3369 1405 3422 et
1430 3367 1829 3425 veracioribus

167 3448 678 3518 Saeramentariis,
712 3466 828 3524 non
872 3450 985 3507 nisi
1017 3454 1128 3508 sub
1175 3454 1348 3510 tertia
1396 3471 1647 3528 persona
1689 3457 1825 3513 offe-

169 3540 369 3593 rentes
396 3536 481 3592 ibi
524 3536 770 3611 [scriptij
821 3540 1206 3612 reperiantur.
1245 3543 1387 3598 Item
1416 3543 1541 3599 ibi:
1584 3545 1734 3601 Unde
1775 3555 1827 3602 et

167 3641 459 3695 metueres,
482 3628 728 3693 Domine,
762 3643 857 3683 nos
889 3630 976 3684 tui
1002 3633 1166 3698 servi,
1198 3632 1569 3688 Nativitatem
1598 3635 1821 3690 Domini

168 3719 654 3783 commemorant,
687 3732 821 3771 cum
845 3717 1018 3787 juxta
1047 3719 1390 3791 Apostolum
1443 3721 1500 3775 in
1532 3721 1823 3792 ejusmodi

167 3802 460 3859 sacriﬁcio
489 3818 606 3860 non
626 3803 1000 3861 Nativitatem
1028 3806 1280 3875 Domini,
1297 3810 1398 3865 sed
1430 3814 1677 3866 mortem
1695 3811 1825 3882 ejus

166 3891 527 3949 annuntiare
555 3892 1073 3950 debeamus.Unde
1098 3898 1155 3951 et
1184 3900 1427 3953 sanctus
1455 3899 1822 3968 Ambrosius,

164 3979 231 4036 in
259 3979 429 4037 libris
458 3981 1002 4039 Sacramentorum:
1036 4006 1065 4034 ‹‹
1099 3985 1821 4060 Quotiescunque,inquit,

166 4070 414 4126 oﬂ'ertur
440 4068 818 4140 sacriﬁcium,
855 4088 1014 4128 mors
1046 4072 1301 4144 Domini,
1336 4076 1685 4133 resurrectio
1715 4082 1823 4134 Do-

169 4156 611 4228 mini,ascensio
629 4159 860 4216 Domi-ni
877 4160 1302 4233 significatur.»
1325 4165 1488 4229 Quod
1512 4169 1570 4220 et
1583 4171 1824 4222 sanctus

163 4247 537 4320 Augustinus
566 4263 675 4304 sua
708 4250 1080 4305 attestatione
1109 4250 1436 4307 conﬁrmat.
1460 4251 1831 4328 Quapropter?

164 4338 227 4393 et
257 4351 373 4411 nos
393 4335 476 4393 ibi
504 4340 733 4394 tantum
763 4338 1823 4411 passionis,resurrectionisetascen-

167 4410 746 4499 sionis'rpassionem,
774 4410 1263 4484 resurrectionem
1294 4432 1352 4485 et
1395 4429 1822 4504 ascensionem]

88 4542 99 4551 ι
166 4515 860 4571 commemoramusﬂaac
884 4532 1024 4591 ergo
1036 4515 1235 4572 omnia
1255 4533 1381 4589 quas
1405 4533 1512 4575 nos
1541 4518 1824 4590 adjective
1854 4534 1903 4600 Β

164 4601 522 4673 notavimus,
555 4602 653 4661 ille
683 4603 1085 4677 proculdubio
1115 4606 1414 4679 superflua
1445 4609 1504 4663 et
1530 4608 1824 4665 eradenda

156 4689 475 4767 judicabit,
506 4692 847 4766 quicunque
886 4693 1248 4767 antiquiores
1290 4700 1349 4751 et
1393 4696 1819 4754 emendatiores

165 4765 672 4837 Sacramentarios
703 4765 1014 4854 diligenter
1030 4765 1373 4857 inspexerit.
1399 4784 1713 4842 Sciendum
1732 4790 1822 4843 est

166 4870 368 4924 autem
401 4869 556 4942 quod
598 4868 863 4926 Romana
904 4873 1223 4928 auctoritas
1274 4873 1516 4930 nomine
1561 4874 1824 4931 viVorum

166 4955 437 5013 fidelium
466 4956 934 5016 internumerare
962 4960 1266 5033 permittit,
1291 4963 1392 5018 ubi
1425 4962 1639 5019 dicitur
1673 4981 1687 5020 :
1716 4965 1826 5020 Me-

164 5047 374 5111 mento,
394 5044 644 5117 Domine,
674 5048 1014 5121 famulorum
1037 5051 1525 5122 famularumque;
1554 5052 1829 5108 similiter

167 5136 230 5189 et
256 5133 694 5205 defunctorum,
728 5136 830 5194 ubi
860 5137 1073 5193 iterum
1101 5138 1317 5194 dicitur
1340 5156 1353 5194 :
1377 5140 1640 5197 Memento
1661 5142 1829 5197 etiam

166 5226 228 5277 et
255 5235 459 5279 eorum
490 5225 1028 5282 nomina.Aliorum
1058 5242 1192 5280 vero
1220 5229 1555 5283 sanctorum
1582 5229 1823 5285 nomina

167 5324 562 5368 annumerare
593 5329 708 5370 non
738 5312 1166 5380 debemus,nisi
1201 5329 1348 5385 quos
1379 5313 1437 5368 in
1467 5314 1700 5372 Conone
1730 5314 1819 5370 in-

163 5397 439 5455 venimus
465 5400 793 5474 antiquitus
822 5400 1169 5475 descriptos,
1202 5406 1440 5475 excepto
1471 5406 1624 5477 post,
1656 5406 1825 5461 Pater

161 5487 433 5557 noster,in
466 5487 568 5546 illa
593 5490 855 5548 oratione
882 5491 984 5548 ubi
1006 5491 1173 5565 juxta
1204 5491 1469 5550 ordinem
1501 5497 1822 5565 quantum-

235 5576 312 5650 (4)
344 5576 692 5652 Gregorium
720 5579 842 5638 VII.

1936 3269 2081 3327 Nam
2114 3269 2171 3324 in
2206 3287 2324 3327 una
2351 3274 2411 3327 et
2438 3271 2651 3341 tribus,
2681 3287 2865 3327 unum
2899 3274 2955 3326 et
2982 3270 3203 3327 trinum
3233 3275 3419 3328 Deum
3453 3271 3587 3329 inti-

1937 3358 2260 3415 mamus.ln
2293 3358 2555 3432 quinque
2569 3362 2762 3416 autem
2778 3358 3329 3432 quinquepartitam
3350 3360 3586 3416 Domini

1935 3446 2268 3520 passionem
2302 3446 2938 3521 significamus.Merito
2967 3453 3159 3504 autem
3176 3449 3369 3521 impar
3387 3466 3587 3507 nume-

1936 3553 2038 3592 rus
2066 3536 2125 3591 in
2158 3535 2568 3593 ecclesiasticis
2598 3537 2808 3593 ofﬁciis
2834 3537 3405 3613 frequentatur,quia
3434 3555 3587 3595 nun-

1935 3641 2114 3697 quam
2146 3624 2208 3681 in
2239 3626 2356 3681 duo
2386 3624 2634 3697 aequalia
2662 3626 2899 3682 unitate.
2917 3624 3269 3698 impediente
3288 3626 3589 3700 dividitur,

1935 3713 2087 3773 sicut
2115 3713 2311 3770 unitas
2337 3718 2549 3770 sancta:
2578 3712 2848 3771 Ecclesiae
2879 3713 3214 3771 nullatenus
3232 3732 3362 3772 eam
3393 3716 3453 3773 in
3469 3716 3588 3774 duo

1935 3802 2120 3860 secari
2157 3802 2396 3875 patitur.
2444 3804 2504 3859 In
2546 3803 2754 3876 primis
2802 3803 2901 3858 ubi
2951 3803 3211 3859 dicitur:
3258 3805 3386 3861 Haec
3420 3805 3585 3875 dona,

1938 3890 2055 3946 haec
2107 3907 2362 3960 munera,
2423 3890 2537 3947 haec
2590 3898 2778 3948 sancta
2829 3891 3121 3962 sacriﬁcia,
3184 3895 3303 3948 tres
3354 3895 3586 3948 tantum

1933 3995 2134 4035 cruces
2165 3995 2344 4051 super
2372 3995 2584 4053 panem
2614 3980 3293 4036 etvinum-communiter
3313 3980 3584 4051 facimus,

1932 4083 2039 4124 nec
2070 4084 2332 4140 unquam
2362 4084 2622 4142 panema
2651 4068 2831 4125 calice
2843 4067 3589 4143 separamusinconsigna-

1930 4156 2108 4225 tione,
2142 4156 2257 4214 nisi
2288 4156 2388 4214 ubi
2437 4157 2751 4230 separatim
2802 4158 3184 4214 nominantur
3228 4158 3286 4213 in
3331 4157 3583 4215 Canens.
3624 4180 3635 4189 π

1934 4246 2019 4302 Ita
2042 4250 2238 4302 autem
2270 4246 2367 4302 illa
2394 4247 2790 4303 communiter
2818 4248 3226 4321 signamus,ut
3246 4250 3587 4322 erectapars

1931 4332 2142 4403 crucis,
2172 4339 2403 4391 tantum
2435 4352 2612 4408 super
2642 4352 2874 4409 panem,
2908 4339 3244 4392 transversa
3273 4340 3469 4393 autem
3494 4354 3589 4395 su-
3612 4364 3633 4377 ι

1931 4440 2035 4496 per
2064 4422 2303 4480 calicem
2344 4424 2745 4496 protendatur.
2777 4424 2924 4480 Nam
2974 4428 3164 4480 erecta
3213 4441 3348 4497 pars
3395 4425 3587 4483 crucis

1933 4528 2145 4584 corpus
2177 4510 2543 4569 Dominicum
2572 4512 2887 4582 sustinuit;
2918 4517 3253 4571 transversa
3284 4519 3480 4571 autem
3499 4515 3585 4588 ip-

1932 4599 2058 4657 sius
2071 4600 2311 4656 brachia
2326 4601 2800 4659 distendit.Unde
2816 4606 2874 4658 et
2885 4601 3046 4659 Calix
3058 4619 3313 4676 congrue
3325 4604 3434 4661 sub
3450 4604 3586 4660 bra-

1930 4687 2061 4745 cbio
2094 4689 2225 4760 ejus
2252 4688 2589 4758 collocatur,
2621 4691 2793 4764 quasi
2824 4692 2896 4753 de
2925 4690 3105 4747 latere
3137 4692 3585 4750 Dominicosan-

1935 4778 2172 4852 guinem
2204 4777 2435 4834 Domini
2484 4784 2890 4854 suscepturus.
2926 4779 3071 4835 Cum
3103 4781 3357 4838 dicimus
3390 4800 3403 4839 :
3435 4784 3589 4840 Hanc
3698 4828 3703 4841 .

1933 4867 2109 4937 igitur
2145 4868 2495 4936 oblationem,
2526 4885 2716 4942 usque
2748 4869 2819 4925 ad
2868 4868 3052 4924 altare
3103 4868 3481 4940 inclinamur,
3512 4872 3586 4928 ad
3632 4892 3657 4907 π

1933 4956 2229 5029 exemplar
2258 4955 2601 5031 Christi,qui
2632 4975 2695 5014 se
2725 4955 3056 5014 humiliavit
3074 4974 3180 5030 pro
3210 4959 3380 5013 nobis
3400 4975 3587 5031 usque

1934 5045 2006 5102 ad
2030 5049 2278 5103 mortem
2312 5047 2526 5103 crucis.
2548 5046 2738 5103 Erecti
2768 5051 2966 5103 autem
2992 5062 3126 5101 cum
3156 5045 3409 5102 dicimus
3435 5061 3449 5101 :
3481 5048 3584 5102 Be-

1932 5135 2222 5203 nedictum,
2254 5137 2898 5208 ascriptam,ratam,tres
2928 5151 3129 5191 cruces
3161 5150 3338 5207 super
3360 5138 3586 5191 utrum-

1934 5240 2048 5296 que
2077 5223 2255 5279 simul
2289 5223 2556 5280 facimus.
2588 5225 2715 5281 Non
2764 5224 2920 5289 enim
2970 5222 3064 5278 hic
3103 5221 3228 5279 sola
3258 5221 3453 5280 oblata
3505 5222 3583 5280 si-

1932 5313 2168 5387 gnanda
2225 5318 2332 5382 est,
2391 5318 2456 5369 ut
2511 5313 2755 5385 quidam
2814 5312 3057 5381 iaciunt,
3106 5312 3209 5368 sed
3269 5315 3585 5386 utrumque

1931 5401 2199 5474 signatur
2228 5402 2287 5457 in
2318 5401 2632 5459 oblatione.
2682 5402 2828 5457 Nam
2877 5401 3166 5473 sequitur.
3197 5404 3259 5457 ut
3302 5402 3459 5459 nobis
3486 5402 3585 5475 ﬁat

1930 5506 2127 5563 corpus
2168 5498 2221 5549 et
2247 5491 2496 5562 sanguis,
2530 5488 2903 5560 subauditur,
2934 5489 3058 5547 haec
3088 5488 3323 5549 oblatio.
3353 5491 3425 5548 Et
3470 5491 3580 5550 hoc
