3968 6126
402 305 529 372 987

1780 297 2094 369 MONUM.
2138 300 2456 369 LITURG.

408 462 544 503 cum
576 441 809 513 dicitur,
841 449 1054 520 quarta
1077 461 1218 504 crux
1255 460 1433 520 super
1474 460 1711 525 panem,
1742 448 1801 501 et
1848 444 2056 517 quinta
2082 438 2138 506 Α
2167 441 2226 496 in
2255 440 2467 498 Christi
2500 446 2686 501 morte
2714 441 2999 518 redempti
3030 448 3189 513 sunt,
3220 446 3278 503 et
3309 442 3370 503 in
3400 441 3627 503 Christo
3659 443 3829 501 hanc

407 553 585 609 super
613 534 854 593 calicem
887 536 1201 609 separatim
1233 534 2053 608 imponitur.Congrueautem

408 626 572 700 prius
603 630 722 682 tres
754 629 982 681 tantum
1027 642 1227 681 cruces
1254 640 1431 697 super
1460 628 1773 696 utrumque
1811 623 2056 679 fecimus

409 714 716 783 [facimus],
752 713 887 769 licet
927 713 1186 786 quinque
1235 730 1403 769 voces
1454 713 1524 767 ad
1573 713 1743 785 signa
1790 712 2056 767 facienda

404 802 845 879 aequipollentes
870 802 1242 861 haberemus.
1272 802 1332 857 id
1360 805 1469 867 est,
1501 801 1847 857 Benedictum
1875 802 2052 856 ascri-

400 899 573 966 ptarr,
608 896 806 959 ratam,
842 892 1249 957 rationabilem,
1277 891 1678 962 acceptabilem,
1702 888 1970 945 videlicet
1990 894 2056 944 ut

404 981 742 1058 quinarium
775 997 1088 1037 numerum
1123 997 1237 1036 non
1272 979 1766 1045 excederemus,et
1785 978 2049 1050 quintam

332 1110 369 1143 ε
402 1086 636 1128 crucem
667 1086 843 1143 super
871 1069 1112 1126 calicem
1144 1068 1313 1140 quasi
1360 1067 1550 1140 quinti
1597 1067 1853 1123 vulneris
1896 1067 2052 1122 indi-

401 1161 711 1230 cem,unde
740 1158 982 1232 sanguis
998 1156 1691 1230 proﬂuxit,competenter
1705 1158 2048 1214 faceremus.

480 1268 615 1323 CAP.
648 1267 763 1322 XV.
798 1299 865 1306 ——
899 1270 974 1320 De
1003 1266 1309 1336 acceptione
1338 1264 1635 1320 oblationis
1664 1265 1723 1318 in
1750 1280 1965 1317 manus.

471 1373 691 1429 Deinde
722 1372 891 1445 panis
920 1372 978 1427 in
1007 1388 1217 1426 manus
1235 1371 1601 1443 accipitur,et
1630 1374 1943 1441 antequam
1967 1387 2050 1424 re-

398 1467 655 1535 ponatur
685 1461 743 1516 in
775 1459 1515 1528 altare,benedicitur.ltem
1537 1464 1595 1515 et
1624 1458 1771 1514 calix
1793 1457 2049 1514 elevatus

398 1555 533 1608 ante
554 1551 975 1624 depositionem
990 1548 1521 1605 benedicitur.Nam
1545 1552 1601 1603 et
1621 1547 1746 1619 ipse
1764 1547 2049 1602 Dominus

396 1641 457 1697 in
473 1639 784 1713 Evangelia
798 1643 1116 1710 utrumque
1130 1638 1342 1710 legitur
1353 1637 1721 1694 benedixisse
1734 1640 2045 1707 antequam

397 1729 720 1785 dimitteret
749 1744 780 1783 e
809 1728 1363 1799 manibus.Accepta
1391 1725 1548 1781 enim
1581 1726 1639 1780 in
1664 1725 1937 1780 manibus
1957 1725 2049 1781 be-

396 1816 641 1884 nedixit,
676 1820 878 1887 postea
907 1814 1212 1887 discipulis
1244 1815 1404 1870 dedit
1435 1814 1639 1885 (Matth.
1672 1814 1848 1883 xxw).
1882 1814 2048 1879 Item,
2079 1806 2126 1871 Β

397 1906 497 1962 ubi
525 1906 742 1962 dicitur
774 1921 787 1958 :
822 1906 1064 1959 Hostiam
1107 1920 1327 1975 puram,
1358 1902 1591 1959 hostiam
1635 1907 1901 1969 sanctam,
1943 1902 2044 1957 ho-

345 1995 569 2050 ..stiam
599 1993 1153 2055 immaculatam,tres
1184 2006 1385 2045 cruces
1418 2006 1596 2062 super
1624 1994 1942 2060 utrumque
1973 1988 2046 2044 si-
2100 2040 2110 2053 ,

398 2082 522 2139 mul
554 2080 822 2148 facimus,
855 2079 995 2152 quia
1043 2083 1099 2134 et
1131 2083 1448 2150 utrumque
1492 2077 1665 2133 simul
1716 2077 1772 2133 in
1822 2078 2041 2133 eisdem

394 2170 588 2228 verbis
620 2168 1025 2242 intelligimus.
1055 2169 1331 2232 Quartam
1364 2172 1562 2223 autem
1606 2183 1835 2222 crucem
1867 2183 2045 2239 super

394 2275 629 2333 panem,
660 2262 717 2315 et
760 2258 1027 2331 quintam
1076 2273 1254 2330 super
1290 2256 1527 2313 calicem
1562 2256 1877 2327 separatim
1910 2255 2041 2309 inﬁ-

395 2350 612 2423 gimus,
631 2346 842 2404 iterum
872 2346 1221 2420 sanguinem
1245 2345 1613 2401 Dominicum
1640 2345 1710 2400 de
1741 2344 1919 2400 latere
1941 2344 2044 2400 Do-

394 2438 611 2495 minico
641 2438 1025 2511 proﬂuentem
1057 2435 1453 2508 designantes.

443 2546 577 2601 CAP.
606 2542 749 2598 XVI.
784 2574 850 2583 —
880 2542 953 2597 De
982 2541 1493 2623 commemoratione
1534 2542 1833 2595 Dominicaz
1858 2556 1986 2612 pas-

1120 2627 1309 2665 διοηῑδ.

464 2718 794 2776 Notandum
830 2722 1025 2773 autem
1060 2734 1163 2790 per
1190 2720 1376 2772 totum
1409 2718 1702 2773 Cononem
1732 2717 2040 2774 Dominicaa

393 2807 689 2883 passionis
718 2806 1332 2863 commemorationem
1369 2806 1746 2877 potissimum
1790 2807 2039 2878 actitari,

388 2900 559 2973 juxta
584 2895 813 2952 Domini
835 2898 1199 2967 praeceptum
1232 2893 1291 2948 in
1312 2894 1622 2967 Evangelia
1643 2912 1656 2950 :
1676 2894 2039 2967 Ilwc,inquit,

398 2987 815 3060 quotiescunque
869 2985 1128 3056 feceritis,
1175 2985 1237 3037 in
1292 2984 1404 3039 mei
1460 2985 1784 3039 memoriam
1831 2986 2044 3057 facietis

398 3075 606 3150 (Matth.
658 3089 825 3141 xxv1;
880 3074 1004 3128 Luc.
1050 3073 1188 3144 xu);
1239 3076 1297 3128 et
1342 3071 1490 3128 illud
1540 3072 1847 3145 Apostoli:
1901 3075 2040 3143 Quo-

2165 529 2345 587 vitam
2378 532 2825 589 ﬁnierunt.Cum
2851 538 3048 591 autem
3062 535 3332 591 sacerdos
3352 551 3551 591 vocem
3573 532 3829 599 exultat,

2166 620 2554 678 dicenszNobis
2574 638 2786 695 quoque
2803 625 3189 695 peccatoribus,
3209 624 3611 680 centurionem
3643 622 3827 679 illum
3866 636 3883 646 ‘

2165 708 2434 780 designat
2479 711 2579 782 qui
2622 712 2748 767 visa
2795 717 2984 769 morte
3029 713 3247 769 Christi
3291 729 3489 769 vocem
3515 711 3825 776 exaltavit,

2163 797 2409 855 dicendo
2445 816 2458 854 :
2501 802 2626 856 Vere
2653 801 2829 857 Filius
2858 803 2956 858 Dei
2984 810 3102 858 erat
3130 803 3250 858 iste.
3272 802 3414 858 Tres
3443 818 3577 858 vero
3608 817 3827 857 cruces
3859 822 3880 829 ο

2164 903 2340 959 super
2363 904 2574 960 corpus
2605 894 2663 945 et
2689 890 3036 963 sanguinem
3067 890 3462 946 communiter
3491 889 3648 953 facit,
3676 904 3820 945 cum

2163 974 2303 1031 dicit
2337 995 2349 1032 :
2380 977 2719 1048 Sanctiﬁcas,
2767 979 3033 1049 viviﬁcas,
3084 979 3371 1044 benedicis,
3419 979 3478 1034 in
3526 978 3817 1035 honorem

2162 1070 2375 1121 sanctas
2408 1066 3090 1124 Trinitatis.Posteacum
3104 1084 3342 1141 corpore
3353 1066 3660 1124 Dominico
3678 1083 3819 1139 qua.

2160 1158 2294 1210 tuor
2324 1172 2526 1211 cruces
2556 1172 2733 1229 super
2781 1156 3020 1213 calicem
3074 1156 3343 1224 facimus,
3374 1155 3621 1212 dicendo
3658 1172 3674 1211 :
3707 1158 3816 1211 Per

2162 1246 2343 1314 ipsum
2394 1249 2445 1300 et
2490 1262 2615 1301 cum
2644 1247 2758 1316 ipso
2805 1249 2857 1301 et
2896 1247 2952 1301 in
2985 1247 3123 1316 ipso,
3153 1250 3211 1300 et
3243 1245 3513 1315 quintam
3538 1244 3599 1299 in
3629 1243 3811 1300 latere

2161 1332 2650 1401 calicis,videlicet
2670 1334 2882 1390 iterum
2912 1332 3125 1390 vulnus
3151 1332 3383 1389 Domini
3404 1332 3605 1389 lateris
3626 1332 3810 1405 signi-

2160 1422 2576 1479 ﬁcando.Unde
2607 1428 2665 1479 et
2694 1421 2934 1479 calicem
2950 1439 3018 1478 ex
3038 1423 3241 1477 eodem
3260 1421 3438 1478 latere
3459 1438 3596 1477 cum
3616 1420 3808 1476 oblata
3847 1433 3871 1445 κ

2157 1512 2457 1583 tangimus
2461 1512 2485 1583 j
2496 1515 2633 1567 uxta
2646 1513 2974 1568 Romanum
2987 1509 3460 1567 Ordinem.Multi
3478 1514 3675 1566 tamen
3689 1514 3819 1565 tnes‘

2158 1604 2389 1655 tantum
2422 1616 2623 1656 cruces
2653 1616 2830 1671 super
2860 1599 3100 1656 calicem
3122 1602 3179 1656 et
3209 1600 3355 1656 duas
3385 1599 3444 1654 in
3475 1597 3659 1655 latere
3679 1599 3806 1669 ejus

2158 1688 2506 1755 faciunt;sed
2538 1687 2765 1743 videtur
2795 1688 3204 1760 incongruum,
3220 1705 3355 1744 cum
3386 1687 3654 1745 Christus
3674 1685 3804 1742 nul-

2156 1775 2281 1832 lum
2310 1775 2526 1834 vulnus
2556 1777 2616 1832 in
2640 1775 2818 1832 latere
2848 1776 3121 1833 habuerit
3149 1776 3261 1833 nisi
3293 1776 3618 1833 unum.Sed
3649 1791 3801 1832 reve-

2154 1866 2344 1922 rendae
2364 1865 2656 1922 memoria
2674 1865 2989 1938 Gregorius
3006 1883 3154 1938 papa
3167 1866 3393 1932 fecit,ut
3405 1864 3802 1939 pradiximus,

2154 1955 2308 2026 quod
2342 1956 2549 2011 beatus
2577 1953 2892 2011 Anselmus
2924 1955 3204 2011 Lucensis
3220 1954 3531 2027 episcopus
3554 1953 3804 2009 itaabeo

2154 2060 2216 2100 se
2245 2044 2522 2101 didicisse
2553 2047 2802 2100 testatus
2835 2048 2946 2101 est.
2980 2047 3037 2100 et
3066 2044 3175 2099 hoc
3204 2043 3288 2099 ita
3332 2059 3563 2116 semper
3600 2042 3804 2098 obser-

2152 2132 2325 2201 vavit,
2351 2133 2636 2206 nobisque
2665 2133 2867 2189 itidem
2897 2133 3326 2189 observandum
3356 2131 3696 2187 firmissime
3722 2128 3806 2187 iu-

2152 2221 2572 2278 culcavit.Cum
2604 2221 2876 2278 dicimus:
2894 2227 3001 2277 Per
3027 2223 3215 2278 omnia
3237 2222 3438 2277 saeada
3455 2220 3802 2286 saeculorum,

2151 2327 2365 2383 corpus
2396 2328 2529 2367 cum
2561 2310 2739 2366 calice
2759 2310 3315 2379 levamus,etstatim
3348 2310 3407 2365 in
3439 2309 3605 2366 altari
3631 2309 3807 2381 depo-
3840 2330 3867 2342 κ

2152 2399 2268 2455 sita
2294 2398 2841 2472 coeperimuszouia
2868 2403 2927 2455 et
2953 2398 3171 2469 Joseph
3201 2414 3417 2471 corpus
3429 2397 3802 2455 Dominicum

2152 2490 2224 2545 de
2253 2505 2424 2544 cruce
2461 2488 2687 2556 levavit,
2722 2492 2779 2543 et
2822 2488 2880 2542 in
2930 2486 3196 2559 sepulcro
3243 2486 3574 2559 depositum
3607 2485 3803 2558 lapide

2152 2578 2468 2650 coeperuit.
2511 2577 2828 2649 Hucusquc
2871 2576 3020 2633 calix
3067 2594 3171 2649 pro
3219 2575 3447 2632 cautela
3492 2579 3802 2648 coopertus

2149 2666 2420 2722 videbatu
2429 2666 2755 2737 r,deinceps
2767 2669 2965 2721 autem
2981 2665 3169 2737 magis
3181 2680 3283 2736 pro
3305 2662 3583 2736 mysterio
3594 2679 3801 2734 coope-
3834 2683 3853 2690 -

2152 2755 2322 2819 ritur,
2354 2753 2494 2826 quia
2523 2754 2675 2809 sicut
2704 2753 2970 2810 Christus
3003 2758 3123 2809 tres
3152 2753 3278 2809 dies
3310 2753 3368 2807 iu
3395 2751 3665 2824 sepulcro
3690 2752 3803 2807 fuit

2151 2847 2481 2916 coopertus,
2531 2843 2613 2899 ita
2662 2846 2720 2898 et
2765 2860 2872 2899 nos
2929 2858 3141 2915 corpus
3190 2841 3419 2897 Domini
3463 2845 3521 2897 et
3558 2839 3803 2897 calicem

2151 2931 2881 3004 cooperimus,usquedum
2904 2934 3023 2987 tres
3038 2929 3317 2986 articulos
3346 2930 3625 2986 orationis
3644 2945 3803 2986 com-

2153 3020 2440 3094 pleamus,
2475 3021 2689 3093 quippe
2716 3019 3113 3092 praefationem
3149 3018 3465 3075 Dominicis
3496 3018 3800 3085 orationis,

2151 3113 2208 3166 et
2236 3110 2425 3182 ipsam
2460 3108 2819 3165 Dominicum
2849 3108 3256 3177 orationem,et
3276 3106 3434 3163 illam
3453 3123 3581 3179 quae
3601 3106 3803 3179 sequi-

757 3162 2039 3271 ³ῗῖ²ί³ξςζμ²Ῐ²Ῡνξ⁸ἷ⁷Ϊξ
2071 3172 2115 3239 C
2150 3202 2267 3265 tur,
2299 3216 2425 3271 qua:
2456 3197 2705 3255 embolis
2743 3196 3052 3254 Dominicis
3094 3194 3374 3252 orationis
3404 3198 3798 3267 nuncupatur.

393 3255 601 3311 tiabitis
631 3253 679 3326 (1
702 3254 826 3311 Cor.
855 3251 933 3323 x).
966 3250 1129 3307 Unde
1154 3254 1212 3306 et
1242 3250 1366 3323 ipse
1408 3252 1680 3307 sacerdos
1718 3268 1823 3323 per
1848 3255 2038 3307 totum

352 3374 363 3381 ι
393 3343 687 3399 Canonem
718 3340 778 3396 in
808 3339 1161 3413 expansione
1209 3356 1492 3394 manuum
1524 3356 1637 3395 non
1671 3343 1791 3396 tam
1826 3341 2040 3396 mentis

393 3431 762 3487 devotionem
792 3445 970 3501 quam
1002 3428 1212 3485 Christi
1246 3427 1642 3484 extensionem
1664 3428 1723 3484 in
1754 3446 1923 3484 cruce
1944 3431 2040 3485 de-

393 3520 607 3592 signat,
633 3518 805 3589 juxta
837 3516 980 3572 illud
1016 3533 1030 3571 :
1076 3517 1328 3589 Expandi
1377 3534 1575 3572 manus
1612 3533 1760 3572 meas
1791 3523 1900 3573 tota
1928 3518 2035 3573 die.

390 3609 517 3681 (lsa.
552 3606 830 3677 va).Non
863 3620 999 3677 ergo
1020 3605 1185 3677 digiti
1220 3610 1361 3660 sunt
1390 3604 2039 3678 contrahendisemper,

390 3700 456 3751 ut
485 3694 723 3768 quidam
759 3711 873 3766 prae
905 3693 1090 3748 nimia
1132 3692 1358 3748 cautela
1407 3693 1646 3749 faciunt.
1682 3692 1830 3750 Male
1881 3695 2039 3751 enim

389 3784 545 3842 cauti
577 3799 807 3852 sumus,
840 3781 888 3837 si
934 3780 1229 3838 Christum
1259 3780 1477 3837 imitari
1523 3798 1894 3855 summopere
1924 3797 2039 3839 non

390 3873 618 3929 studem
628 3889 717 3928 us.
736 3872 850 3928 Con
858 3887 1072 3943 gruum
1087 3887 1223 3944 ergo
1237 3874 1325 3926 est
1337 3874 1401 3925 ut
1417 3887 1629 3926 manus
1640 3872 2041 3945 expendamus

388 3963 543 4018 infra
569 3959 1005 4029 Canonem,hoc
1022 3963 1219 4016 tamen
1251 3960 1556 4015 observato
1586 3977 1657 4016 ne
1679 3960 1817 4034 quid
1839 3961 2040 4035 digitis

388 4056 701 4125 tangamus
716 4054 922 4123 praeter
933 4049 1161 4105 Domini
1175 4065 1403 4121 corpus.
1436 4050 1766 4105 Notandum
1808 4067 2040 4124 quoque

318 4176 339 4185 ρ
389 4140 450 4196 in
480 4139 608 4213 ipso
638 4138 872 4194 Canone
897 4138 1233 4210 quinquies,
1267 4154 1370 4211 per
1398 4137 1693 4195 Christum
1725 4139 2039 4194 Dominum

390 4231 681 4295 nostrum,
706 4225 907 4282 haberi
924 4244 937 4294 ;
957 4226 1085 4282 etin
1104 4227 1235 4297 ipsa
1246 4225 1515 4297 quinaria
1533 4226 1903 4283 conclusione
1923 4244 2040 4282 non

389 4317 709 4388 incongrue
739 4315 1070 4386 quinariam
1087 4313 1318 4369 Domini
1334 4313 1796 4369 vulnerationem
1810 4313 2041 4371 intima-

392 4402 775 4474 ri.Presbyter
804 4406 999 4457 autem
1030 4416 1243 4456 manus
1268 4416 1397 4455 raro
1430 4401 1721 4456 remittere
1752 4401 2039 4469 solet,nisi

392 4506 529 4547 cum
559 4488 887 4545 necessario
917 4489 1278 4560 propositam
1309 4487 1660 4545 oblationem
1701 4491 2041 4547 benedicere

393 4575 895 4648 debet.Presbyter
918 4580 977 4631 et
1006 4574 1471 4633 humiliatiouem
1505 4576 1734 4631 Domini
1761 4594 1947 4651 usque
1966 4578 2039 4634 ad

394 4682 647 4736 crucem,
672 4669 738 4720 ut
766 4664 1341 4737 praadiximusmobis
1370 4664 1751 4731 indicat,cum
1769 4683 1831 4723 se
1853 4682 2041 4740 usque

393 4756 468 4813 ad
500 4754 681 4811 altare
711 4752 972 4821 inclinat,
1002 4754 1246 4810 dicendo
1282 4770 1294 4809 :
1330 4756 1477 4810 Hanc
1517 4771 1642 4827 ergo
1685 4755 2039 4813 oblationem.

324 4872 345 4885 ι
394 4844 605 4902 Statim
632 4843 788 4900 enim
839 4843 895 4897 in
941 4842 1323 4915 sequentibus
1354 4845 1610 4901 narratio
1640 4848 1711 4901 de
1746 4846 2044 4901 Dominica

396 4935 668 5009 passione
698 4931 1022 5002 ordinatur,
1053 4933 1223 5005 cujus
1252 4936 1425 5006 typus
1441 4950 1629 5006 usque
1659 4935 1731 4989 ad
1761 4935 2043 5007 Supplices

393 5027 446 5081 te
493 5038 765 5097 rogamus,
805 5021 1166 5078 observatur.
1218 5020 1302 5077 Ibi
1349 5022 1615 5078 videlicet
1661 5024 1933 5079 sacerdos
1981 5040 2043 5080 se

342 5144 361 5151 ι
389 5113 563 5184 juxta
590 5112 770 5168 altare
795 5110 1110 5177 inclinans,
1144 5110 1443 5167 Christum
1474 5111 1532 5166 in
1564 5129 1735 5167 cruce
1764 5111 2042 5168 inclinato

398 5200 586 5272 capite
614 5199 888 5273 spiritum
920 5198 1231 5255 tradidisse
1258 5200 1569 5273 significat.

470 5322 597 5378 Οιρ.
626 5322 793 5379 XVII.
824 5355 894 5365 —
920 5325 998 5379 De
1023 5326 1531 5380 commemoratione
1557 5326 1896 5380 mortuorum
1923 5334 1976 5383 et

521 5393 751 5464 reliquis
779 5395 1135 5450 observantiis
1164 5411 1333 5468 usque
1363 5397 1419 5450 in
1452 5396 1618 5467 ﬁnem
1645 5398 1906 5453 Canonis.

473 5496 607 5552 Post
636 5503 880 5557 mortem
910 5502 1122 5558 Christi
1140 5502 1199 5557 in
1222 5518 1390 5558 cruce
1407 5505 1882 5560 commemoratio
1895 5522 2045 5563 mor-

398 5589 633 5642 tuorum
664 5588 1061 5660 subsequitur,
1092 5592 1231 5662 quia
1262 5608 1366 5648 nec
1397 5590 1645 5650 aliorum
1676 5597 2042 5650 mortuorum

400 5673 849 5752 [defunctorum]
879 5681 1354 5738 commemoratio
1384 5683 1611 5755 agenda
1639 5687 1750 5755 est,
1780 5682 1895 5742 nisi
1942 5682 2045 5756 qui

2146 3287 2324 3344 Juxta
2351 3288 2682 3349 Romanum
2716 3285 2981 3342 ordinem
3013 3302 3147 3341 enm
3175 3284 3419 3341 dicitur:
3443 3286 3519 3340 Et
3547 3284 3617 3339 ab
3647 3286 3800 3341 omni

2142 3377 2554 3448 perturbatione
2579 3374 2996 3447 securi,accipit
3022 3372 3468 3430 archidiaconus
3497 3390 3532 3429 a
3561 3372 3798 3429 subdia-

2148 3482 2294 3521 cono
2320 3469 2590 3538 patenam
2624 3464 2866 3531 nudam,
2885 3480 3063 3535 quam
3093 3461 3398 3535 acolythus
3425 3461 3794 3517 tenuitinvo-

2146 3554 2355 3619 lutam,
2387 3553 2710 3610 osculatam
2741 3553 2842 3607 dat
2863 3552 2963 3607 uni
2996 3568 3065 3606 ex
3089 3549 3433 3607 diaconibus
3457 3549 3801 3613 tenendam,

2149 3644 2220 3699 ad
2253 3642 2703 3699 contractionem
2747 3640 2807 3696 in
2839 3657 2909 3697 ea
2955 3639 3300 3695 faciendam.
3335 3638 3499 3695 Unde
3525 3638 3801 3695 sacerdos

2150 3731 2276 3788 sine
2307 3730 2577 3787 ministro
2606 3729 2947 3786 sacrificans
2976 3728 3049 3784 ad
3079 3725 3557 3784 eumdemlocum
3587 3742 3716 3783 eam
3730 3727 3804 3782 de

2149 3819 2551 3891 subcorporali
2584 3817 2989 3874 absconditam
3020 3816 3290 3880 resumit,
3310 3819 3368 3871 et
3396 3813 3719 3872 osculatam
3744 3814 3802 3870 in

2150 3909 2320 3966 altari
2349 3908 2606 3980 deponit,
2641 3912 2705 3963 ut
2750 3905 3003 3962 hostiam
3054 3904 3115 3961 in
3157 3920 3226 3960 ea
3274 3904 3625 3975 confringet.
3659 3906 3801 3959 Cum

2149 4002 2346 4054 autem
2375 3995 2544 4052 dicit:
2579 3997 2686 4051 Per
2713 3996 3004 4052 Dominum
3030 3992 3531 4065 nostrum,rumpit
3547 3990 3804 4048 hostiam

2149 4103 2217 4144 ex
2255 4088 2454 4142 dextro
2503 4083 2681 4140 latere
2703 4084 2875 4155 juxta
2922 4082 3199 4139 Ordinem
3249 4082 3322 4138 ad
3372 4079 3805 4153 designandam

2150 4173 2437 4230 Dominici
2487 4172 2687 4229 lateris
2734 4171 3197 4244 percussionem.
3247 4168 3468 4226 Deinde
3513 4168 3803 4239 majorem

2148 4261 2455 4335 partemin
2489 4262 2605 4317 duo
2635 4259 2970 4333 confringit,
2995 4263 3059 4314 ut
3088 4263 3208 4313 tres
3236 4257 3534 4330 portiones
3574 4256 3647 4311 de
3678 4272 3803 4312 cor-

2148 4367 2288 4423 pore
2319 4349 2622 4406 Dominico
2644 4347 2872 4403 efﬁcere
2885 4346 3242 4420 possit.Nam
3258 4344 3511 4400 unamin
3532 4343 3801 4410 calicem,

2150 4438 2414 4495 faciendo
2461 4453 2715 4504 crucem,
2760 4435 2990 4491 mittere
3038 4436 3229 4501 debet,
3279 4448 3414 4488 cum
3461 4431 3652 4488 dicit:
3684 4433 3806 4488 Pax

2069 4535 2117 4601 D
2147 4528 2455 4584 Dominisit
2478 4542 2690 4597 semper
2700 4523 3075 4593 vobiscum,ad
3090 4520 3522 4594 designandum
3538 4521 3805 4593 corporis

2149 4622 2208 4673 et
2235 4616 2442 4671 animae
2473 4612 2947 4686 coniunctionem
2999 4611 3061 4667 in
3100 4608 3522 4667 resurrectione
3563 4607 3808 4665 Christi.

2149 4705 2406 4761 Alteram
2437 4719 2571 4759 vero
2599 4702 2726 4775 ipse
2756 4701 3058 4774 presbyter
3084 4699 3413 4756 necessario
3439 4695 3645 4766 sumit,
3671 4694 3808 4753 ante

2150 4793 2350 4851 calicis
2382 4788 3082 4865 participationemjuxta
3097 4784 3465 4844 Dominicam
3484 4784 3809 4841 institutio-

2152 4900 2307 4940 nem.
2329 4880 2582 4937 Tertiam
2616 4883 2813 4935 autem
2844 4873 3371 4933 communicaturis
3399 4872 3520 4930 sive
3548 4873 3808 4931 inﬁrmis

2152 4969 2483 5029 necessario
2511 4965 2888 5033 dimittit,nec
2919 4964 3031 5021 hoc
3061 4964 3264 5036 utique
3295 4962 3423 5019 sine
3451 4959 3595 5017 certi
3626 4976 3811 5018 causa

2154 5054 2767 5133 mysterii.Tripliciter
2780 5053 2937 5110 enim
2958 5070 3170 5125 corpus
3193 5047 3804 5123 Dominiintelligitur:

2152 5164 2338 5205 unum
2392 5144 2547 5218 quod
2581 5142 2898 5200 resurrexit
2925 5159 2961 5197 a
3011 5140 3285 5206 mortuis,
3311 5137 3468 5211 quod
3506 5137 3810 5210 significat

2154 5234 2439 5311 particula
2484 5234 2543 5289 in
2574 5232 2925 5304 sanguinem
2956 5230 3175 5298 missa;
3209 5226 3393 5294 aliud,
3424 5223 3579 5298 quod
3610 5224 3809 5282 adhuc

2150 5325 2291 5381 vivit
2320 5323 2381 5380 in
2410 5327 2585 5391 terra,
2605 5319 3003 5393 significatum
3033 5334 3138 5391 per
3167 5312 3517 5389 particulam
3547 5329 3583 5369 a
3607 5329 3809 5371 sacer-

2153 5416 2285 5472 dote
2314 5412 2750 5482 consumptam;
2774 5405 3034 5472 tertium,
3058 5404 3214 5477 quod
3236 5404 3366 5475 jam
3395 5398 3717 5473 requiescit
3746 5402 3812 5458 in

2153 5502 2403 5570 Christo,
2435 5499 2591 5573 quod
2621 5502 2679 5554 et
2707 5514 2742 5553 a
2770 5494 2940 5552 tertia
2969 5491 3254 5568 particula
3287 5491 3346 5546 in
3376 5485 3547 5545 altari
3576 5495 3816 5548 servata

2153 5598 2286 5667 apte
2317 5592 2621 5665 ﬁguratur,
2652 5601 2830 5659 quam
2877 5584 3154 5641 viaticum
3195 5578 3570 5638 morientium
3603 5579 3815 5652 appet-

2153 5684 2273 5743 lare
2304 5680 2578 5741 solemus.
