3968 6126
148 346 337 423 989'

1585 347 2119 416 MICROLOGUS.

3436 342 3561 415 790

224 484 355 537 CAP.
387 477 588 537 XVIII.
621 511 691 520 —
724 478 800 536 De
828 477 1000 561 Panis
1044 479 1316 551 [motione
1343 489 1395 538 et
1424 485 1796 540 eommuniea-
1825 486 1880 553 Α
1910 491 2146 559 sumpto
2172 502 2411 561 corpore
2436 487 2756 557 Dominico,
2788 504 2823 545 a
2867 484 3067 544 calicis
3118 484 3558 561 participatione

887 554 1050 608 tione.

223 658 815 723 Postimmissionem
837 663 1032 715 autem
1065 660 1234 732 panis
1266 658 1326 714 in
1354 659 1648 731 calicem,j
1662 666 1797 718 uxta

154 750 483 807 Romanum
532 748 831 816 Ordinem,
864 747 1007 804 dicit
1044 748 1318 804 sacerdos
1366 748 1476 804 sub
1527 749 1791 806 silentio:

147 841 269 895 Fiat
306 839 609 895 commistio
646 845 700 893 et
747 839 1076 915 conserratio
1124 839 1366 910 corporis
1410 845 1460 893 et
1505 841 1797 908 sanguinis

148 928 370 985 Domini
396 928 572 983 nostri
589 928 712 982 Jesu
746 929 964 983 Christi.
989 928 1197 982 Beatus
1224 926 1594 982 Innocentius
1625 944 1795 1000 papa,

149 1016 207 1072 in
237 1016 442 1073 ordine
473 1015 961 1088 quadragesimus
983 1016 1244 1087 quintus,
1267 1015 1573 1072 constituit
1594 1034 1797 1088 pacem

152 1104 273 1163 dari
306 1108 439 1178 post
478 1104 901 1162 confectionem
948 1100 1469 1162 sacramentorum.
1521 1112 1664 1161 Cum
1697 1124 1796 1179 pa-

154 1210 278 1251 cem
310 1194 543 1261 damus,
585 1193 775 1251 dicere
816 1193 1102 1250 solemus:
1155 1196 1275 1249 Pax
1308 1203 1503 1250 tecum.
1540 1196 1796 1268 Respon-

152 1284 274 1340 sio:
307 1285 525 1339 Etcum
551 1284 753 1356 spiritu
779 1287 891 1339 tuo.
924 1284 1186 1356 Congrue
1229 1288 1425 1339 autem
1476 1302 1587 1357 pax
1628 1285 1801 1339 datur

150 1376 284 1435 ante
316 1371 814 1440 communionem,
849 1372 987 1445 quia
1008 1371 1301 1443 judicium
1343 1372 1453 1429 sibi
1486 1374 1803 1429 manducet

148 1466 204 1518 et
232 1460 384 1518 bibit
412 1460 749 1534 quicunque
781 1478 895 1517 non
928 1461 1091 1534 prius
1124 1461 1289 1518 fratri
1339 1479 1445 1518 suo
1474 1463 1800 1534 repaciﬁca-

149 1554 268 1618 tus,
296 1550 739 1625 communicare
776 1551 1235 1623 praesumpserit.
1268 1551 1507 1623 Sergius
1536 1568 1706 1623 papa,
1740 1552 1799 1606 in

150 1639 358 1697 ordine
388 1639 781 1711 octogesimus
808 1644 1025 1707 sextus,
1059 1639 1518 1696 constituitutin
1543 1644 1801 1712 tempore

150 1726 563 1784 confractionis
594 1727 879 1783 Dominici
913 1727 1172 1799 corporis
1215 1730 1400 1799 Agnus
1460 1730 1559 1783 Dei
1588 1746 1621 1783 a
1651 1727 1800 1784 clero

150 1820 205 1872 et
230 1816 450 1889 populo
476 1817 837 1873 decantetur.
872 1815 1156 1872 Videlicet
1183 1820 1247 1871 ut
1276 1815 1375 1871 ille
1406 1818 1575 1873 nobis
1609 1817 1804 1889 propi-

150 1904 350 1971 tietur,
383 1906 553 1976 cujus
600 1921 813 1977 corpus
846 1904 923 1960 ibi
973 1905 1259 1978 confringi
1297 1905 1565 1961 videmus
1590 1910 1647 1961 et
1676 1922 1799 1961 cre-

152 1994 374 2055 dimus.
412 1995 586 2050 Facta
626 1999 823 2050 autem
874 1994 1285 2062 confractione,
1335 1995 1549 2050 debent
1600 2011 1804 2051 omnes

152 2083 610 2151 communicare,
644 2083 877 2140 interim
909 2100 1043 2139 cum
1077 2088 1131 2140 et
1160 2084 1484 2156 antiphona
1515 2088 1804 2154 cantatur,

154 2189 286 2245 quin
317 2172 389 2228 de
419 2173 829 2228 communione
862 2188 1075 2228 nomen
1100 2172 1407 2241 mutuavit,
1443 2173 1533 2228 cui
1566 2177 1621 2229 et
1651 2171 1803 2245 psal-

152 2278 292 2319 mus
322 2257 775 2334 subjungend'us
805 2267 893 2317 est
914 2277 1045 2317 cum
1073 2261 1261 2318 Gloria
1288 2264 1464 2327 Patri,
1499 2261 1546 2318 si
1571 2278 1807 2318 necesse

153 2351 353 2408 fuerit.
385 2350 700 2407 Sciendum
730 2354 927 2406 autem
949 2350 1213 2405 eamdem
1246 2349 1640 2424 Antiphonem
1665 2367 1808 2406 sem-

153 2455 259 2513 per
284 2440 556 2496 eumdem
579 2439 873 2513 psalmum
906 2454 1040 2495 cum
1064 2438 1310 2494 Introitu
1342 2439 1577 2508 habere,
1612 2440 1660 2494 si
1692 2456 1806 2495 non

156 2527 339 2585 habet
365 2528 666 2601 proprium
684 2545 753 2584 ex
774 2544 889 2599 quo
912 2531 1148 2598 sumpta
1166 2527 1448 2583 videatur.
1475 2528 1810 2585 Orationem

156 2633 345 2690 quam
362 2615 625 2673 inclinati
642 2616 917 2683 dicimus,
941 2619 1257 2687 antequam
1281 2617 1810 2685 communicemus,

103 2726 137 2742 -
158 2723 278 2763 non
302 2722 371 2763 ex
391 2706 616 2773 ordine,
641 2704 743 2761 sed
765 2723 832 2761 ex
858 2705 1265 2778 religiosorum
1296 2706 1609 2763 traditione
1641 2706 1817 2763 habe-

161 2811 322 2863 mus,
355 2794 580 2851 scilicet
607 2794 759 2850 hanc
783 2811 796 2849 :
826 2795 1056 2850 Domine
1083 2796 1237 2851 Iesus
1267 2794 1492 2860 Christe.
1512 2798 1606 2868 qui
1633 2813 1701 2851 ex
1731 2813 1816 2851 vo-

164 2883 383 2939 luntate
407 2884 611 2938 Patris.
640 2881 784 2938 Item
809 2886 865 2938 et
894 2882 1037 2938 illud
1065 2900 1077 2938 :
1114 2884 1317 2955 Corpus
1341 2892 1391 2939 et
1418 2887 1701 2956 sanguinis
1722 2887 1815 2940 Do-

167 2974 321 3029 mini
347 2973 522 3027 nostri
565 2972 689 3027 Jesu
720 2970 939 3039 Christi,
1000 2972 1155 3043 quod
1203 2971 1454 3028 dicimus
1501 2989 1635 3028 cum
1687 2972 1816 3029 aliis

168 3060 599 3117 Eucharistiam
643 3059 1073 3115 distribuimus.
1133 3060 1285 3115 Sunt
1337 3064 1395 3115 et
1435 3059 1559 3115 alia:
1622 3061 1816 3117 multae

168 3148 467 3205 orationes
497 3165 646 3221 quas
674 3148 912 3220 quidem
935 3149 1005 3204 ad
1032 3164 1233 3220 pacem
1256 3153 1311 3203 et
1342 3149 1816 3205 communionem

1905 590 1967 629 se
1997 575 2360 632 abstinerent
2389 578 2488 647 (6).
2537 578 2682 633 Nam
2714 580 2771 633 et
2800 577 2925 649 ipse
2967 576 3026 631 in
3075 576 3281 632 eodem
3326 576 3558 631 decreto

1905 663 2150 719 asserit:
2187 686 2215 713 «
2266 665 2618 736 Hujusmodi
2649 669 3150 722 sacramentorum
3199 663 3405 719 divisio
3433 663 3558 745 sine

1905 752 2111 824 grandi
2144 753 2446 824 sacrilegio
2473 754 2772 825 provenire
2801 770 2915 809 non
2941 753 3217 825 poterit.»
3240 753 3559 824 Postquam

1905 857 2109 896 omnes
2141 843 2718 907 communicaverint,
2772 842 2914 898 dicit
2943 841 3216 897 sacerdos
3249 841 3401 897 hanc
3430 858 3559 897 ora-

1907 929 2127 985 tionem
2178 931 2286 986 sub
2338 930 2594 998 silentio,
2631 933 2806 1001 juxta
2858 932 3187 986 Romanum
3237 929 3561 986 Ordinem:

1908 1018 2058 1087 Quod
2105 1035 2195 1074 ore
2240 1021 2591 1080 sumpsimus.
2640 1021 2765 1085 Qua
2814 1019 3000 1087 ﬁnita,
3053 1019 3321 1091 sequitur
3373 1019 3558 1074 oratio

1908 1107 2026 1163 sive
2057 1108 2345 1169 orationis
2400 1112 2529 1178 post
2572 1106 3054 1171 gommunionem
3105 1106 3384 1173 dicendas,
3435 1124 3561 1179 qua:

1909 1197 2110 1266 eodem
2148 1213 2391 1252 numero
2422 1202 2479 1252 et
2516 1197 2719 1252 ordine
2766 1196 3128 1251 orationibus
3176 1200 3309 1251 ante
3357 1195 3560 1252 lectio—

1910 1303 2064 1354 nem,
2125 1287 2244 1341 sive
2292 1303 2394 1357 pro
2454 1289 2677 1341 secreta
2730 1289 2863 1340 ante
2913 1285 3307 1357 praefationem
3364 1285 3563 1353 dictis,

1908 1374 2123 1429 debent
2153 1374 2522 1446 respondere.
2558 1375 2690 1438 Quae
2740 1374 2941 1446 utique
2979 1375 3271 1431 orationes
3322 1392 3436 1431 non
3460 1392 3562 1447 pro

1909 1462 2001 1518 his
2027 1462 2124 1533 qui
2145 1462 2635 1518 communicaturi
2660 1468 2819 1531 sunt,
2854 1465 2955 1519 sed
2980 1465 3217 1536 quijam
3241 1464 3566 1520 communi-

1909 1556 2203 1618 caverunt,
2246 1552 2416 1623 juxta
2468 1553 2880 1625 proprietatem
2933 1554 3023 1608 sui
3077 1552 3330 1608 nominis
3362 1557 3561 1626 agunt.

1908 1640 2056 1713 Ergo
2107 1644 2165 1695 et
2206 1645 2341 1695 ante
2389 1642 2548 1713 ipsas
2594 1641 3029 1698 communicare
3082 1658 3195 1697 non
3246 1641 3564 1715 negligant,
3646 1658 3651 1662 θ

1911 1729 2251 1800 quicunque
2298 1731 2639 1785 earumdem
2686 1730 3016 1785 orationum
3048 1730 3452 1785 benedictione
3484 1730 3566 1785 fo-

1909 1816 2028 1874 veri
2056 1818 2407 1873 desiderant.
2439 1819 2542 1873 I-Iis
2590 1819 2670 1872 ita
2715 1818 2917 1885 ﬁnitis,
2952 1818 3364 1889 subsequitur:
3397 1820 3567 1874 Bene-

1914 1906 2158 1963 dicamus
2212 1908 2464 1974 Domino,
2496 1907 2616 1963 vel:
2664 1909 2741 1963 Ite
2781 1909 2951 1963 missa
2980 1912 3098 1963 est:
3141 1908 3189 1962 si
3235 1911 3431 1964 tamen
3461 1905 3567 1963 ali-

1913 1996 2070 2068 quod
2116 1996 2330 2051 festum
2365 1996 2558 2059 fuerit,
2601 1996 2756 2068 quod
2790 1996 2977 2053 Gloria
3003 2000 3062 2052 in
3091 1997 3337 2058 excelsis.
3358 1996 3571 2052 habere

1915 2084 2195 2141 debuerit.
2251 2085 2624 2157 Respondent
2681 2102 2920 2141 omnes:
2981 2087 3086 2141 Deo
3142 2087 3350 2154 gratias
3397 2086 3571 2157 juxta

1919 2173 2285 2246 Apostolum,
2321 2191 2425 2246 pro
2456 2172 2683 2229 collatis
2714 2172 3014 2230 beneﬁciis
3060 2174 3279 2245 gratias
3309 2178 3568 2247 agentes.

2062 2263 2193 2317 CAP.
2228 2262 2336 2317 ΧΧ.
2371 2294 2436 2302 -
2470 2264 2731 2334 Repetitio
2761 2279 2795 2317 a
2822 2264 3199 2335 superioribus
3228 2265 3425 2318 misse.

1992 2351 2064 2406 Ut
2086 2356 2280 2406 autem
2305 2369 2338 2406 a
2356 2350 2755 2423 superioribus
2772 2350 3203 2422 aliquantulum
3219 2354 3570 2424 repetamus,

1923 2444 2232 2511 postquam
2265 2440 2537 2496 sacerdos
2555 2440 3040 2496 resurrectionem
3062 2440 3291 2496 Domini
3326 2456 3426 2513 per
3441 2456 3577 2497 con-

1915 2528 2280 2599 junctionem
2315 2528 2573 2601 corporis
2605 2531 2662 2583 et
2709 2528 3017 2600 sanguinis
3048 2527 3281 2583 Domini
3326 2529 3572 2585 denota-

1922 2616 2088 2683 verit,
2133 2617 2563 2688 subsequenter
2609 2615 2785 2671 etiam
2836 2633 3040 2689 pacem
3099 2616 3311 2689 populo
3371 2618 3576 2674 offerre

1924 2705 2114 2773 debet,
2152 2704 2304 2761 sicut
2334 2709 2391 2761 et
2420 2704 2686 2760 Christus
2726 2710 2858 2777 post
2887 2706 3370 2762 resurrectionem
3401 2706 3576 2762 disci-

1925 2793 2080 2866 pulis
2106 2793 2229 2849 suis
2264 2810 2463 2865 pacem
2485 2792 2718 2859 obtulit,
2742 2793 2975 2850 dicens:
3008 2797 3131 2849 Pax
3156 2795 3327 2850 vobis.
3353 2794 3577 2852 Fractio

1927 2882 2259 2945 oblationis,
2294 2882 2456 2938 illam
2503 2882 2670 2938 nobis
2703 2883 3046 2939 fractionem
3090 2883 3259 2956 panis
3294 2884 3574 2952 insinuat,

1926 2988 2103 3043 quam
2137 2972 2420 3027 Dominus
2463 2976 2595 3043 post
2644 2972 3127 3027 resurrectionem
3179 2989 3348 3027 suam
3379 2989 3577 3029 coram

1928 3060 2236 3132 discipulis
2269 3060 2421 3115 fecit.
2455 3060 2919 3116 Communicatio
2950 3059 3150 3132 populi
3182 3066 3385 3133 typum
3415 3060 3578 3118 illius

1933 3148 2175 3203 convivii
2217 3148 2387 3221 gerit,
2430 3149 2581 3220 quod
2624 3164 2740 3203 non
2780 3147 2959 3204 semel
3000 3148 3285 3205 Dominus
3323 3154 3456 3221 post
3492 3166 3579 3206 re-

169 3237 461 3311 privatam
493 3238 900 3309 frequentant:
948 3237 1049 3292 sed
1081 3236 1486 3309 diligentiores
1527 3237 1818 3310 antiquio-
1850 3232 1892 3298 C
1931 3236 2352 3293 surrectionem
2386 3253 2555 3292 suam
2603 3253 2738 3291 cum
2787 3236 3090 3308 discipulis
3133 3236 3334 3292 iniisse
3364 3237 3580 3311 legitur

167 3343 306 3383 rum
336 3325 720 3383 traditionum
768 3326 1172 3381 observatores
1224 3342 1329 3381 nos
1384 3326 1441 3380 in
1478 3326 1820 3399 hujusmodi

169 3414 415 3487 privatis
465 3413 827 3471 orationibus
876 3413 1144 3469 brevitati
1195 3413 1430 3470 studere
1473 3415 1817 3484 docuerunt,

118 3503 483 3576 ~potiusque
514 3501 762 3574 publicis
810 3502 1083 3575 precibus
1114 3502 1172 3557 in
1204 3503 1393 3559 ofﬁcio
1427 3503 1620 3559 missae
1651 3519 1819 3560 occu-

166 3592 297 3665 pari
325 3591 651 3648 voluerunt.
684 3591 830 3646 Nam
864 3591 1069 3646 beatus
1091 3591 1461 3647 Innocentius
1494 3609 1663 3664 papa,
1683 3593 1821 3647 scri-

167 3681 319 3738 bens
349 3684 551 3736 sancto
580 3680 906 3753 Augustino
927 3685 986 3736 et
1013 3679 1245 3736 Aurelio
1271 3680 1582 3753 episcOpis,
1611 3681 1823 3737 asserit

166 3769 324 3843 quod
354 3786 463 3826 nos
490 3768 625 3842 plus
643 3768 1059 3825 communibus
1081 3774 1136 3825 et
1156 3768 1408 3841 publicis
1428 3786 1604 3841 quam
1624 3768 1821 3842 singu-

118 3858 394 3915 ~laribus
423 3861 481 3914 et
509 3857 747 3930 privatis
778 3858 1141 3914 orationibus
1164 3860 1443 3930 proﬁcere
1474 3858 1817 3930 poterimus.

421 3949 554 4004 CAP.
585 3947 724 4002 XIX.
759 3979 825 3989 —
867 3953 944 4004 De
974 3948 1196 4003 vitanda
1228 3949 1567 4003 intinctione.

237 4035 366 4092 Non
392 4040 483 4092 est
511 4039 706 4092 autem
740 4036 1145 4092 authenticum
1168 4038 1322 4109 quod
1344 4036 1586 4108 quidam
1608 4053 1821 4110 corpus

164 4123 403 4181 Domini
434 4124 759 4196 intingunt,
809 4128 865 4178 et
914 4123 1229 4179 intinctam
1261 4141 1363 4195 pro
1396 4124 1820 4198 complemento

161 4210 603 4268 communionis
622 4210 838 4282 populo
860 4210 1242 4266 distribuunt.
1265 4212 1408 4267 Nam
1432 4214 1583 4269 Ordo
1609 4214 1818 4270 Roma-

160 4317 282 4356 nus
314 4298 684 4365 contradicit,
731 4298 873 4369 quia
920 4303 978 4352 et
1026 4299 1083 4352 in
1118 4298 1427 4354 Parasceve
1471 4301 1671 4357 vinum
1702 4320 1818 4359 non

158 4388 599 4452 consecratum,
652 4401 787 4440 cum
819 4384 1119 4440 Dominica
1162 4385 1421 4441 oratione
1451 4392 1507 4443 et
1534 4389 1817 4446 Dominici

118 4510 131 4515 ν
157 4472 431 4548 corporis
462 4472 1003 4545 immissionejubet
1019 4489 1359 4529 consecrare
1374 4474 1550 4544 (5),ut
1568 4477 1820 4548 populus

157 4564 339 4662 plene
369 4561 560 4636 possit
601 4562 1055 4662 communicare.
1090 4562 1489 4662 Quod'utique
1521 4565 1817 4662 superﬂuo
1847 4598 1893 4662 D

1930 3325 2082 3397 (Luc.
2114 3328 2310 3392 xx1v.).
2337 3325 2453 3380 Hos
2476 3323 2651 3380 etiam
2682 3329 2815 3395 post
2837 3323 3110 3379 ultimum
3134 3324 3460 3381 convivium
3504 3326 3578 3381 ab

1929 3414 2014 3470 eis
2044 3412 2414 3469 discessurus
2445 3413 2503 3468 in
2527 3411 2760 3479 caelum,
2795 3412 3111 3481 benedixit,
3136 3413 3289 3469 sicut
3317 3418 3375 3470 et
3394 3431 3578 3471 sacer-

1930 3503 2036 3559 dos
2067 3502 2351 3575 populum
2385 3519 2518 3557 cum
2537 3502 2796 3557 oratione
2828 3505 2958 3574 post
2976 3502 3452 3560 communionem
3483 3504 3579 3560 be-

1929 3592 2164 3658 nedicit,
2198 3591 2464 3647 videlicet
2484 3592 2612 3662 jam
2660 3591 2774 3647 cito
2816 3591 3185 3648 discessurus
3232 3592 3304 3647 ab
3353 3610 3440 3660 eo,
3482 3593 3577 3649 cui

1930 3684 2123 3734 tamen
2184 3680 2368 3751 prius,
2431 3685 2495 3735 ut
2542 3680 2667 3753 ipse
2723 3680 3004 3748 discedat,
3052 3698 3154 3753 per
3183 3686 3262 3737 Ite
3289 3685 3459 3738 missa
3500 3688 3578 3739 est

1931 3768 2255 3833 denuntiat,
2288 3769 2345 3823 in
2397 3769 2644 3841 ﬁguram
2692 3769 3055 3841 angelorum,
3099 3769 3199 3842 qui
3247 3770 3575 3844 discipulis,

1933 3856 2265 3912 discedente
2292 3858 2538 3913 Domino
2584 3859 2655 3913 ab
2686 3857 2793 3925 eis,
2836 3857 3145 3913 dixerunt:
3192 3859 3304 3913 Viri
3334 3859 3575 3926 Galilaei,

1930 3946 2061 4017 quid
2089 3948 2245 4001 statis
2275 3948 2598 4017 aspicientes
2640 3948 2696 4000 in
2729 3947 2966 4000 caelum?
3007 3950 3064 4001 et
3080 3945 3304 4016 reliqua
3333 3948 3468 4015 (Aet.
3499 3948 3576 4020 1.)

1929 4035 2052 4098 Quo
2083 4033 2302 4097 audito,
2337 4032 2609 4105 discipuli
2658 4034 2966 4089 adorantes
2996 4032 3333 4099 Dominum,
3361 4036 3575 4093 reversi

1930 4127 2069 4180 sunt
2098 4122 2157 4177 in
2189 4120 2552 4178 Hierusalem
2602 4138 2735 4177 cum
2782 4121 2994 4195 gaudio
3046 4137 3280 4193 magno,
3340 4123 3494 4179 sicut
3520 4129 3578 4181 et
3644 4192 3655 4200 θ

1927 4210 2203 4285 populus,
2238 4210 2418 4266 relata
2448 4211 2566 4266 Deo
2596 4210 2917 4284 gratiarum
2949 4210 3196 4278 actione,
3228 4212 3298 4267 ad
3342 4213 3578 4285 propria

1930 4318 2062 4356 cum
2094 4301 2306 4373 gaudio
2338 4299 2661 4356 revertitur.

2091 4391 2223 4445 Car.
2258 4389 2401 4444 XXI.
2437 4419 2503 4429 —
2534 4389 2607 4444 De
2639 4388 3005 4445 benedictione
3028 4396 3149 4460 post
3174 4391 3416 4446 missam.

2001 4478 2169 4534 Prius
2202 4483 2395 4533 tamen
2442 4479 2513 4533 ab
2562 4477 2833 4551 episcopo
2875 4477 3256 4545 benedicitur,
3290 4479 3338 4535 si
3368 4479 3572 4551 adest;

1930 4566 2020 4640 sin
2076 4572 2292 4634 autem,
2345 4585 2380 4622 a
2427 4568 2761 4640 presbytero
2818 4566 2919 4639 qui
2973 4567 3187 4623 missas
3244 4567 3572 4639 celebravit,

160 4652 528 4727 preciperet,
579 4651 631 4708 si
676 4651 992 4709 intinctum
1041 4647 1408 4707 Dominicum
1444 4669 1477 4708 a
1503 4651 1684 4724 priori
1724 4653 1816 4709 die
1847 4634 1893 4662 υ
1920 4634 2197 4722 quamvis
2229 4653 2434 4708 beatus
2464 4654 2752 4710 Damasus
2775 4670 2926 4726 papa
2946 4654 3054 4709 hoc
3075 4655 3432 4727 presbyteris
3457 4673 3573 4712 non

160 4758 381 4815 corpus
405 4745 751 4808 servaretur,
783 4745 840 4797 et
868 4740 952 4797 ita
974 4740 1282 4796 intinctam
1312 4740 1526 4813 populo
1556 4742 1627 4798 ad
1661 4758 1817 4798 com-

161 4829 595 4899 municandum
608 4830 875 4887 sufficere
888 4829 1200 4886 videretur.
1215 4829 1409 4887 Julius
1423 4847 1655 4904 quoque
1668 4848 1820 4905 papa

158 4918 227 4974 in
259 4916 461 4974 ordine
490 4918 831 4992 trigesimus
854 4924 1073 4985 sextus,
1105 4918 1395 4992 episcopis
1426 4919 1652 4992 ngypti
1676 4922 1817 4976 scri-

158 5008 334 5072 bens,
366 5007 709 5080 hujusmodi
732 5007 1139 5064 intinctionem
1174 5008 1408 5080 penitus
1438 5009 1729 5082 prohibet,
1762 5016 1821 5066 et

159 5111 434 5152 seorsum
465 5113 700 5168 panem,
732 5100 790 5151 et
820 5112 1085 5151 seorsum
1125 5096 1388 5162 calicem,
1412 5098 1582 5169 juxta
1616 5098 1814 5153 Domi-

158 5183 358 5239 nicam
375 5183 825 5251 institutionem,
840 5184 1129 5240 sumenda
1152 5182 1337 5239 docet.
1356 5183 1518 5240 Unde
1538 5190 1597 5242 et
1612 5186 1816 5244 beatus

160 5276 193 5338 1-
230 5271 498 5329 Gelasius
538 5289 689 5345 papa
718 5271 778 5327 in
826 5272 1029 5327 ordine
1080 5272 1609 5343 quinquagesimae
1663 5293 1815 5332 unus

157 5360 681 5433 [quadragesimus
726 5362 941 5431 nonus]
990 5361 1252 5415 scribens
1298 5361 1655 5431 quibusdam
1687 5365 1816 5436 epi-

156 5449 380 5521 scopis,
411 5448 907 5506 excommunicari
956 5446 1087 5503 illos
1131 5449 1424 5521 praecepit,
1478 5451 1815 5525 quicunque

259 5573 314 5641 5)
343 5574 495 5630 Ordo
518 5575 820 5647 Romanus
843 5589 955 5629 non
968 5588 1306 5647 consecrare,
1340 5575 1439 5647 sed
1470 5578 1814 5647 sanctiﬁcare

156 5642 358 5712 habet,
391 5650 447 5700 et
479 5645 709 5717 proprie
731 5645 802 5700 ad
828 5658 956 5717 rem
978 5662 991 5710 ;
1017 5661 1152 5717 nam
1178 5645 1380 5701 vinum
1412 5645 1479 5701 in:
1505 5642 1813 5706 Parasceve

161 5730 287 5771 non
314 5715 711 5787 consecratur,
743 5715 844 5772 sed
876 5716 1275 5774 sanctiﬁcatur
1302 5717 1521 5789 injecta
1552 5722 1811 5793 corporis

1929 4739 2102 4795 licere
2132 4740 2306 4805 dicat,
2340 4741 2439 4796 ubi
2462 4742 2533 4796 de
2561 4759 2710 4797 vana
2726 4743 3273 4814 chorepiscoporum
3295 4739 3578 4814 supersti-

1926 4828 2083 4885 tione
2114 4833 2342 4895 tractat,
2376 4827 2422 4885 si
2456 4834 2649 4885 tamen
2683 4848 2790 4886 nos
2821 4830 3180 4886 mendositas
3226 4829 3576 4902 exemplaris

1928 4935 2043 4973 non
2065 4916 2286 4973 fefellit.
2310 4916 2417 4971 Sed
2434 4933 2683 4989 magnus
2697 4918 2807 4973 Leo
2827 4934 2977 4989 papa
3006 4923 3062 4972 et
3083 4918 3287 4973 beatus
3307 4916 3576 4976 Gelasius

1926 5023 2097 5080 papa,
2129 5008 2258 5077 ejus
2289 5021 2677 5073 successores,
2712 5006 2769 5060 in
2797 5005 3205 5062 ecclesiasticis
3237 5005 3446 5064 ofﬁciis
3476 5024 3575 5081 ap-

1924 5095 2112 5168 prime
2142 5093 2374 5163 eruditi,
2410 5093 2468 5148 in
2517 5094 2764 5150 decretis
2794 5095 2939 5162 suis,
2982 5094 3081 5149 ubi
3122 5094 3576 5167 diligentissime

1926 5185 2067 5257 quid
2101 5182 2454 5256 presbyteris
2486 5181 2678 5250 liceat,
2724 5183 2933 5255 quidve
2983 5200 3098 5239 non
3130 5182 3323 5251 liceat,
3354 5184 3570 5241 descri-

1924 5275 2091 5339 bunt,
2125 5271 2461 5329 nullatenus
2493 5271 2608 5328 illis
2648 5272 3112 5328 benedictionem
3156 5272 3269 5328 nisi
3300 5273 3601 5347 episcopo,

1923 5367 2227 5437 praisente,
2258 5362 2638 5419 interdicunt.
2667 5362 2878 5418 Beatus
2909 5378 3141 5433 quoque
3162 5360 3568 5436 Hieronymus,

1923 5456 2138 5509 sanctae
2171 5452 2443 5508 Romanae
2470 5450 2736 5507 Ecclesiae
2768 5449 3084 5507 cardinalis
3115 5450 3436 5524 presbyter,
3467 5452 3569 5524 qui

1922 5574 2177 5634 Domini.

1994 5647 2234 5773 (322:3:
2266 5646 2382 5772 :it8
2415 5663 2549 5703 vera
2581 5662 2747 5703 mens
2784 5647 2994 5706 Gclasii
3024 5648 3355 5719 verborum,
3387 5647 3568 5704 habes

1922 5720 1983 5775 in
2004 5718 2234 5791 ’Algero,
2266 5732 2317 5772 c.
2348 5718 2403 5772 8.
