3968 6126
391 341 502 407 991

1758 343 2072 411 MONUM.
2117 344 2406 412 LITURG
2419 392 2438 410 .

391 481 502 538 sub
533 480 701 538 beato
732 485 980 538 Damaso
1010 485 1066 538 et
1103 484 1234 555 post
1259 479 1454 554 ipsum
1485 497 1673 554 usque
1700 481 1773 537 ad
1801 480 2027 538 Sixtum
2057 480 2111 546 Α
2141 481 2363 553 absque
2391 479 2547 554 gravi
2567 477 2845 537 seandalo
2865 496 2900 536 a
2924 477 3277 554 presbyteris
3298 479 3357 537 in
3377 469 3593 554 populo
3616 479 3804 536 inter-

391 587 789 628 successorem
819 573 966 643 ejus,
990 570 1397 626 ecclesiasticis
1422 569 1702 627 institutis
1733 570 2036 626 studiosis-

393 661 912 732 simeinvigilavit:
947 660 1090 732 ipse,
1125 661 1397 732 inquam,
1418 660 1653 716 Rustico
1672 660 2032 716 Narbonensi

391 749 660 821 episcopo
692 751 761 804 de
805 748 1214 805 ecclesiasticis
1246 749 1550 806 ordinibus
1588 749 1870 814 scribens,
1905 765 2031 819 pre-

391 839 653 910 sbyteros
684 854 716 892 a
745 837 1147 893 benedictione
1178 857 1355 912 super
1383 838 1666 912 p0pulum
1699 856 1814 893 non
1845 837 2032 910 prohi-

391 927 614 982 bendos
643 943 771 982 esse
803 927 1040 982 asserit:
1082 950 1101 977 «ι
1157 929 1241 992 Si,
1285 928 1498 1000 inquit,
1542 928 1842 1000 presbyter
1869 927 2031 982 Chri-

389 1019 544 1069 stum
571 1019 894 1081 consecrat,
917 1032 1050 1070 cum
1086 1017 1145 1071 in
1177 1017 1380 1073 altario
1413 1017 1510 1072 Dei
1544 1020 1910 1072 sacramenta
1938 1018 2034 1071 be-

386 1103 622 1169 nedicit,
656 1103 992 1159 benedicere
1038 1105 1317 1176 populum
1355 1123 1469 1161 non
1509 1107 1698 1174 debet,
1732 1105 1832 1176 qui
1864 1103 2031 1160 Chri-

387 1196 541 1246 stum
573 1191 789 1247 meruit
817 1193 1189 1249 consecrare?
1210 1218 1234 1242 ››
1269 1195 1336 1248 Et
1368 1199 1500 1265 post
1529 1211 1740 1265 pauca:
1778 1217 1804 1243 ‹‹
1839 1193 2029 1248 Hocin

384 1279 644 1338 ecclesiis
673 1281 792 1335 tuis
823 1280 992 1354 [suis]
1024 1282 1344 1354 presbyteri
1379 1283 1610 1350 faciant,
1635 1283 1789 1354 quod
1813 1284 2030 1349 Romae,

384 1369 503 1424 sive
535 1370 690 1440 quod
724 1370 782 1424 in
832 1369 1082 1435 Oriente,
1129 1372 1282 1442 quod
1323 1372 1378 1426 in
1409 1371 1618 1436 Africa,
1655 1372 1808 1443 quod
1843 1371 1900 1425 in
1934 1370 2030 1425 Hi-

384 1457 609 1530 spania,
645 1459 798 1529 quod
825 1459 882 1513 in
917 1458 1235 1528 Britannia,
1269 1461 1421 1532 quod
1459 1461 1514 1514 in
1545 1460 1749 1526 Gallia,
1785 1461 1938 1532 quod
1972 1460 2031 1514 in

384 1546 659 1604 omnibus
689 1547 830 1603 locis
854 1549 951 1603 ubi
976 1539 1288 1605 humilitas
1322 1554 1661 1622 perseverat.
1683 1550 1760 1605 Ex
1781 1550 1872 1604 his
1894 1566 2030 1620 ergo

383 1637 670 1708 conjicere
701 1653 1021 1708 possumus
1065 1638 1298 1694 beatum
1334 1644 1646 1694 Damasum
1676 1655 1884 1710 papam
1917 1638 2031 1693 hu-

375 1725 641 1798 jusmodi
683 1726 1145 1782 benedictionem
1199 1727 1551 1799 presbyteris
1599 1726 1883 1793 illicitam,
1931 1731 2033 1782 aut

383 1815 614 1888 penitus
659 1833 775 1871 non
825 1815 1062 1884 dixisse,
1112 1822 1215 1872 aut
1265 1816 1312 1871 si
1359 1817 1523 1884 dixit,
1575 1815 2028 1871 ecclesiasticam
2061 1847 2109 1912 Β

382 1909 578 1960 tamen
611 1907 1094 1961 consuetudinem
1117 1905 1176 1960 in
1190 1906 1297 1961 hoc
1325 1905 1718 1978 praevaluisse,
1746 1907 2034 1978 praecipue

383 2009 516 2049 cum
547 1992 734 2064 ipsius
763 1994 936 2048 verba
958 1993 1038 2050 ita
1065 1994 1291 2066 possint
1310 1993 1556 2064 intelligi
1581 1997 1644 2048 ut
1666 1995 2032 2066 presbyteros

382 2081 612 2138 doceret
657 2083 812 2153 quod
854 2083 939 2138 eis
968 2083 1138 2155 quasi
1170 2100 1237 2138 ex
1269 2083 1500 2156 proprio
1533 2083 1724 2138 officio
1750 2101 2033 2155 usurpare

382 2189 497 2229 non
529 2171 1109 2246 liceret,quod[quid]
1141 2173 1225 2228 eis
1256 2173 1327 2228 ab
1348 2172 1662 2244 epiSCOpali
1685 2173 2032 2230 auctoritate

323 2285 334 2294 ν
381 2259 615 2316 concedi
645 2277 817 2332 posse
850 2277 964 2316 non
1007 2261 1362 2334 ignorarent.
1406 2261 1499 2316 Sic
1531 2260 1687 2316 enim
1720 2262 2030 2316 conﬁrma-

382 2349 461 2406 tio
508 2349 932 2421 neophytorum
988 2351 1220 2422 penitus
1274 2355 1544 2422 separata
1591 2355 1680 2406 est
1725 2351 1794 2405 ab
1839 2350 2028 2405 officio

383 2438 850 2510 presbyterorum
879 2457 896 2492 :
949 2456 1126 2511 quam
1178 2443 1375 2495 tamen
1440 2445 1678 2494 sanctus
1717 2439 2028 2510 Gregorius

382 2544 534 2599 papa
561 2527 786 2598 primus
808 2528 1162 2598 quibusdam
1196 2527 1547 2600 presbyteris
1578 2528 1935 2584 concessisse
1955 2528 2031 2582 le-

383 2615 929 2688 legitur,scribensJ
938 2633 1009 2672 an
1019 2617 1182 2671 uario
1195 2616 1520 2672 Calaritano
1535 2617 1824 2689 episcopo:
1843 2617 2026 2672 «Item

383 2707 439 2760 et
469 2705 1343 2778 susceptionem,pcenitentium
1369 2723 1482 2761 non
1505 2722 1573 2761 ex
1602 2723 1711 2762 sua
1732 2721 2031 2761 consecra-

383 2794 560 2862 tione,
601 2795 702 2850 sed
752 2811 820 2850 ex
850 2795 1257 2868 episcopOrum
1309 2794 1679 2850 concessione
1711 2794 2029 2866 presbyteri

381 2883 593 2939 habere
624 2888 980 2939 meruerunt.
1015 2885 1178 2950 Quod
1207 2883 1374 2940 illum
1406 2901 1521 2938 non
1542 2883 1760 2951 latebit,
1781 2883 2027 2954 quicun-

382 2988 495 3044 que
541 2971 805 3028 ordinem
854 2972 1309 3029 consecrationis
1360 2987 1584 3038 eorum,
1638 2973 1759 3027 sive
1812 2976 2029 3028 statuta

382 3065 717 3118 sanctorum
768 3061 1028 3128 Patrum,
1071 3061 1382 3134 diligenter
1412 3060 1746 3132 inspexerit.
1804 3084 1831 3110 ››
1880 3063 2026 3132 Aga-

379 3150 588 3206 thense
637 3165 869 3220 quoque
919 3148 1232 3205 concilium
1281 3149 1534 3221 capitulo
1577 3150 2027 3222 quadragesimo

2144 569 2295 626 mitti
2315 569 2722 643 [praetermitti]
2746 570 2947 642 possit,
2975 569 3087 624 nisi
3113 569 3256 625 forte
3287 568 3608 641 apostolica
3624 570 3803 625 sedes

2143 657 2488 730 generaliter
2515 663 2572 714 et
2602 659 2955 730 synodaliter
2976 658 3282 731 prohibere
3305 657 3579 714 voluerit.

2227 748 2360 802 CAP.
2384 747 2552 803 XXII.
2585 778 2652 788 —-
2685 748 2827 816 Quid
2855 747 3100 804 sacerdos
3128 752 3256 819 agat
3281 753 3408 820 post
3436 749 3708 803 missam?

2215 837 2421 892 Finitis
2466 837 2740 893 omnibus
2772 837 3072 894 osculatur
3113 837 3386 893 sacerdos
3444 837 3803 910 [presbyter]

2142 924 2346 991 altare,
2379 925 2615 982 dicens:
2669 927 2891 982 Placeat
2937 927 3254 993 tibi,sancta
3287 927 3544 982 Trinitas.
3578 925 3804 982 Deinde

2143 1016 2324 1070 sacris
2353 1015 2614 1070 vestibus
2664 1032 2726 1070 se
2773 1031 3012 1081 exuens,
3049 1019 3248 1070 cantat
3278 1015 3562 1087 hymnum
3618 1016 3797 1070 trium

2142 1104 2830 1176 puerorum,juxtaquod
2859 1109 3054 1176 patres
3088 1103 3147 1158 in
3163 1102 3442 1158 Toletano
3466 1102 3715 1159 concilio
3745 1121 3800 1157 iv

2141 1194 2521 1249 decreverunt
2587 1210 2714 1264 cap.
2777 1193 2864 1253 14.
2924 1191 3193 1247 videlicet
3247 1197 3312 1246 ut
3379 1191 3794 1248 examinationi

2141 1283 2469 1353 subjacerct
2497 1282 2833 1354 quicunque
2883 1282 3155 1337 sacerdos
3202 1281 3475 1336 eumdem
3509 1281 3792 1352 hymnum

2142 1375 2272 1444 post
2303 1372 2546 1426 missam
2575 1371 2766 1426 dicere
2810 1370 3148 1442 negligeret.
3183 1368 3483 1424 Psalmum
3515 1385 3750 1442 quoque
3777 1387 3793 1424 :

2139 1460 2378 1514 Laudate
2408 1461 2696 1515 Dominam
2726 1462 2785 1514 in
2804 1461 3005 1514 sanctis
3028 1460 3145 1530 ejus
3179 1459 3234 1512 in
3260 1458 3584 1529 gratiarum
3617 1458 3790 1514 aetio-

2141 1565 2276 1604 nem
2308 1549 2693 1620 subjungens,
2727 1565 2862 1603 cum
2910 1549 3075 1604 Pater
3102 1555 3304 1613 noster,
3339 1550 3398 1602 et
3425 1547 3694 1602 versibus
3723 1548 3789 1602 ad

2139 1638 2246 1692 hoc
2299 1637 2787 1710 competentibus,
2848 1636 3142 1692 concludit
3198 1653 3326 1691 eam
3371 1652 3506 1693 cum
3539 1636 3794 1692 oratione

2142 1725 2269 1781 illa:
2303 1727 2442 1780 Deus
2471 1727 2567 1797 qui
2607 1725 2783 1781 tribus
2811 1726 3022 1796 pueris.
3058 1723 3376 1802 Sciendum
3407 1728 3605 1779 autem
3629 1724 3795 1795 juxta

2141 1816 2372 1870 decreta
2424 1814 2768 1887 pontificum
2816 1813 2972 1886 quod
3005 1803 3341 1886 presbytero
3393 1829 3509 1868 non
3540 1812 3674 1869 licet
3703 1828 3794 1868 co-

2142 1920 2265 1958 ram
2296 1904 2588 1976 episcopo,
2642 1903 2754 1959 nisi
2787 1919 2854 1958 eo
2878 1903 3144 1974 jubente,
3199 1901 3288 1958 vel
3323 1900 3669 1970 sacriﬁcare,
3704 1901 3790 1956 vel

2142 1992 2420 2065 populum
2471 1991 2836 2057 benedicere,
2879 1991 2964 2046 vel
3016 1990 3290 2061 salutare,
3344 1989 3433 2046 vel
3479 1990 3789 2046 exhortari.

2145 2081 2303 2137 U'nde
2329 2098 2462 2136 cum
2495 2079 2636 2152 legit
2663 2079 3027 2152 evangelium
3062 2095 3257 2135 coram
3295 2079 3587 2152 episcopo,
3623 2079 3795 2135 bene-

2137 2171 2447 2226 dictionem
2482 2169 2635 2241 petit.
2661 2170 2732 2223 ab
2765 2185 2854 2225 eo.
2910 2169 3053 2224 Item
3106 2185 3241 2224 cum
3294 2167 3418 2223 vult
3446 2167 3791 2233 sacriﬁcare,

2137 2258 2381 2314 inclinat
2428 2274 2488 2312 se
2539 2258 2810 2329 episcopo
2862 2274 2964 2330 pro
3016 2255 3412 2324 concessione,
3463 2256 3564 2328 qui
3613 2256 3789 2312 etiam

2139 2365 2272 2403 cum
2305 2346 2517 2419 populo
2551 2345 2886 2414 inclinatur,
2922 2363 3026 2418 pro
3059 2346 3268 2401 ultima
3297 2341 3718 2401 benedictione.

2173 2436 2305 2492 Car.
2339 2436 2526 2491 XXIII.
2560 2468 2628 2476 ——
2658 2437 2844 2490 Brevis
2872 2435 3162 2508 descriptio
3185 2434 3516 2491 celebrandas
3544 2435 3751 2491 missae.

2206 2525 2492 2596 Presbyter
2545 2541 2667 2579 cum
2725 2540 2781 2579 se
2829 2532 2994 2596 parat
3049 2523 3119 2578 ad
3173 2526 3420 2591 missam,
3482 2526 3542 2578 in.
3585 2525 3789 2595 primis

2135 2619 2319 2669 cantat
2345 2615 2617 2685 psalmos:
2651 2614 2837 2680 Quam
2859 2612 3101 2679 dilecta,
3137 2611 3510 2678 Benedixisti,
3545 2610 3788 2679 Inclina,

2137 2702 2364 2760 Credidi
2399 2705 2652 2774 propter.
2687 2701 2889 2757 Deinde
2912 2701 3086 2774 Kyrie
3109 2700 3352 2768 eleison,
3386 2701 3553 2756 Pater
3567 2703 3789 2768 noster,

2136 2793 2206 2847 Et
2237 2808 2308 2846 ne
2337 2808 2442 2848 nos
2473 2791 2736 2859 inducas,
2760 2795 2926 2846 Vers.
2953 2790 3068 2864 Ego
3099 2789 3237 2859 dixi,
3259 2789 3522 2846 Domine.
3548 2789 3793 2844 Conver-

2137 2886 2278 2946 tere,
2315 2880 2578 2947 Domine,
2613 2880 2739 2935 Fiat
2787 2879 3208 2946 misericordia,
3257 2878 3615 2949 Saoerdotes,
3648 2878 3790 2933 Pro-

2136 2975 2319 3026 tector
2344 2973 2542 3024 noster
2562 2968 2776 3040 aspice,
2802 2968 3068 3038 Domine,
3103 2968 3330 3024 exaudi.
3376 2967 3583 3024 Oratio.
3613 2966 3794 3023 Aufer

2137 3075 2171 3114 a
2202 3059 2390 3125 nobis,
2425 3057 2688 3123 Domine,
2717 3057 3057 3128 iniquitates
3077 3062 3306 3113 nostras
3329 3060 3386 3111 et
3414 3060 3652 3127 peccata
3684 3073 3789 3112 no-

2139 3151 2278 3216 stra,
2315 3153 2378 3202 ut
2409 3162 2741 3202 mereamur
2769 3147 2933 3218 puris
2963 3146 3262 3202 mentibus
3308 3145 3568 3202 introire.
3607 3144 3747 3200 Alia
3770 3161 3790 3199 .’

382 3241 589 3310 quarto
621 3215 1085 3298 benedictionem
1135 3254 1314 3309 super
1351 3215 1643 3310 populum
1676 3215 2028 3310 presbyteris
2059 3215 2102 3282 (ἶ
2136 3238 2407 3294 Actiones
2439 3239 2669 3292 nostras
2692 3215 3056 3307 quaesumus,
3088 3234 3354 3300 Domine,
3387 3238 3444 3290 et
3474 3234 3789 3307 aspirando

379 3325 685 3400 prohibere
715 3325 963 3393 videtur,
997 3327 1096 3382 sed
1134 3326 1284 3382 hanc
1315 3325 1772 3399 prohibitionem
1803 3327 1874 3382 de
1905 3325 2026 3398 epi-

381 3415 599 3486 scopali
631 3419 861 3471 tantum
879 3414 1279 3470 benedictione
1297 3415 1508 3471 factam
1533 3415 1990 3486 interpretantur
2013 3432 2025 3482 ;

381 3520 507 3573 qua:
539 3503 742 3573 utique
773 3502 1095 3558 benedictio
1117 3504 1289 3573 juxta
1316 3504 1609 3560 decimum
1633 3508 1900 3558 octavum
1922 3504 2030 3558 To-

382 3590 561 3646 letani
620 3588 844 3646 concilii
891 3591 1214 3662 capitulum
1265 3593 1362 3662 (7),
1412 3597 1469 3647 et
1507 3591 1936 3648 attestationem
1968 3592 2026 3646 S.

385 3678 698 3750 Augustini
726 3680 796 3734 ad
847 3679 1159 3736 Paulinum
1192 3680 1556 3754 episcOpum,
1601 3686 1734 3736 ante
1765 3696 2028 3735 commu-

386 3768 620 3825 nionem
677 3769 893 3840 populo
953 3786 987 3824 a
1037 3769 1176 3826 solis
1225 3769 1517 3841 episcopis
1575 3770 1745 3825 debet
1801 3767 2027 3840 [solet]

385 3855 662 3929 impendi.
699 3857 757 3913 Si
789 3857 922 3931 quis
945 3875 1078 3915 vero
1102 3857 1210 3915 hoc
1239 3860 1311 3914 de
1332 3860 1440 3914 hac
1471 3859 1598 3931 ipsa
1626 3858 2031 3914 benedictione

383 3946 454 4001 de
485 3962 603 4018 qua
631 3947 863 4020 agimus
893 3947 1114 4002 dictum
1164 3948 1470 4019 putaverit,
1513 3948 1802 4003 sententia
1831 3952 2028 4003 tamen

384 4035 754 4107 provincialis
785 4035 1012 4092 concilii
1041 4041 1162 4092 tam
1194 4036 1449 4110 generali
1474 4036 1878 4093 ecclesiasticae
1901 4053 2032 4091 con-

384 4123 676 4180 suetudini
711 4125 1090 4196 praejudicare
1116 4142 1231 4181 non
1262 4125 1491 4198 poterit.
1526 4126 1658 4181 Ideo
1690 4130 1885 4181 autem
1916 4124 2029 4180 hu-

374 4212 643 4282 jusmodi
672 4211 995 4268 benedictio
1027 4214 1276 4269 fortasse
1316 4213 1644 4286 antiquitus
1677 4212 2032 4285 presbyteris

383 4299 692 4356 interdicta
713 4305 801 4355 est
838 4300 978 4372 quia
1006 4306 1064 4358 et
1105 4302 1176 4356 ad
1208 4301 1534 4374 episcopale
1565 4302 1822 4357 officium
1849 4301 2032 4372 perti-

384 4404 520 4442 nere
549 4388 874 4459 videbatur,
899 4394 956 4444 et
985 4390 1380 4446 ecclesiastico
1412 4389 1724 4446 conventui
1769 4389 2028 4445 nondum

385 4475 527 4534 adeo
559 4477 888 4533 necessaria
936 4479 1339 4549 reputabatur.
1375 4479 1520 4533 Nam
1561 4478 1669 4533 soli
1703 4478 2030 4534 communi-

2137 3326 2408 3399 przeveni,
2439 3329 2497 3381 et
2527 3325 2620 3397 adj
2632 3325 2859 3380 uvando
2880 3339 3252 3396 prosequere,
3278 3329 3342 3379 ut
3362 3327 3571 3380 cuneta
3591 3327 3793 3378 nostra

2102 3413 2396 3487 'operatio
2426 3431 2530 3485 per
2573 3419 2627 3468 te
2673 3429 2905 3485 semper
2939 3411 3202 3485 incipiat,
3256 3419 3314 3468 et
3345 3429 3448 3484 per
3493 3416 3551 3468 te
3602 3416 3792 3484 empta

2140 3505 2396 3559 ﬁniatur.
2433 3503 2537 3558 Per
2573 3502 2888 3558 Dominum
2940 3506 3232 3567 nostrum,
3285 3507 3393 3557 etc.
3427 3503 3666 3557 Paratus
3693 3517 3790 3555 cm-

2137 3597 2271 3660 tem,
2322 3595 2468 3647 venit
2512 3592 2583 3646 ad
2633 3592 2829 3659 altare,
2880 3592 3102 3646 dicens:
3151 3590 3371 3662 Antiph.
3433 3589 3690 3646 Introibo
3719 3589 3790 3644 ad

2139 3681 2318 3737 altare
2342 3679 2461 3736 Dei.
2501 3680 2704 3735 Psalm.
2735 3679 2942 3735 Judica
2975 3695 3089 3742 me,
3121 3683 3290 3745 Deus,
3323 3683 3382 3735 et
3411 3678 3698 3735 discerne.
3732 3680 3796 3733 Et

2135 3771 2270 3842 facit
2299 3770 2712 3840 confessionem.
2746 3767 3036 3825 Confiteor
3071 3767 3188 3822 Deo
3219 3766 3628 3839 omnipotenti,
3662 3766 3793 3822 istis

2138 3858 2357 3914 sanctis
2386 3862 2443 3912 et
2471 3857 2748 3913 omnibus
2777 3856 2998 3914 sanctis
3027 3860 3086 3912 et
3125 3857 3252 3924 tibi,
3294 3855 3632 3927 fruter,quia
3661 3871 3793 3927 pec-

2139 3945 2262 4002 cavi
2292 3945 2351 4001 in
2386 3944 2758 4018 cogitatione,
2793 3945 2850 4000 in
2896 3944 3210 4010 locutione,
3239 3943 3298 4000 in
3331 3960 3523 4017 opere,
3579 3943 3638 3998 in
3672 3943 3792 4017 pol-

2138 4034 2358 4090 lutione
2409 4034 2622 4089 mentis
2673 4039 2731 4090 et
2779 4033 3059 4106 corporis.
3111 4034 3248 4091 Ideo
3298 4049 3502 4107 precor
3559 4037 3636 4099 te,
3696 4049 3797 4088 ora

2139 4141 2243 4197 pro
2274 4140 2386 4178 me.

2212 4211 2556 4269 Misereatur
2585 4212 2666 4268 tui
2691 4213 3061 4285 omnipotens
3090 4213 3264 4279 Deus,
3307 4215 3366 4268 et
3399 4210 3662 4267 dimittat
3691 4210 3797 4267 tibi

2141 4302 2338 4358 omnia
2367 4307 2603 4374 peccata
2625 4307 2748 4368 tua,
2773 4291 2979 4358 liberet
2996 4305 3050 4358 te
3081 4303 3152 4357 ab
3177 4301 3337 4358 omni
3363 4300 3538 4366 malo,
3573 4305 3630 4356 et
3660 4317 3796 4356 con-

2140 4391 2331 4447 ﬁrmet
2361 4395 2418 4446 te
2451 4391 2506 4446 in
2554 4390 2714 4446 omni
2742 4407 2914 4464 opere
2946 4391 3120 4458 bono,
3155 4397 3214 4446 et
3244 4391 3528 4463 perducat
3559 4406 3669 4446 nos
3699 4407 3796 4462 pa-

2141 4480 2281 4536 riter
2307 4481 2480 4536 Jesus
2531 4480 2797 4536 Christus
2827 4479 3006 4536 Filius
3039 4479 3139 4536 Dei
3187 4479 3300 4534 vivi
3325 4479 3384 4535 in
3418 4479 3598 4534 vitam
3627 4482 3799 4534 aster-

385 4567 586 4622 cantes
607 4564 952 4620 confectioni
968 4570 1468 4622 sacramentorum
1489 4567 1817 4639 antiquitus
1849 4568 2027 4624 inter-
2060 4583 2105 4647 Ῑ)
2137 4586 2294 4626 nam.
2320 4572 2523 4624 Amen.
2547 4569 2976 4642 Indulgentiam
3001 4574 3058 4637 et
3087 4569 3496 4625 remissionem
3519 4568 3794 4623 omnium

384 4656 586 4708 erant:
623 4653 839 4724 quibus
882 4658 940 4709 et
979 4654 1161 4711 oratio
1209 4659 1340 4728 post
1371 4655 1864 4725 communionem,
1899 4673 2028 4731 quae

384 4757 489 4814 pro
518 4741 660 4798 solis
691 4743 1263 4802 communicantibus
1293 4745 1562 4801 instituta
1581 4749 1688 4812 est,
1720 4762 1824 4817 pro
1855 4746 2029 4802 bene-

384 4831 637 4888 dictione
666 4833 855 4904 potuit
885 4833 1240 4890 satisfacere.
1267 4835 1434 4906 Apud
1473 4835 1785 4891 modernos
1811 4839 2026 4902 autem,

385 4938 517 4977 cum
543 4922 672 4994 jam
684 4921 938 4994 populus
959 4923 1394 4980 communicare
1409 4929 1682 4991 cessaret,
1704 4940 1808 4980 nec
1832 4928 2027 4979 tamen

385 5026 420 5064 a
449 5009 662 5066 divinis
694 5012 989 5084 mysteriis
1021 5029 1083 5068 se
1115 5012 1501 5080 subtraheret,
1534 5011 1863 5069 necessario
1895 5028 2030 5084 per-

387 5099 635 5156 missum
667 5103 757 5156 cst
787 5104 852 5154 ut
883 5117 917 5155 a
947 5101 1282 5174 presbytero
1313 5102 1773 5167 benediceretur,
1807 5118 1876 5156 ne
1906 5105 2026 5155 tam

384 5187 788 5245 benedictione
807 5205 986 5260 quam
1007 5191 1418 5247 communione
1451 5191 1710 5262 privatus
1731 5189 2029 5245 discedere

385 5276 698 5334 videretur.
750 5279 880 5335 Sive
928 5284 1119 5335 autem
1173 5297 1240 5336 ea
1269 5280 1570 5338 occasione
1614 5280 1732 5335 sive
1781 5278 1895 5333 alia
1924 5277 2032 5332 hoc

388 5365 737 5436 presbyteris
770 5369 1201 5439 permitteretur
1229 5370 1302 5425 ab
1331 5368 1636 5441 episcopis,
1671 5367 1814 5422 adeo
1836 5371 2032 5422 tamen

391 5451 445 5505 in
483 5469 657 5509 usum
679 5455 805 5525 jam
833 5474 1254 5532 usquequaque
1284 5457 1530 5526 devenit,
1565 5460 1630 5513 ut
1659 5472 2034 5530 nequaquam

2138 4662 2511 4732 peccatorum
2535 4663 2871 4715 nostrorum
2895 4659 3121 4716 tribuat
3147 4658 3316 4714 nobis
3346 4657 3726 4730 omnipotens
3745 4663 3803 4713 et

2139 4747 2470 4804 misericors
2506 4747 2813 4803 Dominus.
2847 4750 3051 4806 Amen.

2211 4837 2346 4892 Cum
2399 4837 2645 4892 sacerdos
2673 4839 2873 4908 accipit
2924 4838 3276 4900 oblationem,
3310 4836 3485 4892 dicit:
3519 4835 3802 4907 Accepta-

2137 4924 2253 4981 bile
2311 4925 2388 4980 sit
2461 4924 2850 4997 omnipotenti
2903 4926 3019 4981 Deo
3078 4924 3434 4982 sacriﬁcium
3507 4926 3801 4980 nostrum.

2139 5013 2344 5069 Deinde
2368 5013 2536 5070 calice
2566 5015 2626 5068 in
2673 5015 2846 5070 altari
2889 5014 2958 5070 ad
2995 5015 3279 5070 dexterum
3327 5013 3523 5070 oblatae
3559 5012 3805 5085 deposito

2138 5101 2312 5158 dicit:
2333 5101 2499 5169 Veni,
2535 5102 2927 5159 sanctificator
2947 5103 3336 5175 omnipotens,
3364 5105 3594 5158 aeternae
3623 5105 3801 5169 Deus,

2139 5188 2381 5245 benedic
2423 5189 2532 5245 hoc
2561 5190 2913 5247 sacrificium
2954 5195 3054 5247 tuo
3101 5190 3325 5246 nomini
3377 5193 3802 5263 praeparatum.

2140 5279 2248 5334 Per
2277 5277 2598 5346 Christum,
2652 5283 2760 5335 etc.
2791 5284 2856 5336 Et
2901 5281 3202 5337 inclinatas
3230 5288 3357 5337 ante
3382 5281 3581 5347 altare,
3623 5279 3763 5335 dicit
3785 5296 3804 5334 :

2141 5367 2405 5439 Suscipe,
2457 5373 2661 5424 sancta
2709 5368 2988 5440 Trinitas,
3021 5370 3174 5426 hanc
3205 5369 3586 5437 oblationem,
3621 5385 3807 5442 quam

2143 5455 2249 5511 tibi
2279 5455 2580 5514 otl'erimus
2615 5456 2672 5513 in
2698 5459 3045 5516 memoriam
3075 5459 3390 5533 passionis,
3423 5457 3807 5515 resurrectio-

460 5631 535 5704 (7)
568 5631 748 5691 Hodie
785 5639 971 5694 exstat
1001 5637 1095 5695 hic
1123 5655 1308 5696 canon
1339 5653 1504 5697 num.
1548 5637 1638 5698 30.
1663 5635 1816 5695 Citat
1835 5640 2035 5694 tamen
2073 5651 2208 5693 eum
2230 5635 2541 5695 Gratianus
2571 5635 2742 5694 titulo
2774 5653 2823 5694 c.
2855 5639 2942 5693 44.
