3982 6162
1452 134 1492 171 Ι

163 277 293 343 993

1600 219 2139 352 .mcaotoens.

3476 288 3597 354 994

164 412 287 483 nis,
323 411 687 493 ascensionis
715 413 944 473 Domini
997 413 1185 472 nostri
1231 413 1370 471 Jesu
1415 413 1649 483 Christi,
1682 418 1739 470 et
1768 413 1828 470 in
1856 413 1914 480 Α
1942 414 2140 469 aeterni
2171 416 2529 486 testamenti,
2549 419 2892 492 mysterium
2912 418 3069 489 ﬁdei,
3092 418 3194 494 qui
3216 434 3321 496 pro
3339 423 3504 483 vobis
3536 430 3596 483 et

162 500 456 559 honorem
484 507 701 562 sanctis
731 503 833 561 Dei
864 504 1175 562 Genitricis
1206 504 1420 573 Mariae,
1468 503 1528 560 S.
1563 503 1739 572 Petri,
1770 507 1829 560 et

164 591 230 648 S.
263 591 455 661 Pauli,
487 597 548 649 et
577 593 827 650 istorum
856 598 1034 668 atque
1060 594 1325 650 omnium
1348 597 1687 650 sanctorum
1702 597 1829 649 tuo-

160 697 323 749 rum,
346 684 417 737 ut
436 681 558 738 illis
584 681 853 755 proﬁciat
883 683 955 740 ad
985 682 1290 750 honorem,
1320 681 1493 739 nobis
1528 684 1727 739 autem
1754 681 1826 737 ad

161 769 443 840 salutem,
472 774 534 827 et
572 769 657 826 illi
704 787 809 845 pro
864 772 1038 829 nobis
1083 772 1402 846 dignentur
1444 770 1826 836 intercedere,

160 875 420 935 quorum
450 859 798 919 memoriam
831 861 1063 935 agimus
1078 861 1137 916 in
1166 860 1357 918 terris.
1381 864 1492 918 Per
1504 860 1825 928 Christum,

159 952 276 1004 etc.
308 947 551 1016 Deinde,
585 949 767 1008 Orate.
799 948 1080 1023 Sequitur
1103 954 1342 1007 secreta.
1580 1004 1587 1011 ,

237 1036 427 1095 Cum
472 1038 645 1111 inusta
696 1038 998 1095 Romanam
1048 1040 1537 1097 auctmilatemest
1582 1037 1828 1095 istcz'l‘e

160 1123 368 1198 ἰδίων,
394 1125 855 1184 clementissime
885 1126 1073 1195 Pater,
1122 1144 1227 1200 per
1274 1126 1479 1184 Jesum
1527 1125 1825 1183 Christum

159 1212 377 1270 Filium
404 1218 576 1272 tuum
606 1215 924 1272 Dominum
940 1220 1206 1272 nostrum
1224 1214 1521 1288 supplices
1548 1230 1826 1289 rogamus

159 1304 221 1359 et
250 1301 507 1379 petitam
561 1302 650 1361 uti
705 1308 945 1377 accepta
1001 1304 1220 1361 habeas
1250 1308 1307 1359 et
1364 1303 1673 1360 benedicas
1715 1303 1828 1375 (hic

158 1392 349 1463 signat
373 1391 622 1449 sacerdos
649 1393 984 1449 oblationem
1010 1398 1063 1448 et
1089 1393 1316 1449 calicem
1366 1391 1544 1448 tribus
1592 1392 1823 1459 vicibus,

156 1481 267 1536 sub
296 1496 411 1537 una
436 1482 620 1553 cruce)
651 1479 772 1538 inec
801 1481 975 1549 dona,
1004 1481 1126 1537 haec
1156 1498 1422 1548 munera,
1466 1480 1592 1536 haec
1621 1487 1826 1537 sancta

159 1569 458 1625 sacriﬁcia
486 1568 731 1626 illibata.
764 1570 824 1626 In
849 1568 1057 1643 primis
1089 1586 1216 1642 que
1246 1569 1351 1625 tibi
1382 1569 1689 1625 offerimus
1720 1584 1824 1642 pro

62 1708 71 1715 .
157 1658 427 1715 Ecclesia
470 1662 577 1715 tua
628 1662 834 1716 sancta
888 1658 1195 1725 catholica,
1256 1674 1435 1731 quam
1494 1656 1823 1730 paciﬁcum,

1936 506 2041 574 pro
2078 502 2284 561 multis
2314 506 2649 563 effundatur
2676 508 2735 564 in
2755 510 3157 569 remissionem
3202 517 3593 585 peccatorum.

1933 589 2067 645 Haec
2097 592 2561 667 quotiescunque
2590 595 2862 668 feceritis,
2892 598 2951 654 in
2985 601 3098 656 mei
3136 601 3481 660 memoriam
3515 605 3592 675 fa,

1935 678 2121 736 cistis.
2154 702 2184 731 »
2219 680 2382 739 Unde
2410 688 2467 739 et
2496 700 2785 741 memores
2818 704 2945 753 nos,
2978 688 3244 759 Domine,
3278 691 3426 749 servi
3487 695 3599 750 tui-

1935 768 2038 824 sed
2069 773 2127 825 et
2155 768 2324 843 plebs
2350 776 2454 827 tua
2473 778 2697 843 sancta,
2721 775 2934 832 Christi
2968 774 3095 833 Filii
3124 779 3209 834 tui
3240 780 3469 838 Domini
3493 782 3596 840 Dei

1934 858 2119 913 nostri
2155 862 2272 915 tam
2296 861 2480 916 beatae
2496 862 2814 934 passionis,
2840 879 2947 920 nec
2975 880 3091 922 non
3114 871 3171 922 et
3199 867 3271 923 ab
3288 867 3494 925 inferis
3505 887 3595 928 re-

1937 948 2343 1021 surrectionis,
2375 951 2478 1006 sed
2508 952 2644 1008 etin
2670 952 2880 1009 cmlum
2911 952 3173 1027 gloriosae
3206 957 3593 1027 ascensionis,

1940 1035 2242 1094 oiferimus
2267 1037 2551 1109 praeclarae
2582 1042 2873 1112 majestati
2902 1049 3014 1097 tua;
3046 1044 3119 1100 de
3146 1044 3267 1101 tuis
3316 1045 3509 1114 donis,
3527 1063 3594 1104 ac

1935 1124 2108 1182 datis.
2145 1129 2254 1182 Hic
2283 1134 2391 1183 tres
2420 1144 2605 1184 cruces
2632 1146 2799 1202 super
2828 1138 3116 1204 utrumque
3141 1133 3311 1188 simul
3354 1135 3505 1206 facit,
3543 1146 3595 1195 et

1937 1220 2192 1282 quartam
2218 1231 2386 1289 super
2411 1217 2763 1285 oblationem,
2794 1223 2846 1275 ct
2875 1222 3127 1292 quintam
3152 1238 3319 1295 super
3344 1224 3590 1281 calicem.

1938 1300 2199 1357 Hostiam
2233 1320 2462 1375 puram,
2497 1305 2747 1362 hostiam
2783 1313 3069 1377 sanctam,
3093 1309 3345 1367 hostiam
3374 1311 3591 1369 immu-

1935 1388 2215 1460 culatam,
2248 1387 2459 1464 panem
2489 1399 2758 1451 sanctum
2815 1396 2942 1452 vita:
2974 1402 3201 1453 satorum
3250 1404 3309 1456 et
3350 1398 3591 1459 calicem

1936 1476 2146 1534 salutis
2178 1486 2488 1552 perpetuae.
2505 1482 2695 1555 Super
2718 1502 2844 1558 quze
2856 1485 3108 1558 propitio
3120 1503 3186 1544 ac
3203 1502 3407 1545 sereno
3424 1490 3591 1547 vultu

1936 1566 2223 1638 respicere
2245 1568 2526 1643 digneris,
2560 1578 2617 1628 et
2632 1578 2870 1646 accepta
2886 1574 3121 1642 habere,
3152 1575 3329 1633 veluti
3353 1583 3592 1653 accepta

1936 1653 2149 1712 habere
2176 1657 2456 1730 dignatus
2483 1675 2545 1716 es
2570 1677 2813 1718 munera
2844 1663 3008 1735 pueri
3039 1664 3127 1719 tui
3149 1665 3301 1737 justi
3338 1668 3499 1736 Abel,
3534 1672 3594 1726 et

159 1745 485 1817 custodire,
535 1747 796 1805 adnuere
832 1751 909 1845 .et
962 1763 1161 1845 regere
1213 1746 1475 1821 digneris
1506 1750 1627 1803 toto
1684 1747 1824 1845 orbe
1851 1777 1903 1845 Β
1938 1744 2295 1845 sacri-ficium
2322 1747 2664 1819 patriarchae
2699 1750 2882 1806 nostri
2914 1751 3177 1822 Abrahae,
3209 1758 3268 1810 et
3292 1756 3452 1827 quod
3484 1756 3592 1812 tibi

156 1840 479 1905 terrarum,
510 1853 631 1893 una
658 1852 794 1893 cum
828 1835 1046 1893 famulo
1074 1841 1176 1892 tuo
1230 1852 1382 1909 papa
1430 1839 1650 1892 nostro.
1684 1836 1731 1892 N
1761 1840 1821 1892 et

155 1925 429 1983 antistite
458 1929 681 1983 nostro.

230 2015 544 2088 Memento,
555 2014 822 2083 Domine,
837 2013 1193 2071 famulorum
1212 2012 1685 2086 famularumque
1698 2018 1757 2069 tu
1766 2031 1820 2070 a-

150 2118 293 2159 rum
324 2103 435 2173 (hic
460 2105 689 2161 nomina
726 2104 974 2160 vivorum
1032 2111 1421 2170 memorentur,
1480 2104 1533 2159 si
1558 2103 1815 2172 volueris,

148 2191 252 2248 sed
280 2193 762 2265 nen‘Bominica)
820 2197 880 2248 et
920 2191 1187 2249 omnium
1244 2191 1814 2268 circumastantium,

149 2296 413 2353 quorum
442 2279 551 2337 tibi
572 2280 719 2338 ﬁdes
747 2282 982 2354 cognita
1009 2285 1119 2349 est,
1152 2286 1208 2336 et
1246 2282 1385 2337 nota
1435 2279 1681 2347 devotio,
1716 2277 1816 2352 qui

148 2367 267 2424 tibi
297 2369 551 2426 offerunt
578 2369 690 2426 hoc
722 2360 1079 2426 sacrificium
1110 2369 1303 2426 laudis
1334 2385 1439 2442 pro
1462 2385 1524 2425 se
1577 2368 1820 2442 suisque

148 2456 454 2527 omnibus,
486 2470 590 2531 pro
619 2457 1022 2531 redemptione
1048 2458 1383 2514 animarum
1412 2450 1683 2525 suarum,
1714 2474 1816 2530 pro

151 2561 263 2619 spe
293 2543 502 2604 salutis
512 2550 688 2619 atque
702 2546 1126 2603 incolumitatis
1147 2562 1268 2603 sua:
1286 2547 1389 2602 tibi
1421 2545 1671 2602 reddunt
1685 2550 1819 2602 vota

151 2651 270 2691 sua
296 2638 509 2692 sterno
567 2635 685 2692 D'eo
736 2636 863 2692 vivo
917 2640 976 2692 et
1003 2650 1159 2693 vero.
1218 2635 1731 2692 Communicantes
1760 2640 1819 2691 et

154 2723 511 2780 memoriam
538 2729 885 2781 vener'antes
918 2724 975 2779 in
1018 2724 1225 2797 primis
1274 2722 1540 2798 gloriosae
1586 2740 1819 2797 semper

149 2811 407 2885 virginis
454 2812 651 2869 Maria
708 2812 1020 2869 Genitricis
1077 2812 1177 2871 Dei
1234 2818 1294 2869 et
1351 2812 1577 2868 Domini
1631 2814 1815 2873 nostri

154 2900 302 2958 Jesu
332 2900 567 2971 (ﬁnisti,
598 2902 703 2959 sed
731 2906 789 2958 et
815 2903 1118 2959 beatorum
1148 2901 1546 2975 apostolorum
1576 2917 1641 2958 ac
1665 2918 1818 2958 mar-

152 2994 356 3062 tyrum
386 2993 645 3059 urorum,
678 2989 851 3060 Petri,
882 2991 1068 3059 Pauli,
1090 2991 1353 3055 Andreae,
1382 2989 1604 3058 Jacobi,
1634 2991 1813 3047 Joan-

154 3068 278 3146 nis,
309 3077 568 3147 Thema,
598 3079 823 3147 Jacobi,
857 3079 1134 3152 Philippi,
1188 3078 1619 3148 Bartholoma'ei,
1668 3080 1812 3136 Mat-

1938 1831 2152 1890 obtulit
2181 1850 2455 1892 summus
2485 1839 2758 1895 sacerdos
2788 1845 2927 1895 tuus
2958 1840 3405 1911 Melchisedech,
3455 1861 3591 1906 san-

1927 1924 2089 1976 ctum
2122 1921 2499 1993 sacriﬁcium,
2526 1923 2968 1984 immaculatum
2990 1927 3265 1987 hostium.
3299 1932 3399 1989 Hic
3424 1935 3589 1991 incli-

1926 2017 2100 2066 natse
2120 2011 2288 2082 juxta
2343 2013 2539 2082 altare,
2569 2015 2791 2071 dicens:
2850 2016 3156 2090 Supplices
3202 2023 3260 2076 te
3289 2036 3587 2095 rogamus;

1927 2097 2298 2171 omnipotens
2328 2100 2502 2167 Deus,
2514 2103 2659 2174 jube
2686 2104 2807 2160 haec
2826 2105 3070 2177 perferri
3093 2123 3195 2178 per
3224 2122 3437 2166 manus
3451 2127 3588 2168 san-

1926 2185 2001 2242 cti
2033 2187 2323 2261 angelitui
2360 2189 2417 2244 in
2437 2189 2879 2248 sublimealtarc
2894 2197 3083 2259 tuum,
3118 2195 3177 2250 in
3210 2202 3586 2269 conspectum
3629 2224 3634 2229 ·

1925 2275 2135 2332 divinae
2164 2278 2491 2349 majestatis
2520 2283 2653 2336 tuas.
2686 2283 2961 2354 Hicerigit
2985 2298 3042 2338 se
3069 2282 3254 2339 dicens
3273 2302 3293 2339 :
3324 2284 3397 2342 Ut
3416 2292 3589 2359 quot-

1927 2368 2069 2436 quot
2097 2381 2166 2421 ex
2211 2365 2321 2423 hac
2379 2367 2580 2425 altaris
2639 2370 3090 2443 participatione
3144 2379 3587 2432 sacrosanctum

1928 2451 2058 2507 Filii
2094 2452 2187 2508 tui
2220 2471 2437 2528 corpus
2473 2462 2529 2512 et
2560 2458 2909 2532 sanguinem
2945 2460 3399 2533 sumpserimus,
3432 2464 3592 2520 omni

1924 2540 2340 2600 benedictione
2369 2543 2589 2602 caelesti
2619 2552 2676 2602 et
2694 2547 2886 2620 gratia
2910 2547 3261 2621 repleamur.
3290 2550 3398 2608 Per
3424 2551 3588 2609 Chri-

1926 2634 2084 2685 stum
2116 2632 2430 2689 Dominum
2459 2638 2748 2691 nostrum.
2776 2638 2879 2693 Hic
2905 2636 3034 2695 dua:
3062 2641 3341 2696 orationes
3386 2640 3585 2697 dicun-

1922 2721 2053 2774 tur:
2087 2719 2376 2777 Memento
2401 2723 2602 2791 etiam,
2624 2726 2881 2793 Domine,
2914 2730 2972 2782 et
2986 2742 3188 2783 eorum
3212 2728 3452 2787 nomina
3481 2732 3584 2804 qui

1925 2825 2035 2864 nos
2062 2816 2491 2882 praecesserunt
2543 2830 2677 2869 cum
2710 2814 2879 2887 signo
2902 2814 3058 2881 ﬁdei,
3107 2821 3165 2871 et
3195 2817 3497 2875 dormiunt
3522 2820 3584 2876 in

1925 2913 2152 2953 sommo
2184 2898 2367 2970 pacis.
2399 2901 2463 2957 Et
2488 2904 2796 2960 recitantur
2821 2907 3073 2961 nomina.
3111 2905 3281 2978 ipsis,
3319 2909 3579 2978 Domine,

1922 2988 1980 3041 et
2010 2985 2288 3043 omnibus
2316 2986 2375 3042 in
2400 2988 2628 3047 Christo
2661 2991 3104 3063 quiescentibus
3126 2993 3319 3050 locum
3350 2997 3583 3071 refrige.

1925 3071 1997 3130 rii
2027 3071 2177 3129 lueis
2230 3078 2289 3130 et
2315 3075 2475 3147 pacis
2533 3081 2599 3133 ut
2646 3078 2974 3152 indulgeas,
3023 3080 3427 3153 deprecamur,
3470 3089 3583 3143 Per

150 3145 315 3237 the},
344 3145 604 3223 Simonis
633 3171 690 3225 et
717 3145 1033 3235 Tbaddai;
1056 3145 1220 3233 .Lini,
1252 3166 1422 3237 Cleri,
1472 3145 1808 3238 clementis,
1841 3145 1885 3213 C
1919 3160 2216 3218 Christum
2253 3145 2562 3221 Dominum
2596 3145 2884 3223 nostrum.
2905 3145 3353 3242 Nobis-quoque
3374 3145 3577 3243 pecca.
3628 3208 3661 3217 μ-

150 3252 318 3324 Sixti,
372 3253 643 3322 Cornelii,
699 3255 992 3329 Cypriani,
1060 3255 1380 3324 Laurentii,
1430 3254 1807 3330 Chrysogoni,

147 3342 401 3400 Joannis
416 3347 475 3400 et
492 3341 681 3411 Pauli,
698 3343 921 3400 Cosmaa
933 3347 991 3399 et
1002 3342 1290 3413 Damiani,
1314 3346 1371 3399 et
1386 3343 1649 3399 omnium
1673 3358 1808 3400 san-

150 3435 383 3487 ctorum
412 3435 671 3500 tuorum,
693 3436 942 3504 quo‘rum
959 3431 1183 3487 meritis
1206 3430 1593 3504 precibusque
1605 3448 1807 3489 conce-

149 3518 413 3578 dasutin
428 3519 1097 3594 omnibusprotectionis
1123 3525 1235 3575 tuae
1264 3521 1606 3576 muniamur
1638 3519 1807 3576 auxi-

148 3609 250 3666 lio.
277 3613 384 3667 Per
413 3608 711 3667 Christum
730 3609 1040 3666 Dominum
1053 3613 1346 3666 nostrum.
1380 3609 1477 3664 Hic
1506 3609 1810 3665 inclinatur

150 3702 326 3773 usque
350 3699 421 3755 ad
450 3698 840 3766 altan,dicens
860 3716 874 3754 :
899 3697 1059 3754 Hanc
1076 3692 1256 3770 igitur
1268 3697 1623 3754 oblationem
1638 3698 1811 3754 servi-

150 3790 300 3845 tutis
328 3792 562 3855 nostre,
590 3787 693 3844 sed
725 3796 779 3843 et
797 3791 1018 3843 cuncta:
1046 3786 1423 3856 familiaritate,
1443 3804 1804 3860 quaesumus,

151 3874 420 3944 Domine,
451 3874 795 3950 utplacatus
814 3873 1087 3948 accipias,
1106 3875 1351 3948 diesque
1366 3880 1600 3933 nostros
1620 3875 1684 3931 in
1705 3880 1810 3934 tua

150 3982 298 4041 pace
328 3966 628 4039 disponas,
691 3969 866 4038 atque
896 3964 967 4021 ab
1020 3967 1235 4021 aeterna
1277 3965 1653 4022 damnatione
1698 3982 1807 4023 nos

150 4054 390 4128 eripias,
421 4058 478 4112 et
507 4052 897 4111 inelectorum
918 4058 1154 4110 tuorum
1169 4054 1383 4125 jubeas
1412 4070 1586 4129 grege
1606 4071 1808 4112 nume-

152 4143 294 4200 rari.
325 4147 436 4200 Per
464 4141 761 4200 Christum
790 4142 1106 4199 Dominum
1136 4147 1424 4199 nostrum.
1456 4145 1675 4200 Erectus
1703 4160 1805 4200 au-

149 4236 262 4289 tem
289 4246 416 4289 eum
433 4232 613 4288 tribus
656 4232 911 4288 crucibus
968 4232 1271 4288 benedicit:
1322 4232 1507 4296 Quam
1554 4230 1804 4290 oblatio-

150 4337 291 4379 nem
320 4325 409 4391 tu,
438 4320 616 4391 Deus,
648 4319 710 4377 in
744 4319 1023 4377 omnibus
1053 4336 1395 4394 quaesumus
1411 4320 1805 4389 benedictum,

149 4409 710 4484 ascriptam,ratam,
729 4409 1139 4467 rationabilem
1158 4408 1694 4482 acceptabilemque
1716 4409 1804 4466 fa-

1916 3250 2142 3308 toribus
2172 3252 2411 3310 famulis
2438 3254 2559 3310 tuis
2587 3254 2661 3311 de
2701 3254 3079 3311 multitudine
3130 3256 3577 3318 miserationum

1913 3343 2150 3395 tuarum
2178 3341 2556 3413 sperantibus
2583 3347 2809 3416 partem
2841 3343 3108 3417 aliquam
3146 3350 3206 3401 et
3233 3345 3575 3406 societatem

1917 3426 2135 3484 donare
2166 3428 2449 3503 digneris,
2476 3446 2610 3486 cum
2644 3431 3004 3489 tuissanctis
3034 3431 3322 3506 apostolis
3348 3439 3405 3491 et
3420 3452 3582 3493 mar-

1916 3515 2165 3588 tyribus,
2199 3534 2332 3573 cum
2362 3518 2609 3587 Joanne,
2643 3519 2941 3593 Stephano
2989 3520 3233 3590 Mathia,
3287 3522 3574 3591 Barnaba,

1916 3603 2164 3675 lgnatio,
2196 3605 2543 3675 Alexandro,
2591 3607 2955 3678 Marcellino,
3014 3613 3203 3679 Petro,
3259 3609 3573 3682 Felicitate,

1918 3695 2222 3765 Perpetua,
2254 3696 2498 3768 Ag’atha,
2535 3696 2729 3769 Lucia,
2760 3703 3018 3771 Agnete,
3046 3698 3281 3772 Cecilia,
3328 3701 3574 3759 Anasta-

1917 3780 2025 3848 sia,
2059 3785 2116 3837 et
2135 3800 2270 3843 cum
2293 3785 2571 3842 omnibus
2592 3787 2818 3843 sanctis
2835 3787 2973 3854 tuis,
3008 3787 3163 3843 inter
3191 3804 3442 3861 quorum
3466 3807 3575 3848 nos

1915 3869 2295 3936 consortium,
2320 3889 2435 3928 non
2469 3874 2789 3931 testimator
2805 3876 3019 3942 meriti,
3052 3876 3153 3931 sed
3185 3877 3388 3946 venias,
3413 3894 3574 3951 quie-

1915 3958 2394 4033 sumuslargitor,
2411 3961 2674 4018 admitte.
2698 3963 3116 4019 PerChristum
3135 3964 3449 4022 Dominum
3470 3982 3574 4023 no-

1916 4050 2127 4102 strum.
2161 4051 2270 4103 Per
2299 4064 2473 4120 quem
2506 4048 2625 4105 haec
2641 4051 2859 4117 omnia,
2891 4052 3404 4126 Domine,semper
3421 4055 3575 4111 b‘ona

1915 4151 2076 4191 creas
2105 4135 2218 4207 (hic
2272 4139 2380 4192 tres
2406 4128 2591 4193 cruces
2647 4155 2812 4211 super
2840 4143 3132 4212 utrumque
3176 4142 3346 4198 simul
3390 4144 3570 4224 facit),

1914 4225 2267 4292 sanctificas,
2298 4226 2575 4293 viviﬁcas,
2636 4227 2952 4297 benedicis,
3011 4234 3070 4286 et
3098 4234 3345 4303 praestas
3401 4230 3573 4288 nobis

1915 4313 2027 4383 (hic
2052 4329 2178 4369 cum
2205 4313 2387 4370 oblata
2415 4324 2652 4386 quatuor
2697 4333 2889 4373 cruces
2908 4319 3052 4388 facit
3105 4334 3270 4390 super
3320 4318 3569 4389 calicem,

1912 4405 1965 4457 et
1991 4403 2247 4473 quintam
2272 4405 2332 4459 in
2363 4405 2532 4462 latere
2547 4407 2766 4477 ipsius),
2802 4421 2905 4478 per
2933 4405 3151 4479 ipsum,
3171 4411 3383 4464 etcum
3416 4407 3570 4482 ipso,

149 4515 285 4557 cere
312 4498 594 4573 digneris.
610 4499 1017 4571 Hicseparatim
1042 4498 1472 4570 signatoblatam
1497 4498 1804 4553 etcalicem.
1834 4513 1883 4577 υ
1913 4495 1972 4547 et
2000 4491 2060 4547 in
2092 4494 2220 4565 ipso
2248 4499 2339 4550 est
2363 4494 2470 4550 tibi
2500 4499 2607 4552 Deo
2640 4495 2799 4552 Patri
2845 4495 3228 4570 omnipotenti
3260 4495 3320 4552 in
3347 4496 3573 4553 unitate

150 4587 229 4647 Ut
256 4587 427 4645 nobis
452 4602 666 4661 corpus
692 4592 750 4645 et
778 4587 1024 4660 sanguis
1052 4587 1153 4643 ﬂat
1170 4585 1541 4643 dilectissimi
1576 4584 1703 4641 Filii
1721 4587 1806 4642 tui

149 4676 389 4735 Domini
418 4676 759 4734 nostrilesu
772 4675 1009 4732 Christi.
1042 4675 1148 4740 Qui
1173 4673 1357 4748 pridie
1386 4689 1564 4747 quam
1590 4677 1809 4747 patere-

148 4770 271 4836 tur,
302 4765 528 4839 accepit
552 4780 762 4837 panem
788 4764 849 4819 in
874 4768 1109 4820 sanctas
1137 4780 1203 4820 ac
1214 4761 1574 4820 venerabiles
1595 4778 1808 4818 manus

152 4870 316 4924 suas,
347 4851 585 4911 elevatis
613 4852 800 4910 oculis
830 4852 889 4908 in
922 4852 1131 4909 ccclum
1163 4852 1234 4908 ad
1266 4858 1319 4908 te
1350 4851 1535 4907 Deum
1576 4852 1806 4915 Patrem

150 4959 333 5001 suum
361 4941 860 5016 omnipotentem;
893 4940 998 4998 tibi
1028 4941 1246 5014 gratias
1259 4956 1460 5013 agens,
1492 4939 1807 5005 benedixit,

152 5031 347 5106 fregit,
378 5028 856 5105 deditdiscipulis
868 5029 1015 5099 suis,
1028 5029 1287 5087 dicens:«
1300 5028 1558 5103 Accipite
1576 5031 1636 5086 et
1647 5044 1809 5085 man-

152 5120 366 5178 ducate
386 5137 459 5178 ex
476 5118 587 5177 hoe
606 5135 845 5176 omnes:
867 5118 984 5175 Hoc
1008 5122 1099 5174 est
1117 5117 1275 5173 enim
1296 5132 1510 5190 corpus
1530 5132 1749 5174 meum.
1776 5138 1806 5168 »

151 5208 345 5269 Simili
375 5209 550 5268 modo
597 5212 910 5283 postquam
955 5210 1250 5263 emnctum
1281 5209 1390 5273 est,
1432 5201 1810 5287 accipienshei

151 5298 313 5356 hunc
342 5298 689 5373 praclarum
720 5296 965 5354 calicem
997 5294 1059 5351 in
1085 5297 1321 5352 sanctas
1350 5308 1417 5349 ac
1447 5290 1807 5350 venerabiles

152 5404 369 5445 manus
396 5402 561 5457 suas,
593 5386 733 5443 item
763 5385 867 5443 tibi
899 5384 1119 5459 gratias
1135 5398 1336 5456 agens,
1370 5380 1687 5449 benedixit,
1711 5381 1808 5437 do-

148 5476 241 5533 dit
269 5476 582 5551 discipulis
596 5475 745 5547 suis,
757 5473 961 5532 dicens
983 5491 1039 5530 :«
1055 5470 1313 5544 Accipite
1328 5476 1386 5528 et
1414 5469 1595 5527 bibite
1613 5486 1683 5526 ex
1695 5468 1805 5527 hoc

150 5576 401 5627 omnes:
434 5564 539 5627 Hic
568 5568 660 5625 est
687 5562 848 5625 enim
892 5560 1047 5623 calix
1091 5558 1401 5639 sanguinis
1429 5557 1545 5619 mei
1587 5558 1719 5619 novi
1747 5562 1808 5621 et

1914 4578 2169 4650 Spiritus
2199 4582 2407 4650 sancti,
2440 4583 2634 4639 omnis
2682 4583 2872 4639 honor
2900 4587 2958 4642 et
2985 4583 3191 4657 gloria.
3248 4586 3348 4641 Hic
3392 4587 3568 4641 elevat

1916 4667 2155 4724 oblatam
2180 4685 2307 4725 cum
2334 4671 2524 4739 calice,
2557 4673 2777 4728 (licens:
2802 4677 2911 4729 Per
2928 4673 3128 4730 omnia
3148 4673 3363 4731 saecula
3381 4690 3567 4731 που·
3612 4694 3649 4705 τ’

1918 4755 2128 4812 lorum.
2162 4760 2489 4830 Responsio:
2547 4762 2752 4817 Amen.
2814 4763 2877 4817 Et
2905 4761 3137 4834 deponat
3192 4750 3570 4829 oblatam,'di-

1915 4861 2039 4900 cens
2067 4861 2080 4899 :
2115 4845 2380 4902 Oremus.
2417 4849 2723 4921 Przeceptis
2751 4848 3111 4906 salutaribus
3142 4850 3370 4919 moniti,
3402 4853 3461 4906 et
3480 4848 3570 4906 di-

1915 4933 2053 4989 vina
2074 4933 2442 4992 institutione
2495 4937 2748 5004 formati,
2793 4937 3079 4994 audemus
3135 4938 3364 4994 dicere:
3398 4941 3572 4996 Pater

1916 5027 2135 5090 noster,
2167 5022 2269 5093 qui
2326 5040 2390 5079 es
2420 5023 2479 5079 in
2509 5024 2693 5093 c'mlis,
2738 5042 2928 5098 usque,
2961 5025 3146 5083 libera
3186 5041 3294 5082 nos
3324 5042 3361 5082 a
3388 5025 3566 5083 malo.

1918 5108 2127 5166 Libera
2150 5126 2280 5179 nos,
2315 5112 2574 5177 Domine,
2601 5113 2675 5169 ab
2705 5114 2981 5170 omnibus
3010 5113 3185 5171 malis
3231 5112 3564 5186 prateritis,

1914 5199 2326 5267 prmsentiibus
2356 5203 2414 5257 et
2460 5200 2692 5257 futuris.
2724 5202 2796 5257 Et
2852 5201 3343 5259 intercedentibus
3399 5202 3567 5257 beata

1912 5286 2170 5359 gloriosa
2200 5304 2434 5361 semper
2458 5287 2683 5363 virgine
2714 5289 2918 5358 Maria,
2948 5294 3007 5347 et
3046 5289 3235 5346 beatis
3282 5286 3566 5362 apostolis

1913 5376 2034 5432 tuis
2067 5381 2240 5435 Petro
2270 5382 2327 5435 et
2356 5376 2538 5435 Paulo
2557 5382 2735 5451 atque
2763 5378 2991 5434 Andrea
3008 5378 3120 5451 (hic
3137 5379 3387 5435 nominat
3408 5381 3562 5450 quot-

1914 5468 2041 5535 quot
2069 5468 2282 5524 sanctos
2312 5467 2587 5540 voluerit),
2612 5484 2748 5524 cum
2768 5467 3045 5525 omnibus
3068 5466 3310 5536 sanctis,
3332 5466 3408 5523 da
3427 5482 3562 5540 pro-

1913 5552 2094 5631 pitius
2112 5571 2314 5631 pacem
2343 5556 2403 5615 in
2415 5556 2626 5618 diebus
2650 5557 2888 5630 nostris,
2917 5560 2984 5617 ut
3011 5572 3121 5635 ope
3150 5556 3565 5623 misericordia
