3982 6162
384 286 503 351 995

1751 284 2065 350 MONUM.
2110 285 2424 349 LITURG.

3722 280 3839 342 995
3894 262 3895 321 ξ

382 424 496 476 tua:
526 418 736 492 adjuti,
767 424 826 476 et
854 424 1135 493 apeecato
1148 420 1581 493 simussemper
1606 419 1771 476 liberi
1805 420 2028 492 (hicpa-
2062 420 2118 486 Α
2148 434 2283 474 cum
2314 434 2431 473 non
2464 416 2703 473 aliunde
2731 412 2845 473 nisi
2870 431 2939 473 ex
2987 416 3118 488 ejus
3165 412 3567 488 praecessione
3620 414 3835 471 eadem

382 519 566 566 tenam
620 511 879 580 accipiat,
909 513 963 565 et
1021 510 1320 565 osculatam
1369 509 1623 582 deponat)
1683 513 1740 565 et
1769 509 1841 564 ab
1871 508 2033 564 omni

381 598 820 670 perturbatione
850 597 1058 654 securi.
1092 599 1189 654 Hic
1216 614 1410 670 corpus
1428 614 1592 670 super
1617 602 1820 671 pateua
1843 599 1901 652 in
1925 598 2038 653 tria

379 686 610 754 dividat,
643 687 860 742 dicens:
898 686 1000 743 Per
1014 687 1327 743 Dominum
1345 690 1613 743 nostrum
1643 686 1846 743 Jesum
1869 685 2033 742 Chri-

380 780 562 846 stum,
594 791 782 845 usquc,
816 791 921 847 per
949 775 1148 831 omnia
1177 773 1391 832 saecula
1410 775 1782 833 saeculorum.
1808 777 2033 847 Respon,

377 868 583 923 Amen.
619 867 715 921 Hic
741 864 908 920 etiam
941 865 1163 920 tertiam
1204 871 1423 936 partem
1452 866 1514 920 in
1553 865 1782 919 calicem
1830 864 2032 931 mittat,

377 958 595 1014 dicens:
628 959 745 1011 Pax
773 951 1005 1010 Domini
1050 952 1128 1009 sit
1155 969 1389 1025 semper
1430 953 1753 1011 vobiscum.
1801 958 2033 1025 Respon.

376 1047 447 1102 Et
477 1061 611 1100 cum
642 1043 856 1116 spiritu
913 1046 1033 1098 tuo.
1070 1042 1137 1097 Et
1181 1041 1466 1113 subjungit
1491 1043 1799 1098 orationem
1830 1043 2031 1097 istam:

374 1133 504 1190 Fiat
531 1131 863 1189 commisti-3
886 1135 943 1187 et
959 1131 1321 1187 consecratio
1349 1130 1610 1202 corporis
1640 1135 1699 1187 et
1727 1130 2035 1203 sanguinis

375 1221 607 1278 Domini
640 1219 823 1276 nostri
862 1218 1002 1276 Jesu
1050 1218 1261 1276 Christi
1317 1219 1743 1291 accipientibus
1771 1219 1942 1275 nobis
1970 1218 2029 1273 in

372 1311 553 1366 vitam
582 1313 881 1365 aeternam.
913 1309 1117 1364 Amen.
1152 1309 1216 1363 Et
1234 1309 1473 1364 osculato
1514 1309 1688 1364 altari
1715 1307 1807 1364 dat
1841 1323 2033 1380 pacem

373 1399 600 1463 astanti,
632 1400 715 1453 ita
742 1396 927 1451 dicens
955 1412 968 1451 :
1005 1397 1118 1452 Pax
1148 1400 1362 1453 tecum.
1398 1398 1625 1469 Respon.
1644 1401 1711 1452 Et
1738 1412 1874 1453 cum
1905 1396 2029 1469 spi-

376 1487 494 1542 ritu
526 1490 627 1542 tuo
653 1504 665 1542 :
698 1487 1001 1542 Inclinatus
1029 1494 1214 1542 autem
1236 1486 1370 1542 dicit
1398 1490 1694 1559 antequam
1721 1488 2029 1542 communi-

373 1580 453 1632 cet
478 1594 491 1632 :
523 1575 765 1631 Domine
791 1575 932 1631 Jesu
967 1574 1216 1643 Christe,
1251 1576 1353 1648 qui
1375 1574 1676 1632 voluntate
1700 1575 1912 1641 Patris,
1937 1591 2029 1630 co-

375 1668 650 1738 operante
699 1662 918 1735 Spiritu
979 1668 1202 1733 sancto,
1263 1680 1366 1736 per
1421 1667 1673 1720 mortem
1732 1663 2027 1736 propriam

376 1753 663 1809 mundum
695 1751 1022 1819 viviﬁcasti,
1073 1751 1257 1808 libera
1287 1768 1380 1808 me
1432 1769 1537 1825 per
1566 1751 1675 1809 hoc
1722 1768 2027 1808 sacrosan-
2056 1786 2105 1851 B

375 1845 536 1898 ctum
568 1857 782 1913 corpus
814 1844 871 1896 et
901 1839 1251 1913 sanguinem
1282 1845 1451 1897 tuum
1482 1841 1555 1897 ab
1604 1840 1880 1897 omnibus
1910 1840 2026 1896 ini-

375 1930 702 2003 quitatibus
733 1929 901 1995 meis,
933 1932 991 1985 et
1018 1928 1107 1984 fac
1140 1945 1232 1984 me
1261 1928 1679 1986 tuisinhaerere
1708 1929 2026 2000 mandatis,

373 2024 432 2076 et
460 2037 493 2076 a
524 2022 578 2075 te
610 2035 915 2091 nunquam
950 2017 1006 2072 in
1041 2023 1393 2090 perpetuum
1423 2018 1699 2091 separari.
1752 2018 1858 2083 Qui
1890 2034 2025 2074 cum

377 2109 572 2174 Patre,
609 2111 718 2163 etc.
754 2107 887 2162 Cum
912 2105 1199 2162 distribuit
1220 2107 1634 2178 eucharistiam,
1665 2107 1842 2164 dicit:
1890 2108 2024 2163 Cor-

370 2214 484 2269 pus
512 2200 571 2254 et
598 2195 841 2269 sanguis
869 2194 1097 2251 Domini
1124 2195 1311 2251 nostri
1337 2195 1474 2253 Jesu
1505 2196 1721 2253 Christi
1761 2196 2027 2269 proﬁciat

373 2285 476 2342 tibi
507 2285 567 2340 in
599 2285 778 2340 vitam
801 2289 1103 2341 (sternam.
1131 2286 1327 2340 Amen.
1358 2285 1649 2357 Postquam
1676 2301 1861 2342 omnes
1889 2302 2028 2341 cm

370 2375 812 2443 municaverunt,
845 2371 1019 2427 dicit:
1050 2373 1211 2438 Quod
1252 2388 1351 2429 ore
1398 2372 1784 2445 sumpsimus,
1835 2372 2027 2445 (pura)

373 2467 568 2520 mente
596 2461 923 2535 capiamus,
956 2466 1015 2517 et
1043 2461 1116 2518 de
1154 2477 1398 2518 munere
1435 2461 1741 2533 temporali
1792 2461 1892 2519 ﬁat
1922 2478 2026 2517 no-

371 2552 465 2608 bis
494 2550 819 2608 remedium
835 2549 1282 2622 sempiternum.
1305 2551 1491 2606 Finita
1506 2552 1697 2615 missa,
1727 2551 1880 2607 dicit:
1906 2549 2028 2606 Pla-

373 2644 500 2696 ceat
529 2638 656 2704 tibi,
671 2637 1527 2710 sanctaTrinitas,obsequium
1547 2638 1847 2694 servitutis
1860 2654 2025 2703 mete,

372 2731 431 2783 et
458 2730 673 2799 praesta
702 2729 769 2780 ut
796 2725 907 2782 hoc
937 2725 1315 2793 sacrificium,
1348 2727 1506 2799 quod
1537 2725 1723 2782 oculis
1749 2731 1864 2783 tuae
1899 2743 2022 2782 ma-

365 2814 603 2887 jestatis
634 2829 740 2885 ego
770 2813 1009 2886 indigne
1047 2813 1255 2881 obtuli,
1315 2813 1459 2869 mihi
1490 2818 1547 2869 et
1601 2815 1875 2871 omnibus
1924 2832 2027 2888 pro

374 2903 590 2977 quibus
618 2901 763 2957 illud
798 2900 1005 2969 obtuli,
1038 2906 1095 2957 te
1144 2902 1480 2970 miserante,
1526 2904 1605 2957 sit
1633 2904 2023 2976 propitiabile,

374 2993 483 3048 Per
512 2991 832 3057 Christum,
893 2995 1000 3046 etc.
1033 2994 1253 3047 Exucns
1308 3007 1368 3046 se
1396 2993 1629 3048 vestibus
1671 2995 1841 3049 sacris
1868 2993 2024 3050 dicit.

373 3083 579 3137 Psatm.
617 3079 943 3136 Benedicite
960 3079 1445 3146 omnia,Laudate
1473 3081 1779 3137 Dominum
1808 3083 1862 3137 in
1891 3100 2026 3138 san-

374 3171 506 3240 ctis,
539 3169 712 3243 Kyrie
740 3167 981 3238 eleison,
1016 3168 1185 3225 Pater
1208 3172 1424 3226 noster.
1447 3169 1849 3227 Contiteantur
1894 3172 2022 3239 tibi,
2055 3154 2099 3222 C

373 3259 640 3329 Domine,
670 3258 1054 3330 omniaopera
1083 3261 1202 3313 tua.
1216 3257 1610 3314 Exsultabunt
1629 3260 1813 3316 sancti
1830 3261 1887 3316 in
1899 3260 2022 3333 glo-

375 3349 482 3405 ria.
516 3345 824 3403 Exsultent
841 3347 989 3417 justi
1022 3347 1081 3402 in
1108 3352 1446 3419 conspectu.
1494 3347 1620 3403 Non
1670 3348 1859 3416 nobis,
1916 3350 2022 3405 Do-

374 3437 553 3507 mine,
583 3453 697 3492 non
732 3435 918 3492 nobis.
954 3433 1217 3503 Domine,
1249 3434 1457 3491 exaudi
1483 3436 1822 3492 orationem.
1849 3441 2022 3504 Deus,

375 3525 474 3598 qui
506 3524 696 3582 tribus
728 3524 944 3596 pueris.
978 3523 1246 3580 Actiones
1277 3528 1528 3581 nostras.

669 3613 805 3669 CAP.
838 3611 1025 3669 XXIV.
1060 3643 1127 3654 —
1158 3613 1232 3668 De
1250 3612 1467 3684 jejunio
1498 3613 1730 3669 vernali.

446 3702 761 3777 Gregorius
776 3719 927 3774 papa
937 3700 1222 3773 septimus
1240 3717 1374 3779 cum
1393 3702 1722 3774 apostolicae
1745 3703 1867 3760 sedi
1881 3720 2026 3776 prie-

376 3793 612 3861 sideret,
645 3790 950 3847 constituit
980 3795 1045 3845 ut
1066 3789 1361 3861 jejunium
1394 3791 1549 3861 quod
1581 3790 1795 3847 dicitur
1835 3793 2028 3849 Martii

373 3881 435 3937 in
466 3881 658 3955 prima
685 3878 1055 3935 hebdomade
1074 3877 1543 3950 Quadragesimaa
1573 3880 1734 3936 omni
1763 3898 1917 3938 anno
1943 3899 2030 3939 ce-

374 3970 652 4036 lebretur,
684 3968 841 4025 sicut
868 3972 927 4024 et
955 3966 1141 4023 sancti
1176 3971 1374 4024 Patres
1404 3965 1550 4023 illud
1591 3968 1917 4028 instituisse
1946 3970 2028 4028 le-

375 4064 613 4135 guntur.
648 4057 795 4114 Nam
824 4061 1066 4113 sanctus
1097 4056 1596 4135 Gregoriusipapa
1624 4058 1873 4130 primus,
1905 4065 2027 4117 tam

376 4134 436 4205 in
466 4146 931 4205 Saeramentario
961 4162 1139 4217 quam
1169 4145 1229 4200 in
1255 4134 1532 4202 Graduali
1562 4146 1731 4217 libro,
1766 4148 1886 4206 sive
1908 4152 2030 4205 An-

374 4234 707 4311 tiphonario
726 4235 920 4291 ofﬁcia
948 4235 1211 4305 ejusdem
1238 4234 1450 4306 jejunii
1483 4235 1686 4307 prima:
1706 4229 2032 4312 Quadrage-

376 4323 573 4381 simali
602 4322 984 4379 hebdomadis
1013 4321 1309 4394 ascripsit.
1344 4323 1487 4378 Item
1538 4330 1781 4381 sanctus
1831 4325 2031 4382 Hiero-

379 4428 594 4485 nymus
622 4411 683 4466 in
715 4409 863 4466 libro
895 4410 1135 4465 Comitis
1150 4410 1426 4467 lectiones
1441 4415 1500 4467 et
1526 4412 1836 4485 Evangelia
1854 4414 1925 4471 de
1940 4430 2032 4472 eo-

2147 507 2454 563 Dominica
2475 522 2688 563 nomen
2720 510 2777 561 et
2796 505 3055 562 officium
3071 504 3354 561 obtineat.
3373 503 3485 560 Sed
3522 507 3597 559 et
3616 503 3837 560 Junior

2146 596 2461 670 Gregorius
2490 612 2662 668 papa,
2696 594 2959 651 scribens
3007 593 3081 651 de
3130 592 3496 649 ordinatione
3564 591 3835 664 [ordine]

2147 664 2335 740 sancti
2366 664 2644 740 Bonifacii
2671 680 3095 754 archiepiscopi
3145 681 3219 737 ad
3266 679 3831 754 Moguntiacenecs,
3896 664 3897 687 ¹

2146 772 2422 845 praecepit
2449 776 2515 828 ut
2534 771 2824 828 ordinatio
2839 786 2970 842 quas
2989 769 3221 843 jejunio
3238 769 3433 825 Martii
3462 768 3829 837 ascribitur,

2144 861 2203 916 in
2236 862 2505 934 ingressu
2521 859 2989 934 Quadragesimac
3018 876 3154 916 cum
3171 858 3376 915 eodem
3387 858 3635 931 jejunio
3668 874 3823 915 sem-

2146 966 2248 1023 per
2277 950 2621 1007 celebretur.
2654 948 3038 1006 Beatissimus
3071 965 3307 1022 quoque
3336 948 3463 1005 Leo.
3479 964 3653 1022 papa
3702 948 3822 1021 pri-

2144 1055 2299 1107 mus,
2318 1039 2379 1094 in
2409 1039 2999 1111 sermonedejejunio
3028 1036 3531 1111 septimimensis,
3556 1052 3815 1095 vernum

2134 1127 2429 1200 jejunium
2460 1128 2519 1183 in
2552 1128 3031 1201 Quadragesima,
3053 1127 3320 1184 aestivum
3342 1125 3399 1182 in
3432 1130 3808 1195 Pentecoste,

2141 1216 2485 1274 autumnale
2516 1217 2575 1273 in
2606 1216 2856 1290 septimo
2887 1232 3089 1273 mense
3109 1215 3528 1273 celebrandum
3556 1231 3699 1273 esse
3719 1215 3809 1272 de.

2142 1306 2452 1362 nuntiavit.
2487 1306 2629 1362 Item
2651 1305 2859 1361 beatus
2871 1304 3135 1362 Gelasius
3151 1321 3304 1379 papa
3330 1303 3389 1360 in
3403 1303 3803 1361 decretalibus

2141 1395 2287 1461 suis,
2318 1393 2573 1467 capitulo
2604 1393 3034 1466 lt,constituit,
3064 1399 3130 1450 ut
3145 1392 3804 1467 ordinationespresby-

2138 1488 2396 1540 terorum
2426 1487 2484 1538 et
2511 1482 2914 1549 diaconorum,
2946 1499 3062 1539 non
3085 1481 3199 1538 nisi
3231 1481 3407 1539 certis
3434 1483 3801 1555 temporibus

2139 1573 2301 1637 ﬁant,
2334 1572 2553 1645 quippe
2583 1571 2644 1628 in
2668 1571 2900 1644 jejunio
2931 1571 3125 1644 quarti
3157 1576 3217 1628 et
3245 1569 3481 1644 septimi
3499 1575 3565 1627 et
3593 1571 3799 1627 decimi

2138 1661 2383 1727 mensis,
2415 1660 2470 1716 id
2506 1665 2595 1716 est
2623 1660 2806 1725 Junii,
2842 1660 3205 1733 Septembris
3233 1663 3410 1732 atque
3440 1659 3798 1727 Decembris,

2138 1765 2364 1806 necnon
2398 1749 2455 1803 in
2488 1746 3184 1821 quadragesimalisinitii
3204 1747 3456 1819 jejunio,
3488 1748 3655 1820 quod
3684 1764 3802 1820 pro-

2137 1837 2226 1894 cul
2259 1838 2438 1894 dubio
2468 1837 2663 1893 Martii
2722 1836 3095 1909 intelligitur.
3145 1835 3396 1893 Videsne
3453 1852 3599 1910 ergo
3627 1853 3794 1910 quam

2137 1931 2331 2000 aperte
2365 1926 2521 1983 idem
2545 1926 2839 1998 jejunium
2870 1942 3006 1982 cum
3038 1925 3401 1982 ordinatione
3442 1942 3560 1982 sua
3600 1927 3798 1999 prima

2135 2014 2643 2089 Quadragesimali
2675 2014 3055 2071 hebdomadas
3097 2012 3452 2081 ascribatur,
3504 2030 3651 2071 cum
3682 2019 3793 2071 tam

2136 2106 2438 2178 signanter
2467 2102 3468 2177 Quadragesimalisinitiijejunium
3498 2102 3797 2178 cognomi-

2136 2198 2307 2249 netur
2330 2191 2359 2248 ‘I
2389 2192 2510 2249 Hoc
2539 2199 2735 2249 autem
2751 2192 2988 2248 initium
3004 2191 3494 2265 Quadragesimm,
3522 2209 3645 2249 non
3666 2208 3797 2249 aea.

2133 2281 2252 2354 pite
2275 2280 2511 2354 jejunii,
2544 2281 2645 2338 sed
2676 2299 2710 2337 a
2740 2280 3795 2354 subsequentiDominicaestcompu-

2134 2371 2405 2426 tandum.
2438 2370 2586 2427 Nam
2616 2370 2933 2442 quamvisa
2960 2370 3370 2443 capitejejunii
3403 2386 3510 2444 pro
3532 2371 3790 2443 quodam

2134 2458 2562 2533 complementa
2583 2457 3119 2530 Quadragesimalis
3147 2457 3518 2514 abstinentiae
3550 2458 3793 2531 incipia-

2136 2566 2335 2616 mus,a
2363 2548 2745 2621 subsequenti
2763 2552 2961 2604 tamen
2983 2546 3307 2615 Dominica,
3323 2547 3494 2620 juxta
3523 2546 3797 2604 assertio-

2136 2655 2269 2695 nem
2300 2637 2487 2694 sancti
2519 2637 2812 2693 Ambrosii
2846 2640 2903 2693 et
2934 2635 3122 2693 sancti
3160 2636 3421 2710 Gregorii
3450 2640 3510 2692 et
3542 2635 3795 2693 aliorum

2135 2731 2478 2783 sanctorum
2512 2727 2771 2792 Patrum,
2803 2726 3327 2799 Quadragesimam
3356 2724 3595 2798 proprie
3636 2742 3795 2782 exor-

2135 2816 2354 2872 dimur.
2389 2815 2626 2871 Nullum
2660 2819 2855 2871 autem
2914 2819 3278 2871 commoveat
3334 2814 3491 2887 quod
3532 2818 3795 2888 tempore

2137 2905 2367 2961 Henrici
2401 2905 2643 2961 secundi
2660 2903 3028 2976 imperatoris
3041 2903 3350 2959 duodecim
3380 2902 3792 2977 episcopi,Mo-

2136 2993 2350 3068 guntiaa
2382 2993 2741 3067 congregati,
2769 2992 2937 3049 aliter
2994 2992 3065 3049 de
3096 2992 3205 3048 hoc
3237 2992 3470 3064 jejunio
3515 2993 3793 3049 statuisse

2137 3082 2430 3155 leguntur.
2457 3081 2601 3137 Cum
2617 3083 2774 3137 enim
2801 3082 2956 3155 apud
2980 3080 3140 3154 ipsos
3158 3098 3271 3136 non
3286 3080 3518 3137 modica
3544 3080 3793 3137 varietas

2136 3172 2207 3228 de
2237 3171 2575 3243 bujusmodi
2599 3170 2846 3243 jejuniis
2876 3169 3180 3239 accideret,
3202 3187 3269 3226 eo
3298 3168 3455 3242 quod
3486 3169 3788 3242 antiquam

2131 3264 2467 3317 sanctorum
2498 3263 2739 3315 Patrum
2761 3258 3135 3315 traditionem
3166 3258 3227 3315 in
3259 3258 3370 3314 hac
3398 3274 3461 3314 re
3492 3258 3697 3314 minus
3715 3262 3792 3314 at-

2131 3349 2415 3418 tenderet,
2440 3366 2544 3422 pro
2561 3347 2901 3420 bujusmodi
2919 3347 3260 3404 confusione
3275 3346 3623 3419 corrigenda
3640 3345 3789 3403 hanc

2133 3439 2246 3495 sibi
2286 3437 2549 3511 regulam
2590 3442 3041 3510 proposuerunt,
3075 3441 3141 3492 ut
3178 3436 3454 3509 deinceps
3494 3436 3557 3491 in
3598 3436 3789 3508 prima

2133 3546 2209 3602 qu
2219 3533 2343 3585 arta
2356 3527 2499 3583 feria
2511 3525 2858 3593 Martii,etin
2870 3526 3129 3582 secunda
3141 3524 3461 3594 Junii,etin
3476 3526 3652 3581 tertia
3662 3525 3794 3598 Sep-

2134 3617 2400 3685 tembris,
2420 3615 2579 3673 omni
2598 3632 2750 3671 anno
2753 3615 3109 3687 jejunarent.
3143 3614 3255 3670 Sed
3273 3613 3396 3670 hac
3410 3612 3792 3687 regulaapos-

2135 3706 2325 3763 tolicm
2354 3704 2686 3761 auctoritati
2704 3703 3085 3778 prejudicare
3118 3719 3221 3759 nec
3249 3702 3421 3759 debet
3450 3719 3556 3759 nec
3574 3708 3777 3775 potest,

2138 3794 2457 3869 praesertim
2488 3810 2623 3869 cum
2641 3793 3080 3849 evidentissime
3093 3792 3329 3849 statutis
3341 3795 3683 3848 sanctorum
3699 3791 3794 3847 Pa-

2136 3866 2295 3941 trum
2324 3866 2589 3940 videatur
2618 3898 2963 3955 repugnare.
2985 3883 3045 3938 Si
3077 3883 3234 3939 enim
3266 3880 3603 3953 pradictam
3626 3896 3794 3953 regn-

2137 3973 2257 4030 lam
2290 3970 2596 4029 annuatim
2627 3970 3028 4040 observamus,
3048 3970 3346 4027 multoties
3377 3986 3493 4026 non
3524 3968 3786 4026 solumin

2138 4060 2617 4134 Quadragesima,
2634 4060 2733 4116 sed
2766 4060 2941 4116 etiam
2961 4065 3097 4116 ante
3110 4059 3270 4127 Quad
3280 4057 3634 4132 ragesimam
3650 4059 3796 4131 jeju-

2139 4151 2435 4208 nabimus.
2468 4153 2608 4205 Cum
2640 4153 2695 4205 et
2719 4154 2944 4206 statuta
2960 4148 3414 4222 apostolicorum
3444 4146 3726 4214 virorum,
3741 4151 3795 4203 et

2138 4239 2429 4296 institutio
2459 4238 2810 4309 officiorum,
2843 4242 2909 4294 ut
2938 4236 3305 4311 praelibatum
3338 4240 3449 4303 est,
3482 4235 3629 4292 illud
3651 4236 3793 4292 infra

2140 4327 2683 4402 Quadragesimam,
2718 4327 2837 4383 imo
2869 4327 2929 4382 in
2961 4327 3153 4400 prima
3174 4325 3652 4404 Quadragesimaa
3674 4342 3792 4398 sep.

2140 4419 2385 4485 timana,
2416 4433 2650 4490 semper
2675 4416 2971 4473 celebrare
3001 4417 3344 4473 decernant.
3394 4414 3795 4472 Indubitanter

377 4501 513 4556 dem
540 4498 770 4570 Jejuuio
787 4498 977 4588 eidem
990 4498 1372 4556 hebdomadas
1402 4500 1676 4571 iujunxit.
1704 4502 1836 4574 ipsa
1853 4503 2029 4560 etiam
2063 4523 2107 4588 ι’)
2140 4527 2277 4583 ergo
2310 4508 2561 4564 refutare
2590 4506 2877 4562 debemus
2891 4504 3179 4578 quidquid
3198 4509 3321 4561 tam
3351 4505 3650 4562 evidenter
3668 4519 3795 4577 apo-

376 4605 591 4645 vacans
624 4587 951 4651 Dominica,
975 4603 1154 4659 quam
1178 4592 1420 4645 sanctus
1449 4589 1764 4663 Gregorius
1797 4591 1854 4648 in
1886 4595 2033 4659 Qua-

377 4676 712 4751 dragesima
736 4676 1051 4733 secundam
1070 4693 1200 4733 esse
1215 4676 1859 4744 voluit,evidentissime
1884 4681 2029 4737 insi-

377 4771 523 4824 nuat
551 4766 706 4840 quod
731 4765 1027 4839 jejunium
1050 4765 1242 4821 Martii
1269 4765 1655 4824 nihilominus
1684 4769 1843 4824 omni
1875 4788 2028 4827 anno

378 4858 570 4930 ipsam
604 4855 661 4911 in
695 4856 885 4928 prima
916 4854 1285 4910 bebdomada
1306 4857 1628 4927 prmcedere
1658 4858 1882 4914 debeat.
1902 4859 2027 4916 Non

377 4946 534 5003 enim
567 4945 771 5002 eadem
804 4943 1109 4999 Dominica
1135 4943 1369 5017 proprie
1396 4961 1613 5001 vacans
1646 4947 1954 5015 diceretur,
1979 4948 2029 5005 si

377 5052 491 5091 non
503 5034 823 5091 Sabbatum
844 5048 900 5088 x1
915 5031 1230 5088 lectionum
1243 5049 1274 5088 e
1287 5032 1528 5106 vestigio
1553 5034 2027 5109 subsequeretur,

376 5124 531 5196 quod
566 5123 867 5197 proprium
896 5125 987 5178 est
1015 5121 1280 5177 omnium
1336 5121 1771 5180 Dominicarum
1817 5143 2029 5184 vacan-

374 5212 546 5280 tium,
580 5229 709 5286 quae
737 5228 871 5269 cum
904 5209 1139 5284 proprio
1168 5214 1404 5267 careant
1441 5211 1652 5281 ofﬁcio,
1701 5230 1771 5269 ex
1818 5232 2032 5288 praece-

378 5299 537 5355 denti
554 5300 923 5358 bebdomada
941 5298 1359 5365 inolﬁciantur,
1380 5298 1429 5355 si
1444 5304 1639 5356 tamen
1657 5318 1892 5359 necesse
1907 5304 2030 5362 fue-

378 5386 457 5441 rit
488 5391 549 5441 ut
564 5389 1136 5445 assumantur.Unde
1153 5393 1212 5445 et
1227 5387 1349 5444 base
1366 5386 1667 5445 Dominica
1686 5390 1757 5446 de
1782 5394 2030 5467 quaagi-

381 5490 515 5530 mus
541 5491 609 5530 ex
634 5480 844 5546 quarta
858 5476 1357 5550 feriaprzecedenti
1376 5477 1596 5548 jejunii
1624 5477 1881 5537 officium
1902 5498 2031 5540 mu-

378 5559 583 5651 tuevit.
614 5560 1021 5635 Necessarium
1039 5568 1129 5622 est
1140 5579 1276 5643 ergo
1289 5566 1354 5621 ut
1373 5561 1518 5622 illud
1539 5561 1705 5625 illam
1719 5570 2030 5647 praecedat,

2140 4599 2358 4655 stolicas
2390 4595 2722 4653 auctoritati
2756 4595 3046 4651 contraire
3085 4594 3377 4663 videmus,
3423 4593 3581 4650 unde
3619 4593 3791 4648 totius

2136 4687 2480 4745 Christianas
2497 4683 2798 4757 religionis
2810 4688 2869 4740 et
2899 4682 3122 4740 ordinis
3147 4682 3451 4741 exordium
3474 4686 3532 4738 et
3552 4681 3789 4737 formam

2138 4775 2492 4849 accepimus.
2526 4774 2640 4829 Nec
2670 4772 3021 4829 mirerishoc
3042 4772 3343 4844 jejunium
3362 4771 3561 4845 potius
3591 4770 3788 4826 Martio

2138 4882 2315 4939 quam
2350 4862 2662 4919 Februario
2685 4861 3204 4934 ascribi,quamvis
3232 4860 3295 4917 in
3326 4860 3642 4917 Februario
3660 4875 3785 4916 cum

2136 4955 2267 5027 ipsa
2298 4951 2756 5025 Quadragesima
2774 4965 3222 5024 nonnumquam
3252 4952 3541 5007 occurrat.
3556 4947 3787 5021 Semper

2138 5043 2294 5100 enim
2324 5042 2477 5098 idem
2500 5039 2799 5112 jejunium
2831 5044 2933 5095 aut
2958 5038 3307 5096 Kalendaria
3352 5037 3664 5111 aliquando
3692 5040 3783 5094 aut

2140 5130 2504 5188 lunationem
2536 5128 2749 5196 Martii,
2783 5132 2882 5184 aut
2912 5131 3229 5202 utrumque
3268 5126 3448 5185 simul
3502 5127 3778 5184 incurrit:

2141 5219 2441 5278 Februarii
2471 5222 2667 5274 autem
2698 5216 3043 5275 Kalendaria
3070 5217 3406 5290 aliquando,
3434 5216 3778 5273 lunationem

2138 5326 2273 5364 vero
2304 5324 2607 5380 nunquam
2640 5306 2895 5379 attingit.
2943 5307 3090 5380 Ergo
3135 5306 3321 5362 multo
3370 5305 3777 5378 congruentius

2141 5398 2348 5454 Martio
2379 5395 2712 5463 ascribitur,
2745 5411 2921 5467 quem
2952 5412 3257 5468 nunquam
3290 5394 3587 5468 relinquit,
3610 5409 3776 5466 quam

2142 5485 2471 5553 Februario,
2505 5501 2679 5558 quem
2694 5483 2991 5540 multoties
3003 5484 3239 5557 penitus
3264 5501 3377 5542 non
3400 5482 3652 5558 attingit.
3673 5481 3775 5539 Ob-

2141 5576 2406 5638 servatur
2433 5591 2575 5635 sane
2605 5573 2801 5651 bocjej
2811 5573 3017 5634 unium
3033 5590 3169 5633 cum
3186 5574 3317 5654 ipsa
3331 5571 3776 5649 Quadragesimu
