3968 6126
126 327 239 395 997

1583 323 2110 400 MIGROLOGUS.

3405 323 3528 397 998

126 465 449 522 secundum
471 460 857 532 lunationem,
888 458 1042 520 sicut
1069 467 1126 520 et
1166 459 1408 521 Pascha.
1459 465 1621 522 Unde
1654 484 1768 523 non
1799 469 1855 535 Α
1886 471 2091 526 madas
2121 470 2338 527 eisdem
2363 468 2611 542 jejuniis
2639 468 3103 526 internumerare
3123 468 3524 542 valebiszquod

123 554 442 629 incongrue
471 553 668 627 ipsum
698 553 905 611 Martio
933 556 1169 627 propter
1197 553 1559 611 lunationem
1592 557 1770 612 ascri-

122 643 299 710 bitur,
346 641 614 716 quamvis
668 642 727 697 in
790 642 1105 698 Februario
1158 648 1442 699 occurrat.
1502 644 1666 700 Sicut
1716 649 1772 701 et

118 730 343 787 Pascha
368 729 552 802 Aprili
585 746 819 803 semper
851 729 1184 797 ascribitur,
1217 731 1485 803 quamvis
1527 749 1682 805 saepe
1710 734 1769 788 in

118 818 323 876 Martio
352 819 795 893 contingat.Nec
824 819 934 875 hoc
956 819 1159 892 utique
1189 819 1476 892 probabili
1508 821 1771 894 exemplo

118 907 413 976 carebit,si
443 924 745 964 sacrorum
775 909 1049 965 ordinum
1098 908 1459 981 dispensatio
1499 928 1769 967 nonnun-

118 1013 297 1069 quam
328 997 431 1053 t'iat
459 996 520 1052 in
550 997 888 1066 Februario,
922 998 1062 1054 dum
1105 997 1215 1054 hoc
1245 998 1429 1072 egerit
1456 1001 1773 1073 quadrage-

118 1085 348 1143 simalis
376 1085 529 1141 initii
567 1086 938 1158 praamutatio
986 1086 1199 1159 [ratio].
1234 1087 1382 1143 Nam
1413 1089 1770 1145 reverendis-

117 1174 254 1232 simi
282 1174 482 1231 Patres
513 1175 722 1242 nostri,
757 1175 1066 1232 sanctitate
1096 1179 1153 1231 et
1173 1176 1492 1248 apostolica
1520 1178 1772 1233 auctori-

116 1267 238 1319 tate
268 1263 572 1336 przecipui,
600 1263 869 1320 videlicet
900 1263 1262 1336 Simplicius,
1292 1265 1579 1334 Gelasius,
1613 1267 1775 1338 Sym-

115 1351 385 1420 machus,
417 1351 591 1420 Felix,
646 1352 706 1407 in
756 1352 1069 1409 Februario
1116 1354 1515 1411 ordinationes
1563 1355 1770 1412 fecisse

112 1440 554 1513 leguntur,eum
577 1442 705 1512 jam
732 1445 932 1497 sancta
965 1442 1227 1498 Romana
1256 1442 1512 1499 Ecclesia
1540 1444 1623 1516 jej
1635 1444 1772 1500 unia

112 1530 376 1593 Quatuor
401 1531 757 1603 Temporum
799 1530 858 1585 in
907 1530 1270 1586 ordinatione
1320 1533 1625 1588 observare
1678 1534 1772 1588 de-

111 1617 611 1691 creverit,bocque
633 1618 766 1675 aliis
799 1635 1030 1691 quoque
1052 1619 1323 1676 Ecclesiis
1354 1621 1433 1675 ita
1462 1622 1773 1678 observan-

111 1706 764 1780 dumpromulgaverit.
791 1708 936 1779 Ergo
986 1708 1207 1779 absque
1253 1709 1413 1764 omni
1459 1710 1637 1765 dubio
1668 1711 1769 1766 ob-

110 1812 343 1852 servare
374 1795 847 1852 debemus.Unde
875 1802 998 1851 tam
1020 1801 1175 1852 certa
1197 1801 1482 1869 praecepta
1505 1803 1560 1853 et
1576 1815 1766 1854 exem-

110 1884 208 1958 pla
238 1888 578 1941 sanctorum
625 1888 865 1939 Patrum
898 1883 1214 1956 apostolica
1253 1885 1597 1941 auctoritate
1622 1903 1767 1958 pra)-

110 1974 371 2030 ditorum
403 1972 767 2030 sufﬁcienter
814 1972 1121 2041 habemus,
1173 1973 1497 2045 praesertim
1549 1992 1684 2030 cum
1713 1981 1769 2029 et

109 2062 347 2119 facilius
377 2062 720 2119 observetur
744 2062 899 2134 quod
931 2062 1172 2134 provida
1200 2062 1522 2133 antiquitas
1547 2068 1603 2118 et
1631 2079 1767 2118 auc-

108 2151 320 2208 toritas
349 2150 627 2219 instituit,
660 2167 840 2223 quam
884 2152 1039 2223 quod
1071 2151 1503 2206 inconsiderata
1544 2152 1769 2208 novitas

104 2243 162 2295 et
186 2240 515 2297 infirmitas
542 2238 1024 2296 adinvenit.Nulli
1047 2239 1205 2296 enim
1236 2240 1481 2295 dubium
1509 2244 1598 2296 est
1627 2241 1767 2313 quin

107 2327 342 2385 facilius
371 2329 450 2385 sit
479 2328 639 2385 omni
670 2345 824 2384 anno
854 2329 1011 2384 idem
1037 2329 1334 2401 jejunium
1365 2329 1558 2384 Martii
1590 2330 1650 2385 in
1682 2347 1773 2386 ea-

106 2419 244 2474 dem
277 2417 650 2475 bebdomada
680 2434 814 2473 cum
845 2417 1067 2474 eisdem
1100 2417 1309 2474 officiis
1340 2417 1645 2475 inconfuse
1677 2436 1769 2476 ce-

104 2505 360 2572 lebrare,
392 2522 570 2578 quam
600 2507 672 2562 de
697 2506 1067 2563 hebdomada
1099 2507 1157 2561 in
1191 2506 1619 2563 hebdomadam
1653 2525 1769 2565 non

107 2594 237 2651 sine
268 2594 610 2651 confusione
639 2594 989 2661 ofﬁciorum,
1040 2600 1106 2650 ut
1153 2594 1583 2664 multi~solent,
1626 2597 1768 2653 illud

108 2682 420 2739 annuatim
452 2686 701 2739 mutare.

418 2774 552 2827 CAP.
587 2771 751 2827 XXV.
783 2804 851 2812 —
879 2773 951 2827 De
964 2773 1183 2844 jejunio
1210 2775 1462 2830 wstivalz’.

184 2859 506 2934 Gregorius
536 2876 689 2933 papa
738 2861 1026 2934 septimus
1056 2862 1385 2934 apostolica:
1418 2863 1541 2919 sedi
1574 2864 1771 2936 praesi-

106 2951 278 3017 dens,
300 2949 605 3005 constituit
637 2954 705 3005 ut
728 2949 983 3006 aestivale
1004 2951 1300 3023 jejunium
1332 2951 1485 3007 infra
1509 2957 1770 3007 octavam

104 3038 480 3099 Pentecostes
505 3038 819 3094 annuatim
872 3037 1286 3095 celebraretur.
1320 3041 1482 3104 Quod
1533 3040 1770 3112 quidem

104 3126 566 3201 sapientioribus
587 3126 909 3183 reverentia
932 3128 1088 3184 sedis
1104 3128 1434 3200 apostoliczr.
1456 3129 1622 3184 facile
1644 3147 1771 3202 per-

1880 557 2046 613 illum
2081 576 2193 615 non
2227 557 2450 627 latebit,
2473 560 2806 631 quicunque
2838 557 3149 630 diligenter
3177 556 3524 630 interjacen-

1878 652 1966 703 tes
1994 646 2396 704 hebdomadas
2428 647 2679 721 singulis
2709 646 2879 702 annis
2918 645 3331 701 dinumerabit.
3364 646 3524 702 Nun-

1879 753 2053 809 quam
2086 752 2225 792 sane
2254 736 2591 807 hujusmodi
2616 735 2827 809 regulae
2849 735 3026 791 simul
3049 733 3339 790 observari
3360 738 3526 807 pote-

1878 822 2158 890 runt,nisi
2183 839 2249 879 eo
2285 840 2598 884 anno,cum
2629 822 2899 878 Kalendae
2930 822 3288 894 Septembris
3317 821 3377 876 in
3408 826 3523 878 ter-

1880 911 1961 967 tia
1987 912 2072 967 vel
2101 911 2160 966 in
2192 914 2402 983 quarta
2440 911 2584 967 feria
2614 915 2944 967 occurrunt.
2976 910 3084 966 Sed
3118 910 3177 966 in
3208 910 3317 966 hac
3347 927 3526 967 causa

1877 997 2210 1055 Amalarius
2241 1017 2355 1055 non
2386 1000 2528 1056 adeo
2556 1001 2847 1056 notandus
2877 1017 2960 1070 es,
2993 999 3091 1071 qui
3125 1015 3240 1054 non
3273 1003 3394 1055 tam
3425 999 3526 1055 ali-

1878 1105 2056 1160 quam
2089 1088 2572 1145 consuetudinem
2605 1089 2908 1144 instituere
2940 1105 3116 1160 quam
3150 1088 3221 1144 de
3261 1088 3528 1144 instituta

1878 1181 2302 1250 competentem
2345 1177 2603 1250 aliquam
2654 1177 2904 1250 ﬁguram
2952 1176 3157 1233 elicere
3204 1176 3526 1233 consuevit.

1878 1266 1995 1322 Cur
2025 1270 2222 1322 autem
2254 1266 2368 1321 ista
2396 1264 2772 1338 replicamus,
2797 1282 2929 1321 cum
2975 1264 3204 1321 etiamsi
3240 1265 3528 1337 praadictaa

1879 1354 2091 1428 regulas
2114 1353 2224 1409 sibi
2249 1355 2550 1410 annuatim
2579 1353 3309 1419 convenirent,auctoritati
3331 1357 3528 1410 tamen

1878 1443 2035 1499 sedis
2057 1442 2384 1515 apostolicae
2406 1441 2741 1498 nullatenus
2766 1441 3140 1515 prmjudicare
3172 1441 3529 1514 possent,cui

1878 1548 2083 1587 omnes
2103 1548 2204 1603 per
2234 1532 2431 1587 omnia
2461 1533 2681 1603 absque
2694 1530 3230 1587 omnihzesitatione
3249 1531 3532 1587 debemus

1879 1620 2240 1689 obedire,cui
2272 1636 2575 1693 nunquam
2600 1620 2853 1675 debitam
2882 1619 3226 1676 exhibemus
3265 1618 3533 1676 obedien-

1877 1708 2098 1775 tiam,si
2128 1710 2258 1781 ejus
2289 1713 2509 1764 statuta
2538 1710 2736 1781 potius
2778 1709 3048 1778 judicare
3078 1723 3255 1780 quam
3287 1706 3534 1781 implere

1880 1815 2156 1854 curamus
2187 1797 2349 1854 PHoc
2365 1803 2453 1854 est
2482 1797 2636 1852 enim
2676 1796 3047 1869 privilegium
3087 1796 3431 1853 obedientize
3462 1795 3534 1852 de

1879 1887 2168 1943 sententia
2197 1886 2287 1942 sui
2306 1889 2675 1959 praeceptoris
2720 1902 2832 1940 non
2861 1884 3149 1955 judicare,
3178 1885 3239 1940 in
3286 1884 3360 1940 iis
3389 1884 3535 1940 dun-

1877 1980 2037 2030 taxat
2068 1976 2244 2031 rebus
2272 1992 2420 2047 quas
2451 1975 2748 2030 canonicis
2768 1973 3086 2046 Scripturis
3107 1974 3393 2030 contraire
3416 1990 3529 2028 non

1877 2065 2165 2131 videmus,
2194 2064 2311 2119 imo
2364 2064 2563 2120 statim
2615 2065 2849 2135 exsequi
2903 2063 3057 2136 quod
3093 2062 3355 2135 jubetur.
3383 2061 3532 2118 Nam

1879 2153 2218 2224 quicunque
2242 2153 2428 2208 facere
2458 2151 2709 2208 noluerit
2741 2153 2852 2208 nisi
2905 2152 3061 2225 quod
3105 2151 3271 2224 prius
3303 2168 3410 2208 sua
3440 2168 3533 2206 ra-

1879 2242 2037 2297 tione
2068 2241 2398 2314 probaverit
2442 2256 2571 2296 esse
2603 2240 2956 2307 faciendum,
2990 2257 3106 2296 non
3152 2243 3271 2296 tam
3322 2255 3534 2311 praece-

1879 2330 2029 2402 ptori
2061 2346 2168 2385 suo
2200 2346 2378 2402 quam
2409 2328 2655 2402 propriae
2685 2327 3002 2385 voluntatis
3043 2327 3282 2383 arbitrio
3309 2327 3536 2383 satisfe-

1880 2417 2029 2474 cisse
2069 2418 2454 2491 judicabitur.
2494 2419 2649 2473 lianc
2698 2434 2834 2490 ergo
2882 2434 3090 2489 puram
3145 2415 3535 2472 obedientiam

1881 2524 2013 2562 cum
2047 2506 2325 2562 omnibus
2366 2505 2774 2578 spiritualibus
2823 2504 3039 2562 nostris
3074 2504 3532 2577 praeceptoribus

1880 2595 2210 2651 certissime
2232 2595 2832 2662 debeamus,maxime
2848 2598 3042 2650 tamen
3059 2592 3387 2665 apostolica:
3410 2592 3536 2649 sedi

1880 2701 1948 2739 ex
1980 2684 2186 2739 intimo
2216 2684 2386 2740 corde
2417 2684 2699 2740 debemus
2725 2700 2851 2755 quae
2873 2682 3055 2739 totius
3076 2681 3416 2739 Christianae
3443 2697 3534 2737 re-

1881 2772 2117 2845 ligionis
2146 2777 2323 2845 caput
2353 2777 2444 2828 est
2473 2776 2530 2828 et
2558 2772 2739 2845 origo.
2763 2772 2868 2827 Sed
2898 2770 3037 2843 quia
3066 2771 3186 2825 haec
3218 2770 3367 2826 ratio
3393 2769 3536 2826 sim-

1881 2860 2225 2934 plicioribus
2282 2862 2526 2918 fortasse
2557 2878 2672 2916 non
2705 2860 3134 2931 sufﬁcit,operaa
3166 2859 3420 2931 pretium
3450 2859 3533 2914 vi-

1883 2951 2054 3006 detur
2075 2951 2146 3006 de
2168 2950 2450 3023 superiori
2479 2954 2697 3006 statuto
2719 2949 3087 3005 latiustracta
3098 2952 3430 3019 re,etquam
3445 2965 3535 3002 ra-

1881 3038 2095 3094 tionale
2111 3038 2515 3106 [rationabile],
2548 3055 2725 3111 quem
2757 3037 3124 3103 canonicum,
3158 3036 3375 3108 quippe
3398 3053 3537 3091 san-

1884 3127 1992 3183 ctis
2024 3127 2295 3183 Patribus
2323 3144 2499 3199 quam
2516 3143 2838 3182 consonum
2856 3124 3197 3197 reperiatur,
3223 3123 3535 3179 elucidare.

104 3216 320 3284 suasit,
355 3215 814 3288 simplicioribus
838 3222 1033 3272 autem
1058 3216 1347 3273 nonnulla
1367 3218 1655 3274 dubitatio
1683 3235 1774 3274 su-
1804 3203 1847 3270 C
1887 3215 2270 3272 Beatissimus
2303 3217 2415 3271 Leo
2445 3233 2598 3288 papa
2630 3216 2672 3283 l,
2707 3215 2767 3269 in
2798 3214 3002 3268 ordine
3049 3212 3539 3285 quadragesimus

106 3320 214 3377 per
246 3304 427 3376 hujus
458 3304 661 3361 statuti
685 3304 1150 3378 promulgatione
1169 3307 1469 3362 remansit.
1492 3306 1639 3362 Nam
1665 3324 1782 3363 non

105 3409 325 3465 parum
348 3408 382 3448 a
401 3392 824 3449 consuetudine
847 3409 1049 3448 eorum
1077 3393 1575 3466 discrepat.quam
1600 3413 1633 3450 a
1654 3394 1781 3467 qui-

113 3481 375 3539 busdam
409 3481 769 3553 scriptisnon
807 3482 950 3537 adeo
967 3481 1318 3537 authenticis
1349 3485 1777 3553 mutuaverant,

111 3570 171 3625 id
199 3574 295 3626 est
316 3586 350 3626 a
370 3569 1111 3643 Moguntiacensiconcilio.
1138 3575 1396 3643 tempore
1428 3571 1657 3627 Henrici
1688 3589 1779 3628 se-

110 3656 299 3714 eundi
312 3657 683 3731 imperatoris
699 3658 847 3714 facto
874 3676 885 3725 ;
903 3657 1011 3713 hoc
1024 3659 1179 3714 enim
1199 3659 1347 3715 hanc
1363 3659 1780 3733 regulamjeju-

111 3746 234 3803 niis
257 3750 511 3819 quatuor
528 3751 861 3818 temporum
896 3746 1139 3819 praﬁxit
1162 3749 1469 3820 (can.3),ut
1498 3749 1555 3802 in
1591 3748 1779 3821 prima

109 3837 330 3904 quarta
361 3832 502 3888 feria
532 3833 810 3897 Martii,in
846 3834 1102 3889 secunda
1133 3833 1314 3902 Junii,
1342 3836 1399 3889 in
1434 3836 1604 3891 tertia
1636 3836 1776 3908 Sep-

108 3922 388 3992 tembris,
420 3922 580 3977 omni
612 3939 764 3977 anno
800 3923 1124 3993 jejunetur.
1158 3922 1441 3980 Praeterea
1470 3928 1526 3979 et
1555 3924 1665 3980 hoc
1697 3930 1776 3980 at-

105 4011 388 4079 tendunt,
416 4010 574 4082 quod
606 4010 662 4065 in
696 4012 1050 4083 quibusdam
1095 4014 1576 4069 Sacramentariis
1615 4014 1774 4071 inve-

1891 3304 2199 3377 septimus,
2221 3306 2391 3376 cujus
2422 3304 2763 3359 auctoritate
2795 3305 3211 3373 congregatum
3241 3304 3300 3355 et
3330 3300 3540 3355 conﬁr-

1890 3398 2115 3449 matum
2146 3398 2235 3449 est
2281 3396 2550 3448 sanctum
2592 3389 3063 3446 Chalcedonense
3110 3387 3446 3455 concilium,
3480 3387 3540 3443 in

1887 3482 2035 3538 libro
2067 3498 2405 3538 sermonum
2437 3480 2630 3553 quarti
2679 3479 2902 3534 mensis
2934 3477 3232 3550 jejunium
3272 3493 3387 3533 non
3421 3476 3538 3532 nisi

1887 3571 2253 3627 hebdomade
2269 3571 2637 3626 Pentecostes
2658 3566 2963 3624 celebrand
2975 3585 3072 3623 um
3089 3583 3218 3623 esse
3233 3566 3541 3622 denuntia-

1885 3660 2107 3715 vit.Nec
2130 3659 2240 3715 hoc
2254 3664 2482 3715 tantum
2505 3658 2564 3713 in
2600 3675 2715 3713 uno
2746 3656 3145 3737 sermone,sed
3167 3654 3226 3710 in
3249 3654 3541 3726 pluribus,

1885 3764 2033 3819 quos
2054 3748 2125 3803 de
2156 3751 2491 3803 Pentecoste
2522 3747 2581 3802 in
2613 3745 2855 3802 diversis
2878 3746 3051 3801 annis
3070 3745 3275 3800 fecisse
3302 3743 3540 3816 legitur;

1884 3836 2039 3908 quod
2062 3835 2228 3890 illum
2243 3836 2646 3908 subterfugere
2660 3852 2774 3890 non
2792 3833 3205 3907 poterit,quicu
3217 3848 3369 3903 nque
3382 3849 3448 3887 eu
3461 3848 3547 3886 m-

1884 3925 2016 3980 dem
2032 3924 2249 3979 librum
2273 3923 2582 3995 diligenter
2601 3921 3021 3995 perlegerit.lbi
3042 3921 3199 3977 enim
3228 3919 3542 3975 evidentis-

1884 4012 2030 4069 sime
2062 4012 2368 4068 docebitur
2397 4029 2465 4066 ex
2504 4010 2823 4082 apostolica
2865 4008 3180 4065 traditione
3229 4007 3409 4078 hujus
3453 4008 3545 4079 je-

108 4099 475 4170 niunt,quod
505 4104 563 4154 et
592 4099 651 4153 in
686 4101 874 4171 primo
901 4100 1154 4157 Sabbato
1186 4101 1403 4169 Martii,
1426 4102 1482 4157 in
1516 4103 1773 4159 secundo
1873 4101 2029 4173 junii
2061 4099 2488 4157 observantiam
2535 4099 2903 4167 descendere,
2954 4114 3059 4152 nec
3122 4096 3411 4152 diversam
3442 4096 3544 4150 sed

105 4185 369 4253 Junii,in
399 4186 569 4242 tertio
600 4188 978 4258 Septembris,
1004 4189 1275 4259 jejunare
1304 4191 1642 4248 debeamus.
1669 4191 1773 4249 Illo

106 4276 299 4333 etiam
319 4291 433 4329 non
458 4273 656 4328 minus
686 4275 1011 4340 observato,
1047 4280 1109 4330 ut
1141 4276 1211 4331 de
1251 4295 1367 4332 uno
1411 4279 1663 4337 Sabbato
1692 4299 1770 4337 xu

106 4364 446 4422 lectionum
460 4377 647 4432 usque
669 4362 723 4416 in
746 4361 902 4417 aliud
916 4363 1097 4431 ,juxta
1114 4363 1775 4438 Amalarium,quatuor-

105 4451 315 4511 decim
338 4449 717 4505 hebdomadas
740 4452 1239 4522 computentur.Si
1269 4451 1771 4525 igitur,inquiunt,

1882 4190 2223 4246 continuam
2272 4187 2564 4260 [divisam,
2615 4187 2716 4242 sed
2774 4186 3155 4257 contiguam],
3208 4187 3342 4257 post
3385 4183 3540 4239 diem

1880 4284 2254 4337 Pentecostes
2303 4276 2579 4334 celebrari
2615 4276 2846 4331 debere.
2881 4275 2989 4331 Sed
3028 4291 3100 4330 ne
3156 4271 3375 4345 aliquis
3406 4287 3546 4327 eum

1883 4368 1990 4425 hoc
2020 4369 2092 4424 de
2123 4364 2618 4440 quadragesimali
2645 4362 3054 4437 jejunio.quod
3080 4366 3211 4435 post
3232 4364 3545 4417 Pentecos-

1881 4462 1978 4513 ten
2011 4457 2373 4531 agitur,-non
2414 4455 2485 4511 de
2512 4454 2742 4526 jejunio
2797 4452 2991 4526 quarti
3039 4452 3284 4520 mensis,
3332 4466 3547 4523 praece-

96 4544 287 4614 juxta
317 4542 605 4632 statutum
628 4539 848 4595 domini
884 4539 1185 4611 apostolici
1216 4540 1369 4596 infra
1398 4540 1771 4599 Pentecosten
1803 4568 1850 4632 Β
1885 4545 2039 4616 pisse
2069 4550 2301 4617 putaret
2330 4546 2760 4616 subsequenter
2788 4542 3154 4598 decernendo
3178 4541 3450 4632 admonet
3481 4543 3548 4595 ut

104 4628 431 4685 annuatim
456 4627 840 4700 jejunaveris,
865 4644 978 4683 non
1001 4644 1233 4701 semper
1266 4630 1583 4685 secundam
1608 4648 1777 4702 quar-

106 4724 245 4775 tam
280 4717 484 4773 feriam
513 4717 601 4774 vel
617 4717 939 4775 secundum
953 4717 1272 4773 Sabbatum
1285 4718 1446 4774 Junii
1472 4718 1777 4776 observare

108 4806 365 4881 poteris.
397 4806 506 4862 Sed
529 4823 634 4862 cur
654 4824 813 4863 more
850 4805 1273 4863 Pharisaeorum
1297 4807 1596 4879 liquamus
1631 4807 1775 4863 culi-

108 4911 274 4962 cem,
298 4894 611 4967 glutientes
625 4895 1105 4963 camelum?Cur,
1140 4895 1404 4969 inquam,
1435 4896 1777 4967 huiusmodi

109 4981 348 5054 scripta
358 4982 717 5055 praavaricari
732 4983 866 5056 plus
877 5000 1368 5056 vereamurquam
1383 4986 1539 5042 sedis
1551 4992 1780 5058 aposto-

110 5072 253 5127 lica
271 5070 592 5142 decretum,
615 5072 938 5144 praesertim
960 5088 1095 5128 cum
1127 5073 1200 5128 ob
1225 5089 1427 5129 eorum
1454 5074 1778 5131 adinvicem

112 5158 577 5232 repugnantiam
601 5175 665 5216 se
678 5161 984 5216 observare
1013 5177 1130 5216 non
1153 5160 1597 5233 permittant?Si
1621 5163 1777 5219 enim

101 5251 295 5321 juxta
309 5246 781 5319 Moguntiacense
792 5248 1109 5306 concilium
1130 5248 1189 5303 in
1205 5248 1395 5321 prima
1415 5257 1623 5322 quarta
1638 5252 1780 5309 feria

111 5333 347 5401 Martii,
370 5334 427 5391 in
448 5337 707 5393 secunda
735 5336 918 5408 Junii,
944 5338 1003 5392 in
1034 5337 1209 5393 tertia
1232 5340 1589 5410 Septembris
1619 5342 1777 5397 omni

111 5439 288 5481 anno
310 5423 641 5495 jejunatur,
665 5425 923 5496 primum
974 5424 1295 5481 Sabbatum
1328 5425 1542 5497 Martii,
1566 5445 1780 5486 secun-

116 5514 276 5569 dum
305 5511 738 5580 Junii,tertium
769 5512 1130 5584 Septembris
1150 5514 1456 5571 annuatim
1475 5516 1780 5578 observare

114 5599 572 5680 nequibis,necj
581 5604 715 5661 uxta
735 5599 1096 5662 Amalarium
1110 5603 1550 5679 quatuordecim
1569 5605 1786 5673 hebdo-

1887 4632 2039 4687 infra
2068 4633 2331 4687 eamdem
2347 4633 2775 4687 hebdomadam
2802 4636 3013 4703 quarta
3035 4635 3092 4686 et
3114 4634 3278 4686 sexta
3302 4627 3540 4699 feriaje-

1879 4720 2280 4791 junetur,etin
2312 4720 2566 4775 Sabbato
2585 4721 2739 4792 apud
2767 4724 3043 4774 Sanctum
3069 4722 3304 4773 Petrum
3330 4714 3544 4787 vigilias

1886 4807 2275 4874 Celebrentur,
2312 4824 2489 4880 quem
2535 4807 3002 4863 denuntiationis
3032 4805 3275 4861 modum
3306 4819 3453 4876 pene
3484 4802 3542 4856 in

1887 4897 2164 4953 omnibus
2194 4896 2317 4951 suis
2333 4897 2705 4952 sermonibus
2722 4895 3133 4961 obtinuit,cum
3154 4892 3385 4963 jejunia
3401 4892 3546 4955 Qua-

1886 4992 2020 5042 tuor
2035 4987 2389 5056 Temporum
2412 4984 2955 5040 denuntiaret.Nam
2970 4982 3068 5037 illa
3080 4977 3543 5051 Quadragesima

1888 5078 2019 5148 post
2049 5077 2427 5129 Pentecosten
2462 5089 2574 5127 non
2608 5072 2885 5128 omnibus
2906 5075 2970 5126 ut
2991 5070 3100 5125 hoc
3115 5066 3541 5141 jejunium,sed

1888 5163 2030 5220 solis
2078 5158 2496 5235 paenitentibus
2543 5161 2909 5216 observanda
2956 5156 3300 5232 imponitur.
3333 5155 3447 5211 Nec
3483 5154 3541 5209 in

1888 5252 1998 5309 hoc
2018 5256 2249 5307 tantum
2280 5248 2473 5305 triduo
2506 5248 2657 5305 infra
2682 5253 3085 5319 Pentecosten,
3110 5246 3208 5302 sed
3260 5245 3320 5300 in
3352 5243 3541 5299 omni-

1888 5342 2001 5397 bus
2030 5340 2262 5407 triduis,
2287 5337 2373 5395 vel
2424 5339 2600 5396 etiam
2645 5340 2852 5396 diebus
2901 5355 3000 5394 sex
3040 5333 3543 5392 hebdomadarum

1889 5429 2171 5487 custodiri
2202 5429 2464 5501 jubetur.
2503 5434 2780 5486 Przeterea
2830 5428 2987 5484 idem
3038 5426 3125 5483 vir
3182 5421 3541 5496 apostolicus

1889 5521 1949 5575 in
1982 5535 2249 5575 sermone
2279 5518 2349 5574 de
2370 5518 2601 5591 jejunio
2631 5517 2869 5592 septimi
2903 5514 3178 5572 mensiszu
3213 5510 3542 5584 Jejunium,

1890 5607 2352 5691 inquit,vernum
2380 5606 2441 5667 in
2472 5603 3223 5686 Quadragesima,aastivum
3244 5600 3305 5664 in
3335 5604 3541 5669 Pente-
