3968 6126
165 264 315 337 1001

1604 264 2130 339 MIGROLOGUS.
2150 266 2161 277 ’

3412 262 3572 338 4602

163 396 513 467 lectionibus
542 406 899 481 subjungere
930 394 1214 463 debemus
1245 425 1259 463 :
1293 407 1531 479 Spiritus
1571 408 1813 478 Domini,
1845 408 1901 475 Α
1928 424 2045 464 non
2074 407 2367 464 immerito
2416 405 2647 480 plenius
2693 423 2872 480 quam
2924 396 3153 481 reliqua
3194 421 3369 465 suum
3396 405 3577 464 habet

164 499 496 565 Paraclitus,
528 498 745 553 Emitte.
782 499 910 553 Veni
937 497 1131 552 Sancte
1160 497 1421 569 Spiritus.
1477 498 1543 552 In
1588 501 1816 554 autum-

166 596 286 652 nali
318 599 516 652 autem
539 595 768 667 jejunio
798 595 1018 662 omnia,
1051 599 1117 650 ut
1144 594 1413 651 instituta
1438 598 1596 662 sunt,
1626 596 1817 652 obser-

155 702 384 741 vamus.
435 684 500 741 In
549 686 760 761 quarta
808 682 952 740 feria
982 683 1302 756 antiphona
1339 684 1632 746 Exultate;
1678 701 1817 757 gra—

153 773 347 843 duale,
381 775 529 845 Quis,
572 775 743 835 sicut;
774 772 1074 847 gradualc,
1128 772 1519 829 Tribulationes
1539 791 1558 835 ,°
1592 773 1818 829 oﬂ'erto-

156 861 336 933 rium,
371 862 690 925 Meditabar;
718 862 1076 931 communio,
1106 863 1378 920 Comedite
1407 881 1426 918 :
1458 880 1593 919 cum
1619 861 1815 920 lectio-

154 952 364 1018 nibus,
413 952 544 1007 Ecce
588 951 702 1007 dies
748 953 994 1018 veniuut,
1033 953 1401 1024 Congregatus
1432 956 1540 1020 est;
1577 969 1815 1024 evange-

152 1048 325 1117 lium,
358 1049 711 1122 Respondens
750 1066 909 1105 unus.
943 1049 1005 1105 In
1040 1053 1200 1105 sexta
1251 1050 1396 1106 feria
1440 1050 1761 1123 antipbona
1795 1069 1807 1106 :

154 1139 397 1196 Laetetur
451 1155 577 1201 cor;
651 1137 951 1212 graduale,
1017 1140 1365 1207 Convertere;
1423 1139 1807 1205 oﬁ‘ertorium,

152 1227 423 1289 Benedic;
455 1228 813 1294 communio,
846 1229 1017 1299 Aufer
1041 1245 1077 1283 a
1100 1243 1216 1291 me;
1248 1227 1438 1284 lectio:
1459 1222 1808 1285 Convertere}:

152 1315 541 1390 evangelium,
577 1316 817 1386 Rogabat
843 1318 1044 1373 Iesum.
1080 1319 1214 1385 Quae
1247 1315 1445 1373 omnia
1480 1317 1806 1373 adinvicem

150 1422 429 1479 magnam
462 1405 679 1461 habent
699 1405 1162 1461 concordiam.ln
1176 1406 1432 1463 Sabbato
1460 1406 1803 1480 antiphona:

153 1496 673 1562 Venite,a'loremus;
707 1494 1068 1550 oﬁ'ertorium
1102 1514 1113 1550 :
1148 1497 1375 1551 Domine
1404 1497 1538 1551 Deus
1566 1497 1805 1561 salutis;

146 1594 487 1650 communio
524 1594 744 1650 Lillense
763 1594 1021 1664 septimo;
1052 1592 1327 1649 lectiones
1375 1612 1388 1648 :
1432 1595 1646 1649 Decimo
1693 1593 1802 1657 die,

147 1684 351 1751 Quinto
401 1682 629 1753 decimo,
679 1684 906 1739 Domine
953 1684 1092 1738 Deus
1154 1691 1357 1748 noster,
1416 1684 1641 1739 Factum
1690 1685 1802 1743 est;

143 1770 513 1846 evangelium
549 1789 561 1828 :
597 1773 861 1829 Arborem
894 1772 1059 1844 ﬁdei;
1107 1770 1412 1845 gradualia
1440 1789 1575 1828 vero
1603 1772 1808 1828 eadem
1839 1774 1887 1841 Β

147 1878 279 1935 quae
309 1866 368 1919 et
398 1862 459 1917 in
483 1861 712 1933 jejunio
740 1861 983 1918 vernali.
1015 1861 1149 1925 Quae
1195 1860 1304 1917 etsi
1351 1861 1505 1933 apud
1547 1861 1809 1917 diversos

146 1950 379 2007 diverse
406 1954 813 2018 assumuntur,
846 1951 905 2006 in
939 1949 1393 2024 quamplurimis
1424 1954 1621 2006 tamen
1642 1949 1810 2007 libris

146 2040 227 2096 ita
292 2040 665 2112 reperiuntur
717 2058 728 2096 :
780 2043 1077 2105 Protector,
1143 2040 1440 2112 Propitius,
1501 2040 1806 2111 Dirigatur,

146 2137 379 2193 Salvum
403 2144 496 2210 [ac
520 2136 815 2210 populum,
848 2154 976 2209 qua:
1025 2141 1083 2192 et
1123 2135 1182 2192 in
1232 2136 1810 2210 autumnalijejunio

148 2230 211 2281 ut
244 2225 308 2280 in
338 2224 557 2281 vernali
591 2224 960 2292 ordinantur,
1004 2226 1118 2281 nisi
1169 2226 1323 2297 quod
1372 2227 1433 2281 in
1480 2225 1811 2283 autumnali

150 2314 437 2386 graduale
475 2315 768 2384 Protector,
817 2319 950 2387 post
988 2313 1267 2389 graduale
1320 2316 1598 2387 Propitius
1650 2317 1808 2371 cani-

154 2408 274 2459 tur.
329 2404 394 2459 Et
440 2404 550 2461 hoc
593 2404 795 2477 utique
840 2403 1152 2461 concordia
1197 2403 1524 2461 ofﬁciorum
1584 2404 1812 2478 exigere

156 2493 407 2549 videtur.
468 2494 616 2550 Nam
679 2493 738 2548 in
797 2492 1017 2549 vernali
1076 2492 1268 2566 prima
1332 2492 1503 2549 lectio
1570 2496 1808 2566 Respice,

154 2584 405 2649 Domine,
438 2582 503 2638 de
527 2584 868 2649 sanctuario,
902 2586 955 2638 et
986 2582 1205 2637 benedic
1230 2583 1430 2655 populo
1459 2586 1571 2649 tuo,
1594 2583 1812 2655 optime

155 2671 431 2745 congruit
458 2670 726 2746 graduali
756 2673 1035 2727 Protector
1063 2674 1264 2738 noster,
1311 2689 1346 2727 a
1393 2689 1508 2745 quo
1563 2677 1621 2728 et
1668 2671 1812 2728 sub-

153 2786 414 2843 sequens
443 2768 629 2827 oratio
651 2769 916 2825 initiatur
944 2770 1237 2824 Protector.
1288 2769 1565 2825 Secundae
1615 2774 1811 2826 autem

154 2858 697 2932 lectionigraduale
725 2860 1010 2931 Propitius
1054 2876 1170 2914 non
1210 2859 1526 2932 incongrue
1576 2859 1814 2931 adapta-

159 2957 273 3006 tur.
310 2950 457 3007 Nam
484 2949 639 3021 quod
672 2949 731 3005 in
762 2948 1007 3005 lectione
1040 2949 1111 3003 de
1142 2947 1427 3020 corporali
1470 2947 1813 3004 liberatione

156 3038 374 3113 populo
404 3038 577 3095 Israel
610 3037 992 3111 promittitur,
1041 3037 1152 3094 hoc
1201 3042 1404 3093 sancta
1447 3036 1703 3093 Ecclesia
1752 3036 1811 3091 in

1925 496 2207 553 ofﬁcium.
2237 497 2383 552 Nam
2412 496 2639 570 reliqua
2667 497 2905 554 aliunde
2935 513 3091 554 nunc
3121 513 3191 553 ex
3220 496 3362 563 toto,
3419 512 3581 553 nunc

1924 603 1992 642 ex
2022 603 2237 660 magna
2282 591 2449 660 parte
2498 602 2601 659 per
2644 603 2784 643 suas
2837 586 3012 644 ferias
3063 585 3479 644 inofﬁciantur.
3512 583 3579 642 In

1924 676 2085 731 omni
2109 674 2337 747 jejunio
2366 676 2626 740 Quatuor
2642 675 3025 749 Temporum,
3055 674 3172 732 nisi
3199 673 3353 731 infra
3380 676 3584 731 Pente-

1924 768 2145 829 costen,
2177 779 2367 835 genua
2398 764 2711 822 ﬂectimus.
2738 769 2806 819 In
2828 768 3041 836 quarta
3061 764 3299 836 quidem
3330 762 3476 820 feria
3505 762 3580 819 ad

1924 852 2173 924 priorem
2205 855 2438 908 tantum
2468 853 2794 910 orationem
2827 852 2955 910 sine
2985 848 3342 910 salutatione
3382 851 3578 925 prola-

1924 942 2213 997 Iam.Nam
2229 942 2488 998 secunda
2502 942 2626 998 sine
2638 942 3041 1015 genuﬁexione
3062 958 3199 999 cum
3228 940 3581 1000 salutatione

1922 1031 2232 1102 profertur.
2265 1030 2462 1087 Oratio
2487 1034 2685 1087 autem
2716 1031 2777 1087 in
2807 1035 2975 1088 sexta
3001 1030 3146 1087 feria
3172 1047 3308 1089 cum
3356 1029 3572 1087 saluta.

1921 1120 2078 1176 tione
2107 1123 2165 1175 et
2192 1120 2595 1193 genuﬁexione
2638 1119 2933 1176 recitatur.
2968 1120 3031 1176 In
3074 1119 3327 1178 Sabbato
3376 1122 3573 1176 autem

1919 1225 2123 1265 omnes
2154 1209 2445 1265 orationes
2476 1208 2804 1282 genuﬁexio
2834 1209 2962 1266 sine
2992 1206 3342 1266 salutatione
3360 1224 3573 1281 praece-

1918 1297 2025 1364 dit,
2051 1301 2260 1369 praeter
2286 1297 2448 1353 illam
2482 1299 2552 1355 de
2574 1298 2803 1355 camino
2826 1314 2953 1371 quae
2984 1296 3398 1355 salutationem
3446 1297 3574 1354 sine

1916 1388 2319 1459 genuﬁexione
2348 1387 2543 1460 exigit.
2576 1388 2660 1443 Ad
2692 1386 2854 1443 illam
2886 1402 3097 1461 nempe
3126 1402 3318 1461 genua
3345 1386 3572 1443 ﬂectere

1920 1475 2607 1548 praetermittimus,more
2637 1477 2817 1532 trium
2839 1476 3288 1550 puerorum,qui
3313 1478 3573 1533 statuam

1915 1565 2157 1620 adorare
2188 1565 2504 1621 noluerunt
2533 1582 2668 1621 cum
2699 1564 3204 1639 gentilibus.0rdo
3230 1563 3405 1621 etiam
3427 1578 3572 1636 pm-

1913 1653 2055 1725 cipit
2099 1658 2164 1709 ut
2208 1653 2362 1709 infra
2409 1654 2697 1727 hymnum
2725 1654 3071 1710 eorumdem
3103 1667 3424 1726 puerorum
3456 1667 3573 1707 non

1916 1742 2471 1813 sedeamus,ne,illis
2502 1744 2561 1798 in
2594 1743 2825 1799 camino
2854 1740 3395 1807 laborantibus,nos
3417 1739 3573 1796 iner-

1917 1830 2011 1886 tia:
2044 1831 2324 1888 sessionis
2354 1832 2537 1889 dediti
2564 1847 2694 1888 esse
2715 1831 3037 1888 videamur.
3062 1830 3181 1887 Hoc
3208 1833 3409 1887 fantem
3430 1828 3574 1886 Sab-

1918 1920 2124 1976 batum
2156 1921 2425 1991 quamvis
2447 1937 2546 1977 sex
2576 1919 2854 1977 lectiones
2874 1923 3105 1976 tantum
3121 1917 3577 1989 habeat,dioitur

1917 2013 2115 2065 tamen
2146 2025 2228 2066 xu
2261 2008 2601 2077 lectionum,
2647 2026 2715 2066 eo
2773 1998 2932 2082 quod
2982 2007 3309 2082 antiquitus
3353 2008 3573 2066 eadem

1919 2098 2198 2154 lectiones
2224 2098 2315 2155 bis
2341 2098 2706 2171 legebantur,
2737 2098 2929 2154 Graece
2957 2097 3225 2155 videlicet
3253 2100 3313 2155 et
3347 2095 3570 2153 Latine.

1917 2187 2233 2243 Sciendum
2262 2191 2458 2243 autem
2490 2188 2549 2243 S.
2582 2186 2887 2243 Callistum
2924 2202 3137 2260 papam
3168 2190 3229 2243 et
3257 2189 3571 2258 martyrem

1919 2275 2261 2346 hujusmodi
2286 2275 2515 2347 jejunia
2545 2280 2752 2348 quater
2777 2275 2835 2331 in
2869 2292 3022 2331 anno
3052 2274 3331 2332 celebrari
3359 2274 3573 2331 consti-

1918 2364 2257 2435 tuisse,quae
2288 2364 2454 2436 prius
2480 2368 2568 2420 ter
2595 2368 2825 2421 tantum
2849 2363 2907 2419 in
2926 2381 3079 2420 anno
3100 2363 3389 2421 celebrata
3408 2366 3570 2420 sunt.

1920 2452 2083 2509 Sicut
2111 2452 2267 2509 idem
2298 2452 2651 2526 apostolicus
2705 2454 2778 2509 ad
2828 2452 3206 2510 Benedictum
3230 2453 3572 2527 episcopum

1920 2542 2185 2598 scribens
2216 2540 2488 2614 (epistola
2511 2540 2788 2598 decretali
2816 2541 3027 2614 prima)
3059 2544 3326 2599 testatur.

2089 2631 2225 2687 CAP.
2254 2630 2490 2687 XXXIX.
2533 2661 2599 2671 —
2629 2632 2705 2686 De
2730 2630 3052 2687 vacantibus
3084 2631 3402 2688 Dominicis.

1992 2723 2253 2787 Quatuor
2281 2719 2592 2777 Dominicis
2613 2737 2741 2793 quze
2767 2719 3112 2792 hujusmodi
3126 2720 3357 2793 jejunis
3385 2719 3575 2792 proxi-

1923 2827 2015 2866 me
2046 2807 2738 2887 subsequuntur,inlibro
2769 2809 3283 2866 Sacramentorum
3299 2812 3578 2867 vacantes

1920 2899 2444 2970 praetitulantur,eo
2461 2898 2616 2970 quod
2640 2898 2893 2971 propriis
2910 2902 3149 2955 careant
3171 2896 3576 2955 ofﬁciis.Unde

1922 2991 1978 3042 et
2007 3003 2077 3043 ex
2106 2988 2570 3059 praecedentibus
2598 2988 2827 3059 quartis
2858 2986 3017 3043 feriis
3056 2986 3424 3058 jejuniorum
3459 2986 3575 3043 Ro-

1924 3091 2097 3131 mano
2143 3092 2301 3131 more
2332 3074 2750 3144 inofﬁciantur,
2804 3078 2869 3130 ut
2888 3074 2999 3131 illae
3029 3075 3157 3130 dum
3191 3090 3319 3147 quae
3340 3072 3576 3130 vernale

155 3124 428 3236 εταςιυαιξ
458 3124 841 3236 spiritaliter:
868 3124 1041 3234 ξιοδίε
1067 3124 1375 3236 «temperi
1408 3123 1812 3236 εξιρριίοειιηιιο
1842 3141 1885 3208 c
1916 3123 2775 3236 ῑέλῑλξίυῑιῑέῑιέξέξάξιςῖιςξ’έι
2805 3123 3577 3235 ᾖῖοἶέιῖιιξῘῐῆαἷιῖιθξξᾶἷ

157 3229 363 3298 gentes
393 3223 725 3280 daemonum
746 3223 916 3280 nobis
938 3222 1465 3305 praevaleant,sicut
1485 3239 1590 3279 nec
1610 3226 1813 3295 gentes

160 3329 528 3387 paganorum
560 3312 678 3368 illis
709 3311 1232 3385 praevalueruntln
1258 3310 1586 3368 autumnali
1616 3315 1813 3367 autem

158 3401 440 3477 graduale
471 3403 753 3474 Propitius
783 3401 1157 3474 praeponitur,
1185 3400 1325 3473 quia
1368 3404 1424 3457 et
1475 3400 1584 3456 hoc
1625 3399 1814 3473 magis

158 3492 365 3565 prima:
396 3490 631 3548 lectioni
662 3490 949 3557 convenit,
983 3507 1111 3562 qua:
1143 3488 1311 3545 nobis
1358 3489 1512 3545 diem
1537 3488 1812 3561 propitia-

159 3580 362 3647 tionis,
394 3584 452 3637 et
477 3583 542 3635 ut
570 3580 723 3636 Deus
746 3579 915 3635 nobis
946 3577 1312 3651 propitietur,
1344 3577 1687 3650 praescribit.
1722 3577 1815 3634 Se-

160 3670 366 3725 cunda:
432 3685 567 3726 vero
634 3667 869 3725 lectioni
939 3666 1218 3741 graduale
1275 3670 1554 3723 Protector
1626 3665 1816 3738 magis

158 3758 463 3831 competit,
496 3774 615 3829 qua
645 3757 794 3813 ﬁlios
827 3756 973 3813 Irael
1003 3761 1228 3830 septem
1261 3756 1471 3812 diebus
1520 3755 1629 3811 sub
1682 3771 1814 3828 pro-

162 3856 414 3913 tectione
441 3855 919 3912 umbraculorum
945 3853 1254 3911 annuatim
1278 3853 1659 3910 solemnizare
1680 3869 1820 3925 prae-

160 3947 335 4019 cepit.
367 3946 629 4002 Tertium
661 3950 855 4002 autem
876 3946 1104 4016 jejunio
1136 3946 1352 4018 optime
1383 3944 1821 4017 congruit,quia

159 4037 303 4094 etin
337 4034 555 4092 vernali
577 4035 948 4101 Jonathas,et
976 4036 1036 4090 in
1054 4035 1379 4107 Septembri
1402 4032 1672 4090 Micheeas
1698 4050 1821 4089 ora-

162 4124 354 4182 tiones
385 4141 525 4181 suas
558 4125 628 4179 ad
662 4123 975 4178 Dominum
1008 4140 1111 4193 pro
1143 4123 1356 4195 populo
1390 4122 1486 4178 Dei
1533 4122 1815 4194 dirigunt.

162 4212 450 4270 Similiter
472 4215 750 4282 quartum
782 4207 1062 4281 graduale
1085 4215 1307 4281 quartae
1334 4208 1571 4265 lectioni
1595 4225 1823 4281 compe-

162 4313 234 4368 tit
257 4307 705 4380 utique.Namin
720 4305 940 4362 vernali
953 4323 1057 4378 pro
1070 4305 1256 4362 salute
1267 4304 1465 4377 populi
1489 4305 1824 4378 postulatur

161 4415 295 4473 quae
329 4397 389 4452 in
423 4395 748 4452 autumnali
796 4394 1159 4467 promittitur
1208 4391 1445 4465 populo,
1479 4392 1528 4449 si
1561 4397 1753 4449 tamen
1791 4411 1825 4448 a

1923 3252 2174 3309 azstivale
2195 3253 2494 3325 jejunium
2525 3269 2640 3308 non
2673 3269 2809 3308 cum
2842 3255 3051 3324 quarta
3083 3251 3354 3321 feria,sed
3386 3248 3573 3307 multo

1922 3342 2363 3399 convenientiae
2392 3358 2528 3397 cum
2558 3341 2749 3398 ofﬁcio
2780 3342 3150 3401 Pentecostes
3171 3338 3574 3414 suppletur,eo

1924 3432 2080 3503 quod
2112 3430 2191 3487 sit
2218 3435 2417 3487 octava
2445 3431 2594 3502 ejus.
2628 3433 2767 3486 Post
2787 3430 3086 3502 jejunium
3127 3429 3305 3487 etiam
3342 3432 3577 3487 autum-

1925 3521 2325 3593 nale,quidam
2355 3536 2422 3576 ex
2442 3524 2652 3593 quarta
2679 3519 2823 3576 feria
2842 3510 3207 3576 Dominicam
3233 3524 3577 3593 sequentem

1926 3609 2338 3678 inofﬁciant,ut
2366 3608 2646 3683 paucitati
2671 3608 3126 3666 Dominicalium
3168 3604 3496 3666 ofﬁciorum
3516 3607 3581 3665 in

1925 3702 2126 3755 aestate
2155 3698 2264 3755 hoc
2295 3698 2702 3772 supplemento
2758 3697 3129 3754 subveniunt.
3177 3697 3294 3755 Sed
3334 3695 3585 3756 Romani

1927 3787 2269 3858 hujusmodi
2285 3788 2591 3860 penuriam
2618 3786 2961 3860 repetitione
2985 3785 3433 3843 Dominicalium
3455 3786 3584 3843 om-

1927 3875 2148 3930 ciorum
2182 3875 2649 3948 supplent.Unde
2670 3880 2728 3932 et
2750 3875 3086 3949 praedictam
3112 3872 3588 3946 compilationem

1930 3964 2501 4037 [completionem]ex
2532 3968 2745 4037 quarta
2778 3965 2948 4036 feria,
2980 3964 3151 4038 quasi
3176 3979 3293 4019 non
3318 3976 3591 4020 necessa-

1929 4053 2099 4122 riam,
2132 4052 2211 4108 ibi
2244 4053 2594 4126 praamittere
2646 4052 2860 4109 solent.
2891 4057 2992 4107 Ha;
3042 4055 3241 4108 autem
3272 4050 3595 4107 Dominioa

1930 4143 2261 4216 antiquitus
2291 4144 2363 4198 ab
2393 4142 2586 4198 ofﬁcio
2614 4140 3074 4213 vacabant,quia
3104 4138 3416 4197 celebratio
3436 4136 3592 4196 ordi-

1932 4234 2257 4302 nationum,
2283 4233 2455 4305 juxta
2500 4232 2736 4289 decreta
2785 4234 3125 4287 sanctorum
3174 4229 3437 4299 Patrum,
3469 4231 3593 4287 tam

1932 4339 2060 4378 sero
2092 4322 2268 4378 ﬁebat
2296 4321 2354 4377 in
2387 4321 2664 4389 Sabbato,
2698 4323 2765 4376 ut
2818 4320 3014 4393 potius
3064 4318 3381 4376 Dominice
3411 4333 3595 4392 quam

1931 4412 2181 4467 Sabbato
2212 4411 2620 4467 ascriberetur.
2652 4410 2799 4467 Nam
2845 4407 3227 4466 beatissimus
3278 4409 3392 4465 Leo
3441 4423 3597 4481 papa

160 4487 408 4544 veritate
438 4502 553 4540 non
586 4482 940 4575 di8085§¢Pit-
966 4482 1121 4539 satis
1153 4498 1291 4575 ore?
1322 4497 1648 4553 οοιιετυυηι
1672 4481 1823 4537 νίάθ·
1854 4509 1900 4575 ι)
1933 4498 2159 4569 primus
2189 4517 2375 4572 usque
2406 4499 2465 4556 in
2498 4516 2670 4557 mane
2702 4498 3016 4557 Dominicis
3047 4497 3160 4555 diei
3191 4497 3591 4555 ordinationes

161 4583 265 4632 tur
285 4576 417 4631 utet
430 4590 537 4630 nos
550 4589 752 4629 eorum
777 4572 1060 4629 librorum
1084 4571 1457 4627 traditionem
1484 4585 1821 4642 sequamur,

163 4664 266 4738 qui
298 4664 502 4721 eadem
534 4660 842 4735 gradualia
871 4659 1092 4717 vernali
1142 4663 1200 4716 et
1243 4657 1575 4715 autumnali
1596 4657 1824 4730 jejunio

165 4762 387 4836 pariter
410 4761 735 4819 ascribunt.
769 4759 893 4816 Non
946 4776 1081 4815 cum
1135 4757 1487 4814 lectionibus
1518 4757 1829 4829 utriusque

158 4851 377 4925 jejunii
413 4866 690 4923 magnam
740 4850 955 4905 habent
989 4847 1389 4923 concordiam,
1416 4853 1480 4903 ut
1509 4845 1831 4919 praelibavi-

170 4955 514 5013 mus,quam
529 4938 902 5012 potissimum
920 4936 977 4993 in
992 4936 1711 5011 dispositioneofﬁciorum
1725 4951 1832 4991 nos

170 5030 475 5086 attendere
505 5028 692 5085 sancti
727 5028 926 5083 Patres
957 5025 1383 5082 docuerunt.ln
1415 5024 1655 5081 hiemali
1677 5026 1832 5097 jeju-

173 5122 296 5187 nio,
328 5120 484 5191 quod
514 5118 574 5173 in
606 5116 872 5190 proximo
903 5114 1159 5171 Sabbato
1206 5120 1341 5170 ante
1386 5114 1645 5187 vigiliam
1676 5114 1833 5169 Nati-

168 5206 377 5265 vitatis
412 5206 722 5263 Dominicis
753 5220 987 5277 semper
1010 5208 1101 5260 est
1126 5202 1575 5270 observandum,
1595 5200 1742 5257 nihil
1774 5201 1833 5256 in

168 5288 386 5353 ofﬁciis
412 5295 691 5351 variatur.
722 5294 791 5350 Et
821 5294 1147 5349 notandum
1174 5308 1378 5348 omnes
1411 5290 1781 5364 apostolicos,
1801 5308 1835 5346 a

171 5387 344 5442 beato
376 5385 542 5442 Petro
572 5398 759 5456 usque
803 5383 874 5438 ad
921 5380 1294 5454 Simplicium
1325 5396 1559 5453 papam,
1594 5379 1832 5437 ordina-

166 5483 359 5540 tiones
388 5486 620 5540 tantum
650 5481 709 5537 in
730 5479 959 5553 jejunio
989 5478 1328 5536 Decembris
1378 5477 1728 5548 celebrasse,
1762 5481 1831 5535 ut

171 5573 232 5632 in
246 5572 509 5633 Romano
519 5568 860 5628 Pontiﬁciali
880 5567 1281 5643 legitur.Unde
1292 5572 1350 5627 et
1363 5567 1521 5627 istud
1528 5567 1829 5644 jejunium

514 5698 782 5769 PATROL.
829 5696 977 5763 GLI.

1934 4587 2043 4643 rite
2073 4587 2349 4643 celebrari
2384 4606 2553 4660 posse
2580 4594 2829 4646 testatus
2859 4592 2968 4659 est,
3000 4588 3343 4645 continuato
3392 4590 3596 4643 tamen

1934 4675 2172 4731 Sabbati
2197 4676 2424 4747 jejunio
2454 4677 2601 4733 :imo
2633 4677 2795 4750 ipsas
2823 4677 3085 4735 leviticae
3115 4676 3525 4733 ordinationes
3542 4675 3604 4729 et

1937 4764 2327 4821 sacerdotales
2358 4783 2662 4838 nunquam
2694 4767 2808 4824 nisi
2839 4767 2900 4823 in
2925 4766 3231 4823 Dominica
3243 4763 3429 4837 jussit
3453 4761 3599 4819 cele-

1940 4854 2118 4921 brari,
2153 4854 2423 4910 Dioscoro
2453 4855 2717 4912 scribens
2749 4856 3024 4928 episcopo
3053 4869 3067 4911 :
3093 4877 3121 4905 ‹‹
3149 4849 3601 4911 Consecrandis.

1941 4943 2471 5016 inquit,nunquam
2506 4943 2834 4999 benedictio
2865 4942 3178 5011 detur,nisi
3209 4941 3269 4997 in
3298 4938 3607 4997 Dominica

1941 5050 2069 5105 qua:
2103 5050 2136 5088 a
2169 5031 2412 5088 Sabbati
2442 5047 2685 5105 vespera
2712 5031 3001 5088 initiatur.
3026 5053 3056 5081 «
3089 5035 3235 5088 Item
3260 5030 3473 5086 beatus
3502 5026 3607 5085 Ge-

1941 5122 2129 5178 lasius
2160 5137 2648 5193 papa,successor
2676 5119 3112 5193 ejus,omnibus
3141 5116 3435 5192 episcopis
3456 5115 3605 5174 scri-

1938 5210 2108 5279 bens,
2142 5208 2398 5266 decrevit
2426 5213 2494 5266 ut
2541 5203 2601 5265 in
2649 5208 2924 5266 Sabbatis
2957 5210 3222 5275 Quatuor
3247 5208 3605 5280 Temporum

1938 5299 2339 5356 ordinationes
2371 5299 2529 5355 circa
2558 5315 2861 5373 vesperam
2891 5294 3527 5355 celebrarentur.Unde
3548 5298 3610 5352 et

1940 5389 2241 5446 Romanus
2269 5388 2423 5445 Ordo
2456 5390 2516 5446 in
2536 5387 2997 5461 Quadragesima
3016 5386 3075 5442 in
3092 5385 3348 5443 Sabbato
3366 5384 3609 5442 ordina-

1936 5478 2168 5535 tionum
2219 5478 2547 5536 orationem
2597 5494 2775 5552 super
2823 5474 3109 5550 populum
3165 5473 3489 5542 interdicit,
3531 5471 3609 5529 ad

1937 5583 2118 5643 quam
2149 5567 2377 5644 antiqui
2408 5585 2526 5627 non
2557 5565 2752 5626 solum
2774 5565 2966 5643 capita
2983 5564 3105 5637 ,sed
3131 5566 3190 5622 et
3209 5578 3399 5637 genus
3420 5563 3613 5627 ﬂeet?
