3968 6126
412 296 417 303 ’
453 297 609 358 1003

1817 294 2132 362 MONUM.
2175 290 2492 360 LITURG.

3692 291 3860 362 1‘00!

450 434 595 500 tant,
629 432 785 503 quod
811 430 1026 489 Nicasni
1055 449 1307 490 canones
1336 428 1396 488 in
1427 432 1730 489 Dominica
1767 432 1893 488 ﬁeri
1941 430 2097 504 peni-
2125 431 2179 499 Α
2211 447 2344 486 cum
2378 431 2513 488 inde
2542 429 2981 504 responsorium
3004 428 3065 486 in
3095 424 3403 487 historiam
3424 429 3739 488 Dominicis
3760 450 3858 488 na-

448 522 555 583 tus,
575 524 788 576 vetant.
822 521 1071 578 Sanctus
1103 539 1332 594 quoque
1365 521 1677 595 Gregorius
1707 520 1831 577 dies
1862 520 2092 576 ordina-

447 607 677 675 tionum
708 609 833 665 suis
865 610 1099 667 homilie
1121 610 1423 683 insignivit
1452 616 1518 666 ut
1546 610 1900 667 Dominicas.
1919 610 2092 666 Vide-

448 696 593 763 licet
612 696 730 753 haec
759 699 875 755 duo
906 700 1204 773 evangelia
1236 717 1248 755 :
1284 701 1436 757 Anno
1467 703 1654 773 quinto
1682 700 1886 755 decimo
1916 705 1971 754 et
2004 700 2095 754 Ar-

416 804 417 811 η
452 787 633 841 berem
660 786 790 855 ﬁdei
817 804 1111 860 exponens
1137 789 1208 845 ad
1230 789 1687 863 populum.ltem
1715 792 1951 845 sanctus
1982 789 2094 843 Leo

449 891 602 947 papa
628 874 774 932 illud
805 877 1169 950 evangelium
1203 894 1217 936 :
1250 881 1551 951 Assumpsit
1579 883 1753 948 Iesus,
1775 880 1847 934 de
1867 878 2094 949 jejunio

447 963 665 1019 vernali
695 965 980 1037 exposuit,
1013 967 1191 1039 quasi
1219 968 1531 1023 Dominicae
1564 967 1677 1023 diei
1708 967 2092 1030 satisfaciens,

448 1052 603 1110 infra
633 1070 810 1126 quam
842 1054 969 1128 ipse
1000 1071 1233 1129 semper
1261 1057 1658 1113 ordinationes
1710 1056 1831 1112 ﬁeri
1882 1056 2093 1112 consti-

450 1142 583 1198 tuit.

737 1232 868 1289 CAP.
902 1235 1068 1291 XXX.
1092 1266 1160 1273 —
1191 1236 1264 1291 De
1292 1236 1537 1290 Adventu
1569 1237 1807 1290 Domini.

521 1321 607 1375 Ab
637 1321 901 1378 Adventu
930 1323 1160 1378 Domini
1195 1341 1381 1395 usque
1425 1325 1496 1378 ad
1546 1322 1913 1379 Nativitatom
1945 1324 2093 1394 ejus,

455 1411 522 1465 Te
548 1411 717 1466 Deum
747 1412 1056 1483 laudamus,
1092 1411 1275 1468 Gloria
1306 1415 1363 1468 in
1394 1414 1621 1468 excelsis
1671 1414 1794 1479 Deo,
1826 1415 1903 1468 Ite
1932 1414 2097 1467 missa

453 1502 548 1566 est,
580 1499 1104 1574 dimittimus,quia
1137 1503 1326 1573 major
1352 1501 1537 1575 gloria
1567 1502 1707 1557 Novi
1740 1500 2094 1557 Testamenti

452 1605 632 1669 quam
664 1590 1087 1662 Veteris,cujus
1119 1594 1321 1664 typum
1346 1591 1495 1646 infra
1518 1592 1841 1646 Adventum
1866 1589 2097 1669 Domini

443 1668 853 1734 'obServamus.
887 1678 1217 1750 Aliquando
1258 1680 1601 1752 [aliquanto]
1623 1679 1799 1735 etiam
1833 1668 2096 1735 feativius

452 1766 655 1864 l‘latale
684 1767 915 1866 Domini
947 1767 1324 1839 suscipimus,
1364 1769 1411 1823 si
1442 1768 1783 1840 hujusmodi
1814 1767 2097 1839 gloriﬁca-
2126 1805 2174 1870 Β

452 1853 640 1911 tiones
671 1853 1013 1925 aliquandiu
1044 1873 1392 1929 suppressos
1420 1857 1588 1930 quasi
1611 1857 1680 1913 de
1703 1874 1846 1912 novo
1876 1855 1975 1912 illa
2005 1857 2098 1912 die

453 1944 793 2016 incipimus.
815 1944 1061 2010 Quidam
1093 1944 1243 2000 infra
1270 1946 1596 2001 Adventum
1628 1946 1857 2001 Domini
1881 1945 2097 2001 casulis

453 2050 557 2106 pro
579 2033 906 2089 dalmaticis
928 2034 1444 2099 utuntur.Quidam
1469 2034 1637 2090 solito
1660 2051 1820 2090 more
1843 2034 2098 2090 vestiun-

454 2128 568 2189 tur,
602 2139 668 2178 eo
700 2123 852 2195 quod
886 2121 1130 2179 missam
1162 2124 1233 2178 ad
1265 2124 1495 2179 tertiam
1540 2128 1596 2178 et
1646 2124 1904 2189 Alleluia,
1946 2124 2098 2179 sicut

452 2216 509 2267 et
536 2215 656 2267 tota
686 2214 882 2268 (estate
912 2210 1133 2267 dicunt.
1166 2212 1227 2267 In
1259 2211 1555 2268 nativitate
1590 2217 1781 2268 tamen
1814 2212 2099 2284 apostolo-

451 2315 582 2354 rum
613 2299 733 2354 sive
762 2299 1124 2356 dedicatione
1153 2299 1407 2355 ecclesiae
1455 2301 1761 2373 praedictas
1804 2301 2095 2374 gloriﬁca-

449 2388 638 2444 tiones
688 2404 803 2443 non
852 2388 1199 2445 omittimus.
1232 2388 1379 2444 Hinc
1440 2376 1625 2462 usque
1674 2394 1805 2462 post
1832 2396 2095 2447 octavam

447 2480 819 2533 Pentecostes
848 2475 1082 2533 solitam
1131 2478 1487 2533 mentionem
1537 2483 1751 2534 sancta
1800 2479 1990 2535 crucis
2023 2480 2093 2535 ad

446 2582 747 2638 vesperam
775 2564 893 2622 sive
924 2566 994 2621 ad
1029 2566 1372 2633 matutinas,
1406 2572 1463 2622 et
1493 2566 1552 2621 in
1582 2568 1726 2623 feria
1756 2572 1996 2634 sexta,et
2025 2570 2095 2624 de

446 2659 650 2712 sancta
677 2654 958 2710 Trinitate
983 2654 1301 2710 Dominicis
1327 2655 1533 2711 diebus
1554 2656 1791 2712 reticere
1813 2656 2091 2712 solemus.

443 2744 591 2800 Nam
622 2745 777 2817 quod
810 2743 1052 2817 quidam
1082 2742 1180 2799 illo
1214 2743 1556 2800 brevissimo
1584 2745 1773 2817 spatio
1804 2746 1960 2817 quod
1981 2749 2093 2800 Pu-

443 2833 774 2889 ﬁcationem
828 2836 1040 2888 sancta:
1100 2831 1290 2887 Mariae
1341 2836 1397 2887 et
1452 2834 1955 2906 Septuagesimam
1989 2833 2093 2888 ali-

430 2923 677 2995 ,quando
710 2921 1016 2995 disjungit,
1051 2922 1409 2977 mentionem
1440 2926 1653 2977 sanctae
1684 2922 1873 2977 crucis
1926 2940 2092 2978 resu-

443 3016 757 3079 munt,non
788 3012 931 3067 adeo
953 3027 1277 3084 congruum
1303 3011 1693 3079 videtur,cum
1714 3010 1812 3066 illo
1834 3016 2095 3084 tempore

445 3101 517 3157 de
550 3100 800 3157 infantia
828 3099 1041 3157 Christi
1072 3100 1267 3171 potius
1300 3116 1477 3172 quam
1514 3102 1787 3172 passione
1826 3105 2096 3157 cantetur

446 3194 620 3262 atque
648 3189 895 3261 legatur.

445 3280 575 3335 CAP.
608 3277 792 3334 XXXI.
833 3308 903 3318 —-
930 3279 1003 3334 De
1031 3279 1309 3350 evangelio
1339 3297 1357 3332 :
1389 3279 1530 3334 Cum
1576 3278 2088 3351 appropinquaret.

520 3373 583 3423 In
612 3366 913 3423 Dominica
940 3368 1147 3443 prima.
1179 3367 1249 3422 de
1296 3367 1560 3423 Adventu
1591 3366 1819 3423 Domini
1851 3367 2090 3439 quidam

438 3456 651 3529 legunt
674 3456 1040 3528 evangelium
1075 3473 1088 3511 :
1122 3457 1298 3510 Erunt
1327 3457 1509 3526 signa,
1550 3474 1615 3511 eo
1667 3457 1820 3528 quod
1853 3462 2090 3512 sanctus

445 3545 762 3617 Gregorius
781 3544 839 3598 in
857 3543 1005 3600 libro
1023 3544 1409 3600 Homiliarum
1423 3544 1568 3599 illud
1582 3544 1863 3616 inprimis
1885 3560 2092 3616 posue-

444 3633 538 3687 rit.
564 3633 675 3687 Sed
707 3648 916 3705 parum
947 3634 1259 3695 attendunt
1286 3633 1425 3704 quia
1453 3634 1607 3688 idem
1640 3633 1997 3705 apostolicus
2027 3634 2087 3690 in

441 3721 647 3776 eodem
678 3719 827 3776 libro
858 3719 1201 3792 bujusmodi
1248 3721 1512 3776 ordinem
1564 3739 1679 3776 non
1729 3722 1994 3791 attendit,
2028 3723 2086 3778 in

441 3826 557 3881 quo
589 3809 759 3882 plura
788 3809 1085 3882 evangelia
1115 3810 1349 3882 penitus
1375 3827 1488 3865 non
1514 3809 1703 3882 tetigit
1730 3830 1746 3866 :
1771 3811 2010 3884 insuper
2029 3818 2087 3868 et

440 3916 565 3972 quis
591 3899 877 3973 exposuit,
907 3898 1208 3955 multoties
1239 3899 1561 3972 posteriora
1600 3900 1894 3972 prioribus
1931 3907 2087 3958 ante-

434 4005 650 4061 ponere
679 3989 998 4045 consuevit.
1049 3988 1164 4043 Alii
1211 3988 1443 4044 initium
1492 3989 1670 4046 Marci
1717 3990 2082 4064 evangelista:

424 4076 655 4151 legunt,
681 4078 783 4135 sed
805 4078 944 4149 quia
966 4076 1313 4133 inusitatum
1335 4081 1443 4144 est,
1466 4078 1636 4150 pauci
1656 4078 2078 4134 assentiuntur.

433 4165 550 4222 Nos
581 4171 778 4222 autem
808 4183 875 4222 ex
902 4165 1144 4238 antiqua
1172 4166 1478 4221 traditione
1519 4166 1655 4221 Cum
1683 4168 2081 4238 appropinqua-

435 4259 515 4311 ret
546 4254 816 4328 legimus,
848 4272 964 4309 non
1015 4255 1217 4327 utique
1267 4255 1391 4310 sedi
1438 4255 1787 4326 apostolicae,
1834 4255 1883 4309 si
1914 4254 2080 4310 aliter

425 4344 696 4414 jusserit,
729 4343 923 4416 [f.add.
957 4342 1675 4415 contrarialprazdicantes,
1710 4344 1810 4399 sed
1844 4343 2079 4399 interim

435 4432 842 4487 auctoritatem
874 4436 1212 4486 sanctorum
1240 4436 1480 4486 Patrum
1505 4436 1811 4487 sectantes.
1846 4432 1992 4488 Nam
2022 4437 2080 4489 et

432 4524 677 4575 sanctus
708 4519 1095 4592 Hieronymus
1125 4520 1184 4574 in
1216 4518 1363 4575 libro
1389 4519 1633 4575 Comitis
1658 4519 1742 4575 ita
1768 4521 2076 4590 ordinavit,
2106 4543 2157 4610 Π

396 4670 401 4671 ί
435 4608 606 4680 cujus
635 4607 767 4664 libri
799 4608 1062 4663 ordinem
1111 4612 1168 4664 et
1215 4613 1452 4665 sanctus
1484 4609 1798 4683 Gregorius
1825 4609 2080 4683 diligen-

431 4697 659 4754 tissime
687 4697 1034 4767 observavit,
1056 4699 1175 4754 sive
1201 4699 1343 4754 dum
1373 4698 1719 4755 lectionibus
1750 4703 1808 4755 et
1837 4717 2080 4774 evange-

430 4786 527 4843 liis
560 4786 829 4845 missales
860 4787 1149 4845 orationes
1176 4787 1235 4843 in
1267 4788 1731 4844 Sacramentario
1757 4790 2077 4862 adaptaret,

426 4876 548 4944 sive
597 4877 739 4932 dum
789 4876 1137 4949 antiphonas
1188 4894 1257 4933 ex
1296 4876 1516 4933 eisdem
1550 4877 1866 4951 evangeliis
1898 4896 2075 4950 quam

426 4964 700 5038 plurimis
731 4965 939 5021 diebus
970 4966 1029 5020 in
1053 4965 1475 5037 Antiphonario
1499 4965 1849 5021 articularet.
1875 4965 2072 5037 Ipsum

426 5070 661 5127 quoque
702 5053 1068 5128 evangelium
1103 5071 1115 5109 :
1153 5055 1285 5109 Cum
1333 5056 1813 5126 approyz'nquaret,
1847 5054 1957 5110 etsi
2003 5056 2073 5110 de

422 5142 629 5200 itinere
661 5143 892 5199 Domini
924 5143 995 5198 ad
1028 5144 1362 5215 passionem
1394 5159 1563 5215 agere
1594 5142 1973 5198 historialiter
2004 5143 2080 5197 vi-

424 5232 772 5301 deatur,non
804 5236 995 5287 tamen
1018 5231 1191 5286 istius
1217 5233 1500 5286 adventus
1531 5232 1769 5287 omnino
1791 5230 2079 5288 oblivisci-

424 5323 539 5384 tur,
573 5337 707 5375 cum
741 5319 905 5393 pueri
956 5320 1330 5375 Hebraeorum
1381 5319 1439 5375 in
1489 5319 1723 5375 laudem
1766 5319 1893 5389 ejus
1930 5320 2074 5376 illud

424 5406 750 5463 Psalmistaa
774 5410 831 5465 in
864 5410 1050 5466 altum
1083 5408 1790 5482 proclamentzBenedietus
1810 5411 1908 5480 qui
1930 5412 2077 5465 venit

426 5495 488 5553 in
518 5498 740 5552 nomine
769 5499 990 5553 Domini
1022 5499 1192 5568 (Psat.
1226 5498 1416 5569 cxvu).
1451 5496 1612 5560 Quod
1662 5500 1867 5553 auctor
1908 5498 2073 5554 Anti-

421 5581 695 5667 phonarii
736 5586 807 5651 de
837 5586 947 5646 hoc
996 5588 1249 5647 adventu
1296 5584 1498 5664 procul
1545 5585 1724 5673 dubio
1767 5585 2071 5662 intellexit,

2203 518 2448 575 tivitatis
2478 520 2869 593 composuerit
2899 519 3296 593 [composuit].

2466 666 2599 719 CAP.
2631 661 2843 720 XXXII.
2871 697 2939 705 —
2970 665 3044 720 De
3072 663 3305 721 historia
3335 662 3601 720 :Clama.

2274 787 2519 851 Quidam
2552 787 2858 844 historiam
2892 807 2903 843 :
2942 789 3197 856 Clama,a
3227 792 3433 861 quarta
3463 787 3608 844 feria
3636 787 3857 844 hiema-

2203 875 2278 930 lis
2302 877 2514 947 jejunii
2548 876 2707 932 omni
2738 894 2890 933 anno
2916 877 3462 950 incipiunt,etiamsi
3494 877 3690 933 adhuc
3717 878 3855 934 duo-

2203 965 2389 1019 decim
2423 966 2547 1021 dies
2578 983 2764 1038 usque
2794 967 2864 1021 ad
2895 966 3218 1023 Nativatem
3247 966 3471 1023 Domini
3490 974 3850 1025 remaneant.

2204 1053 2511 1109 r’Estimant
2540 1054 2695 1110 enim
2726 1055 2877 1111 hanc
2907 1055 3215 1112 historiam
3249 1073 3351 1128 pro
3381 1056 3582 1111 eodem
3625 1057 3851 1128 jejunio

2204 1159 2331 1197 esse
2360 1143 2711 1210 institutam,
2746 1145 2848 1200 sed
2880 1144 3248 1200 falluntur.Si
3281 1144 3436 1200 enim
3464 1145 3734 1200 Romana
3764 1162 3851 1201 au-

2204 1231 2441 1287 ctoritas
2472 1231 2630 1288 illam
2681 1234 2749 1288 ad
2800 1233 2910 1289 hoc
2944 1233 3297 1302 institueret,
3327 1236 3460 1289 ante
3492 1234 3848 1290 Dominicam

2205 1326 2524 1382 vacantem.
2577 1322 2630 1377 id
2686 1327 2775 1378 est
2825 1322 3014 1379 Canite
3067 1323 3213 1390 tuba,
3261 1322 3410 1379 hanc
3442 1340 3673 1396 quoque
3704 1323 3848 1380 sicut

2206 1410 2494 1465 diurnalia
2516 1411 3007 1483 ejusdemjejunii
3029 1413 3221 1468 ofﬁcia
3239 1410 3728 1469 collocaret.Nam
3752 1412 3845 1469 hoc

2206 1500 2263 1554 in
2286 1500 2561 1555 erunibus
2594 1501 2931 1573 hujusmodi
2950 1502 3185 1574 jejuniis
3203 1503 3637 1568 observatur,ut
3660 1502 3844 1558 officia

2206 1605 2404 1643 eorum
2431 1606 2551 1644 sem
2563 1607 2663 1661 per
2678 1591 3035 1646 Dominicam
3052 1598 3351 1647 vacantem
3369 1591 3845 1664 praecedantque

2205 1677 2378 1732 etiam
2422 1683 2552 1749 post
2602 1679 2710 1733 ista
2750 1696 2982 1752 semper
3031 1680 3388 1747 observatur,
3415 1680 3586 1751 juxta
3634 1684 3845 1735 statuta

2205 1770 2541 1823 sanctorum
2576 1772 2941 1835 Patrum,aut
2973 1768 3207 1841 penitus
3228 1768 3713 1841 praetermittitur.
3743 1769 3845 1825 Nec

2208 1856 2407 1928 utique
2438 1855 2634 1929 aliqua
2668 1857 2966 1913 nominica
2992 1875 3206 1913 vacans
3235 1857 3466 1931 proprie
3488 1858 3842 1925 dicitur,nisi

2207 1961 2333 2016 qua:
2371 1945 2945 2017 hujusmodijejunii
2996 1947 3187 2002 ofﬁcia
3228 1946 3472 2003 indivise
3503 1947 3787 2019 sequitur,
3815 1965 3847 2002 a

2208 2034 2424 2107 quibus
2452 2041 2508 2090 et
2536 2036 2663 2107 ipsa
2692 2035 3066 2102 inofﬁciatur,
3095 2035 3143 2090 si
3175 2052 3412 2093 necesse
3442 2035 3635 2105 fuerit,
3663 2042 3731 2092 ut
3759 2036 3846 2093 ob-

2207 2130 2483 2179 servetur.
2520 2128 2801 2179 Prietcrca
2848 2125 2898 2178 si
2952 2124 3155 2180 eadem
3204 2124 3451 2180 historia
3480 2141 3582 2196 pro
3621 2125 3847 2197 jejunio

2206 2212 2476 2268 instituta
2495 2218 2667 2281 esset,
2700 2214 2995 2285 superfluo
3027 2213 3368 2282 secundam,
3392 2212 3645 2282 tertiam,
3676 2231 3848 2287 quar-

2205 2303 2620 2374 tam,quintam
2654 2302 2861 2358 feriam
2891 2302 3094 2357 eodem
3128 2302 3300 2357 modo
3325 2306 3388 2357 ut
3415 2302 3849 2369 sextam,inofﬁ-

2205 2391 2386 2447 ciatas
2416 2391 2818 2459 haberet,cum
2851 2395 3047 2446 tamen
3080 2390 3227 2446 nihil
3251 2391 3323 2447 ad
3346 2389 3478 2446 illas
3510 2391 3849 2463 praedictum

2195 2480 2490 2552 jejunium
2525 2480 2829 2552 pertineat.
2862 2483 3028 2535 Patet
3057 2495 3192 2553 ergo
3226 2479 3378 2535 hanc
3402 2479 3711 2536 historiam
3738 2498 3848 2537 non

2204 2587 2307 2642 pro
2329 2569 2575 2641 jejunio,
2611 2570 2710 2624 sed
2745 2568 2941 2641 potius
2972 2569 3042 2623 ad
3075 2568 3183 2625 hoc
3231 2585 3361 2624 esse
3400 2569 3758 2635 institutam,
3794 2576 3852 2625 ut

2203 2657 2467 2730 proxima
2498 2658 2866 2712 hebdomada
2898 2661 3031 2712 ante
3054 2656 3420 2713 Nativitatom
3448 2658 3855 2725 Domini,sicut

2203 2750 2259 2801 ct
2291 2751 2422 2801 ante
2455 2746 2864 2813 Pascha,tanto
2900 2744 3029 2818 plus
3062 2746 3121 2800 in
3144 2745 3351 2801 ofﬁciis
3389 2745 3853 2819 habeat[habea-

2202 2840 2341 2903 tur],
2374 2840 2592 2907 quanto
2622 2835 2865 2889 vicinior
2898 2834 3206 2890 Dominicm
3235 2833 3592 2891 solemnitati
3623 2835 3851 2893 existat.

2203 2924 2349 2979 Nam
2381 2928 2435 2979 et
2468 2923 2928 2996 Antiphonarius
2959 2923 3067 2979 hoc
3095 2922 3338 2979 innuero
3357 2924 3711 2997 videtur,qui
3742 2924 3856 2981 his-

2201 3012 2410 3068 toriam
2447 3029 2461 3067 :
2497 3012 2689 3068 Canite
2736 3013 2883 3078 tuba,
2932 3011 3258 3084 proximam
3321 3013 3679 3068 Dominicam
3718 3020 3854 3070 ante

2201 3100 2569 3157 Nativitatom
2601 3105 2847 3168 vocat,et
2875 3100 3109 3169 hanc,id
3139 3104 3228 3157 est
3246 3101 3614 3169 Clama,infra
3640 3102 3855 3159 hebdo-

2119 3173 2162 3240 C
2201 3190 2435 3246 madam
2463 3190 2727 3261 ejusdem
2753 3188 3063 3245 Dominicis
3085 3190 3407 3246 canendam
3428 3191 3853 3263 subsequenter

2200 3277 2980 3350 innuit[insinuat],singulis
3001 3277 3161 3334 feriis
3185 3276 3451 3351 singulas
3476 3279 3850 3336 matutinales

2196 3367 2402 3424 laudes
2453 3368 2798 3423 attribuens.
2832 3368 2982 3423 Sunt
3011 3371 3207 3423 autem
3238 3367 3320 3423 ita
3357 3366 3660 3440 descriptae
3694 3372 3762 3424 ut
3789 3386 3849 3425 eo

2198 3473 2352 3513 anno
2383 3457 2926 3524 observentur,cum
2947 3455 3233 3511 Nativitas
3263 3456 3489 3512 Domini
3517 3456 3576 3511 in
3599 3457 3850 3513 Domini-

2197 3562 2346 3617 cam,
2380 3551 2439 3601 et
2465 3544 2664 3618 vigilia
2691 3545 2751 3599 in
2785 3544 3106 3601 Sabbatum
3133 3545 3401 3613 occurrit,
3434 3545 3587 3618 quod
3622 3551 3679 3602 et
3702 3546 3847 3601 anti-

2198 3634 2394 3707 phona
2428 3652 2440 3689 :
2472 3636 2649 3691 Nolite
2698 3637 2909 3702 timere,
2945 3634 3002 3688 in
3054 3637 3263 3706 quarta
3308 3633 3452 3690 teria
3502 3634 3849 3707 precedenti

2196 3724 2509 3796 descripta,
2544 3728 2601 3778 et
2643 3722 2965 3794 antiphona
3020 3741 3033 3778 :
3084 3725 3461 3794 Exspectetur,
3513 3723 3587 3778 de
3629 3725 3849 3779 cantico

2195 3813 2434 3868 Sabbati
2451 3811 2655 3885 vigilite
2672 3812 2947 3883 ascripta,
2971 3811 3572 3868 demonstrant.Unde
3588 3816 3647 3869 et
3660 3812 3850 3885 ipsum

2191 3901 2514 3957 Sabbatum
2548 3899 2783 3973 speciali
2816 3899 3149 3956 malutinali
3199 3899 3372 3956 laude
3421 3901 3695 3974 insigniri
3740 3917 3852 3957 non

2192 4005 2435 4045 necesse
2465 3988 2846 4045 habuit.Nam
2878 3988 3037 4044 omni
3060 4005 3213 4044 anno
3227 3994 3329 4044 aut
3357 3989 3623 4061 ejusdem
3641 3989 3849 4062 vigilias

2190 4078 2448 4133 ofﬁcium
2481 4077 2787 4147 obtinebit,
2815 4083 2917 4133 aut
2944 4077 3185 4134 alterius
3214 4077 3368 4134 feria:
3421 4095 3599 4151 quam
3641 4078 3847 4134 eadem

2168 4163 2384 4237 ’vigilia
2412 4180 2477 4219 eo
2507 4180 2658 4219 anno
2689 4164 3184 4237 occupaverit;illo
3210 4182 3324 4221 non
3348 4165 3716 4237 negligenter
3752 4166 3849 4222 ob-

2189 4258 2436 4318 servato,
2469 4257 2536 4308 ut
2564 4253 2886 4310 Sabbatum
2937 4270 3168 4327 semper
3213 4255 3285 4310 de
3334 4253 3533 4328 vigilia
3580 4254 3845 4311 ferialem

2189 4341 2486 4413 psalmum
2519 4346 2576 4398 et
2606 4343 2902 4399 canticum
2936 4343 3258 4415 antiphona
3288 4343 3608 4416 possideat.

2187 4487 2319 4539 CAP.
2355 4483 2599 4540 XXXIII.
2631 4485 2707 4541 De
2732 4492 2935 4557 septem
2960 4484 3151 4541 diebus
3198 4490 3328 4543 ante
3364 4487 3557 4541 Natale
3604 4482 3843 4543 Domini.

2260 4608 2575 4664 Sciendum
2606 4609 2803 4680 itaque
2850 4613 2940 4664 est
2991 4610 3148 4681 quod
3200 4610 3474 4681 praedicta
3501 4609 3703 4667 ofﬁcia
3732 4628 3845 4666 non

2191 4701 2332 4754 sunt
2354 4696 2698 4769 jejunii,led
2732 4697 3065 4766 Dominicaa,
3095 4702 3154 4754 et
3183 4699 3443 4771 quinque
3464 4698 3752 4756 feriarum
3784 4716 3846 4755 ac

2187 4785 2415 4859 vigilias,
2450 4787 2605 4842 unde
2634 4791 2691 4841 et
2721 4785 3025 4843 annuatim
3058 4788 3261 4843 eadem
3290 4788 3484 4844 ofﬁcia
3526 4788 3602 4843 ab
3643 4793 3847 4845 octava

2186 4875 2279 4930 die
2310 4891 2437 4945 qua:
2468 4874 2837 4931 Nativitatom
2871 4875 3101 4931 Domini
3125 4876 3686 4949 pracedit,congrue
3709 4877 3847 4933 inci-

2185 4963 2401 5035 pimus,
2439 4968 2503 5018 ut
2532 4967 2714 5019 totam
2738 4962 2903 5019 illam
2931 4965 3323 5036 septimanam
3357 4964 3597 5021 statutis
3632 4966 3844 5022 ofﬁciis

2182 5051 2467 5107 celebrem
2500 5052 2956 5120 babeamus,nec
2974 5057 3169 5109 tamen
3184 5052 3442 5126 aliquem
3461 5052 3620 5108 diem
3634 5059 3846 5126 prater

2187 5144 2524 5196 sanctorum
2554 5140 2982 5197 institutionem
3012 5141 3151 5197 huic
3181 5141 3503 5198 celebritati
3530 5158 3603 5198 ex
3638 5148 3846 5200 nostra

2186 5234 2349 5301 parte
2381 5229 2838 5301 applicemus.Et
2858 5230 2965 5286 hoc
2993 5247 3228 5303 quoque
3261 5247 3378 5287 non
3410 5232 3598 5287 otiose
3627 5236 3843 5290 notan-

2187 5320 2350 5389 dum,
2384 5319 2520 5391 quia
2550 5318 2727 5390 hujus
2775 5319 3114 5387 septimana:
3144 5319 3473 5389 ofﬁcia,etsi
3505 5320 3849 5392 specialiter

2187 5426 2290 5482 pro
2312 5408 2561 5480 jejunio,
2596 5414 2663 5464 ut
2690 5410 2999 5482 probatum
3046 5414 3156 5479 est,
3209 5426 3324 5466 non
3376 5409 3496 5465 sint
3540 5407 3848 5478 instituta,

2184 5515 2490 5570 nunquam
2520 5503 2717 5554 tamen
2765 5497 2913 5554 illud
2951 5499 3191 5555 omnino
3223 5498 3583 5571 relinquunt,
3616 5497 3742 5555 nisi
3785 5516 3854 5558 eo

2183 5604 2358 5659 anno,
2392 5588 2535 5648 dum
2565 5576 2851 5649 Nativitas
2881 5587 3165 5649 canonica
3192 5587 3468 5651 occurrit.
3486 5591 3648 5647 Tunc
3679 5587 3855 5652 enim
