  <div class='ocr_page' id='page_1' title='image "/cluster/home/n/w/nwhite01/storage/ocr_20150623/151/hvd.32044054760095/508.png"; bbox 0 0 3968 6126; ppageno 0'>
   <div class='ocr_carea' id='block_1_1' title="bbox 172 272 338 369">
    <p class='ocr_par' dir='ltr' id='par_1_1' title="bbox 172 272 338 369">
     <span class='ocr_line' id='line_1_1' title="bbox 172 272 338 369; baseline -0.036 0"><span class='ocrx_word' id='word_1_1' title='bbox 172 272 338 369; x_wconf 64' lang='lat'>5.0.05</span> 
     </span>
    </p>
   </div>
   <div class='ocr_carea' id='block_1_2' title="bbox 1564 218 2147 367">
    <p class='ocr_par' dir='ltr' id='par_1_2' title="bbox 1564 218 2147 367">
     <span class='ocr_line' id='line_1_2' title="bbox 1564 218 2147 367; baseline -0.003 -28"><span class='ocrx_word' id='word_1_2' title='bbox 1564 322 1571 329; x_wconf 80' lang='lat'>.</span> <span class='ocrx_word' id='word_1_3' title='bbox 1619 218 2147 367; x_wconf 77' lang='lat' dir='ltr'>MIcaoLoGUs.</span> 
     </span>
    </p>
   </div>
   <div class='ocr_carea' id='block_1_3' title="bbox 3420 281 3585 349">
    <p class='ocr_par' dir='ltr' id='par_1_3' title="bbox 3420 281 3585 349">
     <span class='ocr_line' id='line_1_3' title="bbox 3420 281 3585 349; baseline -0.012 0"><span class='ocrx_word' id='word_1_4' title='bbox 3420 281 3585 349; x_wconf 66' lang='lat'>1006</span> 
     </span>
    </p>
   </div>
   <div class='ocr_carea' id='block_1_4' title="bbox 178 403 3579 487">
    <p class='ocr_par' dir='ltr' id='par_1_4' title="bbox 178 403 3579 487">
     <span class='ocr_line' id='line_1_4' title="bbox 178 403 3579 487; baseline 0.003 -25"><span class='ocrx_word' id='word_1_5' title='bbox 178 405 375 481; x_wconf 82' lang='lat' dir='ltr'>vigilia</span> <span class='ocrx_word' id='word_1_6' title='bbox 427 405 485 460; x_wconf 88' lang='lat' dir='ltr'>in</span> <span class='ocrx_word' id='word_1_7' title='bbox 546 403 798 461; x_wconf 87' lang='lat' dir='ltr'>Sabbato</span> <span class='ocrx_word' id='word_1_8' title='bbox 854 403 1062 473; x_wconf 83' lang='lat' dir='ltr'>evenit,</span> <span class='ocrx_word' id='word_1_9' title='bbox 1097 409 1155 461; x_wconf 89' lang='lat' dir='ltr'>et</span> <span class='ocrx_word' id='word_1_10' title='bbox 1208 405 1317 463; x_wconf 92' lang='lat' dir='ltr'>hoc</span> <span class='ocrx_word' id='word_1_11' title='bbox 1341 406 1636 479; x_wconf 90' lang='lat' dir='ltr'>jejuninm</span> <span class='ocrx_word' id='word_1_12' title='bbox 1665 412 1827 465; x_wconf 80' lang='lat' dir='ltr'><strong>extra</strong></span> <span class='ocrx_word' id='word_1_13' title='bbox 1856 411 1910 477; x_wconf 74' lang='grc' dir='ltr'>Α</span> <span class='ocrx_word' id='word_1_14' title='bbox 1939 410 2051 466; x_wconf 87' lang='lat' dir='ltr'>nisi</span> <span class='ocrx_word' id='word_1_15' title='bbox 2082 411 2153 466; x_wconf 90' lang='lat' dir='ltr'>de</span> <span class='ocrx_word' id='word_1_16' title='bbox 2181 409 2457 466; x_wconf 89' lang='lat' dir='ltr'>Passione</span> <span class='ocrx_word' id='word_1_17' title='bbox 2487 410 2737 467; x_wconf 87' lang='lat' dir='ltr'>Domini.</span> <span class='ocrx_word' id='word_1_18' title='bbox 2761 410 2964 469; x_wconf 84' lang='lat' dir='ltr'>Merito</span> <span class='ocrx_word' id='word_1_19' title='bbox 2993 414 3191 469; x_wconf 89' lang='lat' dir='ltr'>autem</span> <span class='ocrx_word' id='word_1_20' title='bbox 3221 413 3416 487; x_wconf 86' lang='lat' dir='ltr'>passio</span> <span class='ocrx_word' id='word_1_21' title='bbox 3446 432 3579 472; x_wconf 83' lang='lat' dir='ltr'>san-</span> 
     </span>
    </p>
   </div>
   <div class='ocr_carea' id='block_1_5' title="bbox 175 493 1830 567">
    <p class='ocr_par' dir='ltr' id='par_1_5' title="bbox 175 493 1830 567">
     <span class='ocr_line' id='line_1_5' title="bbox 175 493 1830 567; baseline 0.001 -15"><span class='ocrx_word' id='word_1_22' title='bbox 175 494 328 552; x_wconf 89' lang='lat' dir='ltr'>hanc</span> <span class='ocrx_word' id='word_1_23' title='bbox 361 493 757 567; x_wconf 81' lang='lat' dir='ltr'>septimanam</span> <span class='ocrx_word' id='word_1_24' title='bbox 784 493 841 550; x_wconf 90' lang='lat' dir='ltr'>in</span> <span class='ocrx_word' id='word_1_25' title='bbox 871 494 1214 566; x_wconf 75' lang='lat' dir='ltr'>praecedenti</span> <span class='ocrx_word' id='word_1_26' title='bbox 1245 496 1498 552; x_wconf 87' lang='lat' dir='ltr'>Sabbato</span> <span class='ocrx_word' id='word_1_27' title='bbox 1547 497 1830 554; x_wconf 85' lang='lat' dir='ltr'>celebrari</span> 
     </span>
    </p>
   </div>
   <div class='ocr_carea' id='block_1_6' title="bbox 172 582 1835 658">
    <p class='ocr_par' dir='ltr' id='par_1_6' title="bbox 172 582 1835 658">
     <span class='ocr_line' id='line_1_6' title="bbox 172 582 1835 658; baseline 0 -15"><span class='ocrx_word' id='word_1_28' title='bbox 172 583 491 658; x_wconf 84' lang='lat' dir='ltr'>compellit.</span> <span class='ocrx_word' id='word_1_29' title='bbox 513 583 665 639; x_wconf 89' lang='lat' dir='ltr'>Nam</span> <span class='ocrx_word' id='word_1_30' title='bbox 691 582 953 639; x_wconf 82' lang='lat' dir='ltr'>ofﬁcium</span> <span class='ocrx_word' id='word_1_31' title='bbox 969 582 1180 657; x_wconf 64' lang='lat' dir='ltr'>vigilite</span> <span class='ocrx_word' id='word_1_32' title='bbox 1200 588 1257 639; x_wconf 85' lang='lat' dir='ltr'>et</span> <span class='ocrx_word' id='word_1_33' title='bbox 1278 585 1491 656; x_wconf 89' lang='lat' dir='ltr'>jejunii</span> <span class='ocrx_word' id='word_1_34' title='bbox 1519 586 1693 641; x_wconf 82' lang='lat' dir='ltr'>simul</span> <span class='ocrx_word' id='word_1_35' title='bbox 1716 604 1835 643; x_wconf 90' lang='lat' dir='ltr'>una</span> 
     </span>
    </p>
   </div>
   <div class='ocr_carea' id='block_1_7' title="bbox 170 673 1832 746">
    <p class='ocr_par' dir='ltr' id='par_1_7' title="bbox 170 673 1832 746">
     <span class='ocr_line' id='line_1_7' title="bbox 170 673 1832 746; baseline 0.001 -16"><span class='ocrx_word' id='word_1_36' title='bbox 170 676 264 731; x_wconf 89' lang='lat' dir='ltr'>die</span> <span class='ocrx_word' id='word_1_37' title='bbox 294 677 691 746; x_wconf 78' lang='lat' dir='ltr'>competenter</span> <span class='ocrx_word' id='word_1_38' title='bbox 748 678 1051 744; x_wconf 88' lang='lat' dir='ltr'>nequeunt</span> <span class='ocrx_word' id='word_1_39' title='bbox 1106 673 1424 729; x_wconf 89' lang='lat' dir='ltr'>observari.</span> <span class='ocrx_word' id='word_1_40' title='bbox 1460 675 1523 730; x_wconf 92' lang='lat' dir='ltr'><strong>In</strong></span> <span class='ocrx_word' id='word_1_41' title='bbox 1555 677 1832 732; x_wconf 92' lang='lat' dir='ltr'>omnibus</span> 
     </span>
    </p>
   </div>
   <div class='ocr_carea' id='block_1_8' title="bbox 169 753 1833 837">
    <p class='ocr_par' dir='ltr' id='par_1_8' title="bbox 169 753 1833 837">
     <span class='ocr_line' id='line_1_8' title="bbox 169 753 1833 837; baseline 0 -18"><span class='ocrx_word' id='word_1_42' title='bbox 169 768 368 820; x_wconf 88' lang='lat' dir='ltr'>autem</span> <span class='ocrx_word' id='word_1_43' title='bbox 400 762 534 818; x_wconf 90' lang='lat' dir='ltr'>aliis</span> <span class='ocrx_word' id='word_1_44' title='bbox 558 761 730 818; x_wconf 90' lang='lat' dir='ltr'>annis</span> <span class='ocrx_word' id='word_1_45' title='bbox 752 761 911 818; x_wconf 90' lang='lat' dir='ltr'>idem</span> <span class='ocrx_word' id='word_1_46' title='bbox 933 762 1234 835; x_wconf 86' lang='lat' dir='ltr'>jejunium</span> <span class='ocrx_word' id='word_1_47' title='bbox 1258 767 1359 818; x_wconf 89' lang='lat' dir='ltr'>aut</span> <span class='ocrx_word' id='word_1_48' title='bbox 1389 779 1459 819; x_wconf 85' lang='lat' dir='ltr'>ex</span> <span class='ocrx_word' id='word_1_49' title='bbox 1486 753 1714 837; x_wconf 89' lang='lat' dir='ltr'>integro</span> <span class='ocrx_word' id='word_1_50' title='bbox 1730 769 1833 820; x_wconf 92' lang='lat' dir='ltr'>aut</span> 
     </span>
    </p>
   </div>
   <div class='ocr_carea' id='block_1_9' title="bbox 170 851 1831 924">
    <p class='ocr_par' dir='ltr' id='par_1_9' title="bbox 170 851 1831 924">
     <span class='ocr_line' id='line_1_9' title="bbox 170 851 1831 924; baseline 0 -15"><span class='ocrx_word' id='word_1_51' title='bbox 170 870 239 910; x_wconf 81' lang='lat' dir='ltr'>ex</span> <span class='ocrx_word' id='word_1_52' title='bbox 270 851 468 924; x_wconf 91' lang='lat' dir='ltr'>aliqua</span> <span class='ocrx_word' id='word_1_53' title='bbox 498 856 663 924; x_wconf 90' lang='lat' dir='ltr'>parte</span> <span class='ocrx_word' id='word_1_54' title='bbox 695 851 987 923; x_wconf 62' lang='lat' dir='ltr'>praedictis</span> <span class='ocrx_word' id='word_1_55' title='bbox 1016 853 1357 924; x_wconf 67' lang='lat' dir='ltr'>septimanae</span> <span class='ocrx_word' id='word_1_56' title='bbox 1402 851 1740 920; x_wconf 80' lang='lat' dir='ltr'>includitur,</span> <span class='ocrx_word' id='word_1_57' title='bbox 1773 858 1831 909; x_wconf 91' lang='lat' dir='ltr'>et</span> 
     </span>
    </p>
   </div>
   <div class='ocr_carea' id='block_1_10' title="bbox 169 939 1826 1014">
    <p class='ocr_par' dir='ltr' id='par_1_10' title="bbox 169 939 1826 1014">
     <span class='ocr_line' id='line_1_10' title="bbox 169 939 1826 1014; baseline -0.001 -17"><span class='ocrx_word' id='word_1_58' title='bbox 169 959 274 1013; x_wconf 88' lang='lat' dir='ltr'>per</span> <span class='ocrx_word' id='word_1_59' title='bbox 303 939 598 1014; x_wconf 88' lang='lat' dir='ltr'>legitimas</span> <span class='ocrx_word' id='word_1_60' title='bbox 629 941 757 1011; x_wconf 88' lang='lat' dir='ltr'>ejus</span> <span class='ocrx_word' id='word_1_61' title='bbox 788 939 963 996; x_wconf 83' lang='lat' dir='ltr'>ferias</span> <span class='ocrx_word' id='word_1_62' title='bbox 1013 940 1358 997; x_wconf 83' lang='lat' dir='ltr'>celebratur.</span> <span class='ocrx_word' id='word_1_63' title='bbox 1389 940 1553 997; x_wconf 87' lang='lat' dir='ltr'>Unde</span> <span class='ocrx_word' id='word_1_64' title='bbox 1592 945 1649 997; x_wconf 91' lang='lat' dir='ltr'>et</span> <span class='ocrx_word' id='word_1_65' title='bbox 1677 942 1826 998; x_wconf 89' lang='lat' dir='ltr'>anti-</span> 
     </span>
    </p>
   </div>
   <div class='ocr_carea' id='block_1_11' title="bbox 170 1028 1825 1104">
    <p class='ocr_par' dir='ltr' id='par_1_11' title="bbox 170 1028 1825 1104">
     <span class='ocr_line' id='line_1_11' title="bbox 170 1028 1825 1104; baseline 0.001 -18"><span class='ocrx_word' id='word_1_66' title='bbox 170 1030 377 1104; x_wconf 65' lang='lat' dir='ltr'>phonaa</span> <span class='ocrx_word' id='word_1_67' title='bbox 396 1031 466 1085; x_wconf 91' lang='lat' dir='ltr'>de</span> <span class='ocrx_word' id='word_1_68' title='bbox 488 1028 805 1101; x_wconf 91' lang='lat' dir='ltr'>evangeliis</span> <span class='ocrx_word' id='word_1_69' title='bbox 825 1028 1527 1101; x_wconf 87' lang='lat' dir='ltr'>hujusjejunii,quamvis</span> <span class='ocrx_word' id='word_1_70' title='bbox 1546 1047 1680 1085; x_wconf 85' lang='lat' dir='ltr'>cum</span> <span class='ocrx_word' id='word_1_71' title='bbox 1700 1031 1825 1103; x_wconf 90' lang='lat' dir='ltr'>ipso</span> 
     </span>
    </p>
   </div>
   <div class='ocr_carea' id='block_1_12' title="bbox 172 1116 1827 1191">
    <p class='ocr_par' dir='ltr' id='par_1_12' title="bbox 172 1116 1827 1191">
     <span class='ocr_line' id='line_1_12' title="bbox 172 1116 1827 1191; baseline 0 -16"><span class='ocrx_word' id='word_1_72' title='bbox 172 1118 472 1175; x_wconf 85' lang='lat' dir='ltr'>multoties</span> <span class='ocrx_word' id='word_1_73' title='bbox 505 1116 915 1190; x_wconf 87' lang='lat' dir='ltr'>anticipentur,</span> <span class='ocrx_word' id='word_1_74' title='bbox 940 1119 1150 1173; x_wconf 89' lang='lat' dir='ltr'>merita</span> <span class='ocrx_word' id='word_1_75' title='bbox 1205 1124 1399 1174; x_wconf 88' lang='lat' dir='ltr'>tamen</span> <span class='ocrx_word' id='word_1_76' title='bbox 1440 1118 1499 1173; x_wconf 89' lang='lat' dir='ltr'>in</span> <span class='ocrx_word' id='word_1_77' title='bbox 1531 1124 1739 1191; x_wconf 86' lang='lat' dir='ltr'>quarta</span> <span class='ocrx_word' id='word_1_78' title='bbox 1769 1123 1827 1175; x_wconf 91' lang='lat' dir='ltr'>et</span> 
     </span>
    </p>
   </div>
   <div class='ocr_carea' id='block_1_13' title="bbox 166 1207 1823 1278">
    <p class='ocr_par' dir='ltr' id='par_1_13' title="bbox 166 1207 1823 1278">
     <span class='ocr_line' id='line_1_13' title="bbox 166 1207 1823 1278; baseline -0.001 -14"><span class='ocrx_word' id='word_1_79' title='bbox 166 1212 332 1264; x_wconf 85' lang='lat' dir='ltr'>sexta</span> <span class='ocrx_word' id='word_1_80' title='bbox 362 1207 506 1263; x_wconf 86' lang='lat' dir='ltr'>feria</span> <span class='ocrx_word' id='word_1_81' title='bbox 534 1212 592 1263; x_wconf 90' lang='lat' dir='ltr'>et</span> <span class='ocrx_word' id='word_1_82' title='bbox 622 1207 875 1262; x_wconf 88' lang='lat' dir='ltr'>Sabbato</span> <span class='ocrx_word' id='word_1_83' title='bbox 908 1207 1173 1277; x_wconf 87' lang='lat' dir='ltr'>ejusdem</span> <span class='ocrx_word' id='word_1_84' title='bbox 1209 1207 1554 1278; x_wconf 63' lang='lat' dir='ltr'>septimanae</span> <span class='ocrx_word' id='word_1_85' title='bbox 1604 1208 1823 1264; x_wconf 90' lang='lat' dir='ltr'>descri-</span> 
     </span>
    </p>
   </div>
   <div class='ocr_carea' id='block_1_14' title="bbox 165 1295 1824 1370">
    <p class='ocr_par' dir='ltr' id='par_1_14' title="bbox 165 1295 1824 1370">
     <span class='ocr_line' id='line_1_14' title="bbox 165 1295 1824 1370; baseline -0.001 -17"><span class='ocrx_word' id='word_1_86' title='bbox 165 1298 407 1366; x_wconf 88' lang='lat' dir='ltr'>buntur,</span> <span class='ocrx_word' id='word_1_87' title='bbox 434 1296 574 1370; x_wconf 86' lang='lat' dir='ltr'>quia</span> <span class='ocrx_word' id='word_1_88' title='bbox 594 1296 830 1352; x_wconf 86' lang='lat' dir='ltr'>easdem</span> <span class='ocrx_word' id='word_1_89' title='bbox 856 1295 1031 1351; x_wconf 84' lang='lat' dir='ltr'>ferias</span> <span class='ocrx_word' id='word_1_90' title='bbox 1054 1295 1517 1368; x_wconf 88' lang='lat' dir='ltr'>idemjejunium</span> <span class='ocrx_word' id='word_1_91' title='bbox 1551 1296 1694 1352; x_wconf 90' lang='lat' dir='ltr'>adeo</span> <span class='ocrx_word' id='word_1_92' title='bbox 1716 1297 1824 1353; x_wconf 87' lang='lat' dir='ltr'>fre-</span> 
     </span>
    </p>
   </div>
   <div class='ocr_carea' id='block_1_15' title="bbox 164 1384 1818 1459">
    <p class='ocr_par' dir='ltr' id='par_1_15' title="bbox 164 1384 1818 1459">
     <span class='ocr_line' id='line_1_15' title="bbox 164 1384 1818 1459; baseline 0 -17"><span class='ocrx_word' id='word_1_93' title='bbox 164 1390 429 1458; x_wconf 87' lang='lat' dir='ltr'>quentat,</span> <span class='ocrx_word' id='word_1_94' title='bbox 446 1390 513 1440; x_wconf 90' lang='lat' dir='ltr'>ut</span> <span class='ocrx_word' id='word_1_95' title='bbox 534 1384 628 1439; x_wconf 82' lang='lat' dir='ltr'>vix</span> <span class='ocrx_word' id='word_1_96' title='bbox 645 1402 759 1439; x_wconf 88' lang='lat' dir='ltr'>uno</span> <span class='ocrx_word' id='word_1_97' title='bbox 781 1401 936 1440; x_wconf 90' lang='lat' dir='ltr'>anno</span> <span class='ocrx_word' id='word_1_98' title='bbox 956 1384 1088 1440; x_wconf 91' lang='lat' dir='ltr'>illas</span> <span class='ocrx_word' id='word_1_99' title='bbox 1105 1401 1172 1440; x_wconf 91' lang='lat' dir='ltr'>ex</span> <span class='ocrx_word' id='word_1_100' title='bbox 1191 1385 1415 1458; x_wconf 88' lang='lat' dir='ltr'>integro</span> <span class='ocrx_word' id='word_1_101' title='bbox 1430 1385 1818 1459; x_wconf 86' lang='lat' dir='ltr'>derelinquat.</span> 
     </span>
    </p>
   </div>
   <div class='ocr_carea' id='block_1_16' title="bbox 162 1473 1816 1548">
    <p class='ocr_par' dir='ltr' id='par_1_16' title="bbox 162 1473 1816 1548">
     <span class='ocr_line' id='line_1_16' title="bbox 162 1473 1816 1548; baseline 0 -18"><span class='ocrx_word' id='word_1_102' title='bbox 162 1474 281 1531; x_wconf 88' lang='lat' dir='ltr'>Hoc</span> <span class='ocrx_word' id='word_1_103' title='bbox 304 1491 534 1548; x_wconf 89' lang='lat' dir='ltr'>quoque</span> <span class='ocrx_word' id='word_1_104' title='bbox 560 1473 978 1546; x_wconf 87' lang='lat' dir='ltr'>providendum</span> <span class='ocrx_word' id='word_1_105' title='bbox 1014 1474 1170 1545; x_wconf 88' lang='lat' dir='ltr'>quod</span> <span class='ocrx_word' id='word_1_106' title='bbox 1200 1474 1399 1547; x_wconf 84' lang='lat' dir='ltr'>vigilia</span> <span class='ocrx_word' id='word_1_107' title='bbox 1449 1492 1582 1529; x_wconf 92' lang='lat' dir='ltr'>cum</span> <span class='ocrx_word' id='word_1_108' title='bbox 1614 1475 1673 1529; x_wconf 92' lang='lat' dir='ltr'>in</span> <span class='ocrx_word' id='word_1_109' title='bbox 1705 1475 1816 1531; x_wconf 91' lang='lat' dir='ltr'>Do-</span> 
     </span>
    </p>
   </div>
   <div class='ocr_carea' id='block_1_17' title="bbox 161 1560 1814 1635">
    <p class='ocr_par' dir='ltr' id='par_1_17' title="bbox 161 1560 1814 1635">
     <span class='ocr_line' id='line_1_17' title="bbox 161 1560 1814 1635; baseline -0.003 -15"><span class='ocrx_word' id='word_1_110' title='bbox 161 1563 379 1620; x_wconf 88' lang='lat' dir='ltr'>minica</span> <span class='ocrx_word' id='word_1_111' title='bbox 400 1563 673 1631; x_wconf 84' lang='lat' dir='ltr'>evenerit,</span> <span class='ocrx_word' id='word_1_112' title='bbox 691 1579 792 1617; x_wconf 84' lang='lat' dir='ltr'>sex</span> <span class='ocrx_word' id='word_1_113' title='bbox 822 1563 932 1618; x_wconf 85' lang='lat' dir='ltr'>sibi</span> <span class='ocrx_word' id='word_1_114' title='bbox 967 1563 1343 1635; x_wconf 86' lang='lat' dir='ltr'>responsoria</span> <span class='ocrx_word' id='word_1_115' title='bbox 1371 1564 1442 1620; x_wconf 88' lang='lat' dir='ltr'>de</span> <span class='ocrx_word' id='word_1_116' title='bbox 1472 1560 1814 1619; x_wconf 90' lang='lat' dir='ltr'>Dominicali</span> 
     </span>
    </p>
   </div>
   <div class='ocr_carea' id='block_1_18' title="bbox 157 1652 1816 1723">
    <p class='ocr_par' dir='ltr' id='par_1_18' title="bbox 157 1652 1816 1723">
     <span class='ocr_line' id='line_1_18' title="bbox 157 1652 1816 1723; baseline 0 -15"><span class='ocrx_word' id='word_1_117' title='bbox 157 1652 409 1710; x_wconf 81' lang='lat' dir='ltr'>historia</span> <span class='ocrx_word' id='word_1_118' title='bbox 430 1670 564 1708; x_wconf 89' lang='lat' dir='ltr'>cum</span> <span class='ocrx_word' id='word_1_119' title='bbox 605 1652 1064 1708; x_wconf 85' lang='lat' dir='ltr'>Dominicalibus</span> <span class='ocrx_word' id='word_1_120' title='bbox 1094 1652 1341 1723; x_wconf 85' lang='lat' dir='ltr'>psalmis</span> <span class='ocrx_word' id='word_1_121' title='bbox 1372 1657 1676 1709; x_wconf 87' lang='lat' dir='ltr'>assumat:</span> <span class='ocrx_word' id='word_1_122' title='bbox 1704 1653 1816 1708; x_wconf 85' lang='lat' dir='ltr'>tria</span> 
     </span>
    </p>
   </div>
   <div class='ocr_carea' id='block_1_19' title="bbox 156 1738 1814 1799">
    <p class='ocr_par' dir='ltr' id='par_1_19' title="bbox 156 1738 1814 1799">
     <span class='ocr_line' id='line_1_19' title="bbox 156 1738 1814 1799; baseline 0.002 -5"><span class='ocrx_word' id='word_1_123' title='bbox 156 1758 295 1799; x_wconf 84' lang='lat' dir='ltr'>vero</span> <span class='ocrx_word' id='word_1_124' title='bbox 326 1741 536 1797; x_wconf 87' lang='lat' dir='ltr'>ultima</span> <span class='ocrx_word' id='word_1_125' title='bbox 565 1745 622 1796; x_wconf 89' lang='lat' dir='ltr'>et</span> <span class='ocrx_word' id='word_1_126' title='bbox 652 1739 1030 1795; x_wconf 88' lang='lat' dir='ltr'>matutinales</span> <span class='ocrx_word' id='word_1_127' title='bbox 1070 1738 1276 1796; x_wconf 90' lang='lat' dir='ltr'>laudes</span> <span class='ocrx_word' id='word_1_128' title='bbox 1325 1757 1459 1796; x_wconf 91' lang='lat' dir='ltr'>cum</span> <span class='ocrx_word' id='word_1_129' title='bbox 1510 1740 1814 1797; x_wconf 88' lang='lat' dir='ltr'>ferialibus</span> 
     </span>
    </p>
   </div>
   <div class='ocr_carea' id='block_1_20' title="bbox 159 1827 1813 1902">
    <p class='ocr_par' dir='ltr' id='par_1_20' title="bbox 159 1827 1813 1902">
     <span class='ocr_line' id='line_1_20' title="bbox 159 1827 1813 1902; baseline -0.002 -16"><span class='ocrx_word' id='word_1_130' title='bbox 159 1827 409 1902; x_wconf 86' lang='lat' dir='ltr'>psalmis</span> <span class='ocrx_word' id='word_1_131' title='bbox 430 1828 678 1884; x_wconf 81' lang='lat' dir='ltr'>Sabbato</span> <span class='ocrx_word' id='word_1_132' title='bbox 697 1828 998 1884; x_wconf 85' lang='lat' dir='ltr'>concedat.</span> <span class='ocrx_word' id='word_1_133' title='bbox 1024 1827 1113 1881; x_wconf 80' lang='lat' dir='ltr'>Ad</span> <span class='ocrx_word' id='word_1_134' title='bbox 1138 1827 1383 1884; x_wconf 89' lang='lat' dir='ltr'>missam</span> <span class='ocrx_word' id='word_1_135' title='bbox 1415 1828 1614 1884; x_wconf 88' lang='lat' dir='ltr'>omnia</span> <span class='ocrx_word' id='word_1_136' title='bbox 1636 1829 1707 1884; x_wconf 90' lang='lat' dir='ltr'>de</span> <span class='ocrx_word' id='word_1_137' title='bbox 1730 1828 1813 1882; x_wconf 83' lang='lat' dir='ltr'>vi-</span> 
     </span>
    </p>
   </div>
   <div class='ocr_carea' id='block_1_21' title="bbox 157 1917 1599 1991">
    <p class='ocr_par' dir='ltr' id='par_1_21' title="bbox 157 1917 1599 1991">
     <span class='ocr_line' id='line_1_21' title="bbox 157 1917 1599 1991; baseline 0 -19"><span class='ocrx_word' id='word_1_138' title='bbox 157 1917 324 1991; x_wconf 83' lang='lat' dir='ltr'>gilia,</span> <span class='ocrx_word' id='word_1_139' title='bbox 356 1918 457 1974; x_wconf 90' lang='lat' dir='ltr'>sed</span> <span class='ocrx_word' id='word_1_140' title='bbox 493 1917 694 1973; x_wconf 83' lang='lat' dir='ltr'>festive</span> <span class='ocrx_word' id='word_1_141' title='bbox 725 1934 861 1972; x_wconf 91' lang='lat' dir='ltr'>cum</span> <span class='ocrx_word' id='word_1_142' title='bbox 894 1917 1157 1987; x_wconf 80' lang='lat' dir='ltr'>Alleluia,</span> <span class='ocrx_word' id='word_1_143' title='bbox 1196 1918 1326 1974; x_wconf 84' lang='lat' dir='ltr'>Veni</span> <span class='ocrx_word' id='word_1_144' title='bbox 1352 1918 1599 1973; x_wconf 80' lang='lat' dir='ltr'>Domine.</span> 
     </span>
    </p>
   </div>
   <div class='ocr_carea' id='block_1_22' title="bbox 158 2022 1815 2081">
    <p class='ocr_par' dir='ltr' id='par_1_22' title="bbox 158 2022 1815 2081">
     <span class='ocr_line' id='line_1_22' title="bbox 158 2022 1815 2081; baseline -0.001 -1"><span class='ocrx_word' id='word_1_145' title='bbox 158 2024 297 2080; x_wconf 74' lang='lat' dir='ltr'>CAP.</span> <span class='ocrx_word' id='word_1_146' title='bbox 331 2022 567 2081; x_wconf 80' lang='lat' dir='ltr'>XXXIV.</span> <span class='ocrx_word' id='word_1_147' title='bbox 600 2054 669 2063; x_wconf 88' lang='lat'>——</span> <span class='ocrx_word' id='word_1_148' title='bbox 696 2024 773 2079; x_wconf 89' lang='lat' dir='ltr'>De</span> <span class='ocrx_word' id='word_1_149' title='bbox 819 2024 1006 2079; x_wconf 84' lang='lat' dir='ltr'>Natali</span> <span class='ocrx_word' id='word_1_150' title='bbox 1052 2025 1294 2079; x_wconf 82' lang='lat' dir='ltr'>Domini.</span> <span class='ocrx_word' id='word_1_151' title='bbox 1337 2056 1405 2064; x_wconf 94' lang='lat'>——</span> <span class='ocrx_word' id='word_1_152' title='bbox 1433 2026 1548 2081; x_wconf 84' lang='lat' dir='ltr'>Cur</span> <span class='ocrx_word' id='word_1_153' title='bbox 1576 2025 1815 2079; x_wconf 81' lang='lat' dir='ltr'>inmissa</span> 
     </span>
    </p>
   </div>
   <div class='ocr_carea' id='block_1_23' title="bbox 228 2094 1812 2167">
    <p class='ocr_par' dir='ltr' id='par_1_23' title="bbox 228 2094 1812 2167">
     <span class='ocr_line' id='line_1_23' title="bbox 228 2094 1812 2167; baseline 0 -17"><span class='ocrx_word' id='word_1_154' title='bbox 228 2099 421 2167; x_wconf 82' lang='lat' dir='ltr'>prima</span> <span class='ocrx_word' id='word_1_155' title='bbox 475 2110 587 2151; x_wconf 86' lang='lat' dir='ltr'>non</span> <span class='ocrx_word' id='word_1_156' title='bbox 637 2096 721 2151; x_wconf 88' lang='lat' dir='ltr'>Ite</span> <span class='ocrx_word' id='word_1_157' title='bbox 779 2095 965 2150; x_wconf 90' lang='lat' dir='ltr'>missa</span> <span class='ocrx_word' id='word_1_158' title='bbox 993 2099 1101 2166; x_wconf 90' lang='lat' dir='ltr'>est,</span> <span class='ocrx_word' id='word_1_159' title='bbox 1128 2095 1219 2150; x_wconf 86' lang='lat' dir='ltr'>sed</span> <span class='ocrx_word' id='word_1_160' title='bbox 1247 2094 1668 2151; x_wconf 89' lang='lat' dir='ltr'>Benedicamus</span> <span class='ocrx_word' id='word_1_161' title='bbox 1697 2095 1812 2150; x_wconf 84' lang='lat' dir='ltr'>Do-</span> 
     </span>
    </p>
   </div>
   <div class='ocr_carea' id='block_1_24' title="bbox 230 2166 782 2233">
    <p class='ocr_par' dir='ltr' id='par_1_24' title="bbox 230 2166 782 2233">
     <span class='ocr_line' id='line_1_24' title="bbox 230 2166 782 2233; baseline -0.002 -12"><span class='ocrx_word' id='word_1_162' title='bbox 230 2166 414 2233; x_wconf 78' lang='lat' dir='ltr'>mino,</span> <span class='ocrx_word' id='word_1_163' title='bbox 449 2166 782 2223; x_wconf 78' lang='lat' dir='ltr'>decanlelur.</span> 
     </span>
    </p>
   </div>
   <div class='ocr_carea' id='block_1_25' title="bbox 230 2250 1813 2345">
    <p class='ocr_par' dir='ltr' id='par_1_25' title="bbox 230 2250 1813 2345">
     <span class='ocr_line' id='line_1_25' title="bbox 230 2250 1813 2345; baseline -0.001 -16"><span class='ocrx_word' id='word_1_164' title='bbox 230 2276 296 2330; x_wconf 85' lang='lat' dir='ltr'><strong>In</strong></span> <span class='ocrx_word' id='word_1_165' title='bbox 328 2272 519 2330; x_wconf 85' lang='lat' dir='ltr'>Natali</span> <span class='ocrx_word' id='word_1_166' title='bbox 545 2273 773 2331; x_wconf 88' lang='lat' dir='ltr'>Domini</span> <span class='ocrx_word' id='word_1_167' title='bbox 805 2250 967 2328; x_wconf 73' lang='lat' dir='ltr'>linito</span> <span class='ocrx_word' id='word_1_168' title='bbox 989 2289 1142 2328; x_wconf 87' lang='lat' dir='ltr'>nono</span> <span class='ocrx_word' id='word_1_169' title='bbox 1161 2273 1553 2344; x_wconf 90' lang='lat' dir='ltr'>responsorio,</span> <span class='ocrx_word' id='word_1_170' title='bbox 1573 2288 1813 2345; x_wconf 89' lang='lat' dir='ltr'>evange-</span> 
     </span>
    </p>
   </div>
   <div class='ocr_carea' id='block_1_26' title="bbox 154 2361 1812 2435">
    <p class='ocr_par' dir='ltr' id='par_1_26' title="bbox 154 2361 1812 2435">
     <span class='ocr_line' id='line_1_26' title="bbox 154 2361 1812 2435; baseline -0.002 -17"><span class='ocrx_word' id='word_1_171' title='bbox 154 2363 304 2419; x_wconf 89' lang='lat' dir='ltr'>lium</span> <span class='ocrx_word' id='word_1_172' title='bbox 331 2381 345 2418; x_wconf 90' lang='lat'><strong>:</strong></span> <span class='ocrx_word' id='word_1_173' title='bbox 370 2363 529 2420; x_wconf 83' lang='lat' dir='ltr'>Liber</span> <span class='ocrx_word' id='word_1_174' title='bbox 574 2364 945 2435; x_wconf 79' lang='lat' dir='ltr'>generationis</span> <span class='ocrx_word' id='word_1_175' title='bbox 1003 2361 1235 2434; x_wconf 87' lang='lat' dir='ltr'>legitur.</span> <span class='ocrx_word' id='word_1_176' title='bbox 1260 2361 1515 2418; x_wconf 90' lang='lat' dir='ltr'>Deinde:</span> <span class='ocrx_word' id='word_1_177' title='bbox 1550 2363 1612 2418; x_wconf 88' lang='lat' dir='ltr'>Te</span> <span class='ocrx_word' id='word_1_178' title='bbox 1640 2363 1812 2417; x_wconf 85' lang='lat' dir='ltr'>Deum</span> 
     </span>
    </p>
   </div>
   <div class='ocr_carea' id='block_1_27' title="bbox 154 2450 1811 2524">
    <p class='ocr_par' dir='ltr' id='par_1_27' title="bbox 154 2450 1811 2524">
     <span class='ocr_line' id='line_1_27' title="bbox 154 2450 1811 2524; baseline 0 -17"><span class='ocrx_word' id='word_1_179' title='bbox 154 2452 449 2509; x_wconf 84' lang='lat' dir='ltr'>laudamus</span> <span class='ocrx_word' id='word_1_180' title='bbox 480 2469 614 2509; x_wconf 83' lang='lat' dir='ltr'>cum</span> <span class='ocrx_word' id='word_1_181' title='bbox 636 2451 966 2524; x_wconf 88' lang='lat' dir='ltr'>pulsatione</span> <span class='ocrx_word' id='word_1_182' title='bbox 998 2451 1298 2524; x_wconf 87' lang='lat' dir='ltr'>signorum</span> <span class='ocrx_word' id='word_1_183' title='bbox 1331 2451 1547 2506; x_wconf 86' lang='lat' dir='ltr'>dicitur</span> <span class='ocrx_word' id='word_1_184' title='bbox 1582 2450 1811 2523; x_wconf 87' lang='lat' dir='ltr'>:sicque</span> 
     </span>
    </p>
   </div>
   <div class='ocr_carea' id='block_1_28' title="bbox 155 2539 1806 2613">
    <p class='ocr_par' dir='ltr' id='par_1_28' title="bbox 155 2539 1806 2613">
     <span class='ocr_line' id='line_1_28' title="bbox 155 2539 1806 2613; baseline -0.002 -16"><span class='ocrx_word' id='word_1_185' title='bbox 155 2541 343 2598; x_wconf 86' lang='lat' dir='ltr'>finitis</span> <span class='ocrx_word' id='word_1_186' title='bbox 365 2540 807 2597; x_wconf 89' lang='lat' dir='ltr'>nocturnalibus</span> <span class='ocrx_word' id='word_1_187' title='bbox 830 2539 1064 2613; x_wconf 85' lang='lat' dir='ltr'>vigiliis,</span> <span class='ocrx_word' id='word_1_188' title='bbox 1090 2540 1275 2595; x_wconf 86' lang='lat' dir='ltr'>missa</span> <span class='ocrx_word' id='word_1_189' title='bbox 1310 2557 1323 2595; x_wconf 88' lang='lat'><strong>:</strong></span> <span class='ocrx_word' id='word_1_190' title='bbox 1353 2540 1612 2596; x_wconf 82' lang='lat' dir='ltr'>Dominus</span> <span class='ocrx_word' id='word_1_191' title='bbox 1644 2539 1806 2607; x_wconf 74' lang='lat' dir='ltr'>dixit,</span> 
     </span>
    </p>
   </div>
   <div class='ocr_carea' id='block_1_29' title="bbox 154 2626 1807 2692">
    <p class='ocr_par' dir='ltr' id='par_1_29' title="bbox 154 2626 1807 2692">
     <span class='ocr_line' id='line_1_29' title="bbox 154 2626 1807 2692; baseline -0.002 -7"><span class='ocrx_word' id='word_1_192' title='bbox 154 2634 295 2685; x_wconf 89' lang='lat' dir='ltr'>ante</span> <span class='ocrx_word' id='word_1_193' title='bbox 337 2627 710 2684; x_wconf 89' lang='lat' dir='ltr'>matitunales</span> <span class='ocrx_word' id='word_1_194' title='bbox 740 2626 946 2682; x_wconf 90' lang='lat' dir='ltr'>laudes</span> <span class='ocrx_word' id='word_1_195' title='bbox 975 2644 1107 2683; x_wconf 90' lang='lat' dir='ltr'>cum</span> <span class='ocrx_word' id='word_1_196' title='bbox 1142 2628 1523 2684; x_wconf 83' lang='lat' dir='ltr'>Benedieamus</span> <span class='ocrx_word' id='word_1_197' title='bbox 1556 2629 1807 2692; x_wconf 87' lang='lat' dir='ltr'>Domino,</span> 
     </span>
    </p>
   </div>
   <div class='ocr_carea' id='block_1_30' title="bbox 152 2714 1809 2788">
    <p class='ocr_par' dir='ltr' id='par_1_30' title="bbox 152 2714 1809 2788">
     <span class='ocr_line' id='line_1_30' title="bbox 152 2714 1809 2788; baseline -0.002 -15"><span class='ocrx_word' id='word_1_198' title='bbox 152 2735 272 2773; x_wconf 90' lang='lat' dir='ltr'>non</span> <span class='ocrx_word' id='word_1_199' title='bbox 301 2735 434 2772; x_wconf 89' lang='lat' dir='ltr'>cum</span> <span class='ocrx_word' id='word_1_200' title='bbox 461 2719 569 2772; x_wconf 84' lang='lat' dir='ltr'>:Ile</span> <span class='ocrx_word' id='word_1_201' title='bbox 600 2718 770 2772; x_wconf 81' lang='lat' dir='ltr'>missa</span> <span class='ocrx_word' id='word_1_202' title='bbox 800 2723 880 2772; x_wconf 75' lang='lat' dir='ltr'>est</span> <span class='ocrx_word' id='word_1_203' title='bbox 911 2715 1257 2788; x_wconf 87' lang='lat' dir='ltr'>completur,</span> <span class='ocrx_word' id='word_1_204' title='bbox 1293 2733 1363 2770; x_wconf 89' lang='lat' dir='ltr'>ne</span> <span class='ocrx_word' id='word_1_205' title='bbox 1394 2714 1608 2788; x_wconf 91' lang='lat' dir='ltr'>populo</span> <span class='ocrx_word' id='word_1_206' title='bbox 1639 2715 1809 2788; x_wconf 91' lang='lat' dir='ltr'>quasi</span> 
     </span>
    </p>
   </div>
   <div class='ocr_carea' id='block_1_31' title="bbox 156 2803 1810 2864">
    <p class='ocr_par' dir='ltr' id='par_1_31' title="bbox 156 2803 1810 2864">
     <span class='ocr_line' id='line_1_31' title="bbox 156 2803 1810 2864; baseline 0.001 -4"><span class='ocrx_word' id='word_1_207' title='bbox 156 2807 459 2864; x_wconf 87' lang='lat' dir='ltr'>licentiam</span> <span class='ocrx_word' id='word_1_208' title='bbox 492 2805 745 2862; x_wconf 89' lang='lat' dir='ltr'>abeundi</span> <span class='ocrx_word' id='word_1_209' title='bbox 776 2805 928 2860; x_wconf 87' lang='lat' dir='ltr'>infra</span> <span class='ocrx_word' id='word_1_210' title='bbox 959 2803 1335 2860; x_wconf 86' lang='lat' dir='ltr'>matutinales</span> <span class='ocrx_word' id='word_1_211' title='bbox 1352 2804 1556 2860; x_wconf 89' lang='lat' dir='ltr'>laudes</span> <span class='ocrx_word' id='word_1_212' title='bbox 1579 2805 1810 2862; x_wconf 85' lang='lat' dir='ltr'>dedisse</span> 
     </span>
    </p>
   </div>
   <div class='ocr_carea' id='block_1_32' title="bbox 150 2891 1811 2967">
    <p class='ocr_par' dir='ltr' id='par_1_32' title="bbox 150 2891 1811 2967">
     <span class='ocr_line' id='line_1_32' title="bbox 150 2891 1811 2967; baseline -0.001 -16"><span class='ocrx_word' id='word_1_213' title='bbox 150 2896 479 2963; x_wconf 88' lang='lat' dir='ltr'>videamur,</span> <span class='ocrx_word' id='word_1_214' title='bbox 505 2910 652 2967; x_wconf 91' lang='lat' dir='ltr'>quas</span> <span class='ocrx_word' id='word_1_215' title='bbox 671 2892 871 2950; x_wconf 87' lang='lat' dir='ltr'>statim</span> <span class='ocrx_word' id='word_1_216' title='bbox 903 2898 1035 2966; x_wconf 91' lang='lat' dir='ltr'>post</span> <span class='ocrx_word' id='word_1_217' title='bbox 1059 2891 1324 2960; x_wconf 86' lang='lat' dir='ltr'>missam,</span> <span class='ocrx_word' id='word_1_218' title='bbox 1350 2893 1561 2949; x_wconf 87' lang='lat' dir='ltr'>iterum</span> <span class='ocrx_word' id='word_1_219' title='bbox 1584 2911 1811 2949; x_wconf 86' lang='lat' dir='ltr'>concre-</span> 
     </span>
    </p>
   </div>
   <div class='ocr_carea' id='block_1_33' title="bbox 154 2982 1273 3058">
    <p class='ocr_par' dir='ltr' id='par_1_33' title="bbox 154 2982 1273 3058">
     <span class='ocr_line' id='line_1_33' title="bbox 154 2982 1273 3058; baseline -0.002 -18"><span class='ocrx_word' id='word_1_220' title='bbox 154 2984 439 3058; x_wconf 88' lang='lat' dir='ltr'>pantibus</span> <span class='ocrx_word' id='word_1_221' title='bbox 469 2983 675 3056; x_wconf 86' lang='lat' dir='ltr'>signis,</span> <span class='ocrx_word' id='word_1_222' title='bbox 709 2983 963 3055; x_wconf 89' lang='lat' dir='ltr'>incipere</span> <span class='ocrx_word' id='word_1_223' title='bbox 993 2982 1273 3038; x_wconf 89' lang='lat' dir='ltr'>solemus.</span> 
     </span>
    </p>
   </div>
   <div class='ocr_carea' id='block_1_34' title="bbox 152 3071 1805 3143">
    <p class='ocr_par' dir='ltr' id='par_1_34' title="bbox 152 3071 1805 3143">
     <span class='ocr_line' id='line_1_34' title="bbox 152 3071 1805 3143; baseline -0.002 -13"><span class='ocrx_word' id='word_1_224' title='bbox 152 3074 293 3130; x_wconf 77' lang='lat' dir='ltr'>CAP.</span> <span class='ocrx_word' id='word_1_225' title='bbox 319 3072 527 3128; x_wconf 87' lang='lat' dir='ltr'><strong>XXXV.</strong></span> <span class='ocrx_word' id='word_1_226' title='bbox 551 3104 618 3112; x_wconf 89' lang='lat'><strong><em>—</em></strong></span> <span class='ocrx_word' id='word_1_227' title='bbox 648 3074 725 3127; x_wconf 89' lang='lat' dir='ltr'>De</span> <span class='ocrx_word' id='word_1_228' title='bbox 753 3072 991 3127; x_wconf 81' lang='lat' dir='ltr'>secunda</span> <span class='ocrx_word' id='word_1_229' title='bbox 1038 3087 1263 3143; x_wconf 77' lang='lat' dir='ltr'>vespera</span> <span class='ocrx_word' id='word_1_230' title='bbox 1316 3074 1494 3126; x_wconf 84' lang='lat' dir='ltr'>sancti</span> <span class='ocrx_word' id='word_1_231' title='bbox 1529 3071 1805 3143; x_wconf 72' lang='lat' dir='ltr'>Stephani.</span> 
     </span>
    </p>
   </div>
   <div class='ocr_carea' id='block_1_35' title="bbox 1943 498 3581 574">
    <p class='ocr_par' dir='ltr' id='par_1_35' title="bbox 1943 498 3581 574">
     <span class='ocr_line' id='line_1_35' title="bbox 1943 498 3581 574; baseline 0.005 -21"><span class='ocrx_word' id='word_1_232' title='bbox 1943 502 2168 554; x_wconf 92' lang='lat' dir='ltr'>ctorum</span> <span class='ocrx_word' id='word_1_233' title='bbox 2193 498 2598 554; x_wconf 87' lang='lat' dir='ltr'>Innocentium</span> <span class='ocrx_word' id='word_1_234' title='bbox 2628 499 2826 556; x_wconf 88' lang='lat' dir='ltr'>minus</span> <span class='ocrx_word' id='word_1_235' title='bbox 2858 500 3059 557; x_wconf 86' lang='lat' dir='ltr'>festive</span> <span class='ocrx_word' id='word_1_236' title='bbox 3098 518 3276 574; x_wconf 90' lang='lat' dir='ltr'>quam</span> <span class='ocrx_word' id='word_1_237' title='bbox 3331 502 3581 561; x_wconf 89' lang='lat' dir='ltr'>aliorum</span> 
     </span>
    </p>
   </div>
   <div class='ocr_carea' id='block_1_36' title="bbox 1942 585 3580 664">
    <p class='ocr_par' dir='ltr' id='par_1_36' title="bbox 1942 585 3580 664">
     <span class='ocr_line' id='line_1_36' title="bbox 1942 585 3580 664; baseline 0.004 -22"><span class='ocrx_word' id='word_1_238' title='bbox 1942 591 2277 643; x_wconf 78' lang='lat' dir='ltr'>sanctarum</span> <span class='ocrx_word' id='word_1_239' title='bbox 2308 585 2655 659; x_wconf 88' lang='lat' dir='ltr'>celebratur,</span> <span class='ocrx_word' id='word_1_240' title='bbox 2675 589 2816 661; x_wconf 89' lang='lat' dir='ltr'>quia</span> <span class='ocrx_word' id='word_1_241' title='bbox 2838 587 2975 646; x_wconf 89' lang='lat' dir='ltr'>licet</span> <span class='ocrx_word' id='word_1_242' title='bbox 3005 591 3283 664; x_wconf 79' lang='lat' dir='ltr'>martyrio</span> <span class='ocrx_word' id='word_1_243' title='bbox 3298 594 3580 664; x_wconf 88' lang='lat' dir='ltr'>coronati,</span> 
     </span>
    </p>
   </div>
   <div class='ocr_carea' id='block_1_37' title="bbox 1941 676 3585 754">
    <p class='ocr_par' dir='ltr' id='par_1_37' title="bbox 1941 676 3585 754">
     <span class='ocr_line' id='line_1_37' title="bbox 1941 676 3585 754; baseline 0.006 -25"><span class='ocrx_word' id='word_1_244' title='bbox 1941 676 2203 730; x_wconf 89' lang='lat' dir='ltr'>nondum</span> <span class='ocrx_word' id='word_1_245' title='bbox 2237 679 2430 731; x_wconf 89' lang='lat' dir='ltr'>tamen</span> <span class='ocrx_word' id='word_1_246' title='bbox 2463 676 2535 732; x_wconf 92' lang='lat' dir='ltr'>ad</span> <span class='ocrx_word' id='word_1_247' title='bbox 2565 676 2834 750; x_wconf 86' lang='lat' dir='ltr'>gloriam,</span> <span class='ocrx_word' id='word_1_248' title='bbox 2858 679 2959 735; x_wconf 91' lang='lat' dir='ltr'>sed</span> <span class='ocrx_word' id='word_1_249' title='bbox 2989 680 3062 735; x_wconf 92' lang='lat' dir='ltr'>ad</span> <span class='ocrx_word' id='word_1_250' title='bbox 3090 679 3435 737; x_wconf 86' lang='lat' dir='ltr'>infernalem</span> <span class='ocrx_word' id='word_1_251' title='bbox 3467 698 3585 754; x_wconf 73' lang='lat' dir='ltr'>pm-</span> 
     </span>
    </p>
   </div>
   <div class='ocr_carea' id='block_1_38' title="bbox 1940 764 3583 837">
    <p class='ocr_par' dir='ltr' id='par_1_38' title="bbox 1940 764 3583 837">
     <span class='ocr_line' id='line_1_38' title="bbox 1940 764 3583 837; baseline 0.005 -19"><span class='ocrx_word' id='word_1_252' title='bbox 1940 781 2076 820; x_wconf 88' lang='lat' dir='ltr'>nam</span> <span class='ocrx_word' id='word_1_253' title='bbox 2101 764 2176 837; x_wconf 88' lang='lat'>(9)</span> <span class='ocrx_word' id='word_1_254' title='bbox 2192 765 2610 821; x_wconf 90' lang='lat' dir='ltr'>discesserunt.</span> <span class='ocrx_word' id='word_1_255' title='bbox 2643 766 2790 822; x_wconf 90' lang='lat' dir='ltr'>Nam</span> <span class='ocrx_word' id='word_1_256' title='bbox 2821 770 2953 824; x_wconf 91' lang='lat' dir='ltr'>ante</span> <span class='ocrx_word' id='word_1_257' title='bbox 2985 768 3334 826; x_wconf 89' lang='lat' dir='ltr'>descensum</span> <span class='ocrx_word' id='word_1_258' title='bbox 3366 769 3583 828; x_wconf 89' lang='lat' dir='ltr'>Christi</span> 
     </span>
    </p>
   </div>
   <div class='ocr_carea' id='block_1_39' title="bbox 1939 852 3581 932">
    <p class='ocr_par' dir='ltr' id='par_1_39' title="bbox 1939 852 3581 932">
     <span class='ocr_line' id='line_1_39' title="bbox 1939 852 3581 932; baseline 0.005 -24"><span class='ocrx_word' id='word_1_259' title='bbox 1939 853 2010 908; x_wconf 88' lang='lat' dir='ltr'>ad</span> <span class='ocrx_word' id='word_1_260' title='bbox 2042 852 2494 921; x_wconf 88' lang='lat' dir='ltr'>inferos,nullus</span> <span class='ocrx_word' id='word_1_261' title='bbox 2525 857 2861 911; x_wconf 88' lang='lat' dir='ltr'>sanctorum</span> <span class='ocrx_word' id='word_1_262' title='bbox 2891 855 2963 912; x_wconf 90' lang='lat' dir='ltr'>ad</span> <span class='ocrx_word' id='word_1_263' title='bbox 2994 854 3155 913; x_wconf 91' lang='lat' dir='ltr'>illam</span> <span class='ocrx_word' id='word_1_264' title='bbox 3185 856 3432 930; x_wconf 83' lang='lat' dir='ltr'>gloriam</span> <span class='ocrx_word' id='word_1_265' title='bbox 3449 877 3581 932; x_wconf 87' lang='lat' dir='ltr'>per-</span> 
     </span>
    </p>
   </div>
   <div class='ocr_carea' id='block_1_40' title="bbox 1935 940 3582 1019">
    <p class='ocr_par' dir='ltr' id='par_1_40' title="bbox 1935 940 3582 1019">
     <span class='ocr_line' id='line_1_40' title="bbox 1935 940 3582 1019; baseline 0.007 -24"><span class='ocrx_word' id='word_1_266' title='bbox 1935 940 2092 996; x_wconf 86' lang='lat' dir='ltr'>venit</span> <span class='ocrx_word' id='word_1_267' title='bbox 2111 942 2181 996; x_wconf 91' lang='lat' dir='ltr'>ad</span> <span class='ocrx_word' id='word_1_268' title='bbox 2212 957 2390 1013; x_wconf 91' lang='lat' dir='ltr'>quam</span> <span class='ocrx_word' id='word_1_269' title='bbox 2412 940 2681 998; x_wconf 90' lang='lat' dir='ltr'>Christus</span> <span class='ocrx_word' id='word_1_270' title='bbox 2698 944 2972 1017; x_wconf 90' lang='lat' dir='ltr'>antiquos</span> <span class='ocrx_word' id='word_1_271' title='bbox 2994 951 3228 1003; x_wconf 87' lang='lat' dir='ltr'>sanctos</span> <span class='ocrx_word' id='word_1_272' title='bbox 3245 948 3514 1019; x_wconf 82' lang='lat' dir='ltr'>perduxit</span> <span class='ocrx_word' id='word_1_273' title='bbox 3523 952 3582 1007; x_wconf 86' lang='lat' dir='ltr'>et</span> 
     </span>
    </p>
   </div>
   <div class='ocr_carea' id='block_1_41' title="bbox 1936 1030 3578 1104">
    <p class='ocr_par' dir='ltr' id='par_1_41' title="bbox 1936 1030 3578 1104">
     <span class='ocr_line' id='line_1_41' title="bbox 1936 1030 3578 1104; baseline 0.01 -21"><span class='ocrx_word' id='word_1_274' title='bbox 1936 1030 2208 1103; x_wconf 86' lang='lat' dir='ltr'>deinceps</span> <span class='ocrx_word' id='word_1_275' title='bbox 2239 1047 2378 1086; x_wconf 91' lang='lat' dir='ltr'>suos</span> <span class='ocrx_word' id='word_1_276' title='bbox 2409 1046 2689 1102; x_wconf 83' lang='lat' dir='ltr'>sequaces</span> <span class='ocrx_word' id='word_1_277' title='bbox 2717 1034 3033 1104; x_wconf 89' lang='lat' dir='ltr'>perducere</span> <span class='ocrx_word' id='word_1_278' title='bbox 3064 1052 3180 1092; x_wconf 89' lang='lat' dir='ltr'>non</span> <span class='ocrx_word' id='word_1_279' title='bbox 3212 1037 3450 1095; x_wconf 91' lang='lat' dir='ltr'>desinit.</span> <span class='ocrx_word' id='word_1_280' title='bbox 3465 1040 3578 1099; x_wconf 88' lang='lat' dir='ltr'>Sed</span> 
     </span>
    </p>
   </div>
   <div class='ocr_carea' id='block_1_42' title="bbox 1934 1119 3577 1202">
    <p class='ocr_par' dir='ltr' id='par_1_42' title="bbox 1934 1119 3577 1202">
     <span class='ocr_line' id='line_1_42' title="bbox 1934 1119 3577 1202; baseline 0.01 -30"><span class='ocrx_word' id='word_1_281' title='bbox 1934 1119 2073 1189; x_wconf 90' lang='lat' dir='ltr'>quia</span> <span class='ocrx_word' id='word_1_282' title='bbox 2101 1119 2213 1191; x_wconf 89' lang='lat' dir='ltr'>ipsi</span> <span class='ocrx_word' id='word_1_283' title='bbox 2245 1119 2305 1174; x_wconf 88' lang='lat' dir='ltr'>in</span> <span class='ocrx_word' id='word_1_284' title='bbox 2337 1120 2761 1202; x_wconf 18' lang='lat' dir='ltr'>resurrectio-ne</span> <span class='ocrx_word' id='word_1_285' title='bbox 2784 1121 3087 1178; x_wconf 91' lang='lat' dir='ltr'>Dominica</span> <span class='ocrx_word' id='word_1_286' title='bbox 3146 1141 3281 1181; x_wconf 91' lang='lat' dir='ltr'>cum</span> <span class='ocrx_word' id='word_1_287' title='bbox 3332 1127 3577 1202; x_wconf 86' lang='lat' dir='ltr'>reliquis</span> 
     </span>
    </p>
   </div>
   <div class='ocr_carea' id='block_1_43' title="bbox 1932 1200 3575 1283">
    <p class='ocr_par' dir='ltr' id='par_1_43' title="bbox 1932 1200 3575 1283">
     <span class='ocr_line' id='line_1_43' title="bbox 1932 1200 3575 1283; baseline 0.008 -20"><span class='ocrx_word' id='word_1_288' title='bbox 1932 1208 2152 1263; x_wconf 85' lang='lat' dir='ltr'>sanctis</span> <span class='ocrx_word' id='word_1_289' title='bbox 2172 1207 2406 1263; x_wconf 87' lang='lat' dir='ltr'>liberari</span> <span class='ocrx_word' id='word_1_290' title='bbox 2433 1212 2491 1264; x_wconf 90' lang='lat' dir='ltr'>et</span> <span class='ocrx_word' id='word_1_291' title='bbox 2519 1200 2941 1281; x_wconf 85' lang='lat' dir='ltr'>congloriﬁcari</span> <span class='ocrx_word' id='word_1_292' title='bbox 2972 1218 3332 1283; x_wconf 89' lang='lat' dir='ltr'>meruerunt,</span> <span class='ocrx_word' id='word_1_293' title='bbox 3365 1200 3575 1276; x_wconf 78' lang='lat' dir='ltr'>conve-</span> 
     </span>
    </p>
   </div>
   <div class='ocr_carea' id='block_1_44' title="bbox 1932 1296 3571 1381">
    <p class='ocr_par' dir='ltr' id='par_1_44' title="bbox 1932 1296 3571 1381">
     <span class='ocr_line' id='line_1_44' title="bbox 1932 1296 3571 1381; baseline 0.008 -30"><span class='ocrx_word' id='word_1_294' title='bbox 1932 1296 2300 1352; x_wconf 87' lang='lat' dir='ltr'>nientissime</span> <span class='ocrx_word' id='word_1_295' title='bbox 2321 1300 2377 1352; x_wconf 89' lang='lat' dir='ltr'>et</span> <span class='ocrx_word' id='word_1_296' title='bbox 2397 1296 2509 1369; x_wconf 92' lang='lat' dir='ltr'>ipsi</span> <span class='ocrx_word' id='word_1_297' title='bbox 2522 1298 2977 1381; x_wconf 36' lang='lat' dir='ltr'>juxta‘ordinem</span> <span class='ocrx_word' id='word_1_298' title='bbox 3000 1299 3234 1360; x_wconf 89' lang='lat' dir='ltr'>solitam</span> <span class='ocrx_word' id='word_1_299' title='bbox 3246 1302 3492 1376; x_wconf 85' lang='lat' dir='ltr'>gloriam</span> <span class='ocrx_word' id='word_1_300' title='bbox 3510 1306 3571 1364; x_wconf 93' lang='lat' dir='ltr'>in</span> 
     </span>
    </p>
   </div>
   <div class='ocr_carea' id='block_1_45' title="bbox 1928 1385 3571 1459">
    <p class='ocr_par' dir='ltr' id='par_1_45' title="bbox 1928 1385 3571 1459">
     <span class='ocr_line' id='line_1_45' title="bbox 1928 1385 3571 1459; baseline 0.007 -17"><span class='ocrx_word' id='word_1_301' title='bbox 1928 1387 2138 1442; x_wconf 77' lang='lat' dir='ltr'>officiis</span> <span class='ocrx_word' id='word_1_302' title='bbox 2153 1402 2285 1441; x_wconf 91' lang='lat' dir='ltr'>cum</span> <span class='ocrx_word' id='word_1_303' title='bbox 2308 1385 2549 1458; x_wconf 91' lang='lat' dir='ltr'>reliquis</span> <span class='ocrx_word' id='word_1_304' title='bbox 2570 1388 2788 1443; x_wconf 89' lang='lat' dir='ltr'>sanctis</span> <span class='ocrx_word' id='word_1_305' title='bbox 2809 1388 3177 1459; x_wconf 90' lang='lat' dir='ltr'>obtinebunt,</span> <span class='ocrx_word' id='word_1_306' title='bbox 3193 1392 3242 1448; x_wconf 93' lang='lat' dir='ltr'>si</span> <span class='ocrx_word' id='word_1_307' title='bbox 3256 1394 3469 1452; x_wconf 89' lang='lat' dir='ltr'>natalis</span> <span class='ocrx_word' id='word_1_308' title='bbox 3480 1412 3571 1453; x_wconf 87' lang='lat' dir='ltr'>co-</span> 
     </span>
    </p>
   </div>
   <div class='ocr_carea' id='block_1_46' title="bbox 1928 1474 3572 1548">
    <p class='ocr_par' dir='ltr' id='par_1_46' title="bbox 1928 1474 3572 1548">
     <span class='ocr_line' id='line_1_46' title="bbox 1928 1474 3572 1548; baseline 0.007 -18"><span class='ocrx_word' id='word_1_309' title='bbox 1928 1492 2059 1531; x_wconf 91' lang='lat' dir='ltr'>rum</span> <span class='ocrx_word' id='word_1_310' title='bbox 2092 1491 2280 1547; x_wconf 89' lang='lat' dir='ltr'>usque</span> <span class='ocrx_word' id='word_1_311' title='bbox 2310 1474 2382 1530; x_wconf 92' lang='lat' dir='ltr'>ad</span> <span class='ocrx_word' id='word_1_312' title='bbox 2405 1475 2560 1531; x_wconf 92' lang='lat' dir='ltr'>diem</span> <span class='ocrx_word' id='word_1_313' title='bbox 2592 1477 3061 1548; x_wconf 89' lang='lat' dir='ltr'>resurrectionis,</span> <span class='ocrx_word' id='word_1_314' title='bbox 3090 1479 3148 1535; x_wconf 93' lang='lat' dir='ltr'>id</span> <span class='ocrx_word' id='word_1_315' title='bbox 3195 1485 3286 1538; x_wconf 90' lang='lat' dir='ltr'>est</span> <span class='ocrx_word' id='word_1_316' title='bbox 3314 1482 3572 1541; x_wconf 88' lang='lat' dir='ltr'>Domini-</span> 
     </span>
    </p>
   </div>
   <div class='ocr_carea' id='block_1_47' title="bbox 1926 1565 3566 1641">
    <p class='ocr_par' dir='ltr' id='par_1_47' title="bbox 1926 1565 3566 1641">
     <span class='ocr_line' id='line_1_47' title="bbox 1926 1565 3566 1641; baseline 0.007 -20"><span class='ocrx_word' id='word_1_317' title='bbox 1926 1582 2076 1634; x_wconf 89' lang='lat' dir='ltr'>cam,</span> <span class='ocrx_word' id='word_1_318' title='bbox 2112 1565 2450 1638; x_wconf 89' lang='lat' dir='ltr'>pervenerit.</span> <span class='ocrx_word' id='word_1_319' title='bbox 2487 1565 2760 1622; x_wconf 87' lang='lat' dir='ltr'>Octavam</span> <span class='ocrx_word' id='word_1_320' title='bbox 2819 1584 3053 1641; x_wconf 91' lang='lat' dir='ltr'>quoque</span> <span class='ocrx_word' id='word_1_321' title='bbox 3109 1586 3311 1629; x_wconf 90' lang='lat' dir='ltr'>eorum</span> <span class='ocrx_word' id='word_1_322' title='bbox 3363 1576 3566 1632; x_wconf 91' lang='lat' dir='ltr'>eodem</span> 
     </span>
    </p>
   </div>
   <div class='ocr_carea' id='block_1_48' title="bbox 1926 1653 3567 1734">
    <p class='ocr_par' dir='ltr' id='par_1_48' title="bbox 1926 1653 3567 1734">
     <span class='ocr_line' id='line_1_48' title="bbox 1926 1653 3567 1734; baseline 0.006 -25"><span class='ocrx_word' id='word_1_323' title='bbox 1926 1656 2097 1710; x_wconf 90' lang='lat' dir='ltr'>modo</span> <span class='ocrx_word' id='word_1_324' title='bbox 2119 1659 2184 1710; x_wconf 89' lang='lat' dir='ltr'>ut</span> <span class='ocrx_word' id='word_1_325' title='bbox 2214 1653 2460 1710; x_wconf 90' lang='lat' dir='ltr'>aliorum</span> <span class='ocrx_word' id='word_1_326' title='bbox 2506 1659 2842 1713; x_wconf 87' lang='lat' dir='ltr'>sanctorum</span> <span class='ocrx_word' id='word_1_327' title='bbox 2864 1657 3247 1730; x_wconf 90' lang='lat' dir='ltr'>celebramus,</span> <span class='ocrx_word' id='word_1_328' title='bbox 3280 1662 3421 1733; x_wconf 88' lang='lat' dir='ltr'>quia</span> <span class='ocrx_word' id='word_1_329' title='bbox 3438 1663 3567 1734; x_wconf 89' lang='lat' dir='ltr'>jam</span> 
     </span>
    </p>
   </div>
   <div class='ocr_carea' id='block_1_49' title="bbox 1846 1743 3570 1841">
    <p class='ocr_par' dir='ltr' id='par_1_49' title="bbox 1846 1743 3570 1841">
     <span class='ocr_line' id='line_1_49' title="bbox 1846 1743 3570 1841; baseline 0.005 -43"><span class='ocrx_word' id='word_1_330' title='bbox 1846 1776 1893 1841; x_wconf 83' lang='lat' dir='ltr'><strong>B</strong></span> <span class='ocrx_word' id='word_1_331' title='bbox 1923 1747 2219 1800; x_wconf 84' lang='lat' dir='ltr'>transacta</span> <span class='ocrx_word' id='word_1_332' title='bbox 2239 1743 2331 1798; x_wconf 83' lang='lat' dir='ltr'>die</span> <span class='ocrx_word' id='word_1_333' title='bbox 2353 1746 2816 1815; x_wconf 90' lang='lat' dir='ltr'>resurrectionis,</span> <span class='ocrx_word' id='word_1_334' title='bbox 2834 1763 2948 1802; x_wconf 89' lang='lat' dir='ltr'>non</span> <span class='ocrx_word' id='word_1_335' title='bbox 2968 1747 3310 1806; x_wconf 83' lang='lat' dir='ltr'>dubitamus</span> <span class='ocrx_word' id='word_1_336' title='bbox 3330 1766 3430 1807; x_wconf 89' lang='lat' dir='ltr'>eos</span> <span class='ocrx_word' id='word_1_337' title='bbox 3449 1750 3570 1823; x_wconf 85' lang='lat' dir='ltr'>glo-</span> 
     </span>
    </p>
   </div>
   <div class='ocr_carea' id='block_1_50' title="bbox 1924 1831 2660 1890">
    <p class='ocr_par' dir='ltr' id='par_1_50' title="bbox 1924 1831 2660 1890">
     <span class='ocr_line' id='line_1_50' title="bbox 1924 1831 2660 1890; baseline 0.001 -3"><span class='ocrx_word' id='word_1_338' title='bbox 1924 1833 2063 1888; x_wconf 90' lang='lat' dir='ltr'>riari</span> <span class='ocrx_word' id='word_1_339' title='bbox 2090 1850 2226 1889; x_wconf 91' lang='lat' dir='ltr'>cum</span> <span class='ocrx_word' id='word_1_340' title='bbox 2257 1831 2390 1888; x_wconf 88' lang='lat' dir='ltr'>aliis</span> <span class='ocrx_word' id='word_1_341' title='bbox 2419 1833 2660 1890; x_wconf 88' lang='lat' dir='ltr'>sanctis.</span> 
     </span>
    </p>
   </div>
   <div class='ocr_carea' id='block_1_51' title="bbox 1994 1921 3563 1993">
    <p class='ocr_par' dir='ltr' id='par_1_51' title="bbox 1994 1921 3563 1993">
     <span class='ocr_line' id='line_1_51' title="bbox 1994 1921 3563 1993; baseline 0.006 -16"><span class='ocrx_word' id='word_1_342' title='bbox 1994 1927 2126 1977; x_wconf 77' lang='lat' dir='ltr'>CAP.</span> <span class='ocrx_word' id='word_1_343' title='bbox 2160 1921 2428 1978; x_wconf 87' lang='lat' dir='ltr'>XXXVII.</span> <span class='ocrx_word' id='word_1_344' title='bbox 2452 1923 2527 1977; x_wconf 87' lang='lat' dir='ltr'>De</span> <span class='ocrx_word' id='word_1_345' title='bbox 2555 1923 2755 1993; x_wconf 82' lang='lat' dir='ltr'>ofﬁcio,</span> <span class='ocrx_word' id='word_1_346' title='bbox 2780 1928 2929 1980; x_wconf 90' lang='lat' dir='ltr'>Dum</span> <span class='ocrx_word' id='word_1_347' title='bbox 2950 1925 3209 1982; x_wconf 91' lang='lat' dir='ltr'>medium</span> <span class='ocrx_word' id='word_1_348' title='bbox 3238 1926 3563 1986; x_wconf 84' lang='lat' dir='ltr'>silentium.</span> 
     </span>
    </p>
   </div>
   <div class='ocr_carea' id='block_1_52' title="bbox 1994 2011 3541 2089">
    <p class='ocr_par' dir='ltr' id='par_1_52' title="bbox 1994 2011 3541 2089">
     <span class='ocr_line' id='line_1_52' title="bbox 1994 2011 3541 2089; baseline 0.005 -22"><span class='ocrx_word' id='word_1_349' title='bbox 1994 2012 2054 2067; x_wconf 89' lang='lat' dir='ltr'>Si</span> <span class='ocrx_word' id='word_1_350' title='bbox 2083 2011 2370 2067; x_wconf 88' lang='lat' dir='ltr'>Nativitas</span> <span class='ocrx_word' id='word_1_351' title='bbox 2398 2011 2625 2067; x_wconf 92' lang='lat' dir='ltr'>Domini</span> <span class='ocrx_word' id='word_1_352' title='bbox 2645 2012 2736 2069; x_wconf 92' lang='lat' dir='ltr'>vel</span> <span class='ocrx_word' id='word_1_353' title='bbox 2756 2011 2956 2086; x_wconf 89' lang='lat' dir='ltr'>aliqua</span> <span class='ocrx_word' id='word_1_354' title='bbox 2974 2014 3459 2089; x_wconf 88' lang='lat' dir='ltr'>subsequentium</span> <span class='ocrx_word' id='word_1_355' title='bbox 3477 2036 3541 2076; x_wconf 91' lang='lat' dir='ltr'>so</span> 
     </span>
    </p>
   </div>
   <div class='ocr_carea' id='block_1_53' title="bbox 1922 2099 3565 2171">
    <p class='ocr_par' dir='ltr' id='par_1_53' title="bbox 1922 2099 3565 2171">
     <span class='ocr_line' id='line_1_53' title="bbox 1922 2099 3565 2171; baseline 0.007 -17"><span class='ocrx_word' id='word_1_356' title='bbox 1922 2099 2292 2156; x_wconf 88' lang='lat' dir='ltr'>lemnitatum</span> <span class='ocrx_word' id='word_1_357' title='bbox 2323 2100 2381 2155; x_wconf 91' lang='lat' dir='ltr'>in</span> <span class='ocrx_word' id='word_1_358' title='bbox 2414 2099 2715 2158; x_wconf 90' lang='lat' dir='ltr'>Dominica</span> <span class='ocrx_word' id='word_1_359' title='bbox 2768 2103 3042 2171; x_wconf 83' lang='lat' dir='ltr'>evenerit,</span> <span class='ocrx_word' id='word_1_360' title='bbox 3083 2103 3344 2161; x_wconf 83' lang='lat' dir='ltr'>ofﬁcium</span> <span class='ocrx_word' id='word_1_361' title='bbox 3376 2122 3390 2161; x_wconf 90' lang='lat'><strong>:</strong></span> <span class='ocrx_word' id='word_1_362' title='bbox 3424 2106 3565 2164; x_wconf 88' lang='lat' dir='ltr'>Dum</span> 
     </span>
    </p>
   </div>
   <div class='ocr_carea' id='block_1_54' title="bbox 1917 2180 3563 2259">
    <p class='ocr_par' dir='ltr' id='par_1_54' title="bbox 1917 2180 3563 2259">
     <span class='ocr_line' id='line_1_54' title="bbox 1917 2180 3563 2259; baseline 0.005 -25"><span class='ocrx_word' id='word_1_363' title='bbox 1917 2180 2162 2235; x_wconf 82' lang='lat' dir='ltr'>medium</span> <span class='ocrx_word' id='word_1_364' title='bbox 2182 2182 2469 2239; x_wconf 78' lang='lat' dir='ltr'>silentium</span> <span class='ocrx_word' id='word_1_365' title='bbox 2488 2185 2619 2255; x_wconf 88' lang='lat' dir='ltr'>post</span> <span class='ocrx_word' id='word_1_366' title='bbox 2641 2181 2896 2239; x_wconf 85' lang='lat' dir='ltr'>natalem</span> <span class='ocrx_word' id='word_1_367' title='bbox 2922 2183 3325 2241; x_wconf 87' lang='lat' dir='ltr'>Innocentium</span> <span class='ocrx_word' id='word_1_368' title='bbox 3352 2186 3427 2242; x_wconf 88' lang='lat' dir='ltr'>ad</span> <span class='ocrx_word' id='word_1_369' title='bbox 3441 2188 3563 2259; x_wconf 87' lang='lat' dir='ltr'>pri-</span> 
     </span>
    </p>
   </div>
   <div class='ocr_carea' id='block_1_55' title="bbox 1916 2268 3560 2344">
    <p class='ocr_par' dir='ltr' id='par_1_55' title="bbox 1916 2268 3560 2344">
     <span class='ocr_line' id='line_1_55' title="bbox 1916 2268 3560 2344; baseline 0.007 -22"><span class='ocrx_word' id='word_1_370' title='bbox 1916 2272 2082 2324; x_wconf 91' lang='lat' dir='ltr'>vatos</span> <span class='ocrx_word' id='word_1_371' title='bbox 2103 2268 2226 2325; x_wconf 90' lang='lat' dir='ltr'>dies</span> <span class='ocrx_word' id='word_1_372' title='bbox 2246 2286 2502 2344; x_wconf 89' lang='lat' dir='ltr'>congrue</span> <span class='ocrx_word' id='word_1_373' title='bbox 2523 2274 2806 2339; x_wconf 88' lang='lat' dir='ltr'>servatur,</span> <span class='ocrx_word' id='word_1_374' title='bbox 2830 2271 2982 2328; x_wconf 89' lang='lat' dir='ltr'>sicut</span> <span class='ocrx_word' id='word_1_375' title='bbox 3009 2277 3067 2329; x_wconf 89' lang='lat' dir='ltr'>et</span> <span class='ocrx_word' id='word_1_376' title='bbox 3094 2272 3154 2329; x_wconf 91' lang='lat' dir='ltr'>in</span> <span class='ocrx_word' id='word_1_377' title='bbox 3185 2272 3318 2331; x_wconf 88' lang='lat' dir='ltr'>aliis</span> <span class='ocrx_word' id='word_1_378' title='bbox 3362 2277 3560 2333; x_wconf 84' lang='lat' dir='ltr'>Domi-</span> 
     </span>
    </p>
   </div>
   <div class='ocr_carea' id='block_1_56' title="bbox 1918 2359 3559 2433">
    <p class='ocr_par' dir='ltr' id='par_1_56' title="bbox 1918 2359 3559 2433">
     <span class='ocr_line' id='line_1_56' title="bbox 1918 2359 3559 2433; baseline 0.004 -17"><span class='ocrx_word' id='word_1_379' title='bbox 1918 2359 2068 2416; x_wconf 91' lang='lat' dir='ltr'>nicis</span> <span class='ocrx_word' id='word_1_380' title='bbox 2096 2361 2350 2433; x_wconf 91' lang='lat' dir='ltr'>agimus,</span> <span class='ocrx_word' id='word_1_381' title='bbox 2384 2360 2433 2415; x_wconf 92' lang='lat' dir='ltr'>si</span> <span class='ocrx_word' id='word_1_382' title='bbox 2464 2359 2781 2432; x_wconf 89' lang='lat' dir='ltr'>aliquando</span> <span class='ocrx_word' id='word_1_383' title='bbox 2814 2360 3099 2418; x_wconf 88' lang='lat' dir='ltr'>celebrius</span> <span class='ocrx_word' id='word_1_384' title='bbox 3135 2363 3197 2418; x_wconf 92' lang='lat' dir='ltr'>in</span> <span class='ocrx_word' id='word_1_385' title='bbox 3237 2363 3312 2420; x_wconf 91' lang='lat' dir='ltr'>iis</span> <span class='ocrx_word' id='word_1_386' title='bbox 3344 2364 3559 2423; x_wconf 86' lang='lat' dir='ltr'>festum</span> 
     </span>
    </p>
   </div>
   <div class='ocr_carea' id='block_1_57' title="bbox 1918 2447 3559 2511">
    <p class='ocr_par' dir='ltr' id='par_1_57' title="bbox 1918 2447 3559 2511">
     <span class='ocr_line' id='line_1_57' title="bbox 1918 2447 3559 2511; baseline 0.004 -7"><span class='ocrx_word' id='word_1_387' title='bbox 1918 2448 2301 2505; x_wconf 90' lang='lat' dir='ltr'>habuerimus</span> <span class='ocrx_word' id='word_1_388' title='bbox 2335 2465 2348 2503; x_wconf 91' lang='lat'>:</span> <span class='ocrx_word' id='word_1_389' title='bbox 2381 2447 2536 2503; x_wconf 91' lang='lat' dir='ltr'>unde</span> <span class='ocrx_word' id='word_1_390' title='bbox 2565 2447 2743 2503; x_wconf 89' lang='lat' dir='ltr'>etiam</span> <span class='ocrx_word' id='word_1_391' title='bbox 2772 2448 2927 2504; x_wconf 91' lang='lat' dir='ltr'>idem</span> <span class='ocrx_word' id='word_1_392' title='bbox 2975 2449 3236 2507; x_wconf 80' lang='lat' dir='ltr'>ofﬁcium</span> <span class='ocrx_word' id='word_1_393' title='bbox 3294 2451 3559 2511; x_wconf 85' lang='lat' dir='ltr'>Romano</span> 
     </span>
    </p>
   </div>
   <div class='ocr_carea' id='block_1_58' title="bbox 1918 2536 3560 2614">
    <p class='ocr_par' dir='ltr' id='par_1_58' title="bbox 1918 2536 3560 2614">
     <span class='ocr_line' id='line_1_58' title="bbox 1918 2536 3560 2614; baseline 0.004 -21"><span class='ocrx_word' id='word_1_394' title='bbox 1918 2554 2079 2593; x_wconf 91' lang='lat' dir='ltr'>more</span> <span class='ocrx_word' id='word_1_395' title='bbox 2102 2537 2382 2610; x_wconf 85' lang='lat' dir='ltr'>repetitur</span> <span class='ocrx_word' id='word_1_396' title='bbox 2395 2536 2441 2593; x_wconf 92' lang='lat' dir='ltr'>si</span> <span class='ocrx_word' id='word_1_397' title='bbox 2466 2537 2701 2608; x_wconf 87' lang='lat' dir='ltr'>quando</span> <span class='ocrx_word' id='word_1_398' title='bbox 2722 2538 2794 2593; x_wconf 93' lang='lat' dir='ltr'>ab</span> <span class='ocrx_word' id='word_1_399' title='bbox 2813 2541 3013 2595; x_wconf 87' lang='lat' dir='ltr'>octava</span> <span class='ocrx_word' id='word_1_400' title='bbox 3028 2539 3258 2595; x_wconf 91' lang='lat' dir='ltr'>Domini</span> <span class='ocrx_word' id='word_1_401' title='bbox 3279 2558 3467 2614; x_wconf 83' lang='lat' dir='ltr'>usque</span> <span class='ocrx_word' id='word_1_402' title='bbox 3485 2544 3560 2600; x_wconf 88' lang='lat' dir='ltr'>ad</span> 
     </span>
    </p>
   </div>
   <div class='ocr_carea' id='block_1_59' title="bbox 1918 2626 3561 2699">
    <p class='ocr_par' dir='ltr' id='par_1_59' title="bbox 1918 2626 3561 2699">
     <span class='ocr_line' id='line_1_59' title="bbox 1918 2626 3561 2699; baseline 0.004 -18"><span class='ocrx_word' id='word_1_403' title='bbox 1918 2626 2299 2699; x_wconf 86' lang='lat' dir='ltr'>Epiphaniam</span> <span class='ocrx_word' id='word_1_404' title='bbox 2330 2626 2630 2681; x_wconf 83' lang='lat' dir='ltr'>Dominica</span> <span class='ocrx_word' id='word_1_405' title='bbox 2657 2626 2930 2682; x_wconf 88' lang='lat' dir='ltr'>evenerit.</span> <span class='ocrx_word' id='word_1_406' title='bbox 2956 2626 3173 2684; x_wconf 87' lang='lat' dir='ltr'>Omnes</span> <span class='ocrx_word' id='word_1_407' title='bbox 3186 2629 3343 2685; x_wconf 89' lang='lat' dir='ltr'>enim</span> <span class='ocrx_word' id='word_1_408' title='bbox 3366 2630 3561 2687; x_wconf 91' lang='lat' dir='ltr'>Domi-</span> 
     </span>
    </p>
   </div>
   <div class='ocr_carea' id='block_1_60' title="bbox 1917 2712 3563 2789">
    <p class='ocr_par' dir='ltr' id='par_1_60' title="bbox 1917 2712 3563 2789">
     <span class='ocr_line' id='line_1_60' title="bbox 1917 2712 3563 2789; baseline 0.003 -19"><span class='ocrx_word' id='word_1_409' title='bbox 1917 2715 2048 2770; x_wconf 87' lang='lat' dir='ltr'>nica</span> <span class='ocrx_word' id='word_1_410' title='bbox 2070 2732 2105 2770; x_wconf 92' lang='lat' dir='ltr'>a</span> <span class='ocrx_word' id='word_1_411' title='bbox 2131 2712 2439 2769; x_wconf 80' lang='lat' dir='ltr'>Nativitate</span> <span class='ocrx_word' id='word_1_412' title='bbox 2470 2713 2699 2769; x_wconf 90' lang='lat' dir='ltr'>Domini</span> <span class='ocrx_word' id='word_1_413' title='bbox 2732 2730 2920 2786; x_wconf 89' lang='lat' dir='ltr'>usque</span> <span class='ocrx_word' id='word_1_414' title='bbox 2948 2716 3021 2770; x_wconf 92' lang='lat' dir='ltr'>ad</span> <span class='ocrx_word' id='word_1_415' title='bbox 3054 2714 3462 2789; x_wconf 86' lang='lat' dir='ltr'>Epiphaniam,</span> <span class='ocrx_word' id='word_1_416' title='bbox 3491 2736 3563 2775; x_wconf 80' lang='lat' dir='ltr'>ex</span> 
     </span>
    </p>
   </div>
   <div class='ocr_carea' id='block_1_61' title="bbox 1918 2801 3562 2876">
    <p class='ocr_par' dir='ltr' id='par_1_61' title="bbox 1918 2801 3562 2876">
     <span class='ocr_line' id='line_1_61' title="bbox 1918 2801 3562 2876; baseline 0.003 -17"><span class='ocrx_word' id='word_1_417' title='bbox 1918 2802 2161 2875; x_wconf 84' lang='lat' dir='ltr'>antiqua</span> <span class='ocrx_word' id='word_1_418' title='bbox 2187 2801 2499 2858; x_wconf 89' lang='lat' dir='ltr'>traditione</span> <span class='ocrx_word' id='word_1_419' title='bbox 2528 2801 2673 2857; x_wconf 92' lang='lat' dir='ltr'>illud</span> <span class='ocrx_word' id='word_1_420' title='bbox 2706 2802 3011 2871; x_wconf 90' lang='lat' dir='ltr'>obtinebit,</span> <span class='ocrx_word' id='word_1_421' title='bbox 3035 2819 3162 2876; x_wconf 74' lang='lat' dir='ltr'>quae</span> <span class='ocrx_word' id='word_1_422' title='bbox 3188 2809 3388 2863; x_wconf 88' lang='lat' dir='ltr'>tamen</span> <span class='ocrx_word' id='word_1_423' title='bbox 3417 2806 3562 2864; x_wconf 87' lang='lat' dir='ltr'>cele-</span> 
     </span>
    </p>
   </div>
   <div class='ocr_carea' id='block_1_62' title="bbox 1916 2891 3559 2962">
    <p class='ocr_par' dir='ltr' id='par_1_62' title="bbox 1916 2891 3559 2962">
     <span class='ocr_line' id='line_1_62' title="bbox 1916 2891 3559 2962; baseline 0.003 -15"><span class='ocrx_word' id='word_1_424' title='bbox 1916 2892 2094 2947; x_wconf 92' lang='lat' dir='ltr'>briori</span> <span class='ocrx_word' id='word_1_425' title='bbox 2143 2891 2288 2947; x_wconf 88' lang='lat' dir='ltr'>festo</span> <span class='ocrx_word' id='word_1_426' title='bbox 2336 2895 2621 2962; x_wconf 89' lang='lat' dir='ltr'>occupata</span> <span class='ocrx_word' id='word_1_427' title='bbox 2668 2907 2786 2946; x_wconf 90' lang='lat' dir='ltr'>non</span> <span class='ocrx_word' id='word_1_428' title='bbox 2829 2891 3038 2948; x_wconf 89' lang='lat' dir='ltr'>fuerit:</span> <span class='ocrx_word' id='word_1_429' title='bbox 3069 2908 3208 2949; x_wconf 89' lang='lat' dir='ltr'>nam</span> <span class='ocrx_word' id='word_1_430' title='bbox 3266 2910 3402 2951; x_wconf 91' lang='lat' dir='ltr'>cum</span> <span class='ocrx_word' id='word_1_431' title='bbox 3432 2895 3559 2952; x_wconf 82' lang='lat' dir='ltr'>ofﬁ-</span> 
     </span>
    </p>
   </div>
   <div class='ocr_carea' id='block_1_63' title="bbox 1917 2979 3561 3052">
    <p class='ocr_par' dir='ltr' id='par_1_63' title="bbox 1917 2979 3561 3052">
     <span class='ocr_line' id='line_1_63' title="bbox 1917 2979 3561 3052; baseline 0.003 -16"><span class='ocrx_word' id='word_1_432' title='bbox 1917 2981 2075 3037; x_wconf 90' lang='lat' dir='ltr'>cium</span> <span class='ocrx_word' id='word_1_433' title='bbox 2107 2980 2177 3035; x_wconf 92' lang='lat' dir='ltr'>de</span> <span class='ocrx_word' id='word_1_434' title='bbox 2206 2979 2516 3035; x_wconf 89' lang='lat' dir='ltr'>Nativitate</span> <span class='ocrx_word' id='word_1_435' title='bbox 2548 2979 2778 3035; x_wconf 90' lang='lat' dir='ltr'>Domini</span> <span class='ocrx_word' id='word_1_436' title='bbox 2827 2984 2982 3052; x_wconf 87' lang='lat' dir='ltr'>agat,</span> <span class='ocrx_word' id='word_1_437' title='bbox 3010 2983 3561 3041; x_wconf 78' lang='lat' dir='ltr'>convenientissima</span> 
     </span>
    </p>
   </div>
   <div class='ocr_carea' id='block_1_64' title="bbox 1918 3069 3563 3142">
    <p class='ocr_par' dir='ltr' id='par_1_64' title="bbox 1918 3069 3563 3142">
     <span class='ocr_line' id='line_1_64' title="bbox 1918 3069 3563 3142; baseline 0.003 -18"><span class='ocrx_word' id='word_1_438' title='bbox 1918 3070 2035 3126; x_wconf 89' lang='lat' dir='ltr'>illis</span> <span class='ocrx_word' id='word_1_439' title='bbox 2066 3069 2382 3124; x_wconf 89' lang='lat' dir='ltr'>Dominicis</span> <span class='ocrx_word' id='word_1_440' title='bbox 2413 3069 2723 3141; x_wconf 89' lang='lat' dir='ltr'>adaptatur</span> <span class='ocrx_word' id='word_1_441' title='bbox 2750 3085 2878 3140; x_wconf 57' lang='lat' dir='ltr'>quas</span> <span class='ocrx_word' id='word_1_442' title='bbox 2907 3074 2965 3125; x_wconf 88' lang='lat' dir='ltr'>et</span> <span class='ocrx_word' id='word_1_443' title='bbox 2994 3069 3224 3142; x_wconf 89' lang='lat' dir='ltr'>reliqua</span> <span class='ocrx_word' id='word_1_444' title='bbox 3269 3072 3462 3128; x_wconf 80' lang='lat' dir='ltr'>ofﬁcia</span> <span class='ocrx_word' id='word_1_445' title='bbox 3491 3074 3563 3130; x_wconf 88' lang='lat' dir='ltr'>de</span> 
     </span>
    </p>
   </div>
   <div class='ocr_carea' id='block_1_65' title="bbox 224 3140 3562 3232">
    <p class='ocr_par' dir='ltr' id='par_1_65' title="bbox 224 3140 3562 3232">
     <span class='ocr_line' id='line_1_65' title="bbox 224 3140 3562 3232; baseline 0 -17"><span class='ocrx_word' id='word_1_446' title='bbox 224 3161 445 3216; x_wconf 88' lang='lat' dir='ltr'>Omnes</span> <span class='ocrx_word' id='word_1_447' title='bbox 477 3159 797 3215; x_wconf 85' lang='lat' dir='ltr'>authentici</span> <span class='ocrx_word' id='word_1_448' title='bbox 829 3140 1224 3231; x_wconf 82' lang='lat' dir='ltr'>antiphonarii</span> <span class='ocrx_word' id='word_1_449' title='bbox 1258 3158 1576 3214; x_wconf 86' lang='lat' dir='ltr'>secundam</span> <span class='ocrx_word' id='word_1_450' title='bbox 1607 3140 1804 3232; x_wconf 77' lang='lat' dir='ltr'>vespe-</span> <span class='ocrx_word' id='word_1_451' title='bbox 1838 3140 1882 3207; x_wconf 66' lang='grc' dir='ltr'>(ἶ</span> <span class='ocrx_word' id='word_1_452' title='bbox 1919 3159 2120 3214; x_wconf 90' lang='lat' dir='ltr'>eadem</span> <span class='ocrx_word' id='word_1_453' title='bbox 2171 3140 2541 3212; x_wconf 89' lang='lat' dir='ltr'>solemnitate</span> <span class='ocrx_word' id='word_1_454' title='bbox 2591 3154 2781 3211; x_wconf 90' lang='lat' dir='ltr'>solent</span> <span class='ocrx_word' id='word_1_455' title='bbox 2808 3156 3089 3213; x_wconf 89' lang='lat' dir='ltr'>obtinere.</span> <span class='ocrx_word' id='word_1_456' title='bbox 3118 3140 3245 3214; x_wconf 75' lang='lat' dir='ltr'>Non</span> <span class='ocrx_word' id='word_1_457' title='bbox 3285 3160 3443 3216; x_wconf 90' lang='lat' dir='ltr'>enim</span> <span class='ocrx_word' id='word_1_458' title='bbox 3475 3159 3562 3216; x_wconf 89' lang='lat' dir='ltr'>illi</span> 
     </span>
    </p>
   </div>
   <div class='ocr_carea' id='block_1_66' title="bbox 151 3247 1806 3322">
    <p class='ocr_par' dir='ltr' id='par_1_66' title="bbox 151 3247 1806 3322">
     <span class='ocr_line' id='line_1_66' title="bbox 151 3247 1806 3322; baseline -0.003 -15"><span class='ocrx_word' id='word_1_459' title='bbox 151 3267 281 3307; x_wconf 89' lang='lat' dir='ltr'>ram</span> <span class='ocrx_word' id='word_1_460' title='bbox 309 3253 509 3305; x_wconf 89' lang='lat' dir='ltr'>sancto</span> <span class='ocrx_word' id='word_1_461' title='bbox 527 3249 822 3322; x_wconf 87' lang='lat' dir='ltr'>Stephano</span> <span class='ocrx_word' id='word_1_462' title='bbox 844 3249 1171 3305; x_wconf 86' lang='lat' dir='ltr'>concedunt</span> <span class='ocrx_word' id='word_1_463' title='bbox 1193 3264 1262 3303; x_wconf 87' lang='lat' dir='ltr'>ex</span> <span class='ocrx_word' id='word_1_464' title='bbox 1282 3247 1527 3321; x_wconf 86' lang='lat' dir='ltr'>integro,</span> <span class='ocrx_word' id='word_1_465' title='bbox 1559 3248 1714 3305; x_wconf 89' lang='lat' dir='ltr'>unde</span> <span class='ocrx_word' id='word_1_466' title='bbox 1749 3251 1806 3303; x_wconf 92' lang='lat' dir='ltr'>et</span> 
     </span>
    </p>
   </div>
   <div class='ocr_carea' id='block_1_67' title="bbox 151 3336 1802 3410">
    <p class='ocr_par' dir='ltr' id='par_1_67' title="bbox 151 3336 1802 3410">
     <span class='ocr_line' id='line_1_67' title="bbox 151 3336 1802 3410; baseline -0.001 -16"><span class='ocrx_word' id='word_1_467' title='bbox 151 3337 401 3410; x_wconf 84' lang='lat' dir='ltr'>reliquis</span> <span class='ocrx_word' id='word_1_468' title='bbox 433 3337 847 3395; x_wconf 88' lang='lat' dir='ltr'>festivitatibus</span> <span class='ocrx_word' id='word_1_469' title='bbox 892 3354 996 3409; x_wconf 90' lang='lat' dir='ltr'>per</span> <span class='ocrx_word' id='word_1_470' title='bbox 1033 3354 1252 3392; x_wconf 90' lang='lat' dir='ltr'>annum</span> <span class='ocrx_word' id='word_1_471' title='bbox 1284 3336 1392 3391; x_wconf 92' lang='lat' dir='ltr'>hoc</span> <span class='ocrx_word' id='word_1_472' title='bbox 1422 3337 1682 3409; x_wconf 87' lang='lat' dir='ltr'>exemplo</span> <span class='ocrx_word' id='word_1_473' title='bbox 1713 3353 1802 3392; x_wconf 88' lang='lat' dir='ltr'>se-</span> 
     </span>
    </p>
   </div>
   <div class='ocr_carea' id='block_1_68' title="bbox 150 3423 1808 3498">
    <p class='ocr_par' dir='ltr' id='par_1_68' title="bbox 150 3423 1808 3498">
     <span class='ocr_line' id='line_1_68' title="bbox 150 3423 1808 3498; baseline 0 -17"><span class='ocrx_word' id='word_1_474' title='bbox 150 3443 219 3481; x_wconf 92' lang='lat' dir='ltr'>cu</span> <span class='ocrx_word' id='word_1_475' title='bbox 230 3425 409 3480; x_wconf 91' lang='lat' dir='ltr'>ndam</span> <span class='ocrx_word' id='word_1_476' title='bbox 422 3442 726 3498; x_wconf 90' lang='lat' dir='ltr'>vesperam</span> <span class='ocrx_word' id='word_1_477' title='bbox 746 3441 814 3480; x_wconf 79' lang='lat' dir='ltr'>ex</span> <span class='ocrx_word' id='word_1_478' title='bbox 829 3427 948 3480; x_wconf 91' lang='lat' dir='ltr'>toto</span> <span class='ocrx_word' id='word_1_479' title='bbox 962 3423 1361 3489; x_wconf 86' lang='lat' dir='ltr'>concedimus,</span> <span class='ocrx_word' id='word_1_480' title='bbox 1377 3423 1606 3480; x_wconf 81' lang='lat' dir='ltr'>etiamsi</span> <span class='ocrx_word' id='word_1_481' title='bbox 1620 3426 1808 3497; x_wconf 81' lang='lat' dir='ltr'>major</span> 
     </span>
    </p>
   </div>
   <div class='ocr_carea' id='block_1_69' title="bbox 154 3511 1808 3586">
    <p class='ocr_par' dir='ltr' id='par_1_69' title="bbox 154 3511 1808 3586">
     <span class='ocr_line' id='line_1_69' title="bbox 154 3511 1808 3586; baseline 0 -17"><span class='ocrx_word' id='word_1_482' title='bbox 154 3513 444 3570; x_wconf 89' lang='lat' dir='ltr'>festivitas</span> <span class='ocrx_word' id='word_1_483' title='bbox 470 3514 888 3586; x_wconf 88' lang='lat' dir='ltr'>subsequatur.</span> <span class='ocrx_word' id='word_1_484' title='bbox 903 3513 1030 3568; x_wconf 89' lang='lat' dir='ltr'>Non</span> <span class='ocrx_word' id='word_1_485' title='bbox 1076 3511 1231 3567; x_wconf 89' lang='lat' dir='ltr'>enim</span> <span class='ocrx_word' id='word_1_486' title='bbox 1267 3528 1590 3585; x_wconf 87' lang='lat' dir='ltr'>congruum</span> <span class='ocrx_word' id='word_1_487' title='bbox 1627 3515 1808 3569; x_wconf 87' lang='lat' dir='ltr'>estut</span> 
     </span>
    </p>
   </div>
   <div class='ocr_carea' id='block_1_70' title="bbox 155 3601 1808 3675">
    <p class='ocr_par' dir='ltr' id='par_1_70' title="bbox 155 3601 1808 3675">
     <span class='ocr_line' id='line_1_70' title="bbox 155 3601 1808 3675; baseline -0.001 -17"><span class='ocrx_word' id='word_1_488' title='bbox 155 3601 421 3675; x_wconf 87' lang='lat' dir='ltr'>psalmos</span> <span class='ocrx_word' id='word_1_489' title='bbox 462 3602 877 3675; x_wconf 91' lang='lat' dir='ltr'>vespertinales</span> <span class='ocrx_word' id='word_1_490' title='bbox 900 3601 1310 3657; x_wconf 90' lang='lat' dir='ltr'>tantummodo</span> <span class='ocrx_word' id='word_1_491' title='bbox 1323 3602 1670 3673; x_wconf 73' lang='lat' dir='ltr'>praecedenti</span> <span class='ocrx_word' id='word_1_492' title='bbox 1696 3602 1808 3657; x_wconf 89' lang='lat' dir='ltr'>fes-</span> 
     </span>
    </p>
   </div>
   <div class='ocr_carea' id='block_1_71' title="bbox 153 3689 1810 3764">
    <p class='ocr_par' dir='ltr' id='par_1_71' title="bbox 153 3689 1810 3764">
     <span class='ocr_line' id='line_1_71' title="bbox 153 3689 1810 3764; baseline -0.002 -18"><span class='ocrx_word' id='word_1_493' title='bbox 153 3697 235 3758; x_wconf 91' lang='lat' dir='ltr'>to,</span> <span class='ocrx_word' id='word_1_494' title='bbox 260 3690 488 3764; x_wconf 88' lang='lat' dir='ltr'>reliqua</span> <span class='ocrx_word' id='word_1_495' title='bbox 509 3707 642 3748; x_wconf 91' lang='lat' dir='ltr'>vero</span> <span class='ocrx_word' id='word_1_496' title='bbox 662 3689 1068 3762; x_wconf 89' lang='lat' dir='ltr'>subsequenti,</span> <span class='ocrx_word' id='word_1_497' title='bbox 1086 3689 1439 3745; x_wconf 90' lang='lat' dir='ltr'>tribuamus.</span> <span class='ocrx_word' id='word_1_498' title='bbox 1464 3690 1610 3745; x_wconf 90' lang='lat' dir='ltr'>Nam</span> <span class='ocrx_word' id='word_1_499' title='bbox 1624 3690 1810 3746; x_wconf 89' lang='lat' dir='ltr'>sancti</span> 
     </span>
    </p>
   </div>
   <div class='ocr_carea' id='block_1_72' title="bbox 158 3777 1810 3850">
    <p class='ocr_par' dir='ltr' id='par_1_72' title="bbox 158 3777 1810 3850">
     <span class='ocr_line' id='line_1_72' title="bbox 158 3777 1810 3850; baseline -0.001 -16"><span class='ocrx_word' id='word_1_500' title='bbox 158 3784 367 3836; x_wconf 87' lang='lat' dir='ltr'>Patres</span> <span class='ocrx_word' id='word_1_501' title='bbox 424 3778 653 3834; x_wconf 90' lang='lat' dir='ltr'>nullum</span> <span class='ocrx_word' id='word_1_502' title='bbox 686 3778 855 3835; x_wconf 90' lang='lat' dir='ltr'>nobis</span> <span class='ocrx_word' id='word_1_503' title='bbox 886 3778 1022 3834; x_wconf 90' lang='lat' dir='ltr'>inde</span> <span class='ocrx_word' id='word_1_504' title='bbox 1053 3777 1388 3850; x_wconf 80' lang='lat' dir='ltr'>exemplum</span> <span class='ocrx_word' id='word_1_505' title='bbox 1427 3777 1810 3850; x_wconf 90' lang='lat' dir='ltr'>reliquerunt,</span> 
     </span>
    </p>
   </div>
   <div class='ocr_carea' id='block_1_73' title="bbox 159 3865 1817 3941">
    <p class='ocr_par' dir='ltr' id='par_1_73' title="bbox 159 3865 1817 3941">
     <span class='ocr_line' id='line_1_73' title="bbox 159 3865 1817 3941; baseline -0.002 -18"><span class='ocrx_word' id='word_1_506' title='bbox 159 3869 264 3941; x_wconf 92' lang='lat' dir='ltr'>qui</span> <span class='ocrx_word' id='word_1_507' title='bbox 288 3867 662 3940; x_wconf 89' lang='lat' dir='ltr'>potissimum</span> <span class='ocrx_word' id='word_1_508' title='bbox 677 3884 785 3922; x_wconf 89' lang='lat' dir='ltr'>nos</span> <span class='ocrx_word' id='word_1_509' title='bbox 800 3867 1171 3923; x_wconf 91' lang='lat' dir='ltr'>concordiam</span> <span class='ocrx_word' id='word_1_510' title='bbox 1186 3866 1511 3922; x_wconf 82' lang='lat' dir='ltr'>ofﬁciorum</span> <span class='ocrx_word' id='word_1_511' title='bbox 1529 3865 1817 3940; x_wconf 86' lang='lat' dir='ltr'>singulari</span> 
     </span>
    </p>
   </div>
   <div class='ocr_carea' id='block_1_74' title="bbox 159 3956 1815 4029">
    <p class='ocr_par' dir='ltr' id='par_1_74' title="bbox 159 3956 1815 4029">
     <span class='ocr_line' id='line_1_74' title="bbox 159 3956 1815 4029; baseline -0.003 -16"><span class='ocrx_word' id='word_1_512' title='bbox 159 3956 469 4029; x_wconf 87' lang='lat' dir='ltr'>diligentia</span> <span class='ocrx_word' id='word_1_513' title='bbox 497 3972 727 4011; x_wconf 86' lang='lat' dir='ltr'>servare</span> <span class='ocrx_word' id='word_1_514' title='bbox 758 3956 1101 4012; x_wconf 89' lang='lat' dir='ltr'>docuerunt.</span> <span class='ocrx_word' id='word_1_515' title='bbox 1151 3956 1397 4011; x_wconf 90' lang='lat' dir='ltr'>Summa</span> <span class='ocrx_word' id='word_1_516' title='bbox 1425 3959 1623 4011; x_wconf 84' lang='lat' dir='ltr'>tamen</span> <span class='ocrx_word' id='word_1_517' title='bbox 1654 3956 1815 4013; x_wconf 86' lang='lat' dir='ltr'>festi-</span> 
     </span>
    </p>
   </div>
   <div class='ocr_carea' id='block_1_75' title="bbox 162 4043 1817 4115">
    <p class='ocr_par' dir='ltr' id='par_1_75' title="bbox 162 4043 1817 4115">
     <span class='ocr_line' id='line_1_75' title="bbox 162 4043 1817 4115; baseline -0.001 -14"><span class='ocrx_word' id='word_1_518' title='bbox 162 4047 337 4115; x_wconf 86' lang='lat' dir='ltr'>vitas,</span> <span class='ocrx_word' id='word_1_519' title='bbox 371 4043 417 4100; x_wconf 91' lang='lat' dir='ltr'>si</span> <span class='ocrx_word' id='word_1_520' title='bbox 474 4045 704 4115; x_wconf 88' lang='lat' dir='ltr'>quando</span> <span class='ocrx_word' id='word_1_521' title='bbox 749 4044 1035 4100; x_wconf 88' lang='lat' dir='ltr'>minorem</span> <span class='ocrx_word' id='word_1_522' title='bbox 1062 4044 1462 4115; x_wconf 89' lang='lat' dir='ltr'>subsequitur,</span> <span class='ocrx_word' id='word_1_523' title='bbox 1500 4046 1817 4100; x_wconf 90' lang='lat' dir='ltr'>secundam</span> 
     </span>
    </p>
   </div>
   <div class='ocr_carea' id='block_1_76' title="bbox 163 4133 1822 4207">
    <p class='ocr_par' dir='ltr' id='par_1_76' title="bbox 163 4133 1822 4207">
     <span class='ocr_line' id='line_1_76' title="bbox 163 4133 1822 4207; baseline 0.001 -19"><span class='ocrx_word' id='word_1_524' title='bbox 163 4149 472 4206; x_wconf 85' lang='lat' dir='ltr'>vesperam</span> <span class='ocrx_word' id='word_1_525' title='bbox 503 4133 716 4204; x_wconf 91' lang='lat' dir='ltr'>prioris</span> <span class='ocrx_word' id='word_1_526' title='bbox 748 4133 879 4188; x_wconf 83' lang='lat' dir='ltr'>festi</span> <span class='ocrx_word' id='word_1_527' title='bbox 909 4151 977 4187; x_wconf 85' lang='lat' dir='ltr'>ex</span> <span class='ocrx_word' id='word_1_528' title='bbox 1008 4137 1129 4187; x_wconf 90' lang='lat' dir='ltr'>toto</span> <span class='ocrx_word' id='word_1_529' title='bbox 1181 4133 1290 4188; x_wconf 90' lang='lat' dir='ltr'>sibi</span> <span class='ocrx_word' id='word_1_530' title='bbox 1328 4150 1443 4189; x_wconf 89' lang='lat' dir='ltr'>non</span> <span class='ocrx_word' id='word_1_531' title='bbox 1502 4134 1822 4207; x_wconf 87' lang='lat' dir='ltr'>incongrue</span> 
     </span>
    </p>
   </div>
   <div class='ocr_carea' id='block_1_77' title="bbox 161 4220 1820 4295">
    <p class='ocr_par' dir='ltr' id='par_1_77' title="bbox 161 4220 1820 4295">
     <span class='ocr_line' id='line_1_77' title="bbox 161 4220 1820 4295; baseline 0.001 -17"><span class='ocrx_word' id='word_1_532' title='bbox 161 4220 511 4287; x_wconf 89' lang='lat' dir='ltr'>vindicabit,</span> <span class='ocrx_word' id='word_1_533' title='bbox 545 4226 610 4275; x_wconf 90' lang='lat' dir='ltr'>ut</span> <span class='ocrx_word' id='word_1_534' title='bbox 640 4225 840 4276; x_wconf 88' lang='lat' dir='ltr'>octava</span> <span class='ocrx_word' id='word_1_535' title='bbox 899 4220 1131 4275; x_wconf 89' lang='lat' dir='ltr'>Domini</span> <span class='ocrx_word' id='word_1_536' title='bbox 1165 4222 1481 4277; x_wconf 89' lang='lat' dir='ltr'>secundam</span> <span class='ocrx_word' id='word_1_537' title='bbox 1514 4240 1820 4295; x_wconf 84' lang='lat' dir='ltr'>vesperam</span> 
     </span>
    </p>
   </div>
   <div class='ocr_carea' id='block_1_78' title="bbox 161 4307 1821 4380">
    <p class='ocr_par' dir='ltr' id='par_1_78' title="bbox 161 4307 1821 4380">
     <span class='ocr_line' id='line_1_78' title="bbox 161 4307 1821 4380; baseline 0 -13"><span class='ocrx_word' id='word_1_538' title='bbox 161 4309 359 4367; x_wconf 89' lang='lat' dir='ltr'>sancti</span> <span class='ocrx_word' id='word_1_539' title='bbox 385 4307 668 4363; x_wconf 88' lang='lat' dir='ltr'>Silvestri.</span> <span class='ocrx_word' id='word_1_540' title='bbox 691 4308 1011 4380; x_wconf 90' lang='lat' dir='ltr'>Vesperam</span> <span class='ocrx_word' id='word_1_541' title='bbox 1034 4308 1271 4379; x_wconf 89' lang='lat' dir='ltr'>quidem</span> <span class='ocrx_word' id='word_1_542' title='bbox 1296 4308 1365 4364; x_wconf 92' lang='lat' dir='ltr'>de</span> <span class='ocrx_word' id='word_1_543' title='bbox 1397 4309 1659 4380; x_wconf 90' lang='lat' dir='ltr'>quolibet</span> <span class='ocrx_word' id='word_1_544' title='bbox 1676 4312 1821 4367; x_wconf 90' lang='lat' dir='ltr'>festo</span> 
     </span>
    </p>
   </div>
   <div class='ocr_carea' id='block_1_79' title="bbox 164 4394 1824 4469">
    <p class='ocr_par' dir='ltr' id='par_1_79' title="bbox 164 4394 1824 4469">
     <span class='ocr_line' id='line_1_79' title="bbox 164 4394 1824 4469; baseline 0 -14"><span class='ocrx_word' id='word_1_545' title='bbox 164 4394 548 4455; x_wconf 87' lang='lat' dir='ltr'>uniformiter</span> <span class='ocrx_word' id='word_1_546' title='bbox 564 4396 921 4469; x_wconf 84' lang='lat' dir='ltr'>perﬁcimus,</span> <span class='ocrx_word' id='word_1_547' title='bbox 948 4395 1157 4451; x_wconf 91' lang='lat' dir='ltr'>deinde</span> <span class='ocrx_word' id='word_1_548' title='bbox 1189 4395 1431 4453; x_wconf 86' lang='lat' dir='ltr'>alterius</span> <span class='ocrx_word' id='word_1_549' title='bbox 1467 4398 1621 4465; x_wconf 85' lang='lat' dir='ltr'>festi,</span> <span class='ocrx_word' id='word_1_550' title='bbox 1646 4400 1693 4455; x_wconf 91' lang='lat' dir='ltr'>si</span> <span class='ocrx_word' id='word_1_551' title='bbox 1728 4416 1824 4455; x_wconf 91' lang='lat' dir='ltr'>ne-</span> 
     </span>
    </p>
   </div>
   <div class='ocr_carea' id='block_1_80' title="bbox 166 4484 1825 4558">
    <p class='ocr_par' dir='ltr' id='par_1_80' title="bbox 166 4484 1825 4558">
     <span class='ocr_line' id='line_1_80' title="bbox 166 4484 1825 4558; baseline -0.002 -14"><span class='ocrx_word' id='word_1_552' title='bbox 166 4501 337 4544; x_wconf 89' lang='lat' dir='ltr'>cesse</span> <span class='ocrx_word' id='word_1_553' title='bbox 360 4484 555 4552; x_wconf 85' lang='lat' dir='ltr'>fuerit,</span> <span class='ocrx_word' id='word_1_554' title='bbox 589 4490 756 4558; x_wconf 89' lang='lat' dir='ltr'>post:</span> <span class='ocrx_word' id='word_1_555' title='bbox 782 4485 1169 4541; x_wconf 86' lang='lat' dir='ltr'>Benedieamus</span> <span class='ocrx_word' id='word_1_556' title='bbox 1200 4485 1448 4551; x_wconf 89' lang='lat' dir='ltr'>Domino,</span> <span class='ocrx_word' id='word_1_557' title='bbox 1481 4487 1825 4541; x_wconf 87' lang='lat' dir='ltr'>memoriam</span> 
     </span>
    </p>
   </div>
   <div class='ocr_carea' id='block_1_81' title="bbox 170 4572 1826 4645">
    <p class='ocr_par' dir='ltr' id='par_1_81' title="bbox 170 4572 1826 4645">
     <span class='ocr_line' id='line_1_81' title="bbox 170 4572 1826 4645; baseline -0.001 -14"><span class='ocrx_word' id='word_1_558' title='bbox 170 4574 450 4644; x_wconf 80' lang='lat' dir='ltr'>facimus,</span> <span class='ocrx_word' id='word_1_559' title='bbox 471 4577 535 4627; x_wconf 89' lang='lat' dir='ltr'>ut</span> <span class='ocrx_word' id='word_1_560' title='bbox 556 4575 626 4629; x_wconf 91' lang='lat' dir='ltr'>de</span> <span class='ocrx_word' id='word_1_561' title='bbox 648 4578 849 4630; x_wconf 88' lang='lat' dir='ltr'>sancto</span> <span class='ocrx_word' id='word_1_562' title='bbox 868 4572 1161 4645; x_wconf 87' lang='lat' dir='ltr'>Stephano</span> <span class='ocrx_word' id='word_1_563' title='bbox 1179 4574 1236 4627; x_wconf 88' lang='lat' dir='ltr'>et</span> <span class='ocrx_word' id='word_1_564' title='bbox 1265 4572 1337 4626; x_wconf 91' lang='lat' dir='ltr'>de</span> <span class='ocrx_word' id='word_1_565' title='bbox 1366 4576 1570 4628; x_wconf 88' lang='lat' dir='ltr'>sancto</span> <span class='ocrx_word' id='word_1_566' title='bbox 1601 4573 1826 4629; x_wconf 89' lang='lat' dir='ltr'>Joanne</span> 
     </span>
    </p>
   </div>
   <div class='ocr_carea' id='block_1_82' title="bbox 172 4664 578 4718">
    <p class='ocr_par' dir='ltr' id='par_1_82' title="bbox 172 4664 578 4718">
     <span class='ocr_line' id='line_1_82' title="bbox 172 4664 578 4718; baseline -0.002 0"><span class='ocrx_word' id='word_1_567' title='bbox 172 4664 578 4718; x_wconf 84' lang='lat' dir='ltr'>observamus.</span> 
     </span>
    </p>
   </div>
   <div class='ocr_carea' id='block_1_83' title="bbox 534 4750 1462 4808">
    <p class='ocr_par' dir='ltr' id='par_1_83' title="bbox 534 4750 1462 4808">
     <span class='ocr_line' id='line_1_83' title="bbox 534 4750 1462 4808; baseline -0.003 -1"><span class='ocrx_word' id='word_1_568' title='bbox 534 4753 667 4808; x_wconf 76' lang='lat' dir='ltr'>CAP.</span> <span class='ocrx_word' id='word_1_569' title='bbox 702 4751 938 4807; x_wconf 84' lang='lat' dir='ltr'><strong>XXXVI.</strong></span> <span class='ocrx_word' id='word_1_570' title='bbox 967 4752 1041 4808; x_wconf 85' lang='lat' dir='ltr'>De</span> <span class='ocrx_word' id='word_1_571' title='bbox 1062 4750 1462 4807; x_wconf 83' lang='lat' dir='ltr'>Innocentibus.</span> 
     </span>
    </p>
   </div>
   <div class='ocr_carea' id='block_1_84' title="bbox 251 4837 1830 4896">
    <p class='ocr_par' dir='ltr' id='par_1_84' title="bbox 251 4837 1830 4896">
     <span class='ocr_line' id='line_1_84' title="bbox 251 4837 1830 4896; baseline 0 -3"><span class='ocrx_word' id='word_1_572' title='bbox 251 4843 321 4893; x_wconf 92' lang='lat' dir='ltr'><strong>In</strong></span> <span class='ocrx_word' id='word_1_573' title='bbox 349 4837 659 4896; x_wconf 87' lang='lat' dir='ltr'>Nativitate</span> <span class='ocrx_word' id='word_1_574' title='bbox 720 4839 1125 4896; x_wconf 88' lang='lat' dir='ltr'>Innocentium</span> <span class='ocrx_word' id='word_1_575' title='bbox 1186 4839 1370 4895; x_wconf 87' lang='lat' dir='ltr'>Gloria</span> <span class='ocrx_word' id='word_1_576' title='bbox 1427 4840 1484 4893; x_wconf 88' lang='lat' dir='ltr'>in</span> <span class='ocrx_word' id='word_1_577' title='bbox 1517 4838 1743 4894; x_wconf 74' lang='lat' dir='ltr'>excelsis</span> <span class='ocrx_word' id='word_1_578' title='bbox 1773 4841 1830 4893; x_wconf 90' lang='lat' dir='ltr'>et</span> 
     </span>
    </p>
   </div>
   <div class='ocr_carea' id='block_1_85' title="bbox 176 4928 1831 4987">
    <p class='ocr_par' dir='ltr' id='par_1_85' title="bbox 176 4928 1831 4987">
     <span class='ocr_line' id='line_1_85' title="bbox 176 4928 1831 4987; baseline 0.001 -4"><span class='ocrx_word' id='word_1_579' title='bbox 176 4929 424 4984; x_wconf 84' lang='lat' dir='ltr'>Alleluia</span> <span class='ocrx_word' id='word_1_580' title='bbox 480 4930 806 4985; x_wconf 90' lang='lat' dir='ltr'>secundum</span> <span class='ocrx_word' id='word_1_581' title='bbox 867 4929 1131 4987; x_wconf 90' lang='lat' dir='ltr'>ordinem</span> <span class='ocrx_word' id='word_1_582' title='bbox 1172 4929 1504 4984; x_wconf 88' lang='lat' dir='ltr'>reticemus.</span> <span class='ocrx_word' id='word_1_583' title='bbox 1539 4928 1682 4983; x_wconf 88' lang='lat' dir='ltr'>Item</span> <span class='ocrx_word' id='word_1_584' title='bbox 1718 4946 1730 4983; x_wconf 89' lang='lat'>:</span> <span class='ocrx_word' id='word_1_585' title='bbox 1766 4929 1831 4984; x_wconf 86' lang='lat' dir='ltr'>Te</span> 
     </span>
    </p>
   </div>
   <div class='ocr_carea' id='block_1_86' title="bbox 176 5016 1831 5089">
    <p class='ocr_par' dir='ltr' id='par_1_86' title="bbox 176 5016 1831 5089">
     <span class='ocr_line' id='line_1_86' title="bbox 176 5016 1831 5089; baseline -0.002 -15"><span class='ocrx_word' id='word_1_586' title='bbox 176 5019 356 5074; x_wconf 87' lang='lat' dir='ltr'>Deum</span> <span class='ocrx_word' id='word_1_587' title='bbox 383 5018 692 5084; x_wconf 83' lang='lat' dir='ltr'>laudamus,</span> <span class='ocrx_word' id='word_1_588' title='bbox 725 5022 783 5073; x_wconf 87' lang='lat' dir='ltr'>et</span> <span class='ocrx_word' id='word_1_589' title='bbox 815 5035 828 5072; x_wconf 85' lang='lat'><strong>:</strong></span> <span class='ocrx_word' id='word_1_590' title='bbox 863 5019 938 5074; x_wconf 80' lang='lat' dir='ltr'>Ite</span> <span class='ocrx_word' id='word_1_591' title='bbox 970 5020 1141 5073; x_wconf 88' lang='lat' dir='ltr'>missa</span> <span class='ocrx_word' id='word_1_592' title='bbox 1171 5027 1271 5085; x_wconf 82' lang='lat' dir='ltr'>est,</span> <span class='ocrx_word' id='word_1_593' title='bbox 1301 5035 1425 5089; x_wconf 73' lang='lat' dir='ltr'>qua:</span> <span class='ocrx_word' id='word_1_594' title='bbox 1457 5034 1593 5072; x_wconf 91' lang='lat' dir='ltr'>cum</span> <span class='ocrx_word' id='word_1_595' title='bbox 1646 5016 1831 5072; x_wconf 84' lang='lat' dir='ltr'>Gloria</span> 
     </span>
    </p>
   </div>
   <div class='ocr_carea' id='block_1_87' title="bbox 178 5103 1834 5176">
    <p class='ocr_par' dir='ltr' id='par_1_87' title="bbox 178 5103 1834 5176">
     <span class='ocr_line' id='line_1_87' title="bbox 178 5103 1834 5176; baseline -0.001 -15"><span class='ocrx_word' id='word_1_596' title='bbox 178 5109 241 5161; x_wconf 88' lang='lat' dir='ltr'>in</span> <span class='ocrx_word' id='word_1_597' title='bbox 274 5106 501 5161; x_wconf 70' lang='lat' dir='ltr'>excelsis</span> <span class='ocrx_word' id='word_1_598' title='bbox 533 5106 794 5162; x_wconf 80' lang='lat' dir='ltr'>Romano</span> <span class='ocrx_word' id='word_1_599' title='bbox 825 5121 984 5161; x_wconf 89' lang='lat' dir='ltr'>more</span> <span class='ocrx_word' id='word_1_600' title='bbox 1014 5104 1202 5161; x_wconf 88' lang='lat' dir='ltr'>solent</span> <span class='ocrx_word' id='word_1_601' title='bbox 1231 5104 1461 5160; x_wconf 89' lang='lat' dir='ltr'>admitti</span> <span class='ocrx_word' id='word_1_602' title='bbox 1486 5103 1572 5160; x_wconf 91' lang='lat' dir='ltr'>vel</span> <span class='ocrx_word' id='word_1_603' title='bbox 1606 5109 1834 5176; x_wconf 69' lang='lat' dir='ltr'>praeter-</span> 
     </span>
    </p>
   </div>
   <div class='ocr_carea' id='block_1_88' title="bbox 177 5192 1834 5267">
    <p class='ocr_par' dir='ltr' id='par_1_88' title="bbox 177 5192 1834 5267">
     <span class='ocr_line' id='line_1_88' title="bbox 177 5192 1834 5267; baseline -0.001 -19"><span class='ocrx_word' id='word_1_604' title='bbox 177 5193 357 5249; x_wconf 88' lang='lat' dir='ltr'>mitti.</span> <span class='ocrx_word' id='word_1_605' title='bbox 394 5194 828 5267; x_wconf 65' lang='lat' dir='ltr'>Haec,inquam,</span> <span class='ocrx_word' id='word_1_606' title='bbox 864 5193 1059 5248; x_wconf 90' lang='lat' dir='ltr'>omnia</span> <span class='ocrx_word' id='word_1_607' title='bbox 1088 5192 1465 5260; x_wconf 85' lang='lat' dir='ltr'>omittuntur,</span> <span class='ocrx_word' id='word_1_608' title='bbox 1510 5193 1621 5249; x_wconf 88' lang='lat' dir='ltr'>nisi</span> <span class='ocrx_word' id='word_1_609' title='bbox 1645 5192 1834 5249; x_wconf 89' lang='lat' dir='ltr'>Domi-</span> 
     </span>
    </p>
   </div>
   <div class='ocr_carea' id='block_1_89' title="bbox 177 5279 1831 5351">
    <p class='ocr_par' dir='ltr' id='par_1_89' title="bbox 177 5279 1831 5351">
     <span class='ocr_line' id='line_1_89' title="bbox 177 5279 1831 5351; baseline 0 -14"><span class='ocrx_word' id='word_1_610' title='bbox 177 5280 316 5338; x_wconf 88' lang='lat' dir='ltr'>nica</span> <span class='ocrx_word' id='word_1_611' title='bbox 346 5282 539 5338; x_wconf 86' lang='lat' dir='ltr'>fuerit.</span> <span class='ocrx_word' id='word_1_612' title='bbox 563 5281 755 5338; x_wconf 85' lang='lat' dir='ltr'>Gloria</span> <span class='ocrx_word' id='word_1_613' title='bbox 784 5282 943 5337; x_wconf 80' lang='lat' dir='ltr'>Patri</span> <span class='ocrx_word' id='word_1_614' title='bbox 970 5296 1103 5338; x_wconf 91' lang='lat' dir='ltr'>vero</span> <span class='ocrx_word' id='word_1_615' title='bbox 1122 5296 1428 5351; x_wconf 89' lang='lat' dir='ltr'>nunquam</span> <span class='ocrx_word' id='word_1_616' title='bbox 1458 5279 1831 5337; x_wconf 88' lang='lat' dir='ltr'>dimittimus.</span> 
     </span>
    </p>
   </div>
   <div class='ocr_carea' id='block_1_90' title="bbox 253 5475 1832 5551">
    <p class='ocr_par' dir='ltr' id='par_1_90' title="bbox 253 5475 1832 5551">
     <span class='ocr_line' id='line_1_90' title="bbox 253 5475 1832 5551; baseline 0.001 -17"><span class='ocrx_word' id='word_1_617' title='bbox 253 5478 709 5551; x_wconf 15' lang='lat' dir='ltr'>(9),Inlernalem</span> <span class='ocrx_word' id='word_1_618' title='bbox 765 5493 999 5551; x_wconf 59' lang='lat' dir='ltr'>poenam</span> <span class='ocrx_word' id='word_1_619' title='bbox 1062 5475 1490 5551; x_wconf 83' lang='lat' dir='ltr'>rite_intellige</span> <span class='ocrx_word' id='word_1_620' title='bbox 1545 5494 1832 5551; x_wconf 90' lang='lat' dir='ltr'>carcerem</span> 
     </span>
    </p>
   </div>
   <div class='ocr_carea' id='block_1_91' title="bbox 171 5547 1832 5627">
    <p class='ocr_par' dir='ltr' id='par_1_91' title="bbox 171 5547 1832 5627">
     <span class='ocr_line' id='line_1_91' title="bbox 171 5547 1832 5627; baseline -0.001 -12"><span class='ocrx_word' id='word_1_621' title='bbox 171 5548 351 5615; x_wconf 83' lang='lat' dir='ltr'>limbi</span> <span class='ocrx_word' id='word_1_622' title='bbox 380 5555 645 5624; x_wconf 83' lang='lat' dir='ltr'>Patrum,</span> <span class='ocrx_word' id='word_1_623' title='bbox 667 5547 786 5611; x_wconf 56' lang='lat' dir='ltr'>seu‘</span> <span class='ocrx_word' id='word_1_624' title='bbox 801 5548 1001 5607; x_wconf 87' lang='lat' dir='ltr'>sinum</span> <span class='ocrx_word' id='word_1_625' title='bbox 1029 5547 1449 5627; x_wconf 79' lang='lat' dir='ltr'>Abrahae,un</span> <span class='ocrx_word' id='word_1_626' title='bbox 1467 5550 1832 5613; x_wconf 87' lang='lat' dir='ltr'>anteChristi</span> 
     </span>
    </p>
   </div>
   <div class='ocr_carea' id='block_1_92' title="bbox 1914 3240 3600 3319">
    <p class='ocr_par' dir='ltr' id='par_1_92' title="bbox 1914 3240 3600 3319">
     <span class='ocr_line' id='line_1_92' title="bbox 1914 3240 3600 3319; baseline 0 -15"><span class='ocrx_word' id='word_1_627' title='bbox 1914 3251 2053 3304; x_wconf 88' lang='lat' dir='ltr'>sunt</span> <span class='ocrx_word' id='word_1_628' title='bbox 2083 3244 2355 3301; x_wconf 90' lang='lat' dir='ltr'>audiendi</span> <span class='ocrx_word' id='word_1_629' title='bbox 2388 3244 2486 3317; x_wconf 92' lang='lat' dir='ltr'>qui</span> <span class='ocrx_word' id='word_1_630' title='bbox 2521 3244 2629 3299; x_wconf 89' lang='lat' dir='ltr'>hoc</span> <span class='ocrx_word' id='word_1_631' title='bbox 2660 3244 2941 3313; x_wconf 83' lang='lat' dir='ltr'>officium,</span> <span class='ocrx_word' id='word_1_632' title='bbox 2965 3262 3032 3302; x_wconf 90' lang='lat' dir='ltr'>eo</span> <span class='ocrx_word' id='word_1_633' title='bbox 3063 3240 3218 3319; x_wconf 90' lang='lat' dir='ltr'>quod</span> <span class='ocrx_word' id='word_1_634' title='bbox 3249 3249 3321 3304; x_wconf 89' lang='lat' dir='ltr'>de</span> <span class='ocrx_word' id='word_1_635' title='bbox 3337 3248 3557 3305; x_wconf 90' lang='lat' dir='ltr'>Nativi-</span> <span class='ocrx_word' id='word_1_636' title='bbox 3597 3279 3600 3283; x_wconf 88' lang='lat'><strong><em>-</em></strong></span> 
     </span>
    </p>
   </div>
   <div class='ocr_carea' id='block_1_93' title="bbox 1912 3335 3554 3407">
    <p class='ocr_par' dir='ltr' id='par_1_93' title="bbox 1912 3335 3554 3407">
     <span class='ocr_line' id='line_1_93' title="bbox 1912 3335 3554 3407; baseline 0 -14"><span class='ocrx_word' id='word_1_637' title='bbox 1912 3339 2032 3393; x_wconf 88' lang='lat' dir='ltr'>tate</span> <span class='ocrx_word' id='word_1_638' title='bbox 2050 3338 2205 3407; x_wconf 86' lang='lat' dir='ltr'>agat,</span> <span class='ocrx_word' id='word_1_639' title='bbox 2229 3350 2532 3405; x_wconf 90' lang='lat' dir='ltr'>nunquam</span> <span class='ocrx_word' id='word_1_640' title='bbox 2554 3336 2688 3405; x_wconf 92' lang='lat' dir='ltr'>post</span> <span class='ocrx_word' id='word_1_641' title='bbox 2703 3337 2964 3390; x_wconf 88' lang='lat' dir='ltr'>octavam</span> <span class='ocrx_word' id='word_1_642' title='bbox 2985 3335 3216 3391; x_wconf 90' lang='lat' dir='ltr'>Domini</span> <span class='ocrx_word' id='word_1_643' title='bbox 3237 3335 3554 3393; x_wconf 89' lang='lat' dir='ltr'>dicendum</span> 
     </span>
    </p>
   </div>
   <div class='ocr_carea' id='block_1_94' title="bbox 1914 3422 3556 3499">
    <p class='ocr_par' dir='ltr' id='par_1_94' title="bbox 1914 3422 3556 3499">
     <span class='ocr_line' id='line_1_94' title="bbox 1914 3422 3556 3499; baseline 0.001 -16"><span class='ocrx_word' id='word_1_644' title='bbox 1914 3423 2269 3487; x_wconf 84' lang='lat' dir='ltr'>existimant,</span> <span class='ocrx_word' id='word_1_645' title='bbox 2303 3438 2434 3476; x_wconf 90' lang='lat' dir='ltr'>cum</span> <span class='ocrx_word' id='word_1_646' title='bbox 2466 3426 2663 3478; x_wconf 90' lang='lat' dir='ltr'>tamen</span> <span class='ocrx_word' id='word_1_647' title='bbox 2695 3422 2807 3494; x_wconf 89' lang='lat' dir='ltr'>ipsi</span> <span class='ocrx_word' id='word_1_648' title='bbox 2837 3422 3097 3496; x_wconf 87' lang='lat' dir='ltr'>vigiliam</span> <span class='ocrx_word' id='word_1_649' title='bbox 3127 3424 3462 3499; x_wconf 65' lang='lat' dir='ltr'>Epiphania:</span> <span class='ocrx_word' id='word_1_650' title='bbox 3483 3428 3556 3485; x_wconf 89' lang='lat' dir='ltr'>de</span> 
     </span>
    </p>
   </div>
   <div class='ocr_carea' id='block_1_95' title="bbox 1916 3509 3561 3583">
    <p class='ocr_par' dir='ltr' id='par_1_95' title="bbox 1916 3509 3561 3583">
     <span class='ocr_line' id='line_1_95' title="bbox 1916 3509 3561 3583; baseline 0.002 -13"><span class='ocrx_word' id='word_1_651' title='bbox 1916 3514 2226 3571; x_wconf 86' lang='lat' dir='ltr'>Nativitate</span> <span class='ocrx_word' id='word_1_652' title='bbox 2255 3509 2481 3566; x_wconf 91' lang='lat' dir='ltr'>Domini</span> <span class='ocrx_word' id='word_1_653' title='bbox 2511 3527 2580 3566; x_wconf 80' lang='lat' dir='ltr'>ex</span> <span class='ocrx_word' id='word_1_654' title='bbox 2606 3509 2832 3583; x_wconf 87' lang='lat' dir='ltr'>integro</span> <span class='ocrx_word' id='word_1_655' title='bbox 2861 3511 3181 3569; x_wconf 83' lang='lat' dir='ltr'>inofﬁciare</span> <span class='ocrx_word' id='word_1_656' title='bbox 3228 3513 3456 3572; x_wconf 88' lang='lat' dir='ltr'>soleant</span> <span class='ocrx_word' id='word_1_657' title='bbox 3503 3521 3561 3574; x_wconf 87' lang='lat' dir='ltr'>et</span> 
     </span>
    </p>
   </div>
   <div class='ocr_carea' id='block_1_96' title="bbox 1918 3600 3563 3673">
    <p class='ocr_par' dir='ltr' id='par_1_96' title="bbox 1918 3600 3563 3673">
     <span class='ocr_line' id='line_1_96' title="bbox 1918 3600 3563 3673; baseline 0.002 -14"><span class='ocrx_word' id='word_1_658' title='bbox 1918 3602 2205 3659; x_wconf 79' lang='lat' dir='ltr'>debeant..</span> <span class='ocrx_word' id='word_1_659' title='bbox 2224 3600 2339 3673; x_wconf 92' lang='lat' dir='ltr'>Ipsi</span> <span class='ocrx_word' id='word_1_660' title='bbox 2373 3616 2606 3673; x_wconf 90' lang='lat' dir='ltr'>quoque</span> <span class='ocrx_word' id='word_1_661' title='bbox 2635 3600 2684 3656; x_wconf 90' lang='lat' dir='ltr'>si</span> <span class='ocrx_word' id='word_1_662' title='bbox 2716 3601 3020 3659; x_wconf 88' lang='lat' dir='ltr'>Dominica</span> <span class='ocrx_word' id='word_1_663' title='bbox 3049 3603 3109 3659; x_wconf 92' lang='lat' dir='ltr'>in</span> <span class='ocrx_word' id='word_1_664' title='bbox 3140 3607 3345 3662; x_wconf 81' lang='lat' dir='ltr'>octava</span> <span class='ocrx_word' id='word_1_665' title='bbox 3373 3605 3563 3663; x_wconf 86' lang='lat' dir='ltr'>sancti</span> 
     </span>
    </p>
   </div>
   <div class='ocr_carea' id='block_1_97' title="bbox 1920 3689 3567 3763">
    <p class='ocr_par' dir='ltr' id='par_1_97' title="bbox 1920 3689 3567 3763">
     <span class='ocr_line' id='line_1_97' title="bbox 1920 3689 3567 3763; baseline 0.002 -14"><span class='ocrx_word' id='word_1_666' title='bbox 1920 3690 2201 3763; x_wconf 84' lang='lat' dir='ltr'>Stephani</span> <span class='ocrx_word' id='word_1_667' title='bbox 2217 3689 2303 3745; x_wconf 89' lang='lat' dir='ltr'>vel</span> <span class='ocrx_word' id='word_1_668' title='bbox 2325 3689 2573 3746; x_wconf 87' lang='lat' dir='ltr'>aliorum</span> <span class='ocrx_word' id='word_1_669' title='bbox 2588 3691 2860 3759; x_wconf 88' lang='lat' dir='ltr'>evenerit,</span> <span class='ocrx_word' id='word_1_670' title='bbox 2888 3691 3254 3750; x_wconf 89' lang='lat' dir='ltr'>Dominicam</span> <span class='ocrx_word' id='word_1_671' title='bbox 3269 3695 3341 3751; x_wconf 87' lang='lat' dir='ltr'>de</span> <span class='ocrx_word' id='word_1_672' title='bbox 3364 3698 3567 3752; x_wconf 87' lang='lat' dir='ltr'>octava</span> 
     </span>
    </p>
   </div>
   <div class='ocr_carea' id='block_1_98' title="bbox 1923 3778 3568 3855">
    <p class='ocr_par' dir='ltr' id='par_1_98' title="bbox 1923 3778 3568 3855">
     <span class='ocr_line' id='line_1_98' title="bbox 1923 3778 3568 3855; baseline 0.003 -20"><span class='ocrx_word' id='word_1_673' title='bbox 1923 3778 2635 3855; x_wconf 85' lang='lat' dir='ltr'>inofficiant,dumtamen</span> <span class='ocrx_word' id='word_1_674' title='bbox 2666 3778 3057 3836; x_wconf 90' lang='lat' dir='ltr'>ecclesiastica</span> <span class='ocrx_word' id='word_1_675' title='bbox 3086 3779 3430 3839; x_wconf 87' lang='lat' dir='ltr'>solemnitas</span> <span class='ocrx_word' id='word_1_676' title='bbox 3450 3800 3568 3840; x_wconf 87' lang='lat' dir='ltr'>non</span> 
     </span>
    </p>
   </div>
   <div class='ocr_carea' id='block_1_99' title="bbox 1924 3866 3573 3944">
    <p class='ocr_par' dir='ltr' id='par_1_99' title="bbox 1924 3866 3573 3944">
     <span class='ocr_line' id='line_1_99' title="bbox 1924 3866 3573 3944; baseline 0.001 -20"><span class='ocrx_word' id='word_1_677' title='bbox 1924 3886 2029 3942; x_wconf 91' lang='lat' dir='ltr'>pro</span> <span class='ocrx_word' id='word_1_678' title='bbox 2061 3872 2263 3923; x_wconf 89' lang='lat' dir='ltr'>octava</span> <span class='ocrx_word' id='word_1_679' title='bbox 2292 3867 2349 3922; x_wconf 90' lang='lat' dir='ltr'>S.</span> <span class='ocrx_word' id='word_1_680' title='bbox 2369 3866 2669 3938; x_wconf 89' lang='lat' dir='ltr'>Stephani,</span> <span class='ocrx_word' id='word_1_681' title='bbox 2694 3868 2794 3923; x_wconf 90' lang='lat' dir='ltr'>sed</span> <span class='ocrx_word' id='word_1_682' title='bbox 2816 3884 2921 3939; x_wconf 85' lang='lat' dir='ltr'>pro</span> <span class='ocrx_word' id='word_1_683' title='bbox 2940 3872 3141 3924; x_wconf 89' lang='lat' dir='ltr'>octava</span> <span class='ocrx_word' id='word_1_684' title='bbox 3170 3870 3402 3926; x_wconf 89' lang='lat' dir='ltr'>Domini</span> <span class='ocrx_word' id='word_1_685' title='bbox 3432 3886 3573 3944; x_wconf 86' lang='lat' dir='ltr'>aga-</span> 
     </span>
    </p>
   </div>
   <div class='ocr_carea' id='block_1_100' title="bbox 1926 3953 3571 4027">
    <p class='ocr_par' dir='ltr' id='par_1_100' title="bbox 1926 3953 3571 4027">
     <span class='ocr_line' id='line_1_100' title="bbox 1926 3953 3571 4027; baseline 0.002 -15"><span class='ocrx_word' id='word_1_686' title='bbox 1926 3962 2042 4013; x_wconf 91' lang='lat' dir='ltr'>tur.</span> <span class='ocrx_word' id='word_1_687' title='bbox 2062 3956 2176 4010; x_wconf 85' lang='lat' dir='ltr'>lloc</span> <span class='ocrx_word' id='word_1_688' title='bbox 2206 3958 2401 4008; x_wconf 89' lang='lat' dir='ltr'>autem</span> <span class='ocrx_word' id='word_1_689' title='bbox 2426 3953 2610 4009; x_wconf 90' lang='lat' dir='ltr'>sancti</span> <span class='ocrx_word' id='word_1_690' title='bbox 2641 3958 2843 4010; x_wconf 91' lang='lat' dir='ltr'>Patres</span> <span class='ocrx_word' id='word_1_691' title='bbox 2861 3954 2921 4010; x_wconf 92' lang='lat' dir='ltr'>in</span> <span class='ocrx_word' id='word_1_692' title='bbox 2941 3955 3329 4027; x_wconf 88' lang='lat' dir='ltr'>dispositione</span> <span class='ocrx_word' id='word_1_693' title='bbox 3349 3957 3571 4015; x_wconf 84' lang='lat' dir='ltr'>ofﬁcio-</span> 
     </span>
    </p>
   </div>
   <div class='ocr_carea' id='block_1_101' title="bbox 1928 4043 3575 4117">
    <p class='ocr_par' dir='ltr' id='par_1_101' title="bbox 1928 4043 3575 4117">
     <span class='ocr_line' id='line_1_101' title="bbox 1928 4043 3575 4117; baseline 0.001 -17"><span class='ocrx_word' id='word_1_694' title='bbox 1928 4061 2059 4100; x_wconf 90' lang='lat' dir='ltr'>rum</span> <span class='ocrx_word' id='word_1_695' title='bbox 2091 4056 2465 4112; x_wconf 82' lang='lat' dir='ltr'>summopere</span> <span class='ocrx_word' id='word_1_696' title='bbox 2488 4047 2944 4112; x_wconf 89' lang='lat' dir='ltr'>procuraverunt</span> <span class='ocrx_word' id='word_1_697' title='bbox 2969 4047 3036 4098; x_wconf 94' lang='lat' dir='ltr'>ut</span> <span class='ocrx_word' id='word_1_698' title='bbox 3055 4043 3317 4100; x_wconf 80' lang='lat' dir='ltr'>officium</span> <span class='ocrx_word' id='word_1_699' title='bbox 3340 4060 3575 4117; x_wconf 88' lang='lat' dir='ltr'>semper</span> 
     </span>
    </p>
   </div>
   <div class='ocr_carea' id='block_1_102' title="bbox 1930 4127 3573 4207">
    <p class='ocr_par' dir='ltr' id='par_1_102' title="bbox 1930 4127 3573 4207">
     <span class='ocr_line' id='line_1_102' title="bbox 1930 4127 3573 4207; baseline -0.001 -18"><span class='ocrx_word' id='word_1_700' title='bbox 1930 4130 2175 4189; x_wconf 84' lang='lat' dir='ltr'>instanti</span> <span class='ocrx_word' id='word_1_701' title='bbox 2231 4127 2549 4185; x_wconf 87' lang='lat' dir='ltr'>celebritati</span> <span class='ocrx_word' id='word_1_702' title='bbox 2605 4131 2996 4207; x_wconf 85' lang='lat' dir='ltr'>concordaret,</span> <span class='ocrx_word' id='word_1_703' title='bbox 3044 4147 3117 4188; x_wconf 82' lang='lat' dir='ltr'>ne</span> <span class='ocrx_word' id='word_1_704' title='bbox 3166 4131 3356 4190; x_wconf 88' lang='lat' dir='ltr'>clerus</span> <span class='ocrx_word' id='word_1_705' title='bbox 3411 4132 3573 4189; x_wconf 91' lang='lat' dir='ltr'>aliud</span> 
     </span>
    </p>
   </div>
   <div class='ocr_carea' id='block_1_103' title="bbox 1931 4216 3577 4295">
    <p class='ocr_par' dir='ltr' id='par_1_103' title="bbox 1931 4216 3577 4295">
     <span class='ocr_line' id='line_1_103' title="bbox 1931 4216 3577 4295; baseline 0 -18"><span class='ocrx_word' id='word_1_706' title='bbox 1931 4238 2108 4295; x_wconf 90' lang='lat' dir='ltr'>quam</span> <span class='ocrx_word' id='word_1_707' title='bbox 2129 4216 2378 4293; x_wconf 87' lang='lat' dir='ltr'>pepulas</span> <span class='ocrx_word' id='word_1_708' title='bbox 2398 4216 2457 4272; x_wconf 88' lang='lat' dir='ltr'>in</span> <span class='ocrx_word' id='word_1_709' title='bbox 2491 4216 2899 4276; x_wconf 90' lang='lat' dir='ltr'>ecclesiasticis</span> <span class='ocrx_word' id='word_1_710' title='bbox 2922 4219 3362 4278; x_wconf 88' lang='lat' dir='ltr'>celebritatibus</span> <span class='ocrx_word' id='word_1_711' title='bbox 3382 4221 3577 4279; x_wconf 88' lang='lat' dir='ltr'>obser-</span> 
     </span>
    </p>
   </div>
   <div class='ocr_carea' id='block_1_104' title="bbox 1930 4307 3575 4367">
    <p class='ocr_par' dir='ltr' id='par_1_104' title="bbox 1930 4307 3575 4367">
     <span class='ocr_line' id='line_1_104' title="bbox 1930 4307 3575 4367; baseline 0 0"><span class='ocrx_word' id='word_1_712' title='bbox 1930 4314 2107 4367; x_wconf 70' lang='lat' dir='ltr'>Varet.</span> <span class='ocrx_word' id='word_1_713' title='bbox 2141 4312 2424 4364; x_wconf 68' lang='lat' dir='ltr'>Praeterea</span> <span class='ocrx_word' id='word_1_714' title='bbox 2451 4322 2657 4363; x_wconf 89' lang='lat' dir='ltr'>omnes</span> <span class='ocrx_word' id='word_1_715' title='bbox 2674 4307 2985 4364; x_wconf 67' lang='lat' dir='ltr'>Dominica:</span> <span class='ocrx_word' id='word_1_716' title='bbox 3017 4307 3422 4367; x_wconf 88' lang='lat' dir='ltr'>solemnitates</span> <span class='ocrx_word' id='word_1_717' title='bbox 3461 4310 3575 4367; x_wconf 88' lang='lat' dir='ltr'>sibi</span> 
     </span>
    </p>
   </div>
   <div class='ocr_carea' id='block_1_105' title="bbox 1933 4394 3577 4472">
    <p class='ocr_par' dir='ltr' id='par_1_105' title="bbox 1933 4394 3577 4472">
     <span class='ocr_line' id='line_1_105' title="bbox 1933 4394 3577 4472; baseline 0.001 -18"><span class='ocrx_word' id='word_1_718' title='bbox 1933 4400 2179 4455; x_wconf 90' lang='lat' dir='ltr'>invicem</span> <span class='ocrx_word' id='word_1_719' title='bbox 2193 4398 2398 4453; x_wconf 76' lang='lat' dir='ltr'>amnes</span> <span class='ocrx_word' id='word_1_720' title='bbox 2414 4395 2524 4452; x_wconf 91' lang='lat' dir='ltr'>hoc</span> <span class='ocrx_word' id='word_1_721' title='bbox 2536 4394 2753 4453; x_wconf 89' lang='lat' dir='ltr'>habent</span> <span class='ocrx_word' id='word_1_722' title='bbox 2772 4396 3142 4472; x_wconf 86' lang='lat' dir='ltr'>privilegium</span> <span class='ocrx_word' id='word_1_723' title='bbox 3164 4403 3228 4455; x_wconf 89' lang='lat' dir='ltr'>ut</span> <span class='ocrx_word' id='word_1_724' title='bbox 3251 4399 3577 4458; x_wconf 82' lang='lat' dir='ltr'>observatio</span> 
     </span>
    </p>
   </div>
   <div class='ocr_carea' id='block_1_106' title="bbox 1857 4487 3579 4572">
    <p class='ocr_par' dir='ltr' id='par_1_106' title="bbox 1857 4487 3579 4572">
     <span class='ocr_line' id='line_1_106' title="bbox 1857 4487 3579 4572; baseline 0.002 -27"><span class='ocrx_word' id='word_1_725' title='bbox 1857 4508 1902 4572; x_wconf 73' lang='grc' dir='ltr'>Ι)</span> <span class='ocrx_word' id='word_1_726' title='bbox 1933 4505 2137 4545; x_wconf 89' lang='lat' dir='ltr'>earum</span> <span class='ocrx_word' id='word_1_727' title='bbox 2195 4487 2519 4543; x_wconf 90' lang='lat' dir='ltr'>adinvicem</span> <span class='ocrx_word' id='word_1_728' title='bbox 2573 4487 2966 4558; x_wconf 90' lang='lat' dir='ltr'>continuetur,</span> <span class='ocrx_word' id='word_1_729' title='bbox 3000 4493 3066 4545; x_wconf 92' lang='lat' dir='ltr'>ut</span> <span class='ocrx_word' id='word_1_730' title='bbox 3113 4489 3579 4548; x_wconf 83' lang='lat' dir='ltr'>Resurrectionis</span> 
     </span>
    </p>
   </div>
   <div class='ocr_carea' id='block_1_107' title="bbox 1935 4575 3579 4653">
    <p class='ocr_par' dir='ltr' id='par_1_107' title="bbox 1935 4575 3579 4653">
     <span class='ocr_line' id='line_1_107' title="bbox 1935 4575 3579 4653; baseline 0.004 -24"><span class='ocrx_word' id='word_1_731' title='bbox 1935 4592 2121 4646; x_wconf 91' lang='lat' dir='ltr'>usque</span> <span class='ocrx_word' id='word_1_732' title='bbox 2152 4575 2224 4630; x_wconf 94' lang='lat' dir='ltr'>ad</span> <span class='ocrx_word' id='word_1_733' title='bbox 2252 4575 2689 4647; x_wconf 89' lang='lat' dir='ltr'>Ascensionem,</span> <span class='ocrx_word' id='word_1_734' title='bbox 2718 4580 2775 4631; x_wconf 89' lang='lat' dir='ltr'>et</span> <span class='ocrx_word' id='word_1_735' title='bbox 2811 4578 3208 4635; x_wconf 88' lang='lat' dir='ltr'>Ascensioniis</span> <span class='ocrx_word' id='word_1_736' title='bbox 3260 4595 3449 4653; x_wconf 89' lang='lat' dir='ltr'>usque</span> <span class='ocrx_word' id='word_1_737' title='bbox 3504 4578 3579 4635; x_wconf 90' lang='lat' dir='ltr'>ad</span> 
     </span>
    </p>
   </div>
   <div class='ocr_carea' id='block_1_108' title="bbox 1936 4666 3582 4732">
    <p class='ocr_par' dir='ltr' id='par_1_108' title="bbox 1936 4666 3582 4732">
     <span class='ocr_line' id='line_1_108' title="bbox 1936 4666 3582 4732; baseline 0.004 -17"><span class='ocrx_word' id='word_1_738' title='bbox 1936 4666 2308 4717; x_wconf 89' lang='lat' dir='ltr'>Pentecosten</span> <span class='ocrx_word' id='word_1_739' title='bbox 2323 4679 2512 4718; x_wconf 91' lang='lat' dir='ltr'>comm</span> <span class='ocrx_word' id='word_1_740' title='bbox 2520 4679 2607 4719; x_wconf 90' lang='lat' dir='ltr'>em</span> <span class='ocrx_word' id='word_1_741' title='bbox 2616 4669 3149 4732; x_wconf 88' lang='lat' dir='ltr'>oramus,etomnes</span> <span class='ocrx_word' id='word_1_742' title='bbox 3162 4666 3497 4723; x_wconf 89' lang='lat' dir='ltr'>Dominicas</span> <span class='ocrx_word' id='word_1_743' title='bbox 3509 4666 3582 4722; x_wconf 83' lang='lat' dir='ltr'>iis</span> 
     </span>
    </p>
   </div>
   <div class='ocr_carea' id='block_1_109' title="bbox 1936 4749 3580 4823">
    <p class='ocr_par' dir='ltr' id='par_1_109' title="bbox 1936 4749 3580 4823">
     <span class='ocr_line' id='line_1_109' title="bbox 1936 4749 3580 4823; baseline 0.001 -16"><span class='ocrx_word' id='word_1_744' title='bbox 1936 4749 2410 4807; x_wconf 88' lang='lat' dir='ltr'>solemnitatibus</span> <span class='ocrx_word' id='word_1_745' title='bbox 2424 4751 2801 4823; x_wconf 80' lang='lat' dir='ltr'>interpositae</span> <span class='ocrx_word' id='word_1_746' title='bbox 2821 4753 2893 4809; x_wconf 86' lang='lat' dir='ltr'>de</span> <span class='ocrx_word' id='word_1_747' title='bbox 2917 4753 3141 4809; x_wconf 89' lang='lat' dir='ltr'>eisdem</span> <span class='ocrx_word' id='word_1_748' title='bbox 3164 4754 3580 4811; x_wconf 80' lang='lat' dir='ltr'>inofﬁciamus.</span> 
     </span>
    </p>
   </div>
   <div class='ocr_carea' id='block_1_110' title="bbox 1937 4837 3582 4915">
    <p class='ocr_par' dir='ltr' id='par_1_110' title="bbox 1937 4837 3582 4915">
     <span class='ocr_line' id='line_1_110' title="bbox 1937 4837 3582 4915; baseline 0 -19"><span class='ocrx_word' id='word_1_749' title='bbox 1937 4840 2031 4896; x_wconf 89' lang='lat' dir='ltr'>Sic</span> <span class='ocrx_word' id='word_1_750' title='bbox 2045 4852 2274 4911; x_wconf 91' lang='lat' dir='ltr'>quoque</span> <span class='ocrx_word' id='word_1_751' title='bbox 2286 4841 2341 4891; x_wconf 91' lang='lat' dir='ltr'>et</span> <span class='ocrx_word' id='word_1_752' title='bbox 2351 4837 2680 4895; x_wconf 90' lang='lat' dir='ltr'>Nativitatis</span> <span class='ocrx_word' id='word_1_753' title='bbox 2704 4839 3019 4897; x_wconf 70' lang='lat' dir='ltr'>Dominicas</span> <span class='ocrx_word' id='word_1_754' title='bbox 3035 4857 3226 4913; x_wconf 89' lang='lat' dir='ltr'>usque</span> <span class='ocrx_word' id='word_1_755' title='bbox 3237 4842 3310 4898; x_wconf 90' lang='lat' dir='ltr'>ad</span> <span class='ocrx_word' id='word_1_756' title='bbox 3332 4839 3582 4915; x_wconf 89' lang='lat' dir='ltr'>Epipha-</span> 
     </span>
    </p>
   </div>
   <div class='ocr_carea' id='block_1_111' title="bbox 1938 4924 3585 5002">
    <p class='ocr_par' dir='ltr' id='par_1_111' title="bbox 1938 4924 3585 5002">
     <span class='ocr_line' id='line_1_111' title="bbox 1938 4924 3585 5002; baseline 0.002 -20"><span class='ocrx_word' id='word_1_757' title='bbox 1938 4928 2097 4983; x_wconf 90' lang='lat' dir='ltr'>niam</span> <span class='ocrx_word' id='word_1_758' title='bbox 2143 4924 2487 4981; x_wconf 90' lang='lat' dir='ltr'>memoriam</span> <span class='ocrx_word' id='word_1_759' title='bbox 2538 4927 2791 4999; x_wconf 88' lang='lat' dir='ltr'>agimus,</span> <span class='ocrx_word' id='word_1_760' title='bbox 2824 4927 2940 4984; x_wconf 89' lang='lat' dir='ltr'>nisi</span> <span class='ocrx_word' id='word_1_761' title='bbox 2989 4928 3050 4984; x_wconf 90' lang='lat' dir='ltr'>in</span> <span class='ocrx_word' id='word_1_762' title='bbox 3102 4933 3390 5002; x_wconf 89' lang='lat' dir='ltr'>quantum</span> <span class='ocrx_word' id='word_1_763' title='bbox 3420 4929 3585 4985; x_wconf 85' lang='lat' dir='ltr'>festis</span> 
     </span>
    </p>
   </div>
   <div class='ocr_carea' id='block_1_112' title="bbox 1938 5014 3582 5092">
    <p class='ocr_par' dir='ltr' id='par_1_112' title="bbox 1938 5014 3582 5092">
     <span class='ocr_line' id='line_1_112' title="bbox 1938 5014 3582 5092; baseline -0.001 -19"><span class='ocrx_word' id='word_1_764' title='bbox 1938 5021 2276 5073; x_wconf 88' lang='lat' dir='ltr'>sanctorum</span> <span class='ocrx_word' id='word_1_765' title='bbox 2317 5014 2405 5070; x_wconf 92' lang='lat' dir='ltr'>vel</span> <span class='ocrx_word' id='word_1_766' title='bbox 2444 5017 2661 5071; x_wconf 87' lang='lat' dir='ltr'>octavis</span> <span class='ocrx_word' id='word_1_767' title='bbox 2698 5032 2901 5073; x_wconf 90' lang='lat' dir='ltr'>eorum</span> <span class='ocrx_word' id='word_1_768' title='bbox 2933 5018 3266 5075; x_wconf 82' lang='lat' dir='ltr'>satisfacere</span> <span class='ocrx_word' id='word_1_769' title='bbox 3295 5018 3582 5092; x_wconf 87' lang='lat' dir='ltr'>cogimur.</span> 
     </span>
    </p>
   </div>
   <div class='ocr_carea' id='block_1_113' title="bbox 1941 5102 3586 5176">
    <p class='ocr_par' dir='ltr' id='par_1_113' title="bbox 1941 5102 3586 5176">
     <span class='ocr_line' id='line_1_113' title="bbox 1941 5102 3586 5176; baseline 0 -15"><span class='ocrx_word' id='word_1_770' title='bbox 1941 5106 2154 5161; x_wconf 91' lang='lat' dir='ltr'>Eodem</span> <span class='ocrx_word' id='word_1_771' title='bbox 2187 5120 2420 5176; x_wconf 89' lang='lat' dir='ltr'>quoque</span> <span class='ocrx_word' id='word_1_772' title='bbox 2450 5104 2622 5160; x_wconf 94' lang='lat' dir='ltr'>modo</span> <span class='ocrx_word' id='word_1_773' title='bbox 2651 5102 2804 5161; x_wconf 88' lang='lat' dir='ltr'>infra</span> <span class='ocrx_word' id='word_1_774' title='bbox 2831 5106 2991 5162; x_wconf 91' lang='lat' dir='ltr'>hunc</span> <span class='ocrx_word' id='word_1_775' title='bbox 3029 5106 3348 5163; x_wconf 86' lang='lat' dir='ltr'>terminum</span> <span class='ocrx_word' id='word_1_776' title='bbox 3379 5121 3586 5162; x_wconf 90' lang='lat' dir='ltr'>occur-</span> 
     </span>
    </p>
   </div>
   <div class='ocr_carea' id='block_1_114' title="bbox 1941 5192 3587 5269">
    <p class='ocr_par' dir='ltr' id='par_1_114' title="bbox 1941 5192 3587 5269">
     <span class='ocr_line' id='line_1_114' title="bbox 1941 5192 3587 5269; baseline 0.002 -21"><span class='ocrx_word' id='word_1_777' title='bbox 1941 5197 2136 5249; x_wconf 88' lang='lat' dir='ltr'>rentes</span> <span class='ocrx_word' id='word_1_778' title='bbox 2186 5193 2499 5248; x_wconf 86' lang='lat' dir='ltr'>Dominicae</span> <span class='ocrx_word' id='word_1_779' title='bbox 2554 5192 2815 5250; x_wconf 82' lang='lat' dir='ltr'>officium</span> <span class='ocrx_word' id='word_1_780' title='bbox 2844 5194 2916 5251; x_wconf 92' lang='lat' dir='ltr'>de</span> <span class='ocrx_word' id='word_1_781' title='bbox 2954 5195 3264 5253; x_wconf 86' lang='lat' dir='ltr'>Nativitate</span> <span class='ocrx_word' id='word_1_782' title='bbox 3318 5194 3587 5269; x_wconf 84' lang='lat' dir='ltr'>posside-</span> 
     </span>
    </p>
   </div>
   <div class='ocr_carea' id='block_1_115' title="bbox 1941 5282 2108 5337">
    <p class='ocr_par' dir='ltr' id='par_1_115' title="bbox 1941 5282 2108 5337">
     <span class='ocr_line' id='line_1_115' title="bbox 1941 5282 2108 5337; baseline 0 0"><span class='ocrx_word' id='word_1_783' title='bbox 1941 5282 2108 5337; x_wconf 56' lang='lat' dir='ltr'>bunt</span> 
     </span>
    </p>
   </div>
   <div class='ocr_carea' id='block_1_116' title="bbox 1943 5479 3590 5555">
    <p class='ocr_par' dir='ltr' id='par_1_116' title="bbox 1943 5479 3590 5555">
     <span class='ocr_line' id='line_1_116' title="bbox 1943 5479 3590 5555; baseline 0.004 -18"><span class='ocrx_word' id='word_1_784' title='bbox 1943 5483 2220 5555; x_wconf 46' lang='lat' dir='ltr'>mortem“</span> <span class='ocrx_word' id='word_1_785' title='bbox 2247 5479 2591 5555; x_wconf 84' lang='lat' dir='ltr'>Innocentes</span> <span class='ocrx_word' id='word_1_786' title='bbox 2618 5487 2923 5555; x_wconf 85' lang='lat' dir='ltr'>martyres</span> <span class='ocrx_word' id='word_1_787' title='bbox 2953 5483 3401 5555; x_wconf 87' lang='lat' dir='ltr'>descenderunt,</span> <span class='ocrx_word' id='word_1_788' title='bbox 3432 5481 3590 5549; x_wconf 81' lang='lat' dir='ltr'>unde</span> 
     </span>
    </p>
   </div>
   <div class='ocr_carea' id='block_1_117' title="bbox 1938 5500 3356 5634">
    <p class='ocr_par' dir='ltr' id='par_1_117' title="bbox 1938 5500 3356 5634">
     <span class='ocr_line' id='line_1_117' title="bbox 1943 5500 3355 5541; baseline 0.002 -4"><span class='ocrx_word' id='word_1_789' title='bbox 1943 5500 2189 5537; x_wconf 76' lang='lat' dir='ltr'>mortem</span> <span class='ocrx_word' id='word_1_790' title='bbox 2247 5500 2591 5538; x_wconf 75' lang='lat' dir='ltr'>mnocentes</span> <span class='ocrx_word' id='word_1_791' title='bbox 2637 5500 2792 5539; x_wconf 79' lang='lat' dir='ltr'>mart</span> <span class='ocrx_word' id='word_1_792' title='bbox 2831 5500 2923 5540; x_wconf 89' lang='lat' dir='ltr'>res</span> <span class='ocrx_word' id='word_1_793' title='bbox 2953 5500 3355 5541; x_wconf 68' lang='grc' dir='ltr'>αθεοθῐιαθτιιη</span> 
     </span>
     <span class='ocr_line' id='line_1_118' title="bbox 1938 5500 3356 5634; baseline 0.004 -21"><span class='ocrx_word' id='word_1_794' title='bbox 1938 5556 2138 5613; x_wconf 82' lang='lat' dir='ltr'>tamen</span> <span class='ocrx_word' id='word_1_795' title='bbox 2165 5551 2378 5612; x_wconf 86' lang='lat' dir='ltr'>Christi</span> <span class='ocrx_word' id='word_1_796' title='bbox 2398 5556 2588 5612; x_wconf 88' lang='lat' dir='ltr'>morte</span> <span class='ocrx_word' id='word_1_797' title='bbox 2612 5554 2673 5613; x_wconf 89' lang='lat' dir='ltr'>in</span> <span class='ocrx_word' id='word_1_798' title='bbox 2706 5500 2917 5617; x_wconf 48' lang='lat' dir='ltr'>coelum</span> <span class='ocrx_word' id='word_1_799' title='bbox 2948 5556 3164 5634; x_wconf 86' lang='lat' dir='ltr'>recepti</span> <span class='ocrx_word' id='word_1_800' title='bbox 3195 5560 3356 5619; x_wconf 86' lang='lat' dir='ltr'>sunt.</span> 
     </span>
    </p>
   </div>
  </div>
