3968 6126
386 276 545 339 100³7

1752 282 2063 348 MONUM.
2110 282 2424 350 LITURG.

3624 274 3800 344 1008

383 414 515 467 CAP.
548 410 842 473 XXXVIII.
879 448 945 459 —
978 416 1052 473 De
1077 417 1257 475 eodem
1284 419 1472 492 efﬁcio
1500 419 1559 473 in
1591 417 1707 474 alia
1743 417 2028 475 Dominica
2055 419 2111 487 Α
2145 420 2184 475 0
2213 436 2495 489 maguum.
2532 419 2985 492 Responsorium
3020 436 3034 475 :
3070 418 3269 474 Sancta
3304 418 3355 473 et
3402 374 3795 472 immaculato.

1047 490 1344 561 repetendo.

455 574 733 639 Quamvis
760 582 954 634 autem
978 579 1104 633 duae
1117 577 1430 635 Dominicae
1453 576 1752 634 multoties
1765 578 2034 635 eveniant

380 678 448 719 eo
479 666 762 736 tempore,
800 682 1101 738 nunquam
1163 671 1360 723 tamen
1418 667 1622 723 ambas
1684 668 2031 723 Dominicali

382 751 575 809 ofﬁcio
603 756 874 827 occupari
897 756 1046 811 festa
1068 760 1405 812 sanctorum
1430 757 1789 829 permittent,
1822 756 1933 812 nisi
1965 773 2030 811 eo

384 845 616 897 tantum
642 859 814 911 anno,
848 845 991 899 dum
1021 845 1221 918 vigilia
1249 845 1588 917 Epiphaniae
1616 845 1673 900 in
1733 844 2032 900 Dominica

386 932 664 988 evenerit.
693 932 856 989 Unde
896 937 954 989 et
985 939 1225 991 sanctus
1276 934 1592 1006 Gregorius
1623 933 1766 989 satis
1797 949 2034 1005 compc-

384 1022 573 1076 tenter
593 1038 779 1077 unum
803 1023 1164 1080 Dominicale
1176 1024 1432 1080 ofﬁcium
1451 1028 1789 1095 eotempore
1806 1022 2034 1078 ordina-

384 1108 484 1177 vit,
507 1127 573 1166 eo
624 1112 779 1183 quod
821 1116 878 1168 et
921 1113 1000 1167 ibi
1034 1117 1263 1168 tantum
1314 1112 1611 1169 Dominica
1668 1110 1828 1167 omni
1886 1127 2033 1183 pene

386 1214 539 1255 anno
561 1204 831 1256 occurrat
861 1218 986 1274 quae
1018 1201 1355 1274 hujusmodi
1390 1202 1582 1257 ofﬁcio
1614 1200 1889 1273 indigeat.
1918 1200 2033 1255 Nec

382 1286 493 1343 hoc
511 1288 714 1361 utique
737 1295 977 1346 sanctus
999 1290 1311 1364 GregoriUS
1340 1289 1428 1347 vel
1454 1294 1583 1363 post
1624 1289 2029 1362 Epiphaniam,

384 1376 474 1432 vel
507 1382 639 1449 post
670 1379 1048 1435 Pentecosten
1084 1396 1313 1436 servare
1344 1381 1587 1449 curavit,
1621 1384 1686 1435 ut
1711 1384 1794 1434 tot
1842 1379 2034 1434 ofﬁcia

384 1483 503 1523 sem
514 1483 617 1539 per
630 1464 991 1524 haberemus
1017 1471 1169 1541 quod
1190 1469 1502 1526 Dominicis
1519 1473 1755 1541 possent
1786 1467 2031 1524 evenire.

382 1557 527 1612 Nam
558 1557 777 1630 optime
810 1559 1075 1629 praevidit
1098 1558 1439 1629 hujusmodi
1472 1558 1926 1630 inaequalitatem
1951 1571 2033 1611 re-

379 1646 656 1717 petitione
686 1647 1014 1702 ol’ﬁciorum
1047 1647 1215 1704 facile
1243 1647 1542 1704 emendari
1575 1663 1767 1719 posse.
1802 1646 1962 1701 Unde
1978 1649 2035 1701 et

382 1751 510 1803 nos,
539 1751 673 1790 cum
704 1736 901 1808 vigilia
932 1737 1269 1809 Epiphaniae
1302 1737 1361 1792 in
1416 1736 1718 1793 Dominica
1757 1735 2028 1801 occurrit,

380 1824 595 1895 prioris
620 1824 934 1880 Dominicis
955 1825 1213 1881 ofﬁcium
1235 1825 1486 1897 pleniter
1501 1826 1835 1898 repetimus.
1859 1824 1953 1880 Sic
1975 1826 2031 1879 et

380 1912 439 1968 in
469 1913 787 1969 Dominicis
817 1918 950 1986 post
978 1914 1364 1987 Epiphaniam
1387 1920 1444 1971 et
1474 1918 1607 1987 post
1626 1917 2027 1983 Pentecosten,

381 2002 609 2074 quoties
636 2018 873 2059 necesse
893 2002 1087 2071 fuerit,
1100 2004 1271 2074 juxta
1307 2004 1630 2059 Romanam
1653 2000 2028 2059 consuetudi-

382 2108 514 2147 nem
537 2091 722 2148 facere
753 2092 1056 2148 debemus.
1082 2092 1245 2148 Sicut
1276 2093 1433 2148 enim
1464 2092 1741 2148 historias
1774 2089 2027 2147 Domini-

382 2196 583 2237 carum
622 2180 682 2236 in
735 2186 1022 2253 quantum
1077 2182 1325 2254 tempori
1384 2182 1621 2249 sufﬁcit,
1682 2180 2026 2253 repetimus,

383 2269 768 2326 nihilominus
815 2274 873 2325 et
920 2269 1112 2326 ofﬁcia
1166 2288 1368 2326 earum
1401 2275 1657 2343 repetere
1688 2285 2026 2342 possumus.

382 2359 529 2414 Nam
581 2365 637 2414 et
685 2358 1046 2415 Dominicale
1098 2360 1357 2415 ofﬁcium
1400 2360 1495 2415 alii
1542 2358 2029 2430 Dominicze,quaa

383 2448 646 2519 ejusdem
669 2448 1049 2503 observantiae
1081 2452 1187 2516 est,
1218 2464 1332 2503 non
1351 2447 1776 2519 competentius
1791 2447 2033 2517 [incom-

383 2537 695 2609 pete‘ntius]
719 2536 1090 2591 adhibebitur
1103 2553 1277 2608 quam
1302 2534 1552 2608 singulis
1573 2534 2030 2607 privatisdiebus

385 2626 483 2696 qui
518 2624 956 2679 Dominicarum
987 2624 1182 2679 ofﬁcia
1205 2625 1349 2679 dum
1383 2623 1671 2695 recipiunt
1698 2640 1767 2678 ex
1809 2622 2029 2678 festivis

385 2712 610 2767 ferialia
629 2711 919 2767 efﬁciunt:
938 2712 1046 2767 hoc
1073 2719 1268 2767 tamen
1293 2729 1408 2767 non
1426 2716 1549 2768 tam
1565 2729 1633 2767 ex
1654 2710 2026 2768 ecclesiastici

385 2804 704 2856 conventus
730 2800 1099 2865 necessitate,
1135 2817 1311 2872 quam
1345 2818 1413 2857 ex
1466 2800 1699 2874 propria
1731 2800 2029 2857 devotione

385 2893 810 2962 usquequaque
822 2888 1034 2945 usitam
1043 2906 1131 2945 us.
1148 2890 1272 2945 Non
1290 2906 1425 2963 ergo
1439 2890 1807 2962 magisincon
1814 2905 2027 2962 gruum

382 2978 668 3047 videatur,
701 2965 749 3035 si
782 2978 938 3034 idem
969 2977 1229 3035 ofﬁcium
1257 2979 1316 3034 in
1347 2978 1463 3035 alia
1492 2979 1811 3046 Dominica,
1844 2983 1909 3035 ut
1936 2994 2025 3035 ec-

385 3066 713 3123 clesiastico
745 3066 1052 3123 conventui
1084 3068 1355 3137 satisﬁat,
1384 3072 1696 3141 repetatur.

657 3175 791 3230 CAP.
823 3175 1062 3231 XXXIX.
1089 3209 1154 3214 ——
1183 3176 1258 3232 De
1287 3183 1470 3232 octava
1499 3178 1735 3233 Domini.

454 3266 517 3321 In
549 3268 752 3321 octava
782 3263 1037 3338 Domini,
1045 3266 1215 3336 juxta
1244 3265 1561 3321 Romanam
1598 3265 2024 3332 auctoritatem,

382 3372 499 3411 non
528 3354 825 3417 ofﬁcium:
858 3358 1007 3410 Puer
1056 3362 1219 3410 natus
1275 3363 1372 3423 est,
1408 3355 1548 3410 sed:
1582 3356 1799 3411 Vultum
1848 3359 2023 3423 tuum,

381 3444 529 3499 utin
560 3441 838 3507 Graduali
861 3441 1010 3497 libro
1038 3442 1305 3510 habetur,
1340 3444 1434 3499 cui
1464 3444 1707 3499 Alleluia
1744 3445 1867 3499 Post
1890 3461 2025 3515 par-

383 3536 499 3588 tum
528 3520 700 3600 uirgo,
734 3534 1060 3598 cantamus,
1094 3534 1151 3587 et
1191 3532 1511 3587 orationem
1554 3532 1974 3605 Gregorianam
2008 3549 2021 3586 :

380 3621 521 3676 Deus
564 3622 659 3690 qui
706 3618 902 3674 salutis
948 3627 1189 3687 internae,
1224 3636 1336 3674 non
1398 3618 1558 3673 illam
1595 3636 1608 3675 :
1640 3620 1777 3674 Deus
1806 3620 1903 3691 qui
1930 3635 2028 3675 nos

2140 509 2378 580 Antiph.
2408 507 3000 582 :Speciosus.Antiph.
3030 527 3042 565 :
3079 510 3194 564 Rex
3220 504 3798 578 omnis.Antiphona:

2139 601 2513 670 Suscepimus.
2562 598 3091 672 Responsorium.:
3144 598 3312 653 Beata
3353 599 3405 652 et
3454 593 3798 651 veneranda.

2142 688 2625 760 Responsorium:
2649 688 3147 760 Congratulamini.
3166 683 3645 759 Responsorium:
3664 681 3805 738 Gon-

2139 780 2274 832 tinct
2307 779 2365 832 in
2393 777 2864 851 gremio.Antiph.
2898 795 2911 833 :
2939 778 3106 834 Homo
3143 784 3329 831 natus.
3360 772 3603 846 Antiph.
3629 791 3647 826 :
3679 775 3798 828 Ex-

2138 868 2441 922 sultabunl.
2495 865 2732 939 Antiph.
2771 867 3020 923 :Notum
3076 867 3228 937 fecit.
3284 861 3792 936 Respcnscrium:

2143 956 2535 1026 Con/innatum
2591 959 2688 1011 est.
2744 954 3532 1028 ResponscriumzNesciens
3587 952 3807 1005 mater.

2140 1044 2597 1117 Responsorium
2634 1063 2647 1100 :
2683 1046 2917 1101 Verbum
2948 1060 3099 1100 caro.
3133 1040 3509 1099 Matutinales
3540 1038 3787 1096 laudes:

2142 1134 2181 1189 0
2210 1134 2555 1202 admirabile,
2582 1151 2685 1207 per
2744 1134 3033 1190 ordinem.
3067 1133 3296 1189 Eaedem
3338 1129 3671 1203 antiphonae
3730 1127 3785 1183 in

2141 1224 2400 1279 secunda
2419 1239 2661 1296 vespera
2681 1240 2857 1296 super
2876 1222 3136 1295 psalmos
3149 1220 3542 1278 deNativitatc
3554 1216 3786 1274 Domini

2140 1312 2432 1385 leguntur.
2455 1313 2515 1367 In
2552 1311 2848 1384 evangelio
2879 1311 3203 1384 antiphona
3233 1328 3248 1366 :
3292 1310 3400 1378 Qui
3422 1308 3486 1366 de
3516 1311 3665 1363 terra
3691 1307 3785 1361 est.

2143 1402 2202 1457 lu
2241 1401 2539 1457 Dominica
2568 1405 2761 1456 autem
2796 1405 2928 1473 post
2959 1400 3333 1456 Nativitatem
3352 1396 3588 1453 Domini
3610 1396 3788 1451 itacr-

2142 1491 2459 1545 dinabitur.
2498 1488 2900 1545 luvitatorium
2938 1505 2949 1542 :
2988 1488 3234 1544 Christus
3262 1489 3427 1542 natus
3454 1493 3551 1541 est.
3572 1484 3782 1541 Psalmi

2146 1577 2549 1646 Dominicales,
2583 1595 2718 1633 cum
2748 1578 2938 1633 tribus
2971 1576 3309 1649 antiphonis
3348 1574 3418 1630 de
3475 1573 3782 1629 Nativitate

2141 1666 2392 1723 Domini.
2420 1667 2877 1740 Responsorium
2913 1685 2925 1722 :
2956 1665 3256 1721 Descendit.
3294 1662 3780 1737 Responsorium:

2145 1758 2313 1826 Quem
2364 1757 2602 1812 vidistis.
2661 1757 2945 1829 Respons.
2982 1772 2994 1811 :
3032 1756 3071 1813 0
3109 1771 3393 1825 magnum.
3428 1752 3489 1809 In
3550 1769 3586 1808 ιι
3628 1756 3777 1808 noct.

2141 1846 2597 1917 Responsorium
2625 1861 2637 1899 :
2676 1844 2923 1901 Continet
2953 1844 3013 1900 in
3042 1845 3268 1916 gremio.
3303 1842 3777 1915 Responsorium:

2139 1935 2533 1999 Conﬁrmatum
2561 1938 2659 1989 est.
2688 1931 3175 2005 Responsorium:
3209 1932 3308 1987 Hic
3334 1933 3434 2004 qui
3459 1930 3703 1987 advenit.
3721 1928 3779 1984 In

2137 2022 2308 2079 tertio
2367 2028 2650 2078 nocturno
2711 2022 3196 2094 responsorium:
3249 2022 3380 2076 Ecce
3424 2021 3609 2092 Agnus
3663 2019 3777 2075 Dei.

2138 2113 2401 2184 Respons
2460 2129 2473 2165 :
2507 2110 2846 2181 Benedictus.
2878 2110 3161 2182 Respons.
3200 2126 3213 2165 :
3250 2109 3289 2166 0
3318 2126 3519 2181 regem.
3547 2108 3787 2165 Matuti-

2141 2200 2301 2256 nales
2346 2198 2551 2255 laudes
2585 2217 2597 2254 :
2633 2200 2800 2268 Quem
2848 2197 3081 2253 vidistis.
3131 2196 3196 2253 In
3245 2196 3590 2270 evangelio:
3643 2196 3785 2252 Dum

2136 2289 2395 2345 medium.
2420 2288 2753 2345 Notandum
2778 2291 2973 2343 autem
2993 2284 3055 2341 iu
3077 2289 3279 2342 octava
3309 2283 3536 2341 Domini
3557 2288 3787 2340 noctur-

2139 2377 2331 2434 nalem
2357 2382 2592 2433 cantum
2616 2377 2687 2431 de
2717 2378 2917 2432 sancta
2948 2374 3129 2431 Maria
3151 2373 3403 2430 multum
3435 2389 3623 2446 agere,
3644 2372 3787 2446 quia

2139 2471 2195 2523 et
2218 2465 2482 2522 diurnale
2505 2466 2761 2521 ofﬁcium
2786 2464 2845 2519 in
2867 2464 3149 2520 honorem
3165 2465 3293 2536 ejus
3312 2461 3786 2519 videturiustitu-

2137 2561 2285 2611 tum.
2311 2556 2374 2610 In
2402 2553 2743 2610 Dominicali
2771 2558 2967 2609 autem
2996 2559 3160 2610 nocte
3182 2569 3296 2609 non
3327 2556 3448 2607 tam
3478 2551 3550 2607 de
3580 2554 3785 2607 sancta

2139 2644 2323 2699 Maria
2343 2659 2519 2715 quam
2552 2644 2622 2697 de
2653 2642 2962 2698 Nativitate
2995 2641 3221 2698 Domini
3274 2640 3526 2714 agimus,
3558 2640 3698 2711 quia
3728 2643 3787 2695 et

2136 2733 2195 2788 in
2226 2732 2478 2787 diurnali
2507 2730 2698 2787 ofﬁcio
2750 2730 3083 2804 specialiter
3112 2730 3185 2786 de
3213 2729 3519 2786 Nativitate
3550 2727 3787 2784 Domini

2137 2819 2804 2877 commemoramus.Est
2819 2824 3015 2875 autem
3045 2818 3283 2875 traditio
3308 2821 3645 2873 sanctorum
3676 2815 3780 2873 Pa-

2138 2915 2294 2966 trum
2318 2909 2454 2965 utin
2484 2908 2823 2979 hujusmcdi
2838 2906 3252 2964 festivitatibus
3272 2905 3463 2963 ofﬁcio
3487 2906 3677 2963 missae
3697 2922 3781 2961 re-

2136 2998 2682 3073 liquajconcordent
2709 2998 2923 3054 ofﬁcia.

2528 3088 2657 3141 CAP.
2688 3084 2801 3141 XL.
2836 3117 2904 3125 —
2934 3086 3008 3141 De
3046 3085 3379 3158 Epiphania.

2055 3155 2099 3222 Β
2206 3176 2267 3231 Si
2297 3174 2495 3250 vigilia
2525 3173 2856 3247 Epiphaniae
2889 3175 2949 3231 in
2990 3155 3355 3230 Dominicam
3412 3171 3687 3239 evenerit,
3721 3172 3782 3227 in

2135 3269 2325 3334 nocte,
2360 3269 2425 3319 ut
2479 3263 2823 3336 praedictum
2852 3267 2961 3332 est,
2993 3263 3284 3319 canimus.
3318 3262 3381 3318 In
3411 3260 3503 3317 die
3546 3277 3783 3334 quoque

2135 3354 2585 3411 omciuszum
2606 3352 2851 3408 medium
2880 3356 2947 3409 ut
2972 3352 3031 3407 in
3057 3351 3237 3425 priori
3267 3351 3573 3407 Dominica
3600 3348 3787 3423 pleni-

2135 3448 2225 3499 ter
2252 3444 2650 3499 observamus.
2670 3441 2730 3497 Si
2753 3445 2947 3498 autem
2978 3441 3037 3497 in
3068 3440 3184 3497 alia
3212 3440 3307 3495 die
3337 3440 3609 3507 occurrit,
3625 3438 3782 3495 idem

2135 3531 2373 3605 quidem
2396 3531 2677 3597 ofﬁcium,
2694 3530 2795 3586 sed
2819 3547 2951 3586 cum
2972 3528 3251 3586 lectione:
3273 3529 3505 3597 Scimus,
3526 3531 3584 3583 et
3608 3544 3777 3585 evan-

2134 3621 2284 3695 gelio
2318 3639 2331 3676 :
2364 3621 2621 3692 Defuncto
2664 3618 2887 3687 Herode,
2921 3619 3077 3675 unde
3123 3621 3180 3675 et
3228 3617 3567 3675 communio
3602 3616 3782 3674 :Totle

378 3706 1751 3780 Nativit.,dicimus.Etnotandumhujusoctavae
1767 3708 2026 3763 ofﬁcium
2131 3727 2366 3783 puerum
2396 3712 2633 3782 sumpta
2662 3713 2771 3775 est,
2806 3712 3152 3764 cantamus:
3189 3707 3334 3780 quia
3363 3707 3471 3762 hoc
3522 3706 3783 3762 ofﬁcium

381 3795 819 3853 evidentissimc
849 3795 920 3851 de
960 3799 1164 3850 sancta
1190 3796 1376 3853 Maria
1412 3813 1601 3869 agere.
1635 3796 1800 3854 Unde
1828 3801 1885 3852 et
1916 3797 2026 3853 Ro-

380 3885 540 3941 mani
564 3901 632 3941 ea
667 3885 761 3940 die
783 3883 853 3940 ad
878 3884 1153 3941 Sanctam
1177 3884 1419 3940 Mariam
1444 3884 1753 3947 stationem
1786 3886 2026 3953 faciunt,

381 3991 485 4031 nec
506 3973 801 4031 immerito
823 3992 837 4043 ;
861 3973 1235 4046 nuperenim,
1254 3990 1388 4029 cum
1412 3973 1781 4031 Nativitatem
1795 3974 2029 4031 Domini

379 4063 828 4128 celebraremus,
877 4062 1105 4119 nullum
1137 4068 1257 4119 tam
1281 4062 1532 4135 speciale
1554 4063 1815 4121 ofﬁcium
1860 4064 2031 4121 Matri

380 4156 506 4225 ejus
529 4155 843 4210 attribuere
862 4153 1187 4225 potuimus.
1212 4152 1373 4208 Unde
1398 4170 1511 4208 non
1535 4152 2026 4226 incongrueillam

383 4242 696 4315 specialius
723 4243 781 4297 in
813 4247 1015 4297 octava
1046 4240 1278 4296 Domini
1311 4258 1679 4310 veneramur,
1714 4258 1785 4297 ne
1816 4242 2026 4298 solem-

384 4332 566 4386 nitate
600 4330 725 4385 Filii
758 4330 849 4385 sui
881 4345 1086 4401 expers
1113 4346 1240 4385 esse
1276 4330 1561 4398 videatur,
1595 4347 1772 4402 quam
1832 4333 2027 4386 tamen

383 4418 443 4472 in
466 4419 669 4473 eadem
692 4416 1057 4473 solemnitate
1079 4422 1211 4488 post
1241 4417 1553 4473 Dominum
1575 4418 1825 4474 maxime
1845 4418 2028 4476 hono-

2135 3804 2271 3856 ante
2302 3815 2476 3855 usum
2505 3798 2685 3869 hujus
2710 3796 2918 3870 vigilia
2951 3796 3031 3851 ibi
3059 3796 3425 3864 cantabatur,
3457 3797 3660 3868 utpote
3681 3799 3788 3849 Dos

2136 3889 2354 3945 minica
2368 3887 2633 3960 ejusdem
2663 3885 3067 3954 hebdomadas,
3090 3886 3245 3941 sicut
3273 3889 3361 3941 et:
3386 3887 3568 3941 Vocem
3586 3886 3789 3957 jucun-

2135 3978 2320 4033 ditatis
2350 3977 2581 4032 canitur
2608 3976 2668 4031 in
2712 3974 2912 4048 vigilia
2948 3973 3344 4042 Ascensionis,
3368 3978 3425 4029 et
3453 3973 3788 4029 assumitur

2136 4064 2471 4122 communio
2502 4065 2575 4121 de
2605 4065 2868 4136 ejusdem
2900 4063 3014 4119 diei
3043 4061 3439 4137 evangelio.ln
3457 4060 3787 4135 Epiphania

2137 4155 2206 4210 ad
2224 4158 2394 4210 noctu
2404 4152 2581 4225 rnas,j
2591 4157 2726 4209 uxta
2742 4149 3780 4218 RomanumOrdinem,invitatorium

2137 4244 2449 4300 reticemus
2482 4260 2495 4298 :
2528 4246 2590 4297 ut
2624 4258 2659 4297 a
2687 4240 2888 4299 dolosa
2917 4241 3257 4298 invitatione
3288 4238 3532 4296 Herodis
3561 4228 3782 4295 disci-es

2137 4348 2346 4406 pemus
2380 4351 2393 4388 :
2427 4331 2501 4387 ab
2530 4330 2851 4404 antiphona
2884 4349 2896 4386 :
2928 4329 3135 4404 Alfene
3163 4346 3232 4385 ea
3275 4331 3443 4385 nocte
3480 4324 3784 4399 incipitur.

2136 4422 2496 4495 Antiphona:
2512 4422 2787 4479 Fluminis
2813 4437 2945 4475 cum
2969 4421 3196 4491 psalmo
3220 4418 3280 4475 in
3300 4417 3532 4474 tertiam
3557 4420 3791 4473 noctur-

388 4507 629 4562 randam
663 4522 792 4561 esse
823 4522 938 4560 non
969 4506 1328 4560 dubitamus.
1362 4504 1734 4563 Matutinales
1796 4525 2029 4581 quoque
2058 4524 2106 4589 D
2138 4528 2274 4567 nam
2306 4510 2594 4576 differtur,
2627 4508 2767 4581 quia
2797 4509 2984 4580 major
3015 4505 3272 4565 laudatio
3320 4522 3500 4579 quam
3540 4505 3790 4562 Alleluia

387 4595 592 4652 laudes
618 4595 803 4666 hujus
834 4599 1046 4650 octavae
1077 4595 1147 4650 de
1176 4598 1377 4651 sancta
1398 4595 1580 4651 Maria
1602 4600 1783 4670 agunt
1803 4615 2030 4671 expres-

387 4684 644 4742 sissime.
679 4683 841 4741 Unde
873 4688 930 4738 et
959 4682 1059 4739 illa
1088 4683 1457 4756 responsuris
1486 4685 1556 4741 de
1587 4685 1895 4743 Nativitate
1927 4692 2030 4745 Do-

387 4773 552 4842 mini,
574 4788 700 4846 quaa
731 4773 803 4828 de
823 4776 1025 4828 sancta
1055 4771 1238 4828 Maria
1258 4777 1738 4840 commemorant,
1753 4774 1890 4830 huic
1912 4776 2026 4832 dici

384 4878 639 4936 congrue
667 4862 1060 4928 attitulantur,
1076 4878 1149 4917 ne
1180 4879 1211 4917 a
1243 4861 1597 4935 Gregoriano
1628 4862 1894 4933 ejusdem
1912 4864 2024 4920 diei

384 4952 575 5008 ofﬁcio
601 4951 1005 5024 discrepemus
1034 4950 1093 5006 in
1126 4950 1503 5023 aliquo.Apte
1525 4958 1721 5007 autem
1755 4953 2024 5008 omniain

382 5040 540 5097 hunc
554 5041 794 5097 modum
811 5039 1064 5096 ordinari
1084 5039 1438 5111 possunt.Ad
1451 5056 1752 5113 vesperam
1771 5041 2021 5113 antiph.:

385 5130 573 5186 Tecum
624 5131 984 5202 principium,
1034 5144 1167 5182 cum
1213 5126 1471 5199 reliquis.
1520 5129 2022 5201 Responsorium:

386 5217 883 5290 Congrutulamini.
936 5218 1248 5290 Hymnus:
1308 5218 1346 5272 A
1404 5219 1554 5272 solis.
1608 5218 1669 5272 In
1730 5217 2026 5290 evangelio

384 5308 610 5379 antiph.
629 5326 641 5362 :
658 5309 913 5377 Magnum
940 5307 1299 5364 hmralitatis.
1316 5306 1714 5361 Invitatorium
1744 5325 1756 5362 :
1784 5306 2029 5362 Christus

382 5400 547 5449 natus
572 5399 669 5450 est.
692 5395 962 5467 Antiph.:
988 5397 1250 5452 Dominus
1270 5395 1440 5451 dixit.
1463 5394 1701 5466 Antiph.
1737 5411 1749 5448 :
1786 5396 1849 5450 In
1895 5398 2024 5452 sole.

381 5482 664 5553 Antiph.:
706 5485 1026 5540 Elevamivi.
1080 5484 1254 5563 Resp.
1294 5482 1637 5539 :Dcscendit.
1691 5483 1975 5560 Respons.
2012 5502 2025 5545 :

453 5572 569 5646 (10)
601 5570 744 5629 Vide
775 5574 978 5630 eadem
1009 5574 1081 5631 de
1112 5591 1173 5632 re
1205 5572 1358 5632 Guil.
1388 5573 1753 5632 Durandum.

2138 4604 2309 4657 sonat
2338 4600 2471 4671 (10),
2505 4599 2616 4654 sub
2647 4596 2836 4670 gratia
2864 4600 2972 4665 est,
3006 4597 3177 4668 cujus
3206 4601 3411 4668 typum
3452 4592 3626 4651 tertia
3683 4610 3787 4650 no-

2137 4692 2346 4744 cturna
2389 4687 2561 4760 gerit,
2590 4702 2771 4758 quam
2802 4690 2936 4741 ante
2965 4684 3156 4757 legem
3185 4684 3275 4740 vel
3306 4684 3419 4740 sub
3447 4682 3599 4756 lege,
3628 4684 3790 4755 quod
3890 4680 3901 4685 “

2136 4776 2528 4849 praecedentes
2578 4778 2873 4829 nocturne
2906 4772 3258 4846 signiﬁcant.
3292 4773 3458 4829 Unde
3486 4775 3543 4828 et
3578 4787 3792 4828 omnes

2135 4864 2387 4920 historiae
2420 4880 2546 4935 quae
2577 4862 2689 4918 sibi
2721 4858 2960 4917 Alleluia
3012 4861 3332 4929 vindicant,
3366 4860 3500 4934 plus
3544 4859 3793 4917 Alleluia

2136 4954 2194 5008 in
2255 4953 2424 5007 tertia
2478 4955 2768 5007 nocturna
2822 4951 3214 5022 frequentant.
3246 4950 3307 5005 Si
3348 4947 3681 5022 Epiphania
3731 4950 3791 5006 in

2134 5040 2497 5098 Dominicam
2520 5039 2957 5105 evenerit,nihil
2989 5039 3049 5095 in
3081 5056 3150 5095 ea
3169 5039 3263 5096 die
3292 5040 3363 5096 de
3384 5036 3576 5094 ofﬁcio
3595 5040 3793 5095 Domi-

2136 5130 2275 5186 nicis
2300 5128 2797 5202 tangimus.Quod
2819 5131 3015 5185 tamen
3038 5127 3191 5184 infra
3208 5132 3472 5185 octavam
3500 5128 3630 5200 ejus
3654 5126 3790 5185 ideo

2136 5221 2441 5277 observare
2498 5218 2777 5286 solemus,
2809 5220 2872 5273 ut
2929 5216 3208 5274 lectiones
3256 5222 3312 5273 et
3351 5214 3654 5289 evangelia
3707 5217 3790 5274 fe-

2136 5307 2306 5364 rialia
2335 5325 2463 5380 quae
2518 5308 2590 5364 de
2621 5307 2922 5380 Baptismo
2980 5304 3212 5362 Domini
3269 5307 3503 5371 sonant,
3535 5320 3604 5360 eo
3634 5308 3790 5361 tem-

2138 5412 2277 5470 pore
2299 5396 2474 5454 recite
2484 5400 2641 5468 ntur,
2666 5413 2801 5459 cum
2822 5399 2879 5453 et
2906 5394 3121 5454 festum
3142 5394 3214 5454 de
3232 5393 3532 5470 Baptismo
3552 5394 3795 5457 Domini

2139 5485 2353 5563 agitur.
