3968 6126
204 375 372 445 4009

236 586 241 591 δ
335 513 470 575 CAP.
504 512 642 572 XLI.
675 544 744 556 --
774 512 848 591 De
865 512 1164 573 Dominicis
1189 520 1310 588 post
1338 512 1727 587 Epiphaniam.

198 680 203 681 ί
282 604 343 662 Si
374 607 571 662 autem
599 621 703 678 per
732 605 1144 677 interjacentes
1173 604 1299 661 dies
1329 604 1400 660 ab
1426 603 1756 677 Epiphania
1776 622 1868 661 us-

210 710 324 767 que
352 693 412 749 in
442 697 705 750 octavam
736 694 864 766 ejus
884 693 1193 751 Dominica
1232 693 1507 764 evenerit,
1540 694 1867 750 necessario

210 799 278 839 eo
308 782 402 839 die
432 782 829 839 ecclesiastico
865 782 1175 839 conventui
1198 799 1331 838 cum
1356 782 1704 839 Dominicali
1734 784 1868 838 ofﬁ~

212 872 301 928 cio
324 871 748 941 satisfacimus,
780 888 956 947 quem
988 889 1104 928 non
1134 889 1241 945 pro
1269 871 1617 945 Epiphania,
1635 873 1738 927 sed
1762 889 1866 945 pro

206 960 515 1018 Dominica
543 961 887 1018 convenisse
930 960 1176 1018 scimus.
1208 960 1602 1018 Dominicales
1634 977 1866 1033 quoque

212 1049 425 1123 psalmi
467 1066 604 1106 cum
651 1054 828 1129 cantu
876 1050 948 1106 de
995 1049 1323 1123 Epiphania
1371 1054 1513 1106 sunt
1558 1049 1862 1106 recitandi.

212 1139 308 1195 Sic
338 1138 494 1195 enim
522 1155 757 1195 omnem
788 1138 1153 1196 Dominicam
1183 1138 1505 1196 Dominicis
1534 1138 1865 1196 solemnita-

210 1226 822 1299 tibusinterpositam,
846 1244 952 1283 nec
982 1231 1178 1284 tamen
1206 1227 1511 1284 celebriori
1542 1227 1735 1283 ofﬁcio
1768 1244 1863 1282 oc-

211 1320 509 1390 cupatam,
539 1317 612 1393 de
657 1316 879 1373 eisdem
929 1316 1252 1373 inofﬁciare
1291 1316 1571 1374 solemus.
1603 1317 1865 1373 Privatos

212 1422 449 1480 quoque
462 1405 587 1463 dies
605 1405 1080 1462 solemnitatibus
1101 1405 1552 1462 intervenientes
1569 1405 1652 1462 ita
1671 1407 1865 1463 obser-

208 1513 439 1563 vamus,
470 1500 539 1552 ut
567 1493 968 1553 invitatorium
1000 1499 1058 1551 et
1078 1513 1259 1552 unam
1280 1496 1664 1569 antiphonam
1687 1512 1865 1568 super

209 1584 471 1642 ferialem
494 1588 866 1653 nocturnam,
918 1583 1057 1641 item
1101 1601 1276 1653 vers.,
1308 1585 1773 1658 responsorium,
1807 1587 1864 1640 et

211 1672 848 1751 matutinaleslaudes
895 1677 952 1730 et
1001 1677 1211 1730 cratera
1252 1674 1325 1730 de
1370 1674 1519 1730 festo
1569 1673 1859 1730 dicamus.

206 1763 383 1822 Juxta
401 1763 733 1819 Romanum
753 1762 911 1819 enim
932 1761 1208 1819 Ordinem
1230 1762 1491 1819 ferialem
1512 1765 1860 1823 nocturnam

208 1869 517 1926 nunquam
548 1852 1069 1921 dimittimus,cum
1093 1851 1208 1908 tria
1234 1855 1466 1909 tantum
1489 1852 1862 1923 responsoria

209 1941 484 2010 dicimus,
516 1941 625 1997 nisi
657 1941 717 1996 in
734 1940 1103 1997 hebdomade.
1138 1939 1373 1997 Pascha;
1395 1945 1452 1996 et
1468 1940 1857 1995 Pentecostes.

207 2030 420 2088 Primis
449 2047 584 2103 ergo
614 2028 934 2086 Dominica:
963 2029 1221 2086 officium
1244 2029 1397 2085 infra
1426 2028 1578 2084 hanc
1599 2031 1860 2083 octavam

208 2119 371 2177 omni
401 2135 554 2197 anno
585 2119 695 2174 rite
743 2119 1103 2185 observatur,
1136 2117 1367 2174 etiamsi
1416 2119 1652 2190 propter
1681 2114 1861 2188 pluri-

206 2208 498 2269 ralitatem
520 2207 1024 2265 hebdomadarum
1045 2223 1230 2280 usque
1244 2206 1314 2263 ad
1330 2205 1859 2279 Septuagesimam,

208 2297 597 2371 repetendum
628 2296 1076 2363 videatur,sicut
1100 2299 1158 2352 et
1187 2295 1303 2352 alia
1333 2296 1453 2351 duo
1471 2295 1666 2351 ofﬁcia
1689 2312 1701 2349 :
1724 2296 1861 2353 0m-

205 2389 297 2443 nis
343 2391 511 2454 terra,
558 2385 810 2455 Adorate,
844 2402 980 2442 cum
1039 2385 1338 2442 multoties
1398 2400 1500 2441 sex
1554 2386 1863 2440 occurrant

206 2460 590 2532 hebdomadas
605 2473 698 2530 his
715 2472 922 2531 ofﬁciis
935 2473 1340 2530 inofﬁciandae.
1360 2474 1506 2530 Cum
1528 2477 1726 2529 autem
1744 2487 1862 2527 una

206 2550 440 2621 tantum
463 2562 764 2619 Dominica
803 2562 957 2619 inter
976 2561 1361 2635 Epiphaniam
1393 2565 1449 2618 et
1479 2559 1858 2634 Septuagesi-

209 2668 370 2719 mam
405 2651 634 2719 accidit,
667 2650 783 2707 duo
843 2650 1058 2721 ofﬁcia,
1090 2648 1251 2706 nullo
1303 2650 1696 2712 ecclesiastico
1726 2666 1861 2705 con-

205 2745 384 2797 ventu
406 2740 531 2797 ﬁeri
546 2740 655 2797 hoc
677 2740 959 2814 exigente,
991 2739 1052 2794 in
1073 2755 1252 2795 unam
1278 2739 1707 2795 hebdomadam
1729 2754 1860 2794 con-

197 2831 452 2907 jungere
470 2828 723 2896 debebit,
745 2828 1081 2901 quicunque
1118 2827 1347 2884 nullum
1371 2845 1437 2884 eo
1457 2844 1611 2884 anno
1641 2844 1709 2885 ex
1739 2829 1855 2883 sta-

203 2917 350 2991 tutis
367 2916 576 2975 ofﬁciis
597 2917 1038 2991 praetermittere
1066 2916 1330 2973 voluerit.
1347 2918 1471 2974 Non
1503 2934 1639 2989 ergo
1658 2917 1856 2973 minus

205 3009 603 3081 competenter
621 3006 777 3063 idem
803 3006 1062 3063 ofﬁcium
1084 3006 1399 3079 aliquando
1430 3006 1489 3061 in
1523 3004 1639 3065 alia
1659 3006 1855 3063 Domi-

205 3097 341 3155 nica
368 3092 708 3167 repetimus,
740 3110 876 3150 eum
893 3093 1126 3150 nullum
1157 3093 1445 3151 celebrius
1463 3094 1720 3150 ofﬁcium
1751 3094 1854 3150 ha~

202 3182 508 3251 huerimus
537 3182 694 3239 unde
714 3181 1108 3239 ecclesiastico
1139 3182 1448 3239 conventui
1481 3183 1587 3239 rite
1623 3183 1853 3239 satisfa-

206 3288 335 3329 cere
376 3270 696 3328 valeamus.
731 3271 848 3344 Ipsi
889 3287 1123 3344 quoque
1163 3270 1371 3345 privati
1419 3271 1544 3327 dies
1594 3272 1855 3328 Romano
1886 3251 1931 3319 (ἶ

207 3376 371 3421 more
400 3359 658 3416 ofﬁcium
689 3360 901 3432 prioris
948 3360 1266 3419 Dominica:
1321 3359 1627 3432 recipiunt,
1660 3360 1711 3416 si
1743 3378 1860 3417 non

207 3449 448 3509 aliunde
499 3453 896 3522 competenter
940 3448 1247 3506 inofﬁciari
1280 3455 1549 3522 possunt,
1577 3454 1775 3506 tamen
1806 3454 1863 3505 et

209 3554 377 3617 aqua
400 3537 719 3595 benedicta:
740 3537 1335 3613 aspersionemjuxta
1355 3539 1653 3596 decretum
1676 3539 1861 3595 sancti

207 3627 521 3693 Alexandri
547 3643 733 3701 papa},
779 3630 873 3684 et:
907 3627 1076 3685 Credo
1120 3629 1182 3682 in
1227 3645 1423 3695 unum,
1455 3645 1572 3684 non
1619 3628 1863 3684 dimitti-

212 3734 369 3773 mus.

210 3824 344 3883 ΟΑΡ.
372 3823 532 3879 XLII.
565 3854 633 3863 -—
666 3827 749 3879 De
776 3823 983 3880 duobus
1029 3825 1184 3894 festis
1232 3826 1293 3879 in
1343 3841 1519 3881 unum
1566 3826 1712 3881 diem
1739 3842 1865 3881 conv

851 3897 1201 3952 currentibus
1213 3939 1225 3951 .

218 4054 223 4059 ο
287 3984 430 4039 Cum
462 3983 591 4040 duae
622 3982 966 4042 festivitates
1015 4001 1221 4041 novem
1246 3983 1563 4041 lectionum
1594 3985 1654 4041 in
1684 4002 1869 4041 unum

211 4073 370 4138 diem
402 4078 781 4141 concurrunt,
816 4090 1068 4147 quarum
1122 4078 1370 4147 utraque
1401 4074 1644 4148 plenum
1676 4091 1781 4148 per
1811 4091 1872 4131 se

213 4160 397 4239 exigit
423 4160 705 4229 ofﬁcium,
727 4160 1104 4218 celebriorem
1126 4179 1194 4219 ex
1215 4164 1440 4237 integro
1470 4165 1870 4233 observamus,

216 4248 464 4309 alterius
494 4264 627 4303 vero
654 4252 856 4320 postea
885 4253 1119 4304 tantum
1150 4253 1493 4308 memoriam
1524 4254 1776 4326 agimus.
1813 4255 1872 4310 Si

212 4341 420 4415 autem
448 4340 695 4408 utraque
726 4336 973 4408 pleniter
1004 4338 1367 4394 observanda
1410 4340 1659 4409 videtur,
1683 4349 1785 4398 aut
1815 4342 1874 4398 in

1631 324 2186 449 ‘MIGROLOGUS.

3452 382 3624 462 4010

1885 516 1940 584 Α
1968 516 2075 572 tim
2108 514 2530 592 compleantur,
2564 517 2651 578 vel
2678 535 2864 576 unum
2894 535 3096 578 eorum
3141 516 3199 575 in
3252 517 3435 577 alium
3464 520 3620 579 diem

1982 604 2318 665 differatur:
2351 625 2467 664 non
2497 612 2619 665 tam
2648 608 2902 682 generali
2926 610 3106 665 totius
3130 608 3402 667 Ecclesiae
3431 611 3622 668 obser-

1973 692 2399 769 vationi,quam
2429 698 2667 770 privatae
2697 697 3104 771 religiosorum
3138 698 3425 755 vacationi
3456 700 3619 772 adja-

1976 798 2102 837 eere
2129 783 2376 853 videtur,
2414 787 2512 859 qui
2545 786 2772 842 nullum
2820 788 2891 843 de
2940 785 3108 844 statis
3146 786 3354 843 ofﬁciis
3384 792 3619 860 printer-

1977 871 2205 927 mittere
2234 873 2452 930 volunt.

2065 988 2200 1043 CAP.
2224 988 2416 1046 XLIII.
2447 1020 2517 1031 —-
2547 962 2620 1045 lle
2648 992 2986 1118 mags/ribus
3014 993 3272 1049 Romanis
3298 995 3530 1065 pontiﬁ-

2680 1079 2730 1117 ci
2806 1079 2852 1118 ε.
3458 1076 3461 1079 ‘

2680 1076 2852 1119 ribus.
3458 1076 3461 1079 λ

2044 1176 2377 1247 Gregorius,
2410 1176 2589 1248 hujus
2620 1178 2875 1233 nominis
2898 1195 3050 1250 papa
3079 1178 3364 1251 septimus
3395 1183 3621 1253 aposto-

1972 1262 2093 1320 lica:
2117 1264 2237 1321 sedi
2252 1266 2904 1338 praesidens,constituit
2922 1270 3332 1324 utsanctorum
3354 1271 3619 1325 omnium

1974 1353 2368 1409 Romanorum
2407 1355 2750 1427 pontiﬁcum
2794 1359 2852 1411 et
2908 1360 3231 1428 martyrum
3279 1358 3619 1414 festivitates

1972 1442 2311 1499 solemniter
2342 1444 2559 1515 ubique
2606 1461 2741 1499 cum
2781 1444 2954 1517 pleno
2997 1445 3187 1501 ofﬁcio
3235 1445 3615 1502 celebrentur.

1973 1531 2121 1586 Nam
2170 1547 2303 1587 cum
2352 1531 2626 1603 quaelibet
2662 1531 2907 1588 ecclesia
2955 1532 3048 1589 sui
3097 1534 3348 1605 patroni,
3384 1536 3616 1593 etiamsi

1971 1618 2271 1674 confessor
2297 1618 2713 1687 fuerit,festum
2745 1620 3087 1676 solemniter
3105 1621 3617 1696 observet,quanto

1971 1707 2160 1779 magis
2189 1722 2391 1765 eorum
2422 1707 2522 1780 qui
2553 1708 2735 1764 totius
2778 1708 3049 1765 Ecclesiae
3089 1726 3205 1764 non
3238 1713 3358 1766 tam
3389 1712 3616 1782 patroni

1973 1812 2148 1867 quam
2195 1797 2395 1852 Patres
2447 1797 2813 1865 exstiterunt,
2848 1814 3026 1869 quam
3085 1799 3262 1854 etiam
3311 1816 3500 1873 usque
3545 1802 3616 1857 ad

1890 1887 1938 1953 B
1971 1884 2319 1958 martyrium
2344 1885 2536 1941 verbis
2551 1890 2611 1941 et
2652 1886 2933 1959 exemplis
2955 1886 3261 1944 instituere
3292 1906 3406 1946 non
3439 1890 3617 1945 desti-

1970 1977 2169 2029 terunt
2188 1975 2216 2029 ?
2232 1973 2380 2030 Nota
2394 1978 2586 2030 autem
2610 1980 2879 2031 sanctum
2906 1970 3250 2051 GregOrium
3274 1994 3487 2051 papam
3506 1979 3621 2052 pri-

1974 2078 2135 2117 mum
2168 2063 2228 2117 in
2261 2063 2536 2119 Graduali
2568 2063 2717 2120 libro
2737 2065 2809 2120 de
2838 2063 2932 2121 his
2960 2066 3317 2138 martyribus
3364 2067 3519 2124 sicut
3547 2069 3619 2126 de

1972 2150 2403 2208 confessoribus
2454 2152 2833 2224 pontiﬁeialia
2851 2153 3178 2210 instituisse
3209 2154 3421 2224 ofﬁcia,
3453 2160 3517 2211 ut
3548 2157 3617 2212 de

1971 2243 2172 2295 sancto
2198 2239 2491 2308 Marcello,
2532 2239 2793 2313 antiph.:
2849 2244 3074 2308 Statuit,
3108 2246 3166 2297 et
3213 2243 3284 2298 de
3339 2247 3394 2298 S.
3430 2244 3615 2300 Felice

1970 2326 2193 2400 antiph.
2221 2345 2236 2382 :
2266 2329 2597 2396 Sacerdotes,
2631 2334 2688 2385 et
2737 2329 2845 2385 hoc
2903 2331 3108 2402 utique
3159 2332 3304 2389 satis
3359 2348 3615 2404 congrue

1969 2420 2205 2487 propter
2258 2416 2659 2473 excellentiam
2717 2417 3020 2490 dignitatis
3087 2419 3439 2491 apostolicae.
3495 2421 3613 2477 Hoc

1969 2505 2150 2560 etiam
2173 2506 2524 2561 attendendo
2559 2507 2808 2578 majores
2829 2507 3012 2563 nostri
3039 2508 3111 2563 de
3139 2508 3362 2564 eisdem
3394 2510 3613 2565 sanctis

1969 2593 2370 2650 eonfessorum
2401 2594 2593 2650 ofﬁcia
2612 2596 2686 2650 ad
2714 2611 2953 2651 cursum
2980 2595 3096 2651 diei
3117 2600 3175 2652 et
3202 2597 3388 2653 noctis
3410 2597 3614 2670 legun-

1968 2685 2066 2738 tur
2086 2683 2443 2751 observasse,
2478 2699 2605 2755 quaa
2631 2688 2689 2739 et
2718 2683 3010 2756 pontiﬁcis
3039 2683 3382 2756 dignitatem
3409 2685 3614 2741 eodem

1968 2771 2142 2827 modo
2158 2771 2800 2840 insinuant,nectamen
2821 2772 2882 2828 in
2904 2772 3099 2845 aliquo
3113 2788 3315 2831 eorum
3338 2774 3615 2847 martyrio

1967 2860 2537 2931 praejudieantJdem
2551 2866 2606 2917 et
2622 2862 2693 2917 de
2706 2865 2907 2917 sancto
2918 2861 3289 2934 Appollinare
3304 2858 3617 2919 observan-

1967 2948 2107 3003 dum
2133 2965 2257 3004 esse
2275 2948 2745 3005 Gradualisliber
2762 2950 3148 3006 demonstrat.
3180 2946 3252 3005 Et
3279 2952 3353 3006 de
3380 2951 3454 3008 iis
3485 2951 3614 3024 qui~

1966 3037 2101 3092 dem
2130 3036 2349 3092 sanctis
2381 3037 2658 3109 hymnus,
2689 3036 3111 3106 invitatorium,
3142 3054 3379 3094 versus:
3427 3039 3614 3095 Gloria

1964 3128 2019 3181 et
2046 3124 2265 3191 honoro,
2299 3127 2561 3189 Posuisti,
2610 3127 2857 3194 Domine,
2886 3126 3083 3195 Magna
3123 3129 3203 3182 est
3240 3127 3427 3195 gloria
3471 3127 3610 3199 ejus,

1966 3217 2372 3281 cantantur,ut
2403 3215 2472 3269 de
2503 3215 2880 3286 martyribus;
2904 3214 3128 3286 reliqua
3155 3231 3290 3270 vero
3323 3231 3427 3286 per
3458 3216 3611 3271 ordi-

1967 3318 2102 3359 nem
2127 3306 2185 3357 et
2215 3302 2286 3358 de
2317 3302 2771 3358 eonfessoribus.
2804 3302 3052 3365 Quidam
3078 3304 3275 3358 autem
3320 3304 3608 3371 moderni,

1968 3392 2168 3448 minus
2198 3391 2568 3447 concordiam
2598 3389 2926 3447 ofﬁciorum
2958 3392 3345 3461 attendentes,
3378 3392 3448 3448 de
3494 3391 3613 3448 illis

1970 3496 2206 3537 omnem
2231 3484 2471 3551 cantum
2494 3484 2559 3535 ut
2576 3481 2649 3536 de
2681 3481 3037 3553 martyribus
3068 3480 3617 3554 observant,praater

1973 3570 2046 3626 ad
2075 3569 2313 3626 Missam
2340 3587 2353 3639 ;
2379 3573 2706 3625 asserentes
2736 3585 3062 3642 congruum
3085 3586 3215 3626 esse
3236 3572 3322 3641 ut,
3354 3576 3522 3627 nocte
3546 3571 3618 3626 de

1974 3659 2253 3733 martyrio
2282 3675 2507 3727 eorum,
2539 3659 2611 3714 ad
2644 3658 2887 3715 missam
2918 3662 3136 3728 autem,
3171 3661 3242 3716 de
3276 3659 3620 3717 sacerdotali

1975 3764 2178 3805 eorum
2210 3747 2493 3819 dignitate
2522 3752 2751 3820 agatur.
2784 3748 2894 3803 Sed
2919 3747 3352 3805 convenientior
3393 3748 3625 3803 videtur

1977 3835 2345 3909 superiorum
2375 3836 2873 3892 observatio.Nam
2896 3836 3159 3891 missain
3191 3836 3453 3907 ’quolibet
3480 3838 3626 3892 festo

1978 3924 2204 3996 reliqua
2232 3922 2381 3979 solet
2406 3922 2724 3979 informare
2752 3924 2968 3980 ofﬁcia.

2229 4039 2366 4095 CAP.
2399 4038 2581 4093 XLIV.
2615 4070 2683 4079 —
2711 4041 2786 4095 De
2815 4041 3016 4096 octavis
3043 4048 3379 4096 sanctorum.

2053 4157 2227 4213 Juxta
2256 4156 2579 4211 Romanam
2610 4155 3018 4211 auctoritatem
3057 4152 3356 4212 nullorum
3396 4158 3633 4211 sancto-

1986 4264 2116 4305 rum
2141 4250 2374 4302 octavas
2396 4243 2700 4299 observare
2743 4242 3051 4315 debemus,
3083 4242 3195 4300 nisi
3232 4242 3387 4299 unde
3416 4246 3634 4299 certam

1986 4336 2244 4407 aliquam
2262 4332 2633 4388 traditionem
2657 4349 2689 4386 a
2703 4331 2922 4388 sanctis
2937 4332 3206 4389 Patribus
3222 4332 3639 4389 habemus.Eo-

220 4427 358 4499 ipsa
386 4424 483 4481 die
504 4424 792 4481 ambabus
816 4424 1049 4499 singula
1071 4426 1264 4482 ofﬁcia
1280 4426 1701 4498 persolvantur,
1710 4433 1881 4502 juxta
1990 4442 2116 4480 rum
2140 4438 2373 4496 quoque
2404 4438 2654 4492 (1110mm
2701 4425 2930 4477 οοιᾶνᾶε
2975 4421 3361 4488 celebramus,
3413 4419 3640 4478 1111118111

224 4513 383 4595 quod
414 4517 472 4590 et
500 4516 742 4570 sanctus
773 4514 1089 4587 Gregorius
1132 4514 1191 4570 in
1241 4516 1706 4573 Sacramentario
1735 4523 1792 4573 et
1822 4519 1881 4574 in

226 4600 508 4659 Graduali
531 4601 682 4657 libro
704 4600 1012 4674 aliquoties
1036 4601 1138 4658 uni
1165 4603 1278 4660 diei
1313 4602 1452 4658 bina
1470 4604 1742 4677 ascripsit
1766 4607 1880 4676 [as-
1913 4622 1960 4685 Β

226 4688 428 4769 peribit]
460 4690 675 4759 ofﬁcia,
707 4694 808 4746 aut
838 4707 957 4747 una
985 4706 1187 4747 earum
1236 4692 1295 4747 in
1352 4694 1693 4763 sequentem
1725 4692 1882 4748 diem

222 4778 714 4857 diiferatur,sieut
741 4784 983 4836 sanctus
1011 4780 1326 4854 Gregorius
1347 4796 1500 4854 papa
1518 4780 1735 4837 festum
1758 4797 1888 4837 san-

230 4863 308 4919 eti
328 4863 488 4920 Pauli
507 4870 642 4938 post
664 4867 877 4923 festum
920 4867 1107 4924 sancti
1148 4867 1297 4924 Petri
1345 4868 1530 4925 voluit
1557 4869 1883 4926 observare.

229 4953 376 5011 Nam
408 4951 570 5010 illam
606 4956 1049 5028 usurpationem
1078 4972 1207 5028 quae
1234 4974 1304 5012 ex
1331 4958 1562 5014 duobus
1591 4958 1801 5015 ofﬁciis
1828 4958 1888 5014 in

232 5031 354 5097 una
374 5041 467 5119 die
490 5043 892 5114 observandis,
924 5061 1109 5100 unum
1130 5044 1515 5117 incomposite
1547 5045 1889 5119 compingit,

234 5134 575 5188 sanctorum
623 5133 866 5189 Patrum
916 5133 1232 5190 auctoritas
1281 5150 1397 5190 non
1452 5134 1709 5190 admittit
1739 5136 1893 5207 (quas

237 5235 472 5292 semper
501 5237 608 5278 nos
630 5221 691 5276 in
710 5222 919 5278 ofﬁciis
932 5221 1304 5277 concordiam
1326 5224 1618 5278 custodire
1650 5241 1892 5295 praemo-

238 5307 415 5379 nuit),
449 5308 715 5389 videlicet
743 5316 809 5366 ut
840 5327 1016 5366 unam
1062 5314 1407 5365 nocturnam
1457 5311 1528 5367 de
1577 5329 1693 5367 uno
1726 5314 1893 5379 festo,

238 5395 497 5468 reliquas
522 5397 594 5454 de
614 5397 728 5477 alio
750 5399 1145 5456 observemus.
1178 5399 1257 5454 Eo
1289 5398 1445 5455 enim
1468 5405 1635 5473 pacto
1668 5401 1717 5457 si
1751 5401 1895 5457 utri-

239 5500 356 5556 que
376 5483 525 5541 festo
550 5486 885 5543 satisfacere
913 5487 1538 5555 niteremur,neutrum
1560 5488 1755 5545 debita
1775 5490 1897 5546 ofﬁ-

236 5571 465 5630 ciorum
515 5575 839 5631 reverentia
888 5573 1216 5632 celebrasse
1267 5577 1764 5633 convinceremur.
1824 5577 1897 5633 Ut

239 5665 437 5720 autem
467 5661 720 5721 duorum
751 5663 1034 5721 festorum
1065 5663 1257 5721 ofﬁcia
1286 5663 1345 5721 in
1380 5682 1496 5722 uno
1530 5666 1623 5723 die
1654 5682 1894 5739 separa-

1988 4511 2391 4584 quotidianam
2417 4510 2775 4565 mentionem
2808 4526 2912 4583 per
2940 4510 3354 4584 interjacentes
3385 4510 3510 4567 dies
3527 4509 3645 4583 agi-

1991 4600 2289 4670 mus,quia
2332 4597 2557 4653 nullam
2589 4598 2996 4655 auctoritatem
3030 4600 3163 4657 inde
3206 4600 3514 4667 habemus,
3547 4614 3645 4653 ex-

1994 4688 2176 4758 ceptis
2208 4688 2279 4742 de
2304 4686 2364 4741 S.
2402 4687 2584 4742 Maria
2612 4690 2668 4742 et
2698 4687 2770 4742 de
2807 4688 2865 4743 S.
2899 4687 3087 4754 Petro,
3139 4704 3389 4760 quorum
3422 4702 3643 4743 memo-

1994 4777 2143 4831 riam
2166 4779 2223 4830 et
2253 4774 2366 4830 alio
2384 4777 2644 4846 tempore
2673 4792 2788 4829 non
2820 4792 3125 4832 cessamus
3156 4776 3548 4847 frequentare.
3582 4773 3645 4827 In

1996 4865 2143 4920 festo
2161 4862 2475 4935 cujuslibet
2487 4864 2672 4927 sancti
2691 4863 2869 4919 trium
2884 4864 3386 4936 responsoriorum
3397 4864 3649 4930 ,noetur—

2000 4972 2135 5011 nam
2156 4956 2530 5025 [nocturnas]
2553 4970 2666 5011 non
2689 4954 3080 5023 dimittimus;
3108 4959 3310 5009 sancto
3348 4957 3548 5007 tamen
3567 4948 3651 5003 in-

1997 5043 2356 5109 vitatorium,
2392 5042 2833 5113 responsorium
2865 5046 2921 5097 et
2947 5040 3331 5098 matutinales
3364 5039 3653 5106 1audes,et

2000 5133 2116 5190 alia
2141 5148 2328 5203 usque
2351 5130 2422 5185 ad
2448 5130 2619 5185 ﬁnem
2648 5130 2842 5186 missa:
2881 5129 3259 5186 concedimus
3283 5147 3296 5196 ;
3332 5126 3560 5199 reliqua
3582 5126 3654 5181 de

2006 5221 2480 5277 ferialibus.Nam
2494 5220 2664 5291 juxta
2679 5221 3003 5275 Romanam
3019 5217 3507 5276 consuetudinem
3529 5216 3657 5272 nul—

2009 5310 2321 5368 liussancti
2365 5309 2543 5365 trium
2577 5310 3082 5381 responsoriorum
3124 5308 3481 5365 mentionem
3517 5306 3655 5362 faci-

2006 5418 2141 5456 mus
2162 5404 2295 5472 post
2320 5398 2585 5465 missam,
2615 5397 2734 5454 sive
2758 5396 2858 5453 illa
2882 5402 3129 5453 canatur
3145 5397 3217 5453 ad
3249 5396 3507 5463 tertiam,
3540 5396 3660 5451 sive

2007 5489 2078 5544 ad
2110 5491 2353 5545 sextam.
2388 5488 2510 5544 Imo
2540 5503 2675 5543 cum
2706 5486 2835 5560 ipsa
2862 5487 3047 5543 missa
3085 5485 3442 5543 mentionem
3474 5483 3661 5542 sancti

2008 5576 2269 5633 ﬁnimus.
2303 5577 2366 5633 In
2399 5578 2546 5633 festo
2595 5580 2791 5632 autem
2840 5592 3047 5632 novem
3106 5575 3422 5632 lectionum
3463 5574 3663 5630 omnia

2006 5683 2193 5738 usque
2224 5666 2296 5722 ad
2328 5666 2647 5723 secundam
2673 5680 2974 5738 vesperam
3004 5666 3075 5722 de
3101 5665 3247 5722 festo
3281 5664 3533 5737 agimus.
