3950 6144
405 388 556 462 1011

543 533 678 591 CAP.
710 532 875 590 XLV.
909 564 977 576 -—
1006 535 1080 590 De
1108 535 1286 606 priori
1313 548 1531 604 vespera
1562 533 1910 590 Dominicali.

469 625 608 682 Post
647 628 909 682 octavam
957 623 1312 695 Epiphaniae,
1345 621 1461 678 sive
1518 624 1740 696 privata
1789 623 1914 679 dies
1945 624 2039 692 sit,

395 712 520 770 sive
548 712 870 778 Dominica,
901 711 1175 782 leguntur
1221 709 1490 782 Epistols:
1543 711 1706 766 Pauli
1753 729 1940 784 usque
1970 714 2041 768 ad

390 799 1088 874 Septuagesimam.Prior
1115 815 1357 871 vespera
1387 800 1700 871 cujuslibet
1731 801 2042 857 Dominica:

390 890 710 946 crastinam
747 887 924 961 exigit
978 888 1327 955 orationem,
1361 890 1500 962 quia
1553 889 1878 961 capitulum
1911 895 2044 946 ante

391 978 702 1050 Magniﬁca!
739 977 1005 1049 sequenti
1064 977 1379 1033 ascribitur
1419 963 1758 1044 Dominica},
1808 980 1961 1035 sicut
1984 980 2044 1034 in

395 1065 688 1123 dominica
728 1067 800 1121 de
847 1065 1115 1122 Adventu
1163 1065 1416 1133 Domini,
1449 1075 1502 1122 et
1552 1068 2041 1139 Quadragesimae,

393 1155 516 1212 sive
547 1153 840 1228 passionis
869 1153 1185 1210 Dominica;
1235 1156 1670 1227 comprobatur,
1703 1157 1854 1229 quod
1899 1163 1954 1213 et
1985 1158 2041 1212 in

394 1246 527 1302 aliis
539 1243 1011 1302 solemnitatibus
1025 1261 1169 1315 pene
1182 1261 1605 1317 usquequaque
1619 1247 2040 1318 frequentatur.

395 1334 514 1392 Hoc
545 1335 748 1408 utique
779 1337 838 1389 et
868 1333 1239 1405 responsoria
1267 1337 1326 1389 et
1373 1335 1706 1407 antiphonae
1759 1336 2039 1401 indicant,

395 1441 525 1498 quae
555 1425 626 1480 de
655 1423 912 1480 crastina
939 1422 1183 1478 historia
1213 1423 1284 1478 ad
1317 1422 1568 1495 priorem
1613 1441 1914 1497 vesperam
1947 1443 2042 1482 so-

393 1514 516 1572 lent
543 1512 871 1585 anticipari.
904 1511 1236 1584 Aliquando
1269 1518 1466 1568 tamen
1500 1512 1705 1568 ultima
1726 1514 2045 1586 antiphona

393 1605 466 1662 de
497 1601 792 1676 evangelio
823 1601 1036 1674 prioris
1067 1600 1378 1657 Dominicae
1415 1603 1486 1656 ad
1517 1619 1816 1674 vesperam
1841 1603 2042 1676 praedi-

393 1698 548 1750 ctam
579 1694 928 1758 reservatur,
961 1694 1026 1745 ut
1053 1689 1113 1744 in
1145 1691 1463 1745 Dominicis
1493 1695 1626 1762 post
1655 1692 2038 1763 Epiphaniam

390 1787 451 1838 et
479 1780 722 1846 Pascha,
766 1796 895 1851 quas
944 1783 1138 1834 tamen
1183 1779 1327 1834 adeo
1379 1781 1750 1851 concordant,
1785 1787 1848 1835 ut
1888 1783 2039 1837 anti-

1769 397 2083 465 MONUM.
2129 398 2442 466 urnae.
2532 364 2534 366 ’

2074 537 2128 603 Α
2159 534 2228 590 de
2256 534 2330 592 iis
2361 534 2610 608 singulis
2641 535 2699 592 in
2723 535 2925 593 eodem
2957 533 3221 608 symbolo
3272 515 3471 608 aliqua
3516 535 3804 608 reperitur

3656 373 3808 463 101's

2154 626 2650 681 commemoratio.
2685 627 2802 680 Hoc
2835 642 3069 698 quoque
3117 625 3442 681 notandum
3483 625 3646 698 quod
3679 642 3799 680 cum

2156 714 2338 769 Gloria
2369 716 2427 769 in
2457 716 2682 770 excelsis
2714 732 2944 787 semper
2972 715 3298 770 dalmaticaa
3330 718 3387 770 et
3415 715 3799 770 subdiacona-

2153 800 2232 856 lia
2263 807 2666 859 resumuntur.

2454 896 2586 948 CAP.
2609 892 2821 948 XLVIl.
2856 925 2922 933 ——
2952 895 3028 948 De
3056 895 3496 965 Seplu-agesima.

2225 984 2288 1037 In
2317 983 2759 1055 Septuagesima
2789 981 3257 1054 Heptateuchum
3301 981 3609 1054 incipiunt.
3646 981 3799 1037 Unde

2152 1078 2207 1127 et
2234 1071 2557 1127 Alexander
2577 1088 2729 1144 papa
2750 1071 3046 1126 secundus
3078 1070 3384 1126 constituit
3413 1075 3480 1125 ut
3499 1087 3800 1143 responso-

2153 1160 2239 1215 ria
2267 1159 2337 1214 de
2359 1160 2562 1215 eadem
2585 1159 2830 1216 historia
2853 1159 2911 1214 in
2951 1159 3153 1215 eadem
3178 1158 3481 1215 Dominica
3512 1147 3796 1231 incipian—

2152 1253 2402 1321 tur,qua3
2426 1254 2482 1304 et
2503 1250 2562 1303 in
2588 1249 2852 1320 sequenti
2876 1249 3178 1304 Dominica
3199 1250 3794 1320 repetantur.AlleIuic

2154 1339 2330 1393 etiam
2363 1337 2422 1392 in
2454 1339 2705 1393 Sabbato
2737 1338 2808 1392 ad
2841 1353 3141 1410 vesperam
3155 1337 3339 1408 jussit
3391 1337 3614 1393 dimitti
3669 1345 3790 1393 ante

2151 1426 2766 1499 Septuagesimam.Ah
2799 1426 2939 1481 hinc
2969 1442 3156 1498 usque
3189 1425 3246 1480 in
3279 1430 3510 1481 Cinnam
3547 1427 3786 1490 Domini,

2154 1517 2216 1572 Te
2245 1518 2435 1581 Deam,
2472 1516 2654 1570 Gloria
2679 1517 2739 1570 in
2781 1515 3027 1581 excelsis,
3053 1518 3126 1571 Ite
3164 1517 3331 1570 missa
3360 1520 3458 1571 est.
3494 1520 3642 1570 Item
3671 1516 3788 1570 dal-

2153 1603 2375 1658 maticw
2398 1607 2456 1658 et
2475 1601 2917 1658 subdiaconalia
2933 1603 3175 1674 antiquo
3208 1618 3367 1658 more
3399 1602 3786 1657 dimittuntur.

2150 1691 2213 1747 In
2243 1691 2528 1748 hissextili
2561 1709 2714 1747 anno
2746 1691 3105 1747 nativitatem
3139 1692 3325 1748 sancti
3375 1692 3632 1748 Matthiae
3663 1710 3787 1765 apo-

2151 1781 2284 1838 stoli
2315 1781 2562 1836 colimus
2584 1782 2642 1836 in
2667 1781 2768 1836 illa
2802 1780 2895 1836 die
2931 1799 3059 1852 qua:
3083 1781 3346 1853 vigiliam
3376 1783 3505 1852 ejus
3539 1782 3786 1853 proxime

389 1869 588 1944 phona
614 1868 992 1942 praecedentis
1026 1867 1337 1923 Dominica:
1359 1868 1602 1924 orationi
1630 1870 2042 1942 subsequentis
2070 1907 2118 1971 Β
2150 1872 2437 1944 sequitur,
2472 1889 2587 1926 non
2645 1870 2703 1926 in
2749 1871 2884 1936 alia,
2916 1888 3041 1943 quae
3094 1875 3330 1947 prepter
3374 1871 3702 1929 bissextum
3731 1890 3786 1928 eo

389 1959 610 2034 optime
638 1957 962 2014 conveniat.

387 2069 524 2126 CAP.
555 2065 743 2122 XLVI.
775 2067 851 2120 De
879 2081 1022 2136 aqua
1068 2066 1418 2134 aspersiom's,
1453 2065 1648 2121 Gloria
1680 2067 1738 2121 in
1769 2067 2036 2134 excelsis,

845 2136 927 2192 Ite
959 2136 1141 2192 missa
1164 2139 1274 2204 est,
1303 2140 1357 2192 et
1386 2136 1590 2192 Credo.

459 2227 784 2285 Alexander
813 2243 985 2300 papa,
1008 2242 1044 2281 a
1071 2225 1239 2280 beato
1261 2224 1428 2281 Petro
1451 2225 1713 2296 quintus,
1735 2227 2040 2284 constituit

387 2322 455 2375 ut
473 2317 561 2375 sal
575 2320 634 2372 et
651 2332 806 2388 aqua
817 2315 1298 2370 benedicerentur
1319 2315 1390 2370 ad
1418 2317 1921 2389 conspergendum
1941 2335 2039 2389 po-

388 2408 618 2481 pulum,
639 2403 1046 2462 ethabitacula
1058 2419 1292 2471 eorum;
1317 2405 1472 2475 quod
1486 2409 1543 2460 et
1555 2422 1662 2461 nos
1676 2406 1732 2460 in
1747 2405 1904 2461 omni
1924 2407 2033 2462 Do-

386 2497 606 2554 minica
613 2495 784 2566 juxta
802 2509 1055 2549 canones
1068 2491 1786 2564 sequimur.Symmachus
1798 2512 1968 2568 papa,
1979 2496 2035 2551 in

386 2585 592 2642 ordine
621 2581 1144 2656 quinquagesimus
1185 2580 1489 2636 constituit
1527 2586 1592 2636 ut
1629 2583 1686 2636 in
1715 2583 2034 2641 Dominicis

383 2673 593 2731 diebus
613 2675 672 2728 et
699 2669 984 2726 natalitiis
1006 2673 1328 2741 martyrum
1367 2669 1622 2741 hymnus
1640 2672 1824 2728 Gloria
1853 2674 1916 2726 in
1944 2689 2035 2729 ex-

380 2762 539 2818 celsis
562 2759 969 2830 dicatur,quod
987 2761 1044 2813 et
1058 2773 1165 2813 nos
1186 2757 1566 2815 observamus
1588 2759 1647 2815 in
1661 2761 1821 2816 omni
1843 2761 2035 2818 Domi-

379 2850 514 2907 nica
531 2847 670 2904 etin
688 2846 853 2903 festis
875 2862 1084 2902 novem
1115 2845 1458 2916 lectionum,
1479 2853 1714 2920 excepto
1731 2849 1884 2907 infra
1911 2853 2031 2907 Ad-

376 2941 620 2996 ventum
633 2934 952 3004 Domini,et
974 2953 1010 2991 a
1030 2934 1476 3008 Septuagesima
1495 2937 1750 3010 usquein
1776 2939 2027 2998 Pascha:

378 3028 439 3085 in
469 3027 544 3084 iis
563 3031 763 3083 tamen
785 3025 992 3082 diebus
1011 3023 1230 3080 natalia
1250 3025 1648 3096 apostolorum
1662 3032 1720 3084 et
1741 3029 1890 3086 festa
1901 3047 2032 3086 san-

379 3121 484 3176 ctm
515 3115 886 3188 Mariesjuxta
898 3115 1220 3171 Romanam
1243 3116 1731 3172 consuetudinem
1756 3118 1941 3175 Gloria
1971 3121 2031 3174 in

377 3207 606 3266 excelsis
627 3203 937 3278 recipiunt.
973 3205 1214 3276 Semper
1233 3209 1428 3259 autem
1461 3221 1594 3260 cum
1645 3205 1828 3263 Gloria
1863 3210 1923 3263 in
1941 3225 2033 3264 ex-

2148 1977 2300 2016 anno
2331 1959 2390 2015 in
2419 1961 2621 2016 eodem
2654 1959 3000 2016 Kalendario
3031 1959 3293 2016 iteratur.

2146 2067 2279 2122 CAP.
2304 2066 2543 2122 XLVIII.
2575 2097 2644 2107 --
2674 2068 2747 2122 De
2783 2068 2938 2137 festis
2995 2069 3144 2138 infra
3201 2066 3671 2138 Septuagesimam
3719 2069 3789 2126 vel

2484 2139 3004 2209 Quinquagesimam
3036 2139 3466 2194 occurrentibus.

2217 2227 2274 2282 Si
2296 2227 2625 2284 Puriﬁcatio
2655 2231 2867 2283 sanctae
2899 2225 3089 2282 Mariae
3114 2227 3265 2283 infra
3290 2228 3786 2302 Septuagesimam

2145 2316 2580 2385 evenerit,nihil
2604 2316 2662 2372 in
2687 2332 2754 2372 ea
2761 2317 2932 2387 juxta
2953 2319 3275 2372 Romanam
3307 2319 3788 2374 consuetudinem

2144 2412 2352 2479 praeter
2391 2407 2626 2461 Alleluia
2656 2405 2727 2459 de
2773 2403 2944 2459 solita
3001 2403 3420 2477 glorificatione
3471 2410 3786 2463 mutamus.

2143 2496 2381 2567 Sergius
2411 2511 2582 2568 papa,
2616 2512 2650 2549 a
2696 2494 2863 2549 beato
2903 2494 3070 2549 Petro
3129 2495 3527 2567 octogesimus
3575 2501 3789 2562 sextus,

2142 2584 2446 2640 constituit
2465 2588 2530 2638 ut
2551 2583 2758 2638 diebus
2786 2582 3264 2639 Annuntiationis
3288 2583 3545 2652 Domini,
3579 2589 3636 2640 et
3660 2586 3792 2641 Dor-

2141 2671 2402 2729 mitionis
2433 2675 2489 2728 et
2518 2670 2844 2728 Nalivitatis
2882 2675 3093 2727 sanctae
3141 2672 3355 2741 Mariae,
3389 2676 3448 2729 et
3484 2675 3672 2730 sancti
3706 2675 3790 2732 Si—

2141 2762 2384 2827 meonis,
2419 2761 2575 2833 quod
2606 2761 2784 2816 Graeci
2819 2769 3014 2829 ὑπαντή
3043 2765 3268 2828 vocant,
3300 2761 3528 2819 Litania
3567 2769 3730 2820 exeat
3762 2781 3792 2819 a

2140 2852 2352 2907 Sancto
2383 2850 2656 2917 Adriano,
2691 2853 2748 2904 et
2783 2850 2855 2904 ad
2907 2849 3183 2905 Sanctam
3229 2849 3474 2905 Mariam
3537 2851 3792 2924 populus

2139 2943 2422 2996 occurrat.
2449 2947 2670 3006 Ὕπαντή
2692 2942 2887 2994 autem
2901 2940 3791 3012 nuncupaturobvialio,quiave-

2139 3028 2427 3085 nerabiles
2476 3045 2734 3100 personae
2766 3027 3002 3083 Simeon
3040 3032 3098 3082 et
3143 3031 3312 3082 Anna
3355 3044 3420 3083 eo
3471 3028 3567 3084 die
3597 3029 3790 3084 obvia-

2139 3123 2277 3173 runt
2305 3116 2568 3184 Domino,
2601 3117 2746 3171 dum
2794 3120 3244 3188 praesentaretur
3275 3117 3333 3170 in
3373 3116 3612 3188 templo.
3649 3119 3788 3173 Item

2139 3206 2489 3262 Cathedram
2539 3204 2725 3260 sancti
2781 3204 2931 3260 Petri
2985 3205 3158 3260 etiam
3215 3205 3367 3259 infra
3425 3205 3794 3279 Septuagesi-

383 3297 541 3355 celsis
569 3275 840 3352 etiam—Te
885 3294 1056 3350 Deum
1107 3275 1166 3349 et
1213 3295 1289 3349 Ite
1340 3296 1510 3350 missa
1556 3303 1634 3350 est
1691 3297 2029 3369 recitamus,
2059 3275 2103 3343 (ἶ
2141 3313 2299 3351 mam
2330 3300 2387 3349 et
2414 3293 2929 3349 Annuntiationem
2960 3297 3015 3348 S.
3048 3293 3239 3348 Mariae
3271 3293 3423 3348 infra
3453 3275 3784 3367 Quadrage-

389 3385 505 3444 nisi
536 3385 608 3442 de
650 3383 962 3441 Nativitate
993 3382 1223 3438 Domini
1249 3381 1308 3436 in
1342 3388 1508 3438 nocte
1551 3388 1608 3439 et
1629 3383 1689 3439 in
1721 3388 1893 3442 Ccena
1919 3387 2032 3443 Do-

387 3473 556 3539 mini,
584 3477 643 3528 et
668 3472 728 3528 in
757 3471 955 3544 vigilia
983 3470 1216 3527 Pascha:
1247 3474 1304 3526 et
1349 3472 1736 3530 Pentecostes.
1765 3475 2032 3548 Congrue

383 3567 583 3620 autem
616 3563 675 3617 et
695 3561 757 3616 in
795 3559 1020 3616 festivis
1070 3558 1277 3615 diebus
1332 3563 1412 3616 Ite
1439 3563 1607 3616 missa
1661 3567 1740 3618 est
1793 3564 2026 3633 dicitur,

384 3650 526 3724 quia
548 3654 689 3706 tunc
716 3647 1006 3720 generalis
1049 3651 1368 3704 conventus
1409 3649 1685 3706 celebrari
1729 3652 1895 3720 solet,
1928 3655 2030 3726 qui

381 3756 484 3812 per
495 3737 836 3809 hujusmodi
859 3736 1360 3792 denuntiationem
1379 3737 1675 3795 licentiam
1689 3740 2027 3799 discedendi

380 3827 642 3901 accipere
669 3825 835 3884 solet.
866 3826 954 3881 Ad
985 3825 1332 3897 quotidiana
1361 3831 1557 3882 autem
1589 3828 1903 3886 missarum
1932 3851 2024 3888 so-

374 3916 591 3974 lemnia
615 3932 730 3972 non
759 3913 1110 3988 generaliter
1139 3915 1213 3970 ab
1243 3915 1650 3984 omnibus,sed
1675 3935 1710 3974 a
1737 3919 2024 3992 religiosis

371 4004 838 4078 convenitur,qui
862 4003 995 4076 plus
1016 4003 1424 4076 spiritualihus
1447 4006 1692 4078 negotiis
1716 4025 1892 4080 quam
1919 4027 2022 4064 sce-

369 4095 670 4153 cularihus
699 4093 1134 4167 invigilant,qui
1166 4098 1225 4150 et
1256 4093 1648 4168 reliqua,dum
1673 4096 2021 4164 licet,ofﬁcia

367 4185 630 4259 quotidie
658 4184 1051 4256 frequentant.
1084 4184 1234 4255 Ergo
1286 4185 1694 4241 convenienter
1733 4185 1850 4241 illis
1889 4193 2021 4259 post

366 4275 636 4342 missam,
663 4276 729 4327 ut
758 4289 876 4328 non
908 4273 1108 4328 statim
1139 4272 1462 4340 discedant,
1489 4275 1586 4328 sed
1619 4279 1683 4329 ut
1704 4275 2017 4333 Dominum

364 4363 732 4428 benedicant,
765 4359 1166 4416 denuntiatur.
1198 4361 1345 4416 Huic
1393 4362 1699 4417 assertioni
1749 4369 1805 4419 et
1830 4364 2016 4420 eccle-

364 4448 602 4506 siastica
622 4449 983 4504 consuetudo
1003 4449 1233 4506 videtur
1249 4449 1575 4522 astipulari,
1609 4452 1747 4522 quia
1785 4470 1918 4510 cum
1943 4457 2015 4512 Ite

360 4540 531 4594 missa
557 4542 636 4595 est
665 4537 941 4604 dicimus,
972 4537 1044 4592 ad
1064 4536 1346 4610 populum
1367 4538 1672 4608 vertimur,
1694 4559 1869 4614 quem
1893 4544 2011 4600 dis-

2140 3384 2352 3440 simam
2383 3382 2812 3440 solemnissime
2851 3399 2983 3438 cum
3033 3381 3362 3438 dalmaticis
3419 3387 3479 3437 et
3511 3382 3698 3438 Gloria
3732 3387 3788 3439 in

2138 3475 2362 3531 excelsis
2387 3474 2645 3528 Romano
2667 3489 2826 3528 more
2843 3471 3223 3528 celebramus.
3243 3471 3559 3527 Sciendum
3591 3477 3786 3528 autem

2139 3564 2292 3636 quod
2328 3562 2678 3618 Laodicense
2703 3559 3036 3630 concilium,
3069 3577 3196 3632 cap.
3245 3561 3336 3626 51,
3371 3560 3682 3630 constituit
3727 3568 3787 3617 ut

2139 3650 2816 3722 natalitiamartyrumin
2839 3650 3299 3722 Quadragesima
3337 3667 3452 3705 non
3493 3649 3786 3706 celebren-

2137 3747 2253 3808 tur,
2283 3741 2384 3796 sed
2407 3756 2608 3795 eorum
2633 3738 3108 3794 commemoratio
3136 3739 3236 3794 ﬁat
3258 3738 3314 3794 in
3338 3739 3547 3793 diebus
3570 3739 3786 3794 Sabba-

2134 3837 2351 3897 torum,
2381 3829 2468 3885 vel
2496 3827 2955 3884 Dominicorum.
2989 3827 3152 3893 Quod
3202 3827 3294 3883 hic
3337 3827 3447 3882 soli
3501 3833 3789 3900 martyres

2137 3920 2534 3986 nominantur,
2569 3917 2678 3972 hoc
2709 3916 2835 3973 ideo
2867 3915 3006 3988 quia
3039 3916 3298 3971 nondum
3326 3916 3480 3988 apud
3513 3917 3788 3988 antiquos

2135 4007 2419 4064 memoria
2457 4006 2859 4061 confessorum
2908 4005 3051 4060 adeo
3101 4003 3345 4059 celebris
3405 4004 3535 4058 fuit.
3591 4005 3784 4060 Sancti

2131 4114 2364 4170 quoque
2395 4096 2592 4151 Patres
2624 4093 2684 4148 in
2726 4093 3002 4148 Toletano
3049 4092 3294 4148 concilio
3342 4093 3414 4148 de
3459 4095 3788 4148 Annuntia-

2129 4187 2286 4242 tione
2317 4186 2375 4241 S.
2407 4184 2596 4238 Mariae
2630 4182 3064 4237 constituerunt
3099 4186 3162 4236 ut
3211 4182 3281 4236 de
3325 4181 3788 4254 Quadragesima

2126 4275 2184 4330 in
2217 4275 2286 4330 45
2314 4273 2604 4329 Kalendas
2623 4270 2890 4328 Januarii
2910 4270 3454 4334 transferretur,uhi
3476 4271 3785 4326 annuatim

2124 4363 2464 4420 solemniter
2474 4365 2531 4417 et
2543 4360 2950 4417 convenienter
2963 4364 3097 4414 ante
3111 4357 3309 4414 Natale
3327 4358 3561 4414 Domini
3585 4363 3786 4432 posset

2122 4452 2402 4508 celebrari
2427 4469 2440 4518 ;
2474 4454 2538 4504 ut
2560 4454 2699 4522 puta
2719 4464 2853 4504 cum
2876 4447 3076 4502 omnia
3097 4445 3256 4502 illius
3278 4447 3561 4518 temporis
3589 4447 3786 4503 officia

2123 4544 2193 4597 de
2213 4541 2416 4597 eadem
2431 4543 2700 4595 resonent
2715 4535 3192 4604 Annuntiatione,
3213 4539 3278 4591 ut
3304 4535 3364 4590 in
3386 4536 3781 4592 Ambrosiana

359 4625 563 4683 cedere
583 4627 866 4699 jubemus
896 4650 910 4694 ;
941 4641 1077 4682 cum
1123 4629 1316 4682 autem
1365 4627 1754 4685 Benedicamas
1783 4633 2011 4690 Domino
2041 4648 2087 4712 Β
2121 4631 2462 4686 observatur
2484 4626 2858 4684 ecclesia.Sed
2888 4624 3216 4697 nos,magis
3249 4628 3464 4680 sancta:
3499 4624 3780 4681 Romanae

357 4715 634 4782 dicimus,
666 4733 782 4771 non
814 4715 887 4771 ad
918 4715 1222 4788 populum,
1256 4716 1356 4771 sed
1381 4716 1452 4771 ad
1485 4716 1688 4784 altare,
1723 4718 1780 4774 id
1815 4726 1905 4776 est
1933 4723 2004 4777 ad

353 4805 668 4862 Dominum
696 4804 1241 4877 vertimur,nosque
1271 4805 1428 4878 ipsos
1461 4823 1576 4862 non
1599 4809 1669 4863 ad
1703 4809 2005 4866 disceden-

351 4896 518 4966 dum,
551 4885 653 4952 sed
686 4895 758 4951 ad
797 4895 1258 4951 benedicendum
1305 4896 1551 4950 Domino
1599 4897 2001 4957 adhortamur.

349 4985 669 5042 Sciendum
690 4987 888 5041 tamen
919 4984 1075 5056 quod
1110 4988 1184 5040 Ile
1213 4985 1384 5039 missa
1403 4988 1478 5039 est
1504 4984 1654 5041 infra
1673 4987 2002 5044 Adventum

348 5073 580 5130 Domini
599 5077 658 5131 et
694 5073 1196 5146 Septuagesimam
1221 5090 1334 5128 non
1357 5073 1632 5129 recitatur
1657 5093 1669 5140 ;
1694 5093 1808 5131 non
1832 5079 1998 5148 quasi

347 5177 414 5218 eo
427 5167 690 5236 tempore
711 5161 912 5218 nullus
935 5162 1037 5216 ﬁat
1049 5166 1367 5216 conventus
1384 5162 1482 5234 qui
1499 5162 1574 5218 sit
1589 5163 1996 5235 dimittendus,

347 5250 449 5304 sed
480 5251 674 5321 potius
696 5267 800 5323 pro
822 5249 1069 5306 tristitia
1093 5249 1374 5322 temporis
1413 5249 1788 5307 insinuanda.
1821 5254 1910 5308 Sic
1943 5261 2001 5310 et

345 5337 531 5392 Gloria
557 5341 619 5393 in
646 5341 876 5395 excelsis
905 5338 1242 5395 dimittitur.
1280 5338 1446 5395 Credo
1493 5342 1555 5395 in
1612 5357 1808 5410 unum,
1829 5342 2000 5412 juxta

341 5427 682 5492 canones,in
713 5429 872 5483 omni
892 5428 1198 5484 Dominica
1218 5433 1275 5484 et
1294 5428 1354 5482 in
1378 5429 1652 5484 omnibus
1676 5429 1997 5488 Dominicis

340 5511 986 5585 solemnitatibus,item
1018 5518 1076 5572 in
1112 5517 1273 5572 festis
1299 5521 1512 5572 sanctae
1545 5518 1738 5573 Mariae
1771 5524 1828 5574 et
1856 5538 1993 5592 apo-

337 5599 709 5668 stolorum,et
737 5613 952 5658 sancta:
984 5605 1196 5672 crucis,
1222 5611 1278 5660 et
1309 5606 1584 5660 Omnium
1620 5607 1988 5678 Sanctorum,

334 5692 390 5745 et
419 5689 1004 5758 dedicationis,debet
1020 5693 1374 5763 cantari,nec
1405 5694 1698 5754 immerito
1727 5714 1740 5767 ;
1766 5713 1903 5752 nam
1929 5701 1986 5754 et

2115 4719 2383 4776 Ecclesiae
2434 4732 2656 4772 morem
2701 4717 2989 4786 gerentes,
3035 4713 3190 4768 infra
3248 4713 3780 4785 Quadragesimam

2113 4808 2274 4863 illam
2288 4807 2672 4870 celebramus,
2696 4803 2850 4858 sicut
2869 4805 2926 4857 et
2947 4801 3196 4858 aliorum
3216 4819 3331 4874 quo
3350 4802 3624 4857 rumdam
3651 4820 3784 4859 san-

2115 4902 2363 4953 ctorum.
2397 4893 2763 4967 Synodaliter
2801 4895 2997 4946 autem
3029 4890 3244 4964 legitur
3266 4894 3556 4946 statutum
3589 4896 3656 4947 ut
3689 4909 3778 4948 ea-

2113 4987 2245 5042 dem
2275 4983 2736 5050 Annuntiatio,si
2768 4981 2826 5035 in
2857 4979 3052 5036 triduo
3075 4985 3210 5036 ante
3235 4979 3460 5038 Pascha
3479 4987 3780 5047 occurrat,

2111 5076 2169 5129 in
2204 5073 2458 5128 Sabbato
2499 5075 2632 5126 ante
2679 5069 2909 5126 Palmas
2962 5068 3346 5141 anticipetur;
3399 5068 3502 5140 qui
3561 5069 3692 5124 dies
3723 5073 3776 5125 et

2111 5163 2342 5234 proprio
2377 5160 2566 5216 officio
2597 5164 2774 5226 caret,
2804 5161 2860 5213 et
2891 5175 2992 5230 per
3025 5161 3218 5212 totum
3267 5173 3491 5212 annum
3523 5174 3766 5214 venera-

2110 5252 2250 5306 tioni
2286 5252 2344 5306 S.
2380 5248 2572 5304 Marica
2605 5248 2752 5304 solet
2781 5246 3217 5302 obsecundare:
3246 5263 3371 5318 quae
3419 5245 3766 5319 anticipatio

2107 5344 2164 5395 et
2192 5339 2352 5394 omni
2385 5337 2713 5394 necessaria
2735 5335 3030 5390 videretur
3058 5351 3234 5401 anno,
3267 5335 3409 5389 dum
3441 5335 3651 5390 eadem
3686 5335 3765 5410 fe-

2105 5427 2334 5484 stivitas
2367 5428 2522 5484 idem
2553 5425 2878 5482 Sabbatum
2904 5422 3308 5495 subsequitur,
3342 5440 3409 5479 eo
3442 5424 3602 5494 quod
3634 5424 3766 5479 dum

2104 5519 2532 5588 subsequentes
2562 5515 2901 5587 septimanae
2929 5511 3181 5586 propriis
3201 5505 3421 5583 .ol‘ﬁciis
3449 5512 3508 5566 in
3527 5517 3765 5568 tantum

2105 5611 2244 5662 sunt
2265 5611 2576 5678 occupatae,
2613 5609 2676 5659 ut
2699 5607 2872 5658 tanta:
2888 5601 3244 5657 solemuitati
3269 5601 3440 5674 digne
3463 5605 3766 5673 nequeant

2099 5687 2406 5752 deservire.
2433 5695 2543 5751 Sed
2577 5711 2684 5750 nos
2715 5691 2860 5748 nihil
2895 5691 2953 5746 in
2985 5691 3091 5748 hac
3125 5691 3376 5748 editione
3407 5694 3628 5748 temere
3662 5707 3762 5747 ca-
