3950 6144
117 252 297 328 1018

1569 252 2098 328 MICROLOGUS.

3380 237 3552 325 mit

118 395 473 455 ncnizatum
502 389 1015 468 deprehendimus.
1038 390 1186 449 Cum
1210 392 1406 450 autem
1437 391 1781 452 festivitates
1809 395 1864 465 Α
1893 396 2113 469 Patres,
2146 396 2258 454 Leo
2284 394 2552 471 Magnus,
2585 394 2873 470 Gelasius,
2897 391 3209 471 Gregorius
3238 376 3561 472 papa-pri?

118 501 343 543 novem
367 484 688 541 lectionum
716 481 777 539 in
808 481 1269 556 Quadragesima
1298 482 1551 555 agimus,
1582 482 1784 543 omnia

116 575 207 632 de
237 575 411 643 festo,
431 574 527 631 die
555 588 623 630 ac
651 575 904 640 nocte,et
926 570 1172 627 missam
1202 572 1273 627 de
1301 570 1431 644 ipso
1462 572 1534 628 ad
1548 571 1782 629 tertiam

118 663 337 722 festive
365 662 726 719 dicimus.De
755 657 1215 733 Quadragesima
1245 675 1378 716 vero
1408 663 1543 733 post
1562 661 1784 717 Benedi-

115 770 321 811 camus
350 750 731 823 antiphonam
764 747 1025 805 ferialem
1056 764 1192 804 cum
1224 748 1495 820 precibus
1542 754 1602 806 et
1647 767 1781 806 ora-

115 845 312 911 tione,
342 845 402 898 et
427 840 540 897 hoc
588 837 661 895 ad
704 836 1062 894 matutinum
1094 840 1153 892 et
1180 852 1488 910 vesperum
1526 841 1780 910 tantum,

118 931 380 991 missam
410 944 643 1003 quoque
671 927 744 983 de
773 926 1232 999 Quadragesima
1278 926 1351 982 ad
1390 927 1615 983 Nonam
1645 938 1781 984 cum

119 1019 557 1098 genuflexione.

445 1109 581 1164 CAP.
610 1105 799 1162 XLIX.
827 1135 896 1145 —-
928 1108 1005 1160 De
1041 1105 1218 1175 capite
1246 1105 1467 1177 iejunii.

206 1201 271 1257 In
301 1196 501 1270 Capite
529 1192 749 1267 Jejunii
788 1193 1033 1250 missam
1063 1190 1316 1249 dicimus
1346 1194 1416 1249 ad
1450 1193 1695 1261 Nonam,
1728 1198 1785 1250 et

120 1288 336 1347 omnia
364 1283 613 1342 facimus
643 1287 711 1339 ut
738 1281 798 1339 in
828 1282 1309 1353 Quadragesima.
1333 1281 1479 1337 Cum
1510 1282 1665 1338 enim
1696 1281 1782 1338 illi

117 1381 387 1451 quatuor
444 1372 569 1429 dies
617 1388 722 1445 pro
773 1368 1201 1443 complemento
1248 1370 1783 1444 Quadragesimalis

107 1465 343 1541 jejunii
388 1461 768 1534 recipiantur,
818 1455 1153 1514 necessario
1205 1457 1782 1531 Quadragesimalem

116 1551 565 1612 observantiam
595 1547 965 1614 obtinebunt,
983 1544 1252 1601 videlicet
1282 1549 1349 1601 ut
1374 1547 1611 1603 tandem
1642 1548 1783 1619 [non

117 1644 269 1715 nisi]
302 1645 437 1715 post
461 1654 765 1712 vesperam
790 1634 1087 1709 jejunium
1119 1632 1394 1705 solvatur,
1417 1634 1570 1691 sicut
1597 1634 1657 1692 in
1688 1653 1783 1692 ca-

119 1731 389 1790 nonibus
417 1724 935 1803 pracipitur,quod
954 1727 1155 1779 tamen
1184 1722 1298 1779 alio
1309 1726 1571 1796 tempore
1582 1725 1781 1780 statim

119 1826 265 1896 post
290 1820 520 1876 Nonam
552 1815 958 1883 solvitur,cum
983 1815 1041 1868 et
1068 1811 1253 1868 missa
1281 1812 1351 1868 ad
1384 1813 1616 1870 Sextam
1641 1813 1786 1872 cele-

120 1913 360 1969 bratur.
393 1907 456 1963 In
487 1906 598 1963 hoc
629 1904 786 1962 enim
831 1901 1346 1975 Quadragesimale
1362 1902 1658 1975 jejunium
1710 1904 1782 1959 ab

127 1997 270 2058 aliis
300 1996 497 2053 differt
525 1994 754 2064 diebus,
785 1991 943 2065 quod
984 1990 1046 2045 in
1093 1988 1226 2046 aliis
1271 1994 1404 2063 post
1444 1992 1687 2060 Nonam,
1720 1990 1781 2045 in

122 2088 245 2146 hoc
293 2089 490 2144 autem
537 2088 670 2158 post
712 2097 1017 2155 vesperam
1049 2079 1283 2135 reficere
1332 2079 1634 2136 debemus.
1666 2080 1782 2136 Nec

113 2180 299 2252 juxta
309 2189 560 2231 canones
573 2167 1247 2246 Quadragesimaliterjej
1258 2185 1329 2224 un
1339 2184 1435 2225 are
1451 2164 1780 2234 censemur,

117 2269 172 2325 si
210 2271 346 2324 ante
371 2278 675 2337 vesperam
706 2259 1026 2316 reficimur.
1058 2262 1207 2332 Ergo
1237 2261 1295 2313 et
1322 2256 1381 2311 in
1414 2255 1508 2311 his
1532 2260 1785 2328 quatuor

119 2356 341 2414 diebus
372 2350 648 2408 similiter
668 2349 941 2422 jejunare
969 2347 1327 2415 debemus,si
1361 2361 1496 2402 cum
1524 2345 1595 2401 iis
1625 2346 1783 2410 Qua-

119 2441 521 2518 dragesimale
543 2438 843 2513 jejunium
873 2434 1192 2509 adimplere
1220 2433 1511 2492 volumus.
1546 2433 1708 2490 Unde
1729 2436 1788 2489 et

121 2534 319 2592 missa
347 2531 408 2588 in
437 2531 512 2588 iis
540 2528 751 2586 diebus
780 2543 895 2583 non
926 2526 1000 2582 ad
1030 2526 1288 2596 Sextam,
1323 2525 1423 2580 sed
1453 2525 1527 2581 ad
1558 2524 1783 2579 Nonam

123 2621 346 2680 merito
371 2619 718 2676 celebratur.
764 2617 866 2673 Est
899 2614 1056 2671 enim
1104 2612 1496 2671 ecclesiastica
1541 2628 1784 2669 consue-

124 2710 277 2768 tudo
309 2712 375 2764 ut
403 2708 477 2765 ad
506 2708 731 2763 Nonam
764 2704 1080 2771 reﬁcietur,
1113 2720 1248 2760 cum
1275 2703 1347 2759 ad
1377 2703 1610 2760 Sextam
1641 2701 1783 2756 mis-

126 2816 265 2857 sam
297 2796 693 2863 celebramus;
725 2795 798 2851 ad
826 2808 1129 2866 vesperam
1159 2797 1378 2860 autem,
1412 2808 1547 2848 cum
1577 2791 1650 2847 ad
1680 2792 1788 2847 No-

125 2904 275 2945 nam
306 2885 810 2952 sacriﬁcamus;ut
838 2899 976 2957 ergo
1006 2888 1064 2939 et
1088 2882 1149 2938 in
1181 2882 1255 2938 iis
1283 2882 1491 2938 diebus
1514 2880 1785 2954 usquead

124 2991 442 3049 vesperam
465 2973 1189 3047 jejunemus,canonicum
1223 2976 1332 3041 est,
1366 2975 1431 3026 ut
1458 2973 1515 3026 et
1542 2969 1787 3025 missam

122 3066 208 3123 ad
239 3064 466 3121 Nonam
495 3061 1189 3119 ditl'eramus.Sciendum
1222 3066 1417 3117 autem
1445 3075 1561 3115 non
1593 3057 1785 3114 solum

1892 491 2109 553 mus,et
2137 487 2515 558 secundus,et
2536 486 3534 560 septimus,constituisseleguntur.

1891 576 2168 632 Tractum
2201 592 2216 632 :
2247 578 2488 644 Domine,
2520 593 2631 631 non
2657 577 3156 649 secundum,quem
3187 577 3248 632 in
3278 568 3553 641 Quadra-'

1890 665 2117 738 gesima
2148 666 2609 739 frequentamus,
2642 683 2759 722 non
2784 669 2905 721 tam
2933 682 3002 721 ex
3032 665 3293 721 Romano
3323 664 3543 721 Ordine

1891 770 2071 827 quam
2092 771 2161 811 ex
2191 760 2391 811 nostra
2418 755 2839 811 consuetudine
2856 771 3232 827 usurpamus;
3258 754 3563 825 Melchiag

1891 844 1995 900 des
2013 860 2183 917 papa,
2215 861 2248 900 a
2272 845 2331 900 B.
2356 845 2522 900 Petro
2542 844 2878 900 tricesimus
2897 843 3126 910 tertius,
3148 843 3453 899 constituit
3474 846 3540 899 ut

1893 932 2093 989 nullus
2121 933 2182 988 in
2216 932 2538 1002 Dominica,
2571 949 2676 989 nec
2718 934 2776 989 in
2809 933 3017 1006 quinta
3052 931 3196 988 feria
3219 932 3537 1004 jejunaret.

1894 1022 2056 1079 Unde
2083 1026 2322 1078 sanctus
2363 1022 2676 1095 Gregorius
2710 1023 2768 1078 in
2800 1022 3181 1095 dispositione
3211 1021 3539 1078 officiorum

1892 1110 2159 1183 quintam
2192 1111 2393 1167 feriam
2427 1111 2578 1167 infra
2608 1112 3127 1184 Quadragesimam
3143 1114 3440 1167 vacantem
3454 1110 3539 1166 di-

1893 1199 2077 1265 misit,
2108 1203 2175 1255 ut
2220 1200 2359 1271 quia
2405 1200 2611 1256 festiva
2648 1204 2790 1266 erat,
2825 1200 2975 1256 sicut
3008 1199 3325 1268 Dominica,
3359 1200 3536 1255 etiam

1891 1288 2083 1344 ofﬁcio
2130 1287 2475 1344 Dominicali
2522 1288 2923 1345 honoraretur.
2978 1290 3090 1345 Sed
3148 1289 3288 1361 quia
3334 1289 3536 1345 eadem

1890 1377 2038 1433 feria
2066 1376 2311 1449 jejuniis
2343 1379 2722 1451 postmodum
2753 1377 3045 1451 applicata
3067 1381 3249 1447 est,ut
3277 1376 3565 1451 reliquaeg

1893 1466 2206 1531 Gregorius
2236 1465 2444 1523 Junior
2472 1467 2678 1523 statuit
2706 1467 2899 1540 [Greg.
2931 1468 3140 1523 Junior
3186 1473 3252 1522 ut
3280 1465 3539 1538 reliquas

1893 1554 2121 1626 statuit]
2138 1571 2267 1612 esse
2297 1555 2619 1612 solemnem
2635 1556 3246 1629 ofﬂciisundecunque
3259 1554 3537 1621 collectis,

1893 1646 1951 1698 et
1980 1644 2232 1699 maxime
2252 1660 2321 1700 ex
2346 1643 2702 1700 mstivalibus
2731 1644 3073 1713 Dominicis,
3106 1645 3262 1700 unde
3298 1648 3357 1700 et
3386 1644 3540 1700 anti-

1893 1732 2099 1804 phonee
2145 1749 2214 1787 ex
2262 1731 2728 1790 Dominicalibus
2779 1732 3095 1806 evangeliis
3125 1732 3348 1805 quintis
3379 1731 3539 1789 feriis

1892 1820 2086 1876 adhuc
2117 1821 2383 1893 ascriptis
2418 1823 2809 1895 reperiuntur,
2841 1828 2907 1878 ut
2936 1839 3003 1878 ex
3032 1820 3348 1896 evangelio:
3366 1826 3541 1878 Homo

1890 1910 2115 1982 quidam
2142 1919 2261 1966 erat
2288 1910 2457 1979 dives,
2486 1915 2543 1968 et
2577 1929 2589 1967 :
2622 1912 2739 1967 Ibat
2765 1914 2948 1975 Iesus;
2974 1916 3032 1967 et
3078 1910 3137 1966 in
3171 1910 3543 1967 hebdomada

1891 2015 2124 2071 quoque
2155 1995 2523 2056 Pentecostes
2553 2001 2761 2073 quinta
2808 2001 2954 2056 feria
3000 1999 3191 2056 ofﬁcio
3231 1998 3539 2056 Dominicas

1890 2087 2263 2144 inofficiatur.
2297 2088 2553 2145 Sabbata
2598 2092 2731 2145 ante
2759 2089 3277 2161 Quadragesimam
3321 2091 3380 2143 et
3407 2091 3542 2143 ante

1890 2176 2124 2233 Palmas
2155 2177 2589 2233 Dominicarum
2621 2193 2863 2234 suarum
2894 2177 3089 2233 officia
3118 2175 3541 2248 recipiunt,nec

1892 2265 2349 2331 immerito,cum
2380 2265 2629 2338 quilibet
2656 2266 2782 2322 dies
2798 2265 3005 2337 privati
3037 2266 3108 2321 de
3128 2264 3254 2321 suis
3284 2264 3544 2321 Domini-

1892 2354 1976 2411 cis
2007 2352 2233 2411 soleant
2262 2354 2588 2410 inofficiari.
2619 2355 2704 2410 Ad
2734 2370 2939 2410 omnes
2964 2353 3138 2411 horas
3169 2354 3541 2427 quadragesi-

1893 2444 2077 2501 males
2121 2460 2314 2517 genua
2359 2444 2669 2500 ﬂectimus.
2704 2444 2847 2500 Item
2888 2443 2962 2499 ad
3006 2441 3272 2512 missam,
3305 2430 3538 2500 etiamsi

1894 2532 2166 2590 salutatio
2198 2533 2487 2605 praecedat
2516 2533 2862 2599 orationem,
2895 2532 3011 2588 nisi
3055 2530 3171 2588 alia
3199 2531 3382 2588 oratio
3412 2531 3539 2588 sine

1895 2621 2243 2693 salutatione
2273 2622 2635 2694 praecesserit
2657 2639 2671 2676 :
2693 2624 2834 2676 tunc
2864 2620 3019 2679 enim
3051 2620 3124 2676 ad
3146 2621 3397 2693 priorem
3416 2614 3542 2677 tan;

1893 2715 2021 2766 tum
2067 2727 2257 2783 genua
2290 2709 2598 2775 flectimus,
2631 2713 2869 2781 excepto
2896 2708 2959 2765 in
2999 2712 3209 2781 quarta
3237 2709 3381 2766 feria
3408 2712 3543 2783 post

1897 2799 2148 2865 Palmas,
2163 2799 2262 2855 ubi
2295 2800 2365 2855 ad
2399 2803 2676 2871 utrasque
2699 2799 2871 2871 juxta
2899 2798 3231 2855 Romanum
3262 2798 3541 2855 Ordinem

1895 2902 2087 2960 genua
2110 2887 2420 2944 ﬂectimus.

2101 2976 2237 3032 CAP.
2271 2977 2358 3031 LI.
2392 3007 2462 3020 -—
2490 2979 2564 3032 De
2591 2978 2838 3033 oratione
2862 2992 3029 3048 super
3052 2978 3333 3049 populum.

1968 3063 2299 3120 Orationem
2331 3081 2509 3138 super
2536 3063 2819 3138 p0pulum
2848 3063 2908 3120 in
2939 3064 3542 3136 Quadragesimaideo

122 3153 468 3220 modernos,
501 3155 569 3207 ut
614 3150 856 3224 quidam
904 3154 1132 3222 putant,
1171 3150 1272 3206 sed
1323 3154 1380 3206 et
1427 3147 1700 3220 antiquos
1749 3164 1784 3203 a
1811 3134 1853 3201 C
1892 3153 2333 3225 frequentamus
2349 3134 2488 3226 quia
2503 3134 2634 3209 cum
2655 3153 2937 3225 majorem
2954 3134 3293 3210 conflictum
3321 3153 3544 3226 injeju-

121 3241 334 3316 Capite
360 3238 578 3313 Jejunii
609 3238 939 3312 incoepisse,
967 3256 1102 3295 cum
1150 3243 1207 3296 et
1244 3239 1302 3295 S.
1336 3238 1651 3311 Gregorius
1699 3236 1781 3291 ibi

120 3329 671 3405 Quadragesimalia
699 3328 894 3386 ofﬁcia
914 3327 1183 3385 videatur
1210 3327 1601 3384 initiasse.Sic
1620 3326 1780 3382 enim

119 3423 191 3479 in
221 3418 599 3494 Gregorianis
629 3418 1113 3475 Sacramentariis
1143 3418 1261 3474 sive
1290 3415 1684 3473 Gradualibus
1712 3413 1782 3470 li-

120 3509 259 3568 bris
290 3507 731 3565 evidentissime
772 3505 1123 3563 declaratur.
1157 3506 1537 3578 Subsequens
1584 3509 1782 3561 tamen

123 3597 442 3663 Dominica
468 3597 703 3669 proprie
732 3595 969 3651 initium
1018 3594 1487 3668 Quadragesimie
1526 3594 1779 3662 dicitur;

126 3687 291 3745 unde
319 3690 380 3743 et
408 3702 521 3741 χιιι
569 3684 695 3742 dies
725 3702 911 3757 usque
959 3684 1019 3740 in
1059 3684 1284 3741 Pascha
1333 3687 1781 3757 computantur;

124 3775 351 3851 quibus
380 3791 515 3831 cum
555 3789 657 3831 sex
686 3773 1021 3831 Dominicas
1052 3772 1482 3843 subtrahimus,
1512 3789 1627 3828 non
1669 3771 1781 3827 nisi

124 3864 377 3939 triginta
405 3880 506 3920 sex
534 3862 594 3919 in
625 3863 983 3920 abstinentia
1012 3863 1413 3920 observamus.
1447 3862 1594 3936 Ergo
1623 3880 1657 3918 a
1685 3862 1785 3918 Ca-

125 3954 252 4030 pite
278 3952 496 4026 Jejunii
527 3952 857 4009 necessario
888 3951 1223 4025 incipimus,
1257 3951 1307 4007 si
1353 3968 1488 4008 cum
1537 3949 1783 4007 Domino

115 4040 422 4118 jejunium
453 4039 842 4114 quadraginta
885 4041 1116 4098 dierum
1160 4040 1452 4113 complere
1487 4040 1782 4096 volumus.

124 4131 353 4191 Exinde
376 4130 552 4187 etiam
585 4130 910 4187 orationem
941 4146 1119 4204 super
1148 4129 1431 4203 populum
1456 4130 1628 4201 juxta
1645 4129 1783 4185 Gre-

127 4220 283 4297 gorii
313 4219 742 4277 institutionem
773 4219 1131 4287 exordimur,
1162 4236 1340 4292 quam
1370 4235 1673 4291 nunquam
1706 4218 1789 4273 di-

127 4310 326 4367 cimus
358 4307 470 4365 nisi
497 4324 627 4365 cum
661 4312 719 4365 et
749 4307 1338 4382 quadragesimaliter
1368 4308 1639 4380 jejunare
1686 4307 1785 4363 de-

124 4400 375 4456 bemus.

505 4487 640 4545 CAP.
677 4488 739 4543 L.
777 4518 841 4531 —
871 4489 945 4544 De
967 4487 1412 4558 Quadragesima.

208 4578 272 4634 In
304 4575 807 4651 Quadragesimali
839 4577 1055 4633 dicitur
1084 4576 1495 4651 prwfationui
1516 4575 1792 4648 corporali

120 4666 535 4742 jejuniojuxta
563 4669 851 4722 statutum
884 4665 1096 4740 Pelagii
1127 4683 1311 4740 papae,
1344 4681 1460 4721 non
1492 4665 1692 4721 minus
1723 4664 1781 4719 in

130 4753 456 4813 Dominicis
484 4771 659 4827 quam
692 4756 752 4811 in
784 4772 987 4812 earum
1018 4756 1249 4812 feriis.A
1270 4754 1572 4812 Dominica
1587 4758 1783 4810 tamen

130 4844 568 4913 Palmarum,eo
596 4844 753 4918 quod
784 4844 865 4900 ibi
896 4845 1196 4918 passienes
1226 4844 1415 4919 legere
1445 4844 1783 4917 incipimus,

132 4932 537 5010 praefationem
557 4933 628 4990 de
660 4950 832 4990 cruce
861 4934 1115 4990 dicimus
1144 4951 1332 5007 usque
1352 4934 1411 4989 in
1433 4938 1666 4990 Omnem
1684 4932 1791 4988 Do-

134 5021 589 5089 mini,videlicet
613 5040 716 5096 per
740 5022 874 5080 illos
901 5023 1166 5097 quinque
1196 5023 1322 5079 dies
1355 5021 1792 5096 quinqueparti-

136 5118 264 5169 tam
282 5112 508 5168 Domini
526 5113 861 5184 passionem
893 5111 1793 5183 intimantes,ipsamquehebdo-

139 5200 382 5259 madam
403 5216 582 5273 quam
614 5201 801 5258 sancti
834 5200 1030 5257 Patres
1052 5199 1331 5272 Majorem
1358 5200 1789 5269 vocant,eadem

135 5289 481 5365 praefatione
508 5289 1031 5346 adornantesmam
1061 5292 1119 5344 et
1147 5286 1695 5344 convenientissime
1723 5304 1790 5343 eo

138 5384 409 5452 tempore
435 5377 654 5435 dicitur
681 5396 815 5436 cum
843 5379 915 5436 de
942 5376 1214 5450 passione
1244 5375 1475 5432 Domini
1506 5380 1625 5433 tam
1655 5393 1789 5450 Spe-

138 5466 372 5526 cialiter
398 5466 681 5541 agitur.ln
712 5469 905 5542 prima
932 5465 1302 5524 hebdomada
1321 5465 1791 5539 Quadragesimaa

139 5555 560 5616 celebrandum
591 5561 680 5615 est
701 5556 998 5631 jejunium
1028 5553 1285 5627 vernale,
1316 5554 1468 5613 sicut
1513 5558 1571 5633 et
1605 5556 1793 5615 sancti

1891 3241 2010 3296 niis
2039 3245 2098 3297 et
2127 3241 2492 3297 orationibus
2516 3245 2719 3297 contra
2740 3241 3032 3314 spiritales
3044 3241 3339 3313 nequitias
3359 3240 3542 3297 sumi-

1891 3347 2046 3399 mus,
2080 3329 2408 3386 necessario
2439 3347 2546 3387 nos
2594 3329 2912 3386 instantius
2959 3329 3076 3387 Deo
3127 3329 3540 3386 commendare

1891 3419 2192 3476 debemus.
2211 3419 2358 3474 Nam
2389 3419 2572 3476 oratio
2604 3422 2736 3491 post
2763 3419 3236 3476 communionem
3267 3436 3372 3493 pro
3398 3417 3541 3476 solis

1891 3507 2466 3564 communicantibus
2497 3507 2644 3564 solet
2673 3524 2858 3565 orare.
2890 3507 3151 3581 Populus
3180 3512 3400 3581 autem,
3430 3508 3541 3564 etsi

1892 3597 2153 3670 quotidie
2207 3597 2266 3652 in
2320 3597 2781 3670 Quadragesima
2828 3598 3152 3666 conveniat,
3184 3614 3303 3653 non
3344 3602 3544 3654 tamen

1893 3686 2176 3758 quotidie,
2210 3690 2275 3740 ut
2302 3686 2559 3753 deberet,
2592 3685 3096 3743 communicat.Ne
3123 3703 3262 3761 ergo
3294 3686 3571 3761 populus'

1892 3774 1974 3830 ita
2021 3774 2281 3830 oratione
2331 3778 2396 3830 ut
2443 3775 2861 3832 communione
2915 3779 3158 3842 careret,
3190 3776 3420 3846 adjecta
3462 3780 3554 3833 est

1892 3862 2075 3919 oratio
2105 3880 2282 3936 super
2304 3863 2677 3935 pupulum,in
2707 3881 2826 3936 qua
2841 3865 3041 3919 nonde
3073 3864 3557 3921 communicatio-
3582 3848 3595 3860 ’

1894 3968 1984 4019 ne,
2019 3952 2119 4007 sed
2153 3953 2224 4007 de
2256 3951 2452 4024 p0pu1i
2487 3952 2848 4024 protectione
2876 3951 3209 4024 specialiter
3238 3956 3458 4009 oratur.
3485 3953 3549 4008 In

1894 4040 2214 4097 Dominicis
2242 4044 2435 4096 tamen
2463 4040 2672 4097 diebus
2692 4058 2809 4097 non
2832 4039 3210 4113 dicitur,quia
3223 4041 3553 4114 genuflexio

1892 4129 2129 4195 vitatur,
2162 4146 2289 4201 quae
2322 4128 2458 4184 huic
2489 4129 2736 4185 orationi
2770 4147 2806 4185 a
2834 4128 3052 4203 populo
3084 4129 3412 4203 antiquitus
3432 4146 3557 4203 per-

1894 4218 2258 4286 solvebatur;
2293 4217 2379 4273 vel
2414 4218 2607 4290 potius
2639 4218 2767 4274 ideo
2797 4218 2937 4291 quia
2967 4235 3191 4285 omnes,
3198 4219 3369 4291 juxta
3402 4223 3553 4276 atte-

1896 4307 2207 4363 stationem
2239 4307 2425 4363 sancti
2457 4306 2837 4377 Ambrosii,in
2853 4307 3556 4365 Dominicisdiebuscom—

1898 4396 2198 4452 municare
2227 4396 2525 4466 deberent,
2560 4395 2777 4469 quibus
2808 4400 2866 4453 et
2910 4397 3095 4453 oratio
3127 4402 3263 4470 post
3290 4414 3553 4455 commu-

1820 4505 1866 4570 Β
1898 4484 2132 4541 nionem
2167 4502 2271 4558 pro
2302 4486 2706 4542 benedictione
2736 4486 3557 4559 sufﬁcereposset.Sciendum

1899 4578 1991 4630 est
2019 4575 2416 4645 autem,juxta
2445 4576 2719 4646 antiquos
2750 4576 3130 4648 Patres,quod
3163 4575 3557 4634 solicommu-

1895 4662 2158 4717 nicantes
2205 4662 2419 4718 divinis
2451 4662 2744 4736 mysteriis
2775 4664 3053 4721 interesse
3103 4671 3565 4756 consueverunt“

1896 4752 2051 4808 unde
2081 4755 2140 4807 et
2171 4755 2306 4808 ante
2336 4751 2692 4809 oblationem
2715 4754 2889 4825 juxta
2917 4769 3172 4809 canones
3192 4751 3562 4825 jubebantur

1896 4840 2052 4897 exire
2082 4840 2487 4897 catechumeni
2518 4847 2575 4897 et
2624 4841 2994 4915 pmnitentes,
3033 4841 3302 4899 videlicet
3331 4842 3432 4916 qui
3472 4842 3565 4918 [ut

1899 4929 2021 5002 qui]
2042 4930 2301 4986 nondum
2324 4947 2387 4987 se
2400 4935 2752 5003 paraverunt
2765 4931 2836 4987 ad
2855 4929 3561 4990 communicandum.Hoc

1901 5036 2134 5091 quoque
2167 5020 2295 5091 ipsa
2314 5019 3027 5076 sacramentoruminnuit
3051 5019 3425 5088 confectio,in
3443 5037 3564 5093 qua

1900 5108 2169 5165 sacerdos
2200 5125 2313 5164 non
2338 5127 2442 5182 pro
2473 5108 2597 5166 sola
2628 5126 2737 5165 sua
2767 5108 3059 5166 oblatione
3079 5111 3138 5165 et
3165 5108 3566 5171 communica.

1898 5198 2078 5266 tione,
2111 5198 2213 5255 sed
2243 5202 2299 5255 et
2329 5198 2582 5256 aliorum
2616 5203 2807 5273 rogat,
2837 5203 2894 5254 et
2925 5197 3178 5254 maxime
3208 5197 3265 5253 in
3298 5197 3565 5255 oratione

1901 5290 2034 5359 post
2058 5288 2554 5360 communionem,
2570 5305 2674 5362 pro
2688 5287 2829 5343 solis
2841 5286 3419 5343 communicantibus
3431 5304 3562 5344 ora-

1901 5393 1962 5432 re
1999 5377 2247 5432 videtur.
2280 5377 2394 5433 Nec
2428 5377 2661 5450 proprie
2693 5376 3030 5433 communio
3051 5376 3167 5433 dici
3200 5380 3414 5451 potest,
3448 5370 3567 5447 nisi

1902 5464 2121 5538 pluries
2142 5466 2213 5522 de
2233 5466 2437 5523 eodem
2460 5466 2746 5523 sacriﬁcio
2767 5466 3312 5540 participent.Apud
3337 5467 3566 5526 Graecos

1902 5554 2081 5613 etiam
2112 5559 2178 5612 ut
2206 5553 2438 5628 legitur,
2468 5554 3068 5614 excommunicandus
3103 5561 3215 5628 est,
3242 5556 3343 5630 qui
3376 5569 3571 5628 usque
