  <div class='ocr_page' id='page_1' title='image "/cluster/home/n/w/nwhite01/storage/ocr_20150623/151/hvd.32044054760095/514.png"; bbox 0 0 3968 6126; ppageno 0'>
   <div class='ocr_carea' id='block_1_1' title="bbox 181 340 347 415">
    <p class='ocr_par' dir='ltr' id='par_1_1' title="bbox 181 340 347 415">
     <span class='ocr_line' id='line_1_1' title="bbox 181 340 347 415; baseline 0 0"><span class='ocrx_word' id='word_1_1' title='bbox 181 340 347 415; x_wconf 62' lang='lat' dir='ltr'>m7</span> 
     </span>
    </p>
   </div>
   <div class='ocr_carea' id='block_1_2' title="bbox 1582 340 2156 417">
    <p class='ocr_par' dir='ltr' id='par_1_2' title="bbox 1582 340 2156 417">
     <span class='ocr_line' id='line_1_2' title="bbox 1582 340 2156 417; baseline -0.007 -2"><span class='ocrx_word' id='word_1_2' title='bbox 1582 340 1589 349; x_wconf 77' lang='grc'><em>’</em></span> <span class='ocrx_word' id='word_1_3' title='bbox 1608 344 2156 417; x_wconf 70' lang='lat' dir='ltr'>MICROLOGUS.</span> 
     </span>
    </p>
   </div>
   <div class='ocr_carea' id='block_1_3' title="bbox 3434 348 3595 423">
    <p class='ocr_par' dir='ltr' id='par_1_3' title="bbox 3434 348 3595 423">
     <span class='ocr_line' id='line_1_3' title="bbox 3434 348 3595 423; baseline 0 -1"><span class='ocrx_word' id='word_1_4' title='bbox 3434 348 3595 423; x_wconf 73' lang='lat' dir='ltr'>IMS</span> 
     </span>
    </p>
   </div>
   <div class='ocr_carea' id='block_1_4' title="bbox 182 481 3590 564">
    <p class='ocr_par' dir='ltr' id='par_1_4' title="bbox 182 481 3590 564">
     <span class='ocr_line' id='line_1_4' title="bbox 182 481 3590 564; baseline 0.004 -24"><span class='ocrx_word' id='word_1_5' title='bbox 182 484 243 540; x_wconf 78' lang='lat' dir='ltr'>in</span> <span class='ocrx_word' id='word_1_6' title='bbox 276 484 619 552; x_wconf 85' lang='lat' dir='ltr'>Sahbatum,</span> <span class='ocrx_word' id='word_1_7' title='bbox 641 482 697 540; x_wconf 67' lang='lat' dir='ltr'>in</span> <span class='ocrx_word' id='word_1_8' title='bbox 732 481 916 556; x_wconf 77' lang='lat' dir='ltr'>Albis,</span> <span class='ocrx_word' id='word_1_9' title='bbox 945 486 1003 541; x_wconf 81' lang='lat' dir='ltr'>&#39;et</span> <span class='ocrx_word' id='word_1_10' title='bbox 1028 500 1071 541; x_wconf 82' lang='lat' dir='ltr'>a</span> <span class='ocrx_word' id='word_1_11' title='bbox 1094 481 1192 541; x_wconf 83' lang='lat' dir='ltr'>die</span> <span class='ocrx_word' id='word_1_12' title='bbox 1237 484 1605 541; x_wconf 88' lang='lat' dir='ltr'>Pentecostes</span> <span class='ocrx_word' id='word_1_13' title='bbox 1643 499 1832 558; x_wconf 88' lang='lat' dir='ltr'>usque</span> <span class='ocrx_word' id='word_1_14' title='bbox 1860 487 1914 554; x_wconf 81' lang='grc' dir='ltr'><strong>Α</strong></span> <span class='ocrx_word' id='word_1_15' title='bbox 1944 481 2319 556; x_wconf 88' lang='lat' dir='ltr'>sponsorium</span> <span class='ocrx_word' id='word_1_16' title='bbox 2352 498 2366 539; x_wconf 88' lang='lat'><strong>:</strong></span> <span class='ocrx_word' id='word_1_17' title='bbox 2399 482 2606 556; x_wconf 81' lang='lat' dir='ltr'>Dignus</span> <span class='ocrx_word' id='word_1_18' title='bbox 2632 500 2708 557; x_wconf 85' lang='lat' dir='ltr'>es,</span> <span class='ocrx_word' id='word_1_19' title='bbox 2738 482 3590 564; x_wconf 80' lang='lat' dir='ltr'>Domine.Responsorium:Au-</span> 
     </span>
    </p>
   </div>
   <div class='ocr_carea' id='block_1_5' title="bbox 184 573 1834 647">
    <p class='ocr_par' dir='ltr' id='par_1_5' title="bbox 184 573 1834 647">
     <span class='ocr_line' id='line_1_5' title="bbox 184 573 1834 647; baseline -0.001 -17"><span class='ocrx_word' id='word_1_20' title='bbox 184 574 245 631; x_wconf 88' lang='lat' dir='ltr'>in</span> <span class='ocrx_word' id='word_1_21' title='bbox 264 573 586 630; x_wconf 71' lang='lat' dir='ltr'>Subhatum</span> <span class='ocrx_word' id='word_1_22' title='bbox 608 575 872 646; x_wconf 78' lang='lat' dir='ltr'>ejusdem</span> <span class='ocrx_word' id='word_1_23' title='bbox 892 574 1415 641; x_wconf 80' lang='lat' dir='ltr'>hebdomadae,tres</span> <span class='ocrx_word' id='word_1_24' title='bbox 1436 573 1693 647; x_wconf 82' lang='lat' dir='ltr'>psalmos</span> <span class='ocrx_word' id='word_1_25' title='bbox 1711 579 1834 630; x_wconf 85' lang='lat' dir='ltr'>tan-</span> 
     </span>
    </p>
   </div>
   <div class='ocr_carea' id='block_1_6' title="bbox 183 662 1834 736">
    <p class='ocr_par' dir='ltr' id='par_1_6' title="bbox 183 662 1834 736">
     <span class='ocr_line' id='line_1_6' title="bbox 183 662 1834 736; baseline -0.001 -17"><span class='ocrx_word' id='word_1_26' title='bbox 183 667 310 719; x_wconf 86' lang='lat' dir='ltr'>tum</span> <span class='ocrx_word' id='word_1_27' title='bbox 341 664 415 719; x_wconf 89' lang='lat' dir='ltr'>ad</span> <span class='ocrx_word' id='word_1_28' title='bbox 443 664 789 733; x_wconf 74' lang='lat' dir='ltr'>Nocturnus,</span> <span class='ocrx_word' id='word_1_29' title='bbox 821 668 1057 736; x_wconf 80' lang='lat' dir='ltr'>tresque</span> <span class='ocrx_word' id='word_1_30' title='bbox 1102 663 1381 720; x_wconf 84' lang='lat' dir='ltr'>lectiones</span> <span class='ocrx_word' id='word_1_31' title='bbox 1401 662 1643 736; x_wconf 90' lang='lat' dir='ltr'>antiquo</span> <span class='ocrx_word' id='word_1_32' title='bbox 1674 680 1834 719; x_wconf 92' lang='lat' dir='ltr'>more</span> 
     </span>
    </p>
   </div>
   <div class='ocr_carea' id='block_1_7' title="bbox 184 752 1832 826">
    <p class='ocr_par' dir='ltr' id='par_1_7' title="bbox 184 752 1832 826">
     <span class='ocr_line' id='line_1_7' title="bbox 184 752 1832 826; baseline -0.001 -18"><span class='ocrx_word' id='word_1_33' title='bbox 184 756 492 809; x_wconf 84' lang='lat' dir='ltr'>cantamus</span> <span class='ocrx_word' id='word_1_34' title='bbox 520 756 579 809; x_wconf 83' lang='lat' dir='ltr'>et</span> <span class='ocrx_word' id='word_1_35' title='bbox 604 752 876 826; x_wconf 85' lang='lat' dir='ltr'>legimus.</span> <span class='ocrx_word' id='word_1_36' title='bbox 896 753 1182 810; x_wconf 87' lang='lat' dir='ltr'>Omnibus</span> <span class='ocrx_word' id='word_1_37' title='bbox 1220 753 1354 810; x_wconf 87' lang='lat' dir='ltr'>aliis</span> <span class='ocrx_word' id='word_1_38' title='bbox 1381 752 1588 809; x_wconf 90' lang='lat' dir='ltr'>diebus</span> <span class='ocrx_word' id='word_1_39' title='bbox 1617 767 1719 824; x_wconf 88' lang='lat' dir='ltr'>per</span> <span class='ocrx_word' id='word_1_40' title='bbox 1746 756 1832 806; x_wconf 89' lang='lat' dir='ltr'>to-</span> 
     </span>
    </p>
   </div>
   <div class='ocr_carea' id='block_1_8' title="bbox 185 840 1837 914">
    <p class='ocr_par' dir='ltr' id='par_1_8' title="bbox 185 840 1837 914">
     <span class='ocr_line' id='line_1_8' title="bbox 185 840 1837 914; baseline -0.001 -17"><span class='ocrx_word' id='word_1_41' title='bbox 185 846 317 898; x_wconf 85' lang='lat' dir='ltr'>tum</span> <span class='ocrx_word' id='word_1_42' title='bbox 346 858 591 911; x_wconf 89' lang='lat' dir='ltr'>annum,</span> <span class='ocrx_word' id='word_1_43' title='bbox 642 842 691 899; x_wconf 88' lang='lat' dir='ltr'>si</span> <span class='ocrx_word' id='word_1_44' title='bbox 739 843 1026 900; x_wconf 75' lang='lat' dir='ltr'>festivitas</span> <span class='ocrx_word' id='word_1_45' title='bbox 1069 846 1178 911; x_wconf 89' lang='lat' dir='ltr'>est,</span> <span class='ocrx_word' id='word_1_46' title='bbox 1220 859 1427 899; x_wconf 91' lang='lat' dir='ltr'>novem</span> <span class='ocrx_word' id='word_1_47' title='bbox 1483 840 1742 914; x_wconf 86' lang='lat' dir='ltr'>psalmos</span> <span class='ocrx_word' id='word_1_48' title='bbox 1781 846 1837 896; x_wconf 90' lang='lat' dir='ltr'>et</span> 
     </span>
    </p>
   </div>
   <div class='ocr_carea' id='block_1_9' title="bbox 188 929 1835 1005">
    <p class='ocr_par' dir='ltr' id='par_1_9' title="bbox 188 929 1835 1005">
     <span class='ocr_line' id='line_1_9' title="bbox 188 929 1835 1005; baseline -0.002 -18"><span class='ocrx_word' id='word_1_49' title='bbox 188 947 397 987; x_wconf 90' lang='lat' dir='ltr'>novem</span> <span class='ocrx_word' id='word_1_50' title='bbox 428 930 703 989; x_wconf 79' lang='lat' dir='ltr'>lectiones</span> <span class='ocrx_word' id='word_1_51' title='bbox 735 936 793 988; x_wconf 90' lang='lat' dir='ltr'>et</span> <span class='ocrx_word' id='word_1_52' title='bbox 834 933 1118 1005; x_wconf 83' lang='lat' dir='ltr'>Respons.</span> <span class='ocrx_word' id='word_1_53' title='bbox 1151 932 1406 988; x_wconf 86' lang='lat' dir='ltr'>dicimus</span> <span class='ocrx_word' id='word_1_54' title='bbox 1432 949 1444 997; x_wconf 88' lang='lat'><strong>;</strong></span> <span class='ocrx_word' id='word_1_55' title='bbox 1479 929 1609 986; x_wconf 91' lang='lat' dir='ltr'>aliis</span> <span class='ocrx_word' id='word_1_56' title='bbox 1641 934 1835 985; x_wconf 89' lang='lat' dir='ltr'>autem</span> 
     </span>
    </p>
   </div>
   <div class='ocr_carea' id='block_1_10' title="bbox 187 1019 1835 1093">
    <p class='ocr_par' dir='ltr' id='par_1_10' title="bbox 187 1019 1835 1093">
     <span class='ocr_line' id='line_1_10' title="bbox 187 1019 1835 1093; baseline 0 -19"><span class='ocrx_word' id='word_1_57' title='bbox 187 1020 399 1077; x_wconf 82' lang='lat' dir='ltr'>diebus</span> <span class='ocrx_word' id='word_1_58' title='bbox 427 1020 737 1076; x_wconf 86' lang='lat' dir='ltr'>duodecim</span> <span class='ocrx_word' id='word_1_59' title='bbox 763 1021 1023 1093; x_wconf 79' lang='lat' dir='ltr'>psalmos</span> <span class='ocrx_word' id='word_1_60' title='bbox 1053 1026 1112 1077; x_wconf 91' lang='lat' dir='ltr'>et</span> <span class='ocrx_word' id='word_1_61' title='bbox 1150 1026 1269 1077; x_wconf 88' lang='lat' dir='ltr'>tres</span> <span class='ocrx_word' id='word_1_62' title='bbox 1307 1019 1586 1076; x_wconf 84' lang='lat' dir='ltr'>lectiones</span> <span class='ocrx_word' id='word_1_63' title='bbox 1633 1019 1835 1074; x_wconf 83' lang='lat' dir='ltr'>recita-</span> 
     </span>
    </p>
   </div>
   <div class='ocr_carea' id='block_1_11' title="bbox 190 1107 1836 1181">
    <p class='ocr_par' dir='ltr' id='par_1_11' title="bbox 190 1107 1836 1181">
     <span class='ocr_line' id='line_1_11' title="bbox 190 1107 1836 1181; baseline -0.001 -17"><span class='ocrx_word' id='word_1_64' title='bbox 190 1125 346 1165; x_wconf 88' lang='lat' dir='ltr'>mus.</span> <span class='ocrx_word' id='word_1_65' title='bbox 381 1109 445 1165; x_wconf 88' lang='lat' dir='ltr'>In</span> <span class='ocrx_word' id='word_1_66' title='bbox 477 1108 683 1165; x_wconf 89' lang='lat' dir='ltr'>diebus</span> <span class='ocrx_word' id='word_1_67' title='bbox 713 1109 1036 1165; x_wconf 81' lang='lat' dir='ltr'>Dominicis</span> <span class='ocrx_word' id='word_1_68' title='bbox 1065 1110 1387 1167; x_wconf 82' lang='lat' dir='ltr'>octodecim</span> <span class='ocrx_word' id='word_1_69' title='bbox 1428 1107 1711 1181; x_wconf 89' lang='lat' dir='ltr'>psalmos,</span> <span class='ocrx_word' id='word_1_70' title='bbox 1741 1124 1836 1163; x_wconf 84' lang='lat' dir='ltr'>ex-</span> 
     </span>
    </p>
   </div>
   <div class='ocr_carea' id='block_1_12' title="bbox 190 1197 1836 1269">
    <p class='ocr_par' dir='ltr' id='par_1_12' title="bbox 190 1197 1836 1269">
     <span class='ocr_line' id='line_1_12' title="bbox 190 1197 1836 1269; baseline -0.002 -15"><span class='ocrx_word' id='word_1_71' title='bbox 190 1201 359 1269; x_wconf 76' lang='lat' dir='ltr'>cepto</span> <span class='ocrx_word' id='word_1_72' title='bbox 389 1198 483 1253; x_wconf 89' lang='lat' dir='ltr'>die</span> <span class='ocrx_word' id='word_1_73' title='bbox 512 1198 770 1269; x_wconf 69' lang='lat' dir='ltr'>Paschss,</span> <span class='ocrx_word' id='word_1_74' title='bbox 800 1202 861 1254; x_wconf 85' lang='lat' dir='ltr'>et</span> <span class='ocrx_word' id='word_1_75' title='bbox 883 1199 975 1254; x_wconf 90' lang='lat' dir='ltr'>die</span> <span class='ocrx_word' id='word_1_76' title='bbox 1002 1202 1459 1263; x_wconf 85' lang='lat' dir='ltr'>Pentecostes,et</span> <span class='ocrx_word' id='word_1_77' title='bbox 1491 1214 1696 1254; x_wconf 88' lang='lat' dir='ltr'>novem</span> <span class='ocrx_word' id='word_1_78' title='bbox 1721 1197 1836 1252; x_wconf 88' lang='lat' dir='ltr'>lec-</span> 
     </span>
    </p>
   </div>
   <div class='ocr_carea' id='block_1_13' title="bbox 189 1286 1835 1360">
    <p class='ocr_par' dir='ltr' id='par_1_13' title="bbox 189 1286 1835 1360">
     <span class='ocr_line' id='line_1_13' title="bbox 189 1286 1835 1360; baseline -0.001 -18"><span class='ocrx_word' id='word_1_79' title='bbox 189 1286 381 1343; x_wconf 79' lang='lat' dir='ltr'>tiones</span> <span class='ocrx_word' id='word_1_80' title='bbox 411 1286 812 1344; x_wconf 86' lang='lat' dir='ltr'>dicimus.Hoc</span> <span class='ocrx_word' id='word_1_81' title='bbox 841 1287 1021 1343; x_wconf 88' lang='lat' dir='ltr'>etiam</span> <span class='ocrx_word' id='word_1_82' title='bbox 1069 1303 1495 1360; x_wconf 86' lang='lat' dir='ltr'>usquequaque</span> <span class='ocrx_word' id='word_1_83' title='bbox 1526 1288 1695 1357; x_wconf 83' lang='lat' dir='ltr'>juxta</span> <span class='ocrx_word' id='word_1_84' title='bbox 1727 1287 1835 1341; x_wconf 79' lang='lat' dir='ltr'>Ro-</span> 
     </span>
    </p>
   </div>
   <div class='ocr_carea' id='block_1_14' title="bbox 191 1375 1836 1448">
    <p class='ocr_par' dir='ltr' id='par_1_14' title="bbox 191 1375 1836 1448">
     <span class='ocr_line' id='line_1_14' title="bbox 191 1375 1836 1448; baseline -0.001 -17"><span class='ocrx_word' id='word_1_85' title='bbox 191 1391 435 1431; x_wconf 84' lang='lat' dir='ltr'>manum</span> <span class='ocrx_word' id='word_1_86' title='bbox 455 1375 733 1431; x_wconf 79' lang='lat' dir='ltr'>Ordinem</span> <span class='ocrx_word' id='word_1_87' title='bbox 764 1375 846 1431; x_wconf 89' lang='lat' dir='ltr'>ita</span> <span class='ocrx_word' id='word_1_88' title='bbox 876 1376 998 1432; x_wconf 84' lang='lat' dir='ltr'>fleri</span> <span class='ocrx_word' id='word_1_89' title='bbox 1031 1377 1441 1442; x_wconf 84' lang='lat' dir='ltr'>statuimus,ut</span> <span class='ocrx_word' id='word_1_90' title='bbox 1462 1392 1644 1448; x_wconf 81' lang='lat' dir='ltr'>supra</span> <span class='ocrx_word' id='word_1_91' title='bbox 1672 1380 1836 1431; x_wconf 87' lang='lat' dir='ltr'>nota-</span> 
     </span>
    </p>
   </div>
   <div class='ocr_carea' id='block_1_15' title="bbox 187 1464 1839 1536">
    <p class='ocr_par' dir='ltr' id='par_1_15' title="bbox 187 1464 1839 1536">
     <span class='ocr_line' id='line_1_15' title="bbox 187 1464 1839 1536; baseline 0 -17"><span class='ocrx_word' id='word_1_92' title='bbox 187 1464 407 1521; x_wconf 87' lang='lat' dir='ltr'>vimus.</span> <span class='ocrx_word' id='word_1_93' title='bbox 438 1465 501 1521; x_wconf 92' lang='lat' dir='ltr'>In</span> <span class='ocrx_word' id='word_1_94' title='bbox 531 1469 731 1521; x_wconf 87' lang='lat' dir='ltr'>octava</span> <span class='ocrx_word' id='word_1_95' title='bbox 762 1465 995 1521; x_wconf 61' lang='lat' dir='ltr'>Pascha;</span> <span class='ocrx_word' id='word_1_96' title='bbox 1025 1465 1330 1521; x_wconf 81' lang='lat' dir='ltr'>historiam</span> <span class='ocrx_word' id='word_1_97' title='bbox 1368 1481 1380 1519; x_wconf 92' lang='lat'>:</span> <span class='ocrx_word' id='word_1_98' title='bbox 1412 1468 1626 1536; x_wconf 83' lang='lat' dir='ltr'>Dignus</span> <span class='ocrx_word' id='word_1_99' title='bbox 1644 1467 1839 1532; x_wconf 91' lang='lat' dir='ltr'>es,Do-</span> 
     </span>
    </p>
   </div>
   <div class='ocr_carea' id='block_1_16' title="bbox 187 1553 1745 1628">
    <p class='ocr_par' dir='ltr' id='par_1_16' title="bbox 187 1553 1745 1628">
     <span class='ocr_line' id='line_1_16' title="bbox 187 1553 1745 1628; baseline 0 -19"><span class='ocrx_word' id='word_1_100' title='bbox 187 1554 423 1623; x_wconf 50' lang='lat' dir='ltr'>minqet</span> <span class='ocrx_word' id='word_1_101' title='bbox 447 1553 836 1628; x_wconf 79' lang='lat' dir='ltr'>Apocalypsin</span> <span class='ocrx_word' id='word_1_102' title='bbox 851 1556 1021 1626; x_wconf 86' lang='lat' dir='ltr'>juxta</span> <span class='ocrx_word' id='word_1_103' title='bbox 1052 1553 1313 1611; x_wconf 89' lang='lat' dir='ltr'>ordinem</span> <span class='ocrx_word' id='word_1_104' title='bbox 1347 1554 1679 1626; x_wconf 85' lang='lat' dir='ltr'>incipimus.</span> <span class='ocrx_word' id='word_1_105' title='bbox 1718 1575 1745 1602; x_wconf 84' lang='lat'>»</span> 
     </span>
    </p>
   </div>
   <div class='ocr_carea' id='block_1_17' title="bbox 327 1642 1709 1716">
    <p class='ocr_par' dir='ltr' id='par_1_17' title="bbox 327 1642 1709 1716">
     <span class='ocr_line' id='line_1_17' title="bbox 327 1642 1709 1716; baseline 0 -19"><span class='ocrx_word' id='word_1_106' title='bbox 327 1642 462 1698; x_wconf 77' lang='lat' dir='ltr'>CAP.</span> <span class='ocrx_word' id='word_1_107' title='bbox 492 1642 603 1698; x_wconf 88' lang='lat' dir='ltr'>LV.</span> <span class='ocrx_word' id='word_1_108' title='bbox 641 1674 685 1684; x_wconf 96' lang='lat'>—</span> <span class='ocrx_word' id='word_1_109' title='bbox 742 1648 818 1700; x_wconf 86' lang='lat' dir='ltr'>De</span> <span class='ocrx_word' id='word_1_110' title='bbox 844 1646 994 1715; x_wconf 78' lang='lat' dir='ltr'>festis</span> <span class='ocrx_word' id='word_1_111' title='bbox 1023 1646 1176 1715; x_wconf 82' lang='lat' dir='ltr'>infra</span> <span class='ocrx_word' id='word_1_112' title='bbox 1204 1643 1462 1716; x_wconf 78' lang='lat' dir='ltr'>paschale</span> <span class='ocrx_word' id='word_1_113' title='bbox 1483 1647 1709 1715; x_wconf 79' lang='lat' dir='ltr'>tempus.</span> 
     </span>
    </p>
   </div>
   <div class='ocr_carea' id='block_1_18' title="bbox 262 1730 1840 1805">
    <p class='ocr_par' dir='ltr' id='par_1_18' title="bbox 262 1730 1840 1805">
     <span class='ocr_line' id='line_1_18' title="bbox 262 1730 1840 1805; baseline -0.002 -18"><span class='ocrx_word' id='word_1_114' title='bbox 262 1730 348 1787; x_wconf 77' lang='lat' dir='ltr'>Ab</span> <span class='ocrx_word' id='word_1_115' title='bbox 376 1736 580 1788; x_wconf 87' lang='lat' dir='ltr'>octava</span> <span class='ocrx_word' id='word_1_116' title='bbox 607 1732 843 1788; x_wconf 73' lang='lat' dir='ltr'>Paschae</span> <span class='ocrx_word' id='word_1_117' title='bbox 872 1749 1060 1805; x_wconf 87' lang='lat' dir='ltr'>usque</span> <span class='ocrx_word' id='word_1_118' title='bbox 1090 1733 1149 1787; x_wconf 91' lang='lat' dir='ltr'>in</span> <span class='ocrx_word' id='word_1_119' title='bbox 1178 1732 1574 1798; x_wconf 88' lang='lat' dir='ltr'>Pentecosten,</span> <span class='ocrx_word' id='word_1_120' title='bbox 1610 1731 1669 1786; x_wconf 91' lang='lat' dir='ltr'>in</span> <span class='ocrx_word' id='word_1_121' title='bbox 1696 1730 1840 1785; x_wconf 84' lang='lat' dir='ltr'>festo</span> 
     </span>
    </p>
   </div>
   <div class='ocr_carea' id='block_1_19' title="bbox 192 1820 1838 1894">
    <p class='ocr_par' dir='ltr' id='par_1_19' title="bbox 192 1820 1838 1894">
     <span class='ocr_line' id='line_1_19' title="bbox 192 1820 1838 1894; baseline -0.002 -16"><span class='ocrx_word' id='word_1_122' title='bbox 192 1820 376 1878; x_wconf 69' lang='lat' dir='ltr'>trium</span> <span class='ocrx_word' id='word_1_123' title='bbox 410 1822 1133 1894; x_wconf 85' lang='lat' dir='ltr'>responsc.iorum,unum</span> <span class='ocrx_word' id='word_1_124' title='bbox 1164 1823 1403 1877; x_wconf 78' lang='lat' dir='ltr'>Alleluia</span> <span class='ocrx_word' id='word_1_125' title='bbox 1423 1825 1653 1876; x_wconf 84' lang='lat' dir='ltr'>tantum</span> <span class='ocrx_word' id='word_1_126' title='bbox 1690 1837 1702 1888; x_wconf 90' lang='lat'><strong>;</strong></span> <span class='ocrx_word' id='word_1_127' title='bbox 1736 1835 1838 1874; x_wconf 92' lang='lat' dir='ltr'>no-</span> 
     </span>
    </p>
   </div>
   <div class='ocr_carea' id='block_1_20' title="bbox 190 1906 1841 1982">
    <p class='ocr_par' dir='ltr' id='par_1_20' title="bbox 190 1906 1841 1982">
     <span class='ocr_line' id='line_1_20' title="bbox 190 1906 1841 1982; baseline -0.002 -15"><span class='ocrx_word' id='word_1_128' title='bbox 190 1926 321 1967; x_wconf 83' lang='lat' dir='ltr'>vem</span> <span class='ocrx_word' id='word_1_129' title='bbox 352 1924 485 1967; x_wconf 88' lang='lat' dir='ltr'>vero</span> <span class='ocrx_word' id='word_1_130' title='bbox 515 1910 852 1982; x_wconf 77' lang='lat' dir='ltr'>lectiorum,</span> <span class='ocrx_word' id='word_1_131' title='bbox 886 1912 1001 1967; x_wconf 90' lang='lat' dir='ltr'>duo</span> <span class='ocrx_word' id='word_1_132' title='bbox 1026 1912 1264 1967; x_wconf 79' lang='lat' dir='ltr'>Alleluia</span> <span class='ocrx_word' id='word_1_133' title='bbox 1285 1906 1625 1966; x_wconf 87' lang='lat' dir='ltr'>admissam</span> <span class='ocrx_word' id='word_1_134' title='bbox 1648 1913 1841 1965; x_wconf 87' lang='lat' dir='ltr'>canta-</span> 
     </span>
    </p>
   </div>
   <div class='ocr_carea' id='block_1_21' title="bbox 192 1998 1840 2067">
    <p class='ocr_par' dir='ltr' id='par_1_21' title="bbox 192 1998 1840 2067">
     <span class='ocr_line' id='line_1_21' title="bbox 192 1998 1840 2067; baseline -0.002 -11"><span class='ocrx_word' id='word_1_135' title='bbox 192 2015 350 2067; x_wconf 84' lang='lat' dir='ltr'>mus,</span> <span class='ocrx_word' id='word_1_136' title='bbox 384 1998 503 2056; x_wconf 85' lang='lat' dir='ltr'>sive</span> <span class='ocrx_word' id='word_1_137' title='bbox 533 2000 606 2056; x_wconf 88' lang='lat' dir='ltr'>de</span> <span class='ocrx_word' id='word_1_138' title='bbox 635 1999 1078 2066; x_wconf 61' lang='lat' dir='ltr'>resurrectione,</span> <span class='ocrx_word' id='word_1_139' title='bbox 1111 2000 1230 2055; x_wconf 90' lang='lat' dir='ltr'>sive</span> <span class='ocrx_word' id='word_1_140' title='bbox 1276 2000 1344 2055; x_wconf 91' lang='lat' dir='ltr'>de</span> <span class='ocrx_word' id='word_1_141' title='bbox 1402 1998 1514 2055; x_wconf 91' lang='lat' dir='ltr'>alio</span> <span class='ocrx_word' id='word_1_142' title='bbox 1572 2000 1741 2054; x_wconf 87' lang='lat' dir='ltr'>festo.</span> <span class='ocrx_word' id='word_1_143' title='bbox 1773 1999 1840 2053; x_wconf 86' lang='lat' dir='ltr'>Et</span> 
     </span>
    </p>
   </div>
   <div class='ocr_carea' id='block_1_22' title="bbox 191 2088 1837 2161">
    <p class='ocr_par' dir='ltr' id='par_1_22' title="bbox 191 2088 1837 2161">
     <span class='ocr_line' id='line_1_22' title="bbox 191 2088 1837 2161; baseline -0.001 -16"><span class='ocrx_word' id='word_1_144' title='bbox 191 2104 327 2145; x_wconf 88' lang='lat' dir='ltr'>cum</span> <span class='ocrx_word' id='word_1_145' title='bbox 359 2089 476 2145; x_wconf 89' lang='lat' dir='ltr'>duo</span> <span class='ocrx_word' id='word_1_146' title='bbox 505 2090 745 2146; x_wconf 81' lang='lat' dir='ltr'>Alleluia</span> <span class='ocrx_word' id='word_1_147' title='bbox 774 2088 1171 2156; x_wconf 90' lang='lat' dir='ltr'>dicimus,non</span> <span class='ocrx_word' id='word_1_148' title='bbox 1203 2089 1598 2161; x_wconf 89' lang='lat' dir='ltr'>primum,sed</span> <span class='ocrx_word' id='word_1_149' title='bbox 1630 2103 1837 2144; x_wconf 88' lang='lat' dir='ltr'>secun-</span> 
     </span>
    </p>
   </div>
   <div class='ocr_carea' id='block_1_23' title="bbox 191 2176 1837 2251">
    <p class='ocr_par' dir='ltr' id='par_1_23' title="bbox 191 2176 1837 2251">
     <span class='ocr_line' id='line_1_23' title="bbox 191 2176 1837 2251; baseline 0 -18"><span class='ocrx_word' id='word_1_150' title='bbox 191 2177 333 2234; x_wconf 89' lang='lat' dir='ltr'>dum</span> <span class='ocrx_word' id='word_1_151' title='bbox 365 2178 701 2251; x_wconf 87' lang='lat' dir='ltr'>repetimus.</span> <span class='ocrx_word' id='word_1_152' title='bbox 730 2178 1136 2234; x_wconf 61' lang='lat' dir='ltr'>Praefationem</span> <span class='ocrx_word' id='word_1_153' title='bbox 1167 2194 1397 2250; x_wconf 89' lang='lat' dir='ltr'>quoque</span> <span class='ocrx_word' id='word_1_154' title='bbox 1420 2193 1608 2249; x_wconf 90' lang='lat' dir='ltr'>usque</span> <span class='ocrx_word' id='word_1_155' title='bbox 1637 2176 1695 2231; x_wconf 91' lang='lat' dir='ltr'>in</span> <span class='ocrx_word' id='word_1_156' title='bbox 1727 2180 1837 2233; x_wconf 85' lang='lat' dir='ltr'>As-</span> 
     </span>
    </p>
   </div>
   <div class='ocr_carea' id='block_1_24' title="bbox 189 2266 1839 2339">
    <p class='ocr_par' dir='ltr' id='par_1_24' title="bbox 189 2266 1839 2339">
     <span class='ocr_line' id='line_1_24' title="bbox 189 2266 1839 2339; baseline -0.001 -16"><span class='ocrx_word' id='word_1_157' title='bbox 189 2266 525 2323; x_wconf 85' lang='lat' dir='ltr'>oensionem</span> <span class='ocrx_word' id='word_1_158' title='bbox 549 2267 783 2323; x_wconf 65' lang='lat' dir='ltr'>Domini</span> <span class='ocrx_word' id='word_1_159' title='bbox 815 2284 931 2322; x_wconf 90' lang='lat' dir='ltr'>non</span> <span class='ocrx_word' id='word_1_160' title='bbox 961 2266 1455 2339; x_wconf 85' lang='lat' dir='ltr'>omittimus,quia</span> <span class='ocrx_word' id='word_1_161' title='bbox 1477 2267 1569 2321; x_wconf 89' lang='lat' dir='ltr'>dic</span> <span class='ocrx_word' id='word_1_162' title='bbox 1594 2270 1650 2321; x_wconf 91' lang='lat' dir='ltr'>ct</span> <span class='ocrx_word' id='word_1_163' title='bbox 1672 2270 1839 2321; x_wconf 91' lang='lat' dir='ltr'>nocte</span> 
     </span>
    </p>
   </div>
   <div class='ocr_carea' id='block_1_25' title="bbox 187 2354 1836 2429">
    <p class='ocr_par' dir='ltr' id='par_1_25' title="bbox 187 2354 1836 2429">
     <span class='ocr_line' id='line_1_25' title="bbox 187 2354 1836 2429; baseline -0.001 -18"><span class='ocrx_word' id='word_1_164' title='bbox 187 2355 469 2413; x_wconf 80' lang='lat' dir='ltr'>Paschale</span> <span class='ocrx_word' id='word_1_165' title='bbox 516 2354 778 2413; x_wconf 79' lang='lat' dir='ltr'>ofﬁcium</span> <span class='ocrx_word' id='word_1_166' title='bbox 809 2355 1193 2412; x_wconf 86' lang='lat' dir='ltr'>celebramus.</span> <span class='ocrx_word' id='word_1_167' title='bbox 1241 2360 1635 2429; x_wconf 87' lang='lat' dir='ltr'>Incongruum</span> <span class='ocrx_word' id='word_1_168' title='bbox 1682 2355 1836 2410; x_wconf 89' lang='lat' dir='ltr'>enim</span> 
     </span>
    </p>
   </div>
   <div class='ocr_carea' id='block_1_26' title="bbox 187 2443 1838 2518">
    <p class='ocr_par' dir='ltr' id='par_1_26' title="bbox 187 2443 1838 2518">
     <span class='ocr_line' id='line_1_26' title="bbox 187 2443 1838 2518; baseline -0.001 -17"><span class='ocrx_word' id='word_1_169' title='bbox 187 2449 346 2501; x_wconf 80' lang='lat' dir='ltr'>esset</span> <span class='ocrx_word' id='word_1_170' title='bbox 373 2449 443 2501; x_wconf 90' lang='lat' dir='ltr'>ut</span> <span class='ocrx_word' id='word_1_171' title='bbox 470 2445 595 2502; x_wconf 86' lang='lat' dir='ltr'>sola</span> <span class='ocrx_word' id='word_1_172' title='bbox 621 2445 884 2518; x_wconf 64' lang='lat' dir='ltr'>praefatio</span> <span class='ocrx_word' id='word_1_173' title='bbox 905 2444 1204 2511; x_wconf 86' lang='lat' dir='ltr'>ferialiter,</span> <span class='ocrx_word' id='word_1_174' title='bbox 1232 2450 1289 2501; x_wconf 91' lang='lat' dir='ltr'>et</span> <span class='ocrx_word' id='word_1_175' title='bbox 1318 2444 1518 2500; x_wconf 90' lang='lat' dir='ltr'>omnia</span> <span class='ocrx_word' id='word_1_176' title='bbox 1547 2443 1661 2500; x_wconf 89' lang='lat' dir='ltr'>alia</span> <span class='ocrx_word' id='word_1_177' title='bbox 1700 2461 1838 2517; x_wconf 90' lang='lat' dir='ltr'>pas-</span> 
     </span>
    </p>
   </div>
   <div class='ocr_carea' id='block_1_27' title="bbox 186 2534 1837 2605">
    <p class='ocr_par' dir='ltr' id='par_1_27' title="bbox 186 2534 1837 2605">
     <span class='ocr_line' id='line_1_27' title="bbox 186 2534 1837 2605; baseline -0.001 -16"><span class='ocrx_word' id='word_1_178' title='bbox 186 2534 434 2591; x_wconf 80' lang='lat' dir='ltr'>chaliter</span> <span class='ocrx_word' id='word_1_179' title='bbox 462 2535 932 2591; x_wconf 74' lang='lat' dir='ltr'>observcrentur.</span> <span class='ocrx_word' id='word_1_180' title='bbox 975 2535 1036 2589; x_wconf 91' lang='lat' dir='ltr'>In</span> <span class='ocrx_word' id='word_1_181' title='bbox 1077 2534 1380 2590; x_wconf 89' lang='lat' dir='ltr'>nativitate</span> <span class='ocrx_word' id='word_1_182' title='bbox 1416 2538 1612 2589; x_wconf 91' lang='lat' dir='ltr'>tamen</span> <span class='ocrx_word' id='word_1_183' title='bbox 1663 2549 1837 2605; x_wconf 89' lang='lat' dir='ltr'>apos-</span> 
     </span>
    </p>
   </div>
   <div class='ocr_carea' id='block_1_28' title="bbox 184 2620 1835 2696">
    <p class='ocr_par' dir='ltr' id='par_1_28' title="bbox 184 2620 1835 2696">
     <span class='ocr_line' id='line_1_28' title="bbox 184 2620 1835 2696; baseline 0 -18"><span class='ocrx_word' id='word_1_184' title='bbox 184 2620 443 2679; x_wconf 88' lang='lat' dir='ltr'>tolorum</span> <span class='ocrx_word' id='word_1_185' title='bbox 476 2623 705 2696; x_wconf 88' lang='lat' dir='ltr'>Philipp</span> <span class='ocrx_word' id='word_1_186' title='bbox 758 2628 816 2679; x_wconf 88' lang='lat' dir='ltr'>et</span> <span class='ocrx_word' id='word_1_187' title='bbox 841 2623 1044 2680; x_wconf 87' lang='lat' dir='ltr'>Jacobi</span> <span class='ocrx_word' id='word_1_188' title='bbox 1077 2622 1475 2696; x_wconf 78' lang='lat' dir='ltr'>praefationem</span> <span class='ocrx_word' id='word_1_189' title='bbox 1505 2623 1576 2679; x_wconf 89' lang='lat' dir='ltr'>de</span> <span class='ocrx_word' id='word_1_190' title='bbox 1606 2627 1835 2695; x_wconf 88' lang='lat' dir='ltr'>aposto-</span> 
     </span>
    </p>
   </div>
   <div class='ocr_carea' id='block_1_29' title="bbox 185 2711 1833 2784">
    <p class='ocr_par' dir='ltr' id='par_1_29' title="bbox 185 2711 1833 2784">
     <span class='ocr_line' id='line_1_29' title="bbox 185 2711 1833 2784; baseline -0.001 -16"><span class='ocrx_word' id='word_1_191' title='bbox 185 2711 264 2768; x_wconf 85' lang='lat' dir='ltr'>lis</span> <span class='ocrx_word' id='word_1_192' title='bbox 292 2711 567 2780; x_wconf 78' lang='lat' dir='ltr'>dicimus,</span> <span class='ocrx_word' id='word_1_193' title='bbox 594 2711 716 2768; x_wconf 74' lang='grc' dir='ltr'>Βίου</span> <span class='ocrx_word' id='word_1_194' title='bbox 774 2716 832 2768; x_wconf 90' lang='lat' dir='ltr'>et</span> <span class='ocrx_word' id='word_1_195' title='bbox 860 2713 930 2767; x_wconf 88' lang='lat' dir='ltr'>de</span> <span class='ocrx_word' id='word_1_196' title='bbox 959 2728 1129 2767; x_wconf 89' lang='lat' dir='ltr'>cruce</span> <span class='ocrx_word' id='word_1_197' title='bbox 1161 2711 1221 2766; x_wconf 91' lang='lat' dir='ltr'>in</span> <span class='ocrx_word' id='word_1_198' title='bbox 1255 2711 1589 2767; x_wconf 88' lang='lat' dir='ltr'>Inventione</span> <span class='ocrx_word' id='word_1_199' title='bbox 1628 2712 1833 2784; x_wconf 87' lang='lat' dir='ltr'>ipsius.</span> 
     </span>
    </p>
   </div>
   <div class='ocr_carea' id='block_1_30' title="bbox 187 2798 1838 2873">
    <p class='ocr_par' dir='ltr' id='par_1_30' title="bbox 187 2798 1838 2873">
     <span class='ocr_line' id='line_1_30' title="bbox 187 2798 1838 2873; baseline -0.001 -17"><span class='ocrx_word' id='word_1_200' title='bbox 187 2800 309 2856; x_wconf 81' lang='lat' dir='ltr'>H00</span> <span class='ocrx_word' id='word_1_201' title='bbox 333 2803 596 2873; x_wconf 86' lang='lat' dir='ltr'>tempore</span> <span class='ocrx_word' id='word_1_202' title='bbox 625 2798 848 2856; x_wconf 89' lang='lat' dir='ltr'>nullius</span> <span class='ocrx_word' id='word_1_203' title='bbox 880 2800 1007 2856; x_wconf 85' lang='lat' dir='ltr'>festi</span> <span class='ocrx_word' id='word_1_204' title='bbox 1038 2799 1295 2873; x_wconf 81' lang='lat' dir='ltr'>vigiliam</span> <span class='ocrx_word' id='word_1_205' title='bbox 1321 2800 1591 2871; x_wconf 89' lang='lat' dir='ltr'>jejunare</span> <span class='ocrx_word' id='word_1_206' title='bbox 1620 2799 1707 2855; x_wconf 88' lang='lat' dir='ltr'>vel</span> <span class='ocrx_word' id='word_1_207' title='bbox 1740 2801 1838 2855; x_wconf 90' lang='lat' dir='ltr'>ob-</span> 
     </span>
    </p>
   </div>
   <div class='ocr_carea' id='block_1_31' title="bbox 188 2888 1836 2960">
    <p class='ocr_par' dir='ltr' id='par_1_31' title="bbox 188 2888 1836 2960">
     <span class='ocr_line' id='line_1_31' title="bbox 188 2888 1836 2960; baseline 0 -15"><span class='ocrx_word' id='word_1_208' title='bbox 188 2902 423 2945; x_wconf 75' lang='lat' dir='ltr'>servare</span> <span class='ocrx_word' id='word_1_209' title='bbox 437 2889 858 2960; x_wconf 83' lang='lat' dir='ltr'>jubemur,nisi</span> <span class='ocrx_word' id='word_1_210' title='bbox 871 2889 1245 2945; x_wconf 88' lang='lat' dir='ltr'>Ascensionis</span> <span class='ocrx_word' id='word_1_211' title='bbox 1257 2892 1314 2944; x_wconf 91' lang='lat' dir='ltr'>et</span> <span class='ocrx_word' id='word_1_212' title='bbox 1325 2888 1836 2945; x_wconf 87' lang='lat' dir='ltr'>Pentecostes.Hoc</span> 
     </span>
    </p>
   </div>
   <div class='ocr_carea' id='block_1_32' title="bbox 190 2976 1838 3051">
    <p class='ocr_par' dir='ltr' id='par_1_32' title="bbox 190 2976 1838 3051">
     <span class='ocr_line' id='line_1_32' title="bbox 190 2976 1838 3051; baseline -0.001 -17"><span class='ocrx_word' id='word_1_213' title='bbox 190 2992 428 3050; x_wconf 78' lang='lat' dir='ltr'>quoque</span> <span class='ocrx_word' id='word_1_214' title='bbox 448 2992 705 3051; x_wconf 83' lang='lat' dir='ltr'>congrue</span> <span class='ocrx_word' id='word_1_215' title='bbox 735 2980 792 3033; x_wconf 89' lang='lat' dir='ltr'>in</span> <span class='ocrx_word' id='word_1_216' title='bbox 824 2979 1098 3034; x_wconf 86' lang='lat' dir='ltr'>omnibus</span> <span class='ocrx_word' id='word_1_217' title='bbox 1136 2976 1350 3050; x_wconf 86' lang='lat' dir='ltr'>vigiliis</span> <span class='ocrx_word' id='word_1_218' title='bbox 1379 2978 1736 3045; x_wconf 86' lang='lat' dir='ltr'>observatur,</span> <span class='ocrx_word' id='word_1_219' title='bbox 1773 2984 1838 3033; x_wconf 87' lang='lat' dir='ltr'>ut</span> 
     </span>
    </p>
   </div>
   <div class='ocr_carea' id='block_1_33' title="bbox 184 3066 1834 3140">
    <p class='ocr_par' dir='ltr' id='par_1_33' title="bbox 184 3066 1834 3140">
     <span class='ocr_line' id='line_1_33' title="bbox 184 3066 1834 3140; baseline -0.001 -17"><span class='ocrx_word' id='word_1_220' title='bbox 184 3067 356 3123; x_wconf 71' lang='lat' dir='ltr'>Nona</span> <span class='ocrx_word' id='word_1_221' title='bbox 372 3067 449 3123; x_wconf 89' lang='lat' dir='ltr'>de</span> <span class='ocrx_word' id='word_1_222' title='bbox 477 3066 673 3124; x_wconf 86' lang='lat' dir='ltr'>futuro</span> <span class='ocrx_word' id='word_1_223' title='bbox 705 3071 852 3125; x_wconf 75' lang='lat' dir='ltr'>testo</span> <span class='ocrx_word' id='word_1_224' title='bbox 882 3067 1273 3140; x_wconf 88' lang='lat' dir='ltr'>peragatur,si</span> <span class='ocrx_word' id='word_1_225' title='bbox 1302 3071 1497 3122; x_wconf 86' lang='lat' dir='ltr'>tamen</span> <span class='ocrx_word' id='word_1_226' title='bbox 1532 3071 1664 3139; x_wconf 88' lang='lat' dir='ltr'>post</span> <span class='ocrx_word' id='word_1_227' title='bbox 1691 3066 1834 3122; x_wconf 86' lang='lat' dir='ltr'>mis-</span> 
     </span>
    </p>
   </div>
   <div class='ocr_carea' id='block_1_34' title="bbox 184 3155 1837 3228">
    <p class='ocr_par' dir='ltr' id='par_1_34' title="bbox 184 3155 1837 3228">
     <span class='ocr_line' id='line_1_34' title="bbox 184 3155 1837 3228; baseline -0.001 -17"><span class='ocrx_word' id='word_1_228' title='bbox 184 3170 319 3211; x_wconf 84' lang='lat' dir='ltr'>sam</span> <span class='ocrx_word' id='word_1_229' title='bbox 358 3156 643 3223; x_wconf 81' lang='lat' dir='ltr'>differtur,</span> <span class='ocrx_word' id='word_1_230' title='bbox 674 3155 942 3212; x_wconf 85' lang='lat' dir='ltr'>videlicet</span> <span class='ocrx_word' id='word_1_231' title='bbox 970 3160 1036 3211; x_wconf 92' lang='lat' dir='ltr'>ut</span> <span class='ocrx_word' id='word_1_232' title='bbox 1065 3160 1377 3228; x_wconf 88' lang='lat' dir='ltr'>postquam</span> <span class='ocrx_word' id='word_1_233' title='bbox 1410 3156 1481 3211; x_wconf 88' lang='lat' dir='ltr'>de</span> <span class='ocrx_word' id='word_1_234' title='bbox 1511 3155 1661 3211; x_wconf 80' lang='lat' dir='ltr'>festo</span> <span class='ocrx_word' id='word_1_235' title='bbox 1704 3160 1837 3227; x_wconf 87' lang='lat' dir='ltr'>post</span> 
     </span>
    </p>
   </div>
   <div class='ocr_carea' id='block_1_35' title="bbox 181 3244 1836 3318">
    <p class='ocr_par' dir='ltr' id='par_1_35' title="bbox 181 3244 1836 3318">
     <span class='ocr_line' id='line_1_35' title="bbox 181 3244 1836 3318; baseline -0.002 -17"><span class='ocrx_word' id='word_1_236' title='bbox 181 3244 430 3302; x_wconf 84' lang='lat' dir='ltr'>missam</span> <span class='ocrx_word' id='word_1_237' title='bbox 461 3245 1028 3318; x_wconf 89' lang='lat' dir='ltr'>incipimus,nullam</span> <span class='ocrx_word' id='word_1_238' title='bbox 1059 3245 1332 3316; x_wconf 89' lang='lat' dir='ltr'>deinceps</span> <span class='ocrx_word' id='word_1_239' title='bbox 1362 3261 1496 3299; x_wconf 91' lang='lat' dir='ltr'>cum</span> <span class='ocrx_word' id='word_1_240' title='bbox 1537 3261 1690 3300; x_wconf 90' lang='lat' dir='ltr'>nona</span> <span class='ocrx_word' id='word_1_241' title='bbox 1720 3245 1836 3299; x_wconf 87' lang='lat' dir='ltr'>dis-</span> 
     </span>
    </p>
   </div>
   <div class='ocr_carea' id='block_1_36' title="bbox 177 3333 1832 3406">
    <p class='ocr_par' dir='ltr' id='par_1_36' title="bbox 177 3333 1832 3406">
     <span class='ocr_line' id='line_1_36' title="bbox 177 3333 1832 3406; baseline -0.002 -15"><span class='ocrx_word' id='word_1_242' title='bbox 177 3334 514 3391; x_wconf 72' lang='lat' dir='ltr'>sonantium</span> <span class='ocrx_word' id='word_1_243' title='bbox 527 3335 853 3391; x_wconf 85' lang='lat' dir='ltr'>ofﬁciorum</span> <span class='ocrx_word' id='word_1_244' title='bbox 869 3334 1357 3406; x_wconf 82' lang='lat' dir='ltr'>faciamus;quam</span> <span class='ocrx_word' id='word_1_245' title='bbox 1373 3333 1625 3389; x_wconf 89' lang='lat' dir='ltr'>maxime</span> <span class='ocrx_word' id='word_1_246' title='bbox 1645 3333 1832 3389; x_wconf 85' lang='lat' dir='ltr'>sancti</span> 
     </span>
    </p>
   </div>
   <div class='ocr_carea' id='block_1_37' title="bbox 178 3420 1830 3496">
    <p class='ocr_par' dir='ltr' id='par_1_37' title="bbox 178 3420 1830 3496">
     <span class='ocr_line' id='line_1_37' title="bbox 178 3420 1830 3496; baseline -0.001 -18"><span class='ocrx_word' id='word_1_247' title='bbox 178 3426 382 3479; x_wconf 84' lang='lat' dir='ltr'>Patres</span> <span class='ocrx_word' id='word_1_248' title='bbox 409 3424 471 3479; x_wconf 82' lang='lat' dir='ltr'>in</span> <span class='ocrx_word' id='word_1_249' title='bbox 504 3420 884 3496; x_wconf 85' lang='lat' dir='ltr'>dispositione</span> <span class='ocrx_word' id='word_1_250' title='bbox 915 3424 1253 3480; x_wconf 88' lang='lat' dir='ltr'>eorumdem</span> <span class='ocrx_word' id='word_1_251' title='bbox 1295 3423 1550 3479; x_wconf 86' lang='lat' dir='ltr'>devitare</span> <span class='ocrx_word' id='word_1_252' title='bbox 1590 3424 1830 3478; x_wconf 88' lang='lat' dir='ltr'>studue-</span> 
     </span>
    </p>
   </div>
   <div class='ocr_carea' id='block_1_38' title="bbox 176 3511 1829 3585">
    <p class='ocr_par' dir='ltr' id='par_1_38' title="bbox 176 3511 1829 3585">
     <span class='ocr_line' id='line_1_38' title="bbox 176 3511 1829 3585; baseline -0.001 -17"><span class='ocrx_word' id='word_1_253' title='bbox 176 3512 660 3569; x_wconf 83' lang='lat' dir='ltr'>runt.Sciendum</span> <span class='ocrx_word' id='word_1_254' title='bbox 691 3516 888 3569; x_wconf 81' lang='lat' dir='ltr'>autem</span> <span class='ocrx_word' id='word_1_255' title='bbox 920 3512 1075 3585; x_wconf 88' lang='lat' dir='ltr'>quod</span> <span class='ocrx_word' id='word_1_256' title='bbox 1090 3511 1406 3585; x_wconf 80' lang='lat' dir='ltr'>antiquide</span> <span class='ocrx_word' id='word_1_257' title='bbox 1438 3512 1657 3567; x_wconf 89' lang='lat' dir='ltr'>sanctis</span> <span class='ocrx_word' id='word_1_258' title='bbox 1673 3527 1829 3567; x_wconf 86' lang='lat' dir='ltr'>com-</span> 
     </span>
    </p>
   </div>
   <div class='ocr_carea' id='block_1_39' title="bbox 175 3581 1832 3670">
    <p class='ocr_par' dir='ltr' id='par_1_39' title="bbox 175 3581 1832 3670">
     <span class='ocr_line' id='line_1_39' title="bbox 175 3581 1832 3670; baseline -0.001 -13"><span class='ocrx_word' id='word_1_259' title='bbox 175 3601 436 3658; x_wconf 77' lang='lat' dir='ltr'>muniter</span> <span class='ocrx_word' id='word_1_260' title='bbox 463 3602 524 3657; x_wconf 91' lang='lat' dir='ltr'>in</span> <span class='ocrx_word' id='word_1_261' title='bbox 572 3581 956 3657; x_wconf 79' lang='lat' dir='ltr'>PascLaIibus</span> <span class='ocrx_word' id='word_1_262' title='bbox 987 3604 1222 3657; x_wconf 90' lang='lat' dir='ltr'>cantare</span> <span class='ocrx_word' id='word_1_263' title='bbox 1235 3581 1557 3670; x_wconf 17' lang='lat' dir='ltr'>ilsolebant,</span> <span class='ocrx_word' id='word_1_264' title='bbox 1588 3601 1745 3656; x_wconf 90' lang='lat' dir='ltr'>unde</span> <span class='ocrx_word' id='word_1_265' title='bbox 1775 3605 1832 3655; x_wconf 91' lang='lat' dir='ltr'>et</span> 
     </span>
    </p>
   </div>
   <div class='ocr_carea' id='block_1_40' title="bbox 175 3690 1828 3763">
    <p class='ocr_par' dir='ltr' id='par_1_40' title="bbox 175 3690 1828 3763">
     <span class='ocr_line' id='line_1_40' title="bbox 175 3690 1828 3763; baseline -0.002 -16"><span class='ocrx_word' id='word_1_266' title='bbox 175 3690 371 3748; x_wconf 84' lang='lat' dir='ltr'>adhuc</span> <span class='ocrx_word' id='word_1_267' title='bbox 399 3690 473 3746; x_wconf 93' lang='lat' dir='ltr'>de</span> <span class='ocrx_word' id='word_1_268' title='bbox 503 3704 620 3746; x_wconf 84' lang='lat' dir='ltr'>uno</span> <span class='ocrx_word' id='word_1_269' title='bbox 651 3706 779 3762; x_wconf 72' lang='lat' dir='ltr'>quae</span> <span class='ocrx_word' id='word_1_270' title='bbox 813 3691 884 3747; x_wconf 88' lang='lat' dir='ltr'>ad</span> <span class='ocrx_word' id='word_1_271' title='bbox 916 3690 1113 3763; x_wconf 89' lang='lat' dir='ltr'>plures</span> <span class='ocrx_word' id='word_1_272' title='bbox 1152 3690 1460 3763; x_wconf 84' lang='lat' dir='ltr'>pertinent,</span> <span class='ocrx_word' id='word_1_273' title='bbox 1495 3693 1828 3753; x_wconf 83' lang='lat' dir='ltr'>cantantur,</span> 
     </span>
    </p>
   </div>
   <div class='ocr_carea' id='block_1_41' title="bbox 174 3778 1828 3849">
    <p class='ocr_par' dir='ltr' id='par_1_41' title="bbox 174 3778 1828 3849">
     <span class='ocr_line' id='line_1_41' title="bbox 174 3778 1828 3849; baseline -0.002 -14"><span class='ocrx_word' id='word_1_274' title='bbox 174 3782 249 3835; x_wconf 82' lang='lat' dir='ltr'>ut</span> <span class='ocrx_word' id='word_1_275' title='bbox 276 3779 515 3835; x_wconf 73' lang='lat' dir='ltr'>Alleluia</span> <span class='ocrx_word' id='word_1_276' title='bbox 555 3779 827 3848; x_wconf 70' lang='lat' dir='ltr'>Gaudete;</span> <span class='ocrx_word' id='word_1_277' title='bbox 860 3785 918 3835; x_wconf 89' lang='lat' dir='ltr'>et</span> <span class='ocrx_word' id='word_1_278' title='bbox 957 3778 1350 3835; x_wconf 74' lang='lat' dir='ltr'>ollertorium:</span> <span class='ocrx_word' id='word_1_279' title='bbox 1377 3778 1828 3849; x_wconf 74' lang='lat' dir='ltr'>Conﬁtebuntur;</span> 
     </span>
    </p>
   </div>
   <div class='ocr_carea' id='block_1_42' title="bbox 172 3866 1830 3941">
    <p class='ocr_par' dir='ltr' id='par_1_42' title="bbox 172 3866 1830 3941">
     <span class='ocr_line' id='line_1_42' title="bbox 172 3866 1830 3941; baseline -0.001 -16"><span class='ocrx_word' id='word_1_280' title='bbox 172 3871 238 3925; x_wconf 81' lang='lat' dir='ltr'>et</span> <span class='ocrx_word' id='word_1_281' title='bbox 265 3868 721 3941; x_wconf 72' lang='lat' dir='ltr'>Responsorium</span> <span class='ocrx_word' id='word_1_282' title='bbox 757 3886 773 3925; x_wconf 72' lang='grc' dir='ltr'><strong>ε</strong></span> <span class='ocrx_word' id='word_1_283' title='bbox 805 3871 866 3924; x_wconf 83' lang='grc' dir='ltr'>1η</span> <span class='ocrx_word' id='word_1_284' title='bbox 904 3871 1074 3924; x_wconf 85' lang='lat' dir='ltr'>servis</span> <span class='ocrx_word' id='word_1_285' title='bbox 1100 3870 1234 3924; x_wconf 85' lang='lat' dir='ltr'>suis.</span> <span class='ocrx_word' id='word_1_286' title='bbox 1268 3869 1337 3923; x_wconf 84' lang='lat' dir='ltr'>Et</span> <span class='ocrx_word' id='word_1_287' title='bbox 1375 3868 1485 3923; x_wconf 89' lang='lat' dir='ltr'>hoc</span> <span class='ocrx_word' id='word_1_288' title='bbox 1534 3866 1661 3923; x_wconf 93' lang='lat' dir='ltr'>ideo</span> <span class='ocrx_word' id='word_1_289' title='bbox 1692 3866 1830 3939; x_wconf 89' lang='lat' dir='ltr'>quia</span> 
     </span>
    </p>
   </div>
   <div class='ocr_carea' id='block_1_43' title="bbox 175 3952 1828 4030">
    <p class='ocr_par' dir='ltr' id='par_1_43' title="bbox 175 3952 1828 4030">
     <span class='ocr_line' id='line_1_43' title="bbox 175 3952 1828 4030; baseline -0.001 -17"><span class='ocrx_word' id='word_1_290' title='bbox 175 3952 494 4014; x_wconf 80' lang='lat' dir='ltr'>universali</span> <span class='ocrx_word' id='word_1_291' title='bbox 541 3958 986 4023; x_wconf 80' lang='lat' dir='ltr'>resurrectione,</span> <span class='ocrx_word' id='word_1_292' title='bbox 1017 3958 1188 4030; x_wconf 87' lang='lat' dir='ltr'>cujus</span> <span class='ocrx_word' id='word_1_293' title='bbox 1238 3962 1412 4030; x_wconf 78' lang='lat' dir='ltr'>typus</span> <span class='ocrx_word' id='word_1_294' title='bbox 1469 3971 1534 4011; x_wconf 91' lang='lat' dir='ltr'>eo</span> <span class='ocrx_word' id='word_1_295' title='bbox 1566 3959 1828 4027; x_wconf 89' lang='lat' dir='ltr'>tempore</span> 
     </span>
    </p>
   </div>
   <div class='ocr_carea' id='block_1_44' title="bbox 174 4046 1823 4119">
    <p class='ocr_par' dir='ltr' id='par_1_44' title="bbox 174 4046 1823 4119">
     <span class='ocr_line' id='line_1_44' title="bbox 174 4046 1823 4119; baseline -0.001 -18"><span class='ocrx_word' id='word_1_296' title='bbox 174 4046 393 4119; x_wconf 74' lang='lat' dir='ltr'>agitur,</span> <span class='ocrx_word' id='word_1_297' title='bbox 423 4060 761 4103; x_wconf 73' lang='lat' dir='ltr'>communis</span> <span class='ocrx_word' id='word_1_298' title='bbox 788 4052 877 4103; x_wconf 89' lang='lat' dir='ltr'>est</span> <span class='ocrx_word' id='word_1_299' title='bbox 904 4046 1103 4103; x_wconf 60' lang='lat' dir='ltr'>laetitia</span> <span class='ocrx_word' id='word_1_300' title='bbox 1117 4051 1175 4103; x_wconf 91' lang='lat' dir='ltr'>et</span> <span class='ocrx_word' id='word_1_301' title='bbox 1201 4046 1486 4102; x_wconf 85' lang='lat' dir='ltr'>festivitas</span> <span class='ocrx_word' id='word_1_302' title='bbox 1503 4046 1823 4116; x_wconf 88' lang='lat' dir='ltr'>justorum.</span> 
     </span>
    </p>
   </div>
   <div class='ocr_carea' id='block_1_45' title="bbox 174 4135 1829 4209">
    <p class='ocr_par' dir='ltr' id='par_1_45' title="bbox 174 4135 1829 4209">
     <span class='ocr_line' id='line_1_45' title="bbox 174 4135 1829 4209; baseline -0.002 -16"><span class='ocrx_word' id='word_1_303' title='bbox 174 4136 313 4193; x_wconf 84' lang='lat' dir='ltr'>Ideo</span> <span class='ocrx_word' id='word_1_304' title='bbox 343 4135 519 4191; x_wconf 86' lang='lat' dir='ltr'>etiam</span> <span class='ocrx_word' id='word_1_305' title='bbox 549 4136 845 4192; x_wconf 84' lang='lat' dir='ltr'>invemtur</span> <span class='ocrx_word' id='word_1_306' title='bbox 874 4136 932 4190; x_wconf 90' lang='lat' dir='ltr'>in</span> <span class='ocrx_word' id='word_1_307' title='bbox 954 4135 1379 4209; x_wconf 81' lang='lat' dir='ltr'>Martyrologiis</span> <span class='ocrx_word' id='word_1_308' title='bbox 1409 4136 1596 4191; x_wconf 87' lang='lat' dir='ltr'>sivein</span> <span class='ocrx_word' id='word_1_309' title='bbox 1629 4135 1829 4190; x_wconf 89' lang='lat' dir='ltr'>Sacra-</span> 
     </span>
    </p>
   </div>
   <div class='ocr_carea' id='block_1_46' title="bbox 172 4223 1829 4296">
    <p class='ocr_par' dir='ltr' id='par_1_46' title="bbox 172 4223 1829 4296">
     <span class='ocr_line' id='line_1_46' title="bbox 172 4223 1829 4296; baseline -0.001 -15"><span class='ocrx_word' id='word_1_310' title='bbox 172 4223 484 4281; x_wconf 86' lang='lat' dir='ltr'>mentari-is</span> <span class='ocrx_word' id='word_1_311' title='bbox 514 4224 797 4279; x_wconf 73' lang='lat' dir='ltr'>festivitas</span> <span class='ocrx_word' id='word_1_312' title='bbox 828 4227 1166 4281; x_wconf 89' lang='lat' dir='ltr'>sanctorum</span> <span class='ocrx_word' id='word_1_313' title='bbox 1189 4225 1390 4279; x_wconf 88' lang='lat' dir='ltr'>Jacobi</span> <span class='ocrx_word' id='word_1_314' title='bbox 1414 4229 1471 4278; x_wconf 88' lang='lat' dir='ltr'>et</span> <span class='ocrx_word' id='word_1_315' title='bbox 1493 4224 1829 4296; x_wconf 90' lang='lat' dir='ltr'>Philippi,et</span> 
     </span>
    </p>
   </div>
   <div class='ocr_carea' id='block_1_47' title="bbox 169 4311 1826 4383">
    <p class='ocr_par' dir='ltr' id='par_1_47' title="bbox 169 4311 1826 4383">
     <span class='ocr_line' id='line_1_47' title="bbox 169 4311 1826 4383; baseline -0.002 -11"><span class='ocrx_word' id='word_1_316' title='bbox 169 4312 445 4372; x_wconf 89' lang='lat' dir='ltr'>omnium</span> <span class='ocrx_word' id='word_1_317' title='bbox 475 4311 1185 4383; x_wconf 70' lang='lat' dir='ltr'>apostolorumEusebius</span> <span class='ocrx_word' id='word_1_318' title='bbox 1217 4329 1365 4383; x_wconf 83' lang='lat' dir='ltr'>papa</span> <span class='ocrx_word' id='word_1_319' title='bbox 1395 4330 1428 4365; x_wconf 74' lang='grc' dir='ltr'>ει</span> <span class='ocrx_word' id='word_1_320' title='bbox 1458 4314 1626 4369; x_wconf 87' lang='lat' dir='ltr'>beato</span> <span class='ocrx_word' id='word_1_321' title='bbox 1658 4316 1826 4369; x_wconf 85' lang='lat' dir='ltr'>Petro</span> 
     </span>
    </p>
   </div>
   <div class='ocr_carea' id='block_1_48' title="bbox 168 4397 1825 4465">
    <p class='ocr_par' dir='ltr' id='par_1_48' title="bbox 168 4397 1825 4465">
     <span class='ocr_line' id='line_1_48' title="bbox 168 4397 1825 4465; baseline -0.002 -8"><span class='ocrx_word' id='word_1_322' title='bbox 168 4398 514 4457; x_wconf 83' lang='lat' dir='ltr'>tricesimus</span> <span class='ocrx_word' id='word_1_323' title='bbox 545 4397 1253 4465; x_wconf 80' lang='lat' dir='ltr'>seenndus,constltuitut</span> <span class='ocrx_word' id='word_1_324' title='bbox 1280 4413 1484 4453; x_wconf 77' lang='lat' dir='ltr'>omnes</span> <span class='ocrx_word' id='word_1_325' title='bbox 1514 4397 1825 4454; x_wconf 87' lang='lat' dir='ltr'>Christiani</span> 
     </span>
    </p>
   </div>
   <div class='ocr_carea' id='block_1_49' title="bbox 168 4484 1828 4546">
    <p class='ocr_par' dir='ltr' id='par_1_49' title="bbox 168 4484 1828 4546">
     <span class='ocr_line' id='line_1_49' title="bbox 168 4484 1828 4546; baseline -0.003 0"><span class='ocrx_word' id='word_1_326' title='bbox 168 4485 581 4546; x_wconf 86' lang='lat' dir='ltr'>Inventionem</span> <span class='ocrx_word' id='word_1_327' title='bbox 611 4502 824 4543; x_wconf 61' lang='lat' dir='ltr'>sacrae</span> <span class='ocrx_word' id='word_1_328' title='bbox 846 4486 1035 4541; x_wconf 87' lang='lat' dir='ltr'>crucis</span> <span class='ocrx_word' id='word_1_329' title='bbox 1065 4504 1102 4539; x_wconf 77' lang='grc' dir='ltr'><strong>ν</strong></span> <span class='ocrx_word' id='word_1_330' title='bbox 1122 4487 1317 4542; x_wconf 88' lang='lat' dir='ltr'>Nonas</span> <span class='ocrx_word' id='word_1_331' title='bbox 1338 4484 1473 4540; x_wconf 92' lang='lat' dir='ltr'>Maii</span> <span class='ocrx_word' id='word_1_332' title='bbox 1488 4485 1828 4541; x_wconf 87' lang='lat' dir='ltr'>solemniter</span> 
     </span>
    </p>
   </div>
   <div class='ocr_carea' id='block_1_50' title="bbox 1939 573 3592 645">
    <p class='ocr_par' dir='ltr' id='par_1_50' title="bbox 1939 573 3592 645">
     <span class='ocr_line' id='line_1_50' title="bbox 1939 573 3592 645; baseline 0.01 -18"><span class='ocrx_word' id='word_1_333' title='bbox 1939 573 2072 628; x_wconf 85' lang='lat' dir='ltr'>divi.</span> <span class='ocrx_word' id='word_1_334' title='bbox 2108 573 2457 645; x_wconf 82' lang='lat' dir='ltr'>Responsor.</span> <span class='ocrx_word' id='word_1_335' title='bbox 2496 591 2508 629; x_wconf 89' lang='lat'>:</span> <span class='ocrx_word' id='word_1_336' title='bbox 2541 575 2708 630; x_wconf 81' lang='lat' dir='ltr'>Dulce</span> <span class='ocrx_word' id='word_1_337' title='bbox 2736 577 2968 645; x_wconf 84' lang='lat' dir='ltr'>lignum.</span> <span class='ocrx_word' id='word_1_338' title='bbox 3004 579 3065 634; x_wconf 90' lang='lat' dir='ltr'>In</span> <span class='ocrx_word' id='word_1_339' title='bbox 3096 578 3265 637; x_wconf 87' lang='lat' dir='ltr'>tertio</span> <span class='ocrx_word' id='word_1_340' title='bbox 3304 590 3592 644; x_wconf 89' lang='lat' dir='ltr'>nocturno</span> 
     </span>
    </p>
   </div>
   <div class='ocr_carea' id='block_1_51' title="bbox 1942 659 3589 739">
    <p class='ocr_par' dir='ltr' id='par_1_51' title="bbox 1942 659 3589 739">
     <span class='ocr_line' id='line_1_51' title="bbox 1942 659 3589 739; baseline 0.01 -24"><span class='ocrx_word' id='word_1_341' title='bbox 1942 659 2264 731; x_wconf 89' lang='lat' dir='ltr'>antiphona</span> <span class='ocrx_word' id='word_1_342' title='bbox 2293 677 2306 714; x_wconf 90' lang='lat'><strong>:</strong></span> <span class='ocrx_word' id='word_1_343' title='bbox 2341 660 2593 717; x_wconf 82' lang='lat' dir='ltr'>Salvator</span> <span class='ocrx_word' id='word_1_344' title='bbox 2618 664 2835 719; x_wconf 86' lang='lat' dir='ltr'>mundi.</span> <span class='ocrx_word' id='word_1_345' title='bbox 2866 664 3203 739; x_wconf 86' lang='lat' dir='ltr'>Antiphona</span> <span class='ocrx_word' id='word_1_346' title='bbox 3234 688 3247 726; x_wconf 93' lang='lat'>:</span> <span class='ocrx_word' id='word_1_347' title='bbox 3282 672 3445 729; x_wconf 84' lang='lat' dir='ltr'>Salva</span> <span class='ocrx_word' id='word_1_348' title='bbox 3473 691 3589 731; x_wconf 85' lang='lat' dir='ltr'>nos.</span> 
     </span>
    </p>
   </div>
   <div class='ocr_carea' id='block_1_52' title="bbox 1941 748 3589 835">
    <p class='ocr_par' dir='ltr' id='par_1_52' title="bbox 1941 748 3589 835">
     <span class='ocr_line' id='line_1_52' title="bbox 1941 748 3589 835; baseline 0.011 -33"><span class='ocrx_word' id='word_1_349' title='bbox 1941 748 2275 821; x_wconf 80' lang='lat' dir='ltr'>Antiphone</span> <span class='ocrx_word' id='word_1_350' title='bbox 2307 768 2320 805; x_wconf 89' lang='lat'><strong>:</strong></span> <span class='ocrx_word' id='word_1_351' title='bbox 2355 749 2394 803; x_wconf 91' lang='lat'><em>0</em></span> <span class='ocrx_word' id='word_1_352' title='bbox 2454 768 2730 823; x_wconf 84' lang='lat' dir='ltr'>magnum.</span> <span class='ocrx_word' id='word_1_353' title='bbox 2783 752 3046 811; x_wconf 88' lang='lat' dir='ltr'>Psalmi:</span> <span class='ocrx_word' id='word_1_354' title='bbox 3095 758 3335 828; x_wconf 83' lang='lat' dir='ltr'>Cantate,</span> <span class='ocrx_word' id='word_1_355' title='bbox 3392 764 3589 835; x_wconf 89' lang='lat' dir='ltr'>prim.:</span> 
     </span>
    </p>
   </div>
   <div class='ocr_carea' id='block_1_53' title="bbox 1942 840 3589 913">
    <p class='ocr_par' dir='ltr' id='par_1_53' title="bbox 1942 840 3589 913">
     <span class='ocr_line' id='line_1_53' title="bbox 1942 840 3589 913; baseline 0.011 -19"><span class='ocrx_word' id='word_1_356' title='bbox 1942 840 2206 894; x_wconf 77' lang='lat' dir='ltr'>Dominus</span> <span class='ocrx_word' id='word_1_357' title='bbox 2237 842 2505 908; x_wconf 82' lang='lat' dir='ltr'>regnavit,</span> <span class='ocrx_word' id='word_1_358' title='bbox 2536 843 2789 909; x_wconf 68' lang='lat' dir='ltr'>exsultet,</span> <span class='ocrx_word' id='word_1_359' title='bbox 2843 846 3096 913; x_wconf 84' lang='lat' dir='ltr'>Cantate,</span> <span class='ocrx_word' id='word_1_360' title='bbox 3144 852 3383 907; x_wconf 90' lang='lat' dir='ltr'>secund.</span> <span class='ocrx_word' id='word_1_361' title='bbox 3417 871 3589 912; x_wconf 67' lang='lat' dir='ltr'>vers:</span> 
     </span>
    </p>
   </div>
   <div class='ocr_carea' id='block_1_54' title="bbox 1943 928 3593 1006">
    <p class='ocr_par' dir='ltr' id='par_1_54' title="bbox 1943 928 3593 1006">
     <span class='ocr_line' id='line_1_54' title="bbox 1943 928 3593 1006; baseline 0.012 -24"><span class='ocrx_word' id='word_1_362' title='bbox 1943 928 2078 983; x_wconf 75' lang='lat' dir='ltr'>Mihi</span> <span class='ocrx_word' id='word_1_363' title='bbox 2105 936 2286 983; x_wconf 84' lang='lat' dir='ltr'>autem</span> <span class='ocrx_word' id='word_1_364' title='bbox 2315 930 2457 985; x_wconf 85' lang='lat' dir='ltr'>absit</span> <span class='ocrx_word' id='word_1_365' title='bbox 2479 930 2729 1001; x_wconf 83' lang='lat' dir='ltr'>gloriari.</span> <span class='ocrx_word' id='word_1_366' title='bbox 2766 933 3072 1006; x_wconf 83' lang='lat' dir='ltr'>Respons.:</span> <span class='ocrx_word' id='word_1_367' title='bbox 3106 938 3316 995; x_wconf 83' lang='lat' dir='ltr'>Bonum</span> <span class='ocrx_word' id='word_1_368' title='bbox 3359 947 3435 997; x_wconf 83' lang='lat' dir='ltr'>est</span> <span class='ocrx_word' id='word_1_369' title='bbox 3463 960 3593 1000; x_wconf 78' lang='lat' dir='ltr'>con.-</span> 
     </span>
    </p>
   </div>
   <div class='ocr_carea' id='block_1_55' title="bbox 1944 1018 3594 1103">
    <p class='ocr_par' dir='ltr' id='par_1_55' title="bbox 1944 1018 3594 1103">
     <span class='ocr_line' id='line_1_55' title="bbox 1944 1018 3594 1103; baseline 0.012 -32"><span class='ocrx_word' id='word_1_370' title='bbox 1944 1018 2088 1087; x_wconf 81' lang='lat' dir='ltr'>fiteri</span> <span class='ocrx_word' id='word_1_371' title='bbox 2115 1019 2360 1074; x_wconf 89' lang='lat' dir='ltr'>Domino.</span> <span class='ocrx_word' id='word_1_372' title='bbox 2415 1019 2719 1091; x_wconf 88' lang='lat' dir='ltr'>Respons.:</span> <span class='ocrx_word' id='word_1_373' title='bbox 2751 1023 2944 1079; x_wconf 81' lang='lat' dir='ltr'>Dieant</span> <span class='ocrx_word' id='word_1_374' title='bbox 2990 1042 3159 1081; x_wconf 87' lang='lat' dir='ltr'>nunc.</span> <span class='ocrx_word' id='word_1_375' title='bbox 3212 1029 3519 1103; x_wconf 85' lang='lat' dir='ltr'>Respons.:</span> <span class='ocrx_word' id='word_1_376' title='bbox 3555 1036 3594 1091; x_wconf 92' lang='lat'><em>0</em></span> 
     </span>
    </p>
   </div>
   <div class='ocr_carea' id='block_1_56' title="bbox 1944 1108 3591 1192">
    <p class='ocr_par' dir='ltr' id='par_1_56' title="bbox 1944 1108 3591 1192">
     <span class='ocr_line' id='line_1_56' title="bbox 1944 1108 3591 1192; baseline 0.011 -30"><span class='ocrx_word' id='word_1_377' title='bbox 1944 1124 2086 1163; x_wconf 71' lang='lat' dir='ltr'>crux</span> <span class='ocrx_word' id='word_1_378' title='bbox 2115 1108 2410 1164; x_wconf 79' lang='lat' dir='ltr'>benedicta.</span> <span class='ocrx_word' id='word_1_379' title='bbox 2444 1108 2527 1163; x_wconf 85' lang='lat' dir='ltr'>Ad</span> <span class='ocrx_word' id='word_1_380' title='bbox 2560 1108 2763 1168; x_wconf 89' lang='lat' dir='ltr'>laudes</span> <span class='ocrx_word' id='word_1_381' title='bbox 2794 1113 3191 1173; x_wconf 87' lang='lat' dir='ltr'>matutinales.</span> <span class='ocrx_word' id='word_1_382' title='bbox 3223 1119 3591 1192; x_wconf 74' lang='lat' dir='ltr'>Antiphone:</span> 
     </span>
    </p>
   </div>
   <div class='ocr_carea' id='block_1_57' title="bbox 1947 1197 3589 1283">
    <p class='ocr_par' dir='ltr' id='par_1_57' title="bbox 1947 1197 3589 1283">
     <span class='ocr_line' id='line_1_57' title="bbox 1947 1197 3589 1283; baseline 0.01 -32"><span class='ocrx_word' id='word_1_383' title='bbox 1947 1197 2152 1252; x_wconf 81' lang='lat' dir='ltr'>Helena</span> <span class='ocrx_word' id='word_1_384' title='bbox 2208 1198 2570 1253; x_wconf 74' lang='lat' dir='ltr'>Constantini.</span> <span class='ocrx_word' id='word_1_385' title='bbox 2630 1201 2966 1274; x_wconf 73' lang='lat' dir='ltr'>Antiphone</span> <span class='ocrx_word' id='word_1_386' title='bbox 3028 1220 3041 1259; x_wconf 92' lang='lat'>:</span> <span class='ocrx_word' id='word_1_387' title='bbox 3107 1208 3250 1262; x_wconf 85' lang='lat' dir='ltr'>Tunc</span> <span class='ocrx_word' id='word_1_388' title='bbox 3312 1216 3589 1283; x_wconf 69' lang='lat' dir='ltr'>praecepit.</span> 
     </span>
    </p>
   </div>
   <div class='ocr_carea' id='block_1_58' title="bbox 1948 1286 3590 1368">
    <p class='ocr_par' dir='ltr' id='par_1_58' title="bbox 1948 1286 3590 1368">
     <span class='ocr_line' id='line_1_58' title="bbox 1948 1286 3590 1368; baseline 0.011 -28"><span class='ocrx_word' id='word_1_389' title='bbox 1948 1286 2186 1358; x_wconf 84' lang='lat' dir='ltr'>Antiph.</span> <span class='ocrx_word' id='word_1_390' title='bbox 2221 1288 2423 1342; x_wconf 73' lang='lat' dir='ltr'>Helena</span> <span class='ocrx_word' id='word_1_391' title='bbox 2449 1293 2656 1344; x_wconf 82' lang='lat' dir='ltr'>sancta.</span> <span class='ocrx_word' id='word_1_392' title='bbox 2681 1290 3052 1363; x_wconf 86' lang='lat' dir='ltr'>Antiphona.</span> <span class='ocrx_word' id='word_1_393' title='bbox 3090 1294 3331 1368; x_wconf 83' lang='lat' dir='ltr'>Cumque</span> <span class='ocrx_word' id='word_1_394' title='bbox 3374 1304 3590 1357; x_wconf 84' lang='lat' dir='ltr'>ascend.</span> 
     </span>
    </p>
   </div>
   <div class='ocr_carea' id='block_1_59' title="bbox 1946 1374 3590 1461">
    <p class='ocr_par' dir='ltr' id='par_1_59' title="bbox 1946 1374 3590 1461">
     <span class='ocr_line' id='line_1_59' title="bbox 1946 1374 3590 1461; baseline 0.01 -31"><span class='ocrx_word' id='word_1_395' title='bbox 1946 1374 2326 1447; x_wconf 76' lang='lat' dir='ltr'>Antiphone:</span> <span class='ocrx_word' id='word_1_396' title='bbox 2379 1376 2579 1432; x_wconf 79' lang='lat' dir='ltr'>Orabat</span> <span class='ocrx_word' id='word_1_397' title='bbox 2629 1378 2814 1435; x_wconf 81' lang='lat' dir='ltr'>ludas.</span> <span class='ocrx_word' id='word_1_398' title='bbox 2867 1381 2930 1435; x_wconf 92' lang='lat' dir='ltr'>In</span> <span class='ocrx_word' id='word_1_399' title='bbox 2990 1386 3286 1457; x_wconf 87' lang='lat' dir='ltr'>evangelio</span> <span class='ocrx_word' id='word_1_400' title='bbox 3344 1389 3590 1461; x_wconf 87' lang='lat' dir='ltr'>antiph.:</span> 
     </span>
    </p>
   </div>
   <div class='ocr_carea' id='block_1_60' title="bbox 1951 1462 3597 1536">
    <p class='ocr_par' dir='ltr' id='par_1_60' title="bbox 1951 1462 3597 1536">
     <span class='ocr_line' id='line_1_60' title="bbox 1951 1462 3597 1536; baseline 0.012 -19"><span class='ocrx_word' id='word_1_401' title='bbox 1951 1462 2086 1518; x_wconf 89' lang='lat' dir='ltr'>Cum</span> <span class='ocrx_word' id='word_1_402' title='bbox 2109 1468 2313 1520; x_wconf 78' lang='lat' dir='ltr'>orasset</span> <span class='ocrx_word' id='word_1_403' title='bbox 2358 1466 2542 1522; x_wconf 83' lang='lat' dir='ltr'>ludas.</span> <span class='ocrx_word' id='word_1_404' title='bbox 2577 1471 2655 1521; x_wconf 92' lang='lat' dir='ltr'>De</span> <span class='ocrx_word' id='word_1_405' title='bbox 2687 1473 2888 1525; x_wconf 89' lang='lat' dir='ltr'>sancto</span> <span class='ocrx_word' id='word_1_406' title='bbox 2931 1475 3125 1527; x_wconf 88' lang='lat' dir='ltr'>autem</span> <span class='ocrx_word' id='word_1_407' title='bbox 3169 1474 3492 1535; x_wconf 83' lang='lat' dir='ltr'>Alexandro</span> <span class='ocrx_word' id='word_1_408' title='bbox 3540 1484 3597 1536; x_wconf 90' lang='lat' dir='ltr'>et</span> 
     </span>
    </p>
   </div>
   <div class='ocr_carea' id='block_1_61' title="bbox 1948 1552 3594 1626">
    <p class='ocr_par' dir='ltr' id='par_1_61' title="bbox 1948 1552 3594 1626">
     <span class='ocr_line' id='line_1_61' title="bbox 1948 1552 3594 1626; baseline 0.012 -19"><span class='ocrx_word' id='word_1_409' title='bbox 1948 1552 2121 1609; x_wconf 90' lang='lat' dir='ltr'>sociis</span> <span class='ocrx_word' id='word_1_410' title='bbox 2152 1554 2281 1625; x_wconf 87' lang='lat' dir='ltr'>ejus</span> <span class='ocrx_word' id='word_1_411' title='bbox 2326 1560 2459 1626; x_wconf 91' lang='lat' dir='ltr'>post</span> <span class='ocrx_word' id='word_1_412' title='bbox 2506 1556 2892 1613; x_wconf 85' lang='lat' dir='ltr'>Benedieamus</span> <span class='ocrx_word' id='word_1_413' title='bbox 2938 1577 3397 1623; x_wconf 88' lang='lat' dir='ltr'>commemorare</span> <span class='ocrx_word' id='word_1_414' title='bbox 3446 1568 3594 1625; x_wconf 88' lang='lat' dir='ltr'>sole-</span> 
     </span>
    </p>
   </div>
   <div class='ocr_carea' id='block_1_62' title="bbox 1950 1642 3598 1730">
    <p class='ocr_par' dir='ltr' id='par_1_62' title="bbox 1950 1642 3598 1730">
     <span class='ocr_line' id='line_1_62' title="bbox 1950 1642 3598 1730; baseline 0.012 -35"><span class='ocrx_word' id='word_1_415' title='bbox 1950 1658 2104 1696; x_wconf 89' lang='lat' dir='ltr'>mus.</span> <span class='ocrx_word' id='word_1_416' title='bbox 2134 1642 2415 1699; x_wconf 86' lang='lat' dir='ltr'>Exaltatio</span> <span class='ocrx_word' id='word_1_417' title='bbox 2447 1649 2641 1701; x_wconf 88' lang='lat' dir='ltr'>autem</span> <span class='ocrx_word' id='word_1_418' title='bbox 2673 1651 2886 1701; x_wconf 55' lang='lat' dir='ltr'>sanctis</span> <span class='ocrx_word' id='word_1_419' title='bbox 2905 1650 3094 1707; x_wconf 89' lang='lat' dir='ltr'>crucis</span> <span class='ocrx_word' id='word_1_420' title='bbox 3116 1669 3230 1708; x_wconf 89' lang='lat' dir='ltr'>non</span> <span class='ocrx_word' id='word_1_421' title='bbox 3255 1656 3398 1712; x_wconf 88' lang='lat' dir='ltr'>adeo</span> <span class='ocrx_word' id='word_1_422' title='bbox 3428 1674 3598 1730; x_wconf 86' lang='lat' dir='ltr'>gene-</span> 
     </span>
    </p>
   </div>
   <div class='ocr_carea' id='block_1_63' title="bbox 1950 1729 3596 1809">
    <p class='ocr_par' dir='ltr' id='par_1_63' title="bbox 1950 1729 3596 1809">
     <span class='ocr_line' id='line_1_63' title="bbox 1950 1729 3596 1809; baseline 0.011 -25"><span class='ocrx_word' id='word_1_423' title='bbox 1950 1729 2150 1786; x_wconf 90' lang='lat' dir='ltr'>raliter</span> <span class='ocrx_word' id='word_1_424' title='bbox 2175 1735 2233 1786; x_wconf 89' lang='lat' dir='ltr'>et</span> <span class='ocrx_word' id='word_1_425' title='bbox 2263 1730 2604 1788; x_wconf 88' lang='lat' dir='ltr'>solemniter</span> <span class='ocrx_word' id='word_1_426' title='bbox 2631 1733 2976 1809; x_wconf 89' lang='lat' dir='ltr'>celebratur,</span> <span class='ocrx_word' id='word_1_427' title='bbox 2990 1744 3046 1794; x_wconf 91' lang='lat' dir='ltr'>et</span> <span class='ocrx_word' id='word_1_428' title='bbox 3076 1739 3183 1796; x_wconf 88' lang='lat' dir='ltr'>hoc</span> <span class='ocrx_word' id='word_1_429' title='bbox 3206 1729 3451 1801; x_wconf 84' lang='lat' dir='ltr'>fortasse</span> <span class='ocrx_word' id='word_1_430' title='bbox 3469 1745 3596 1802; x_wconf 86' lang='lat' dir='ltr'>ideo</span> 
     </span>
    </p>
   </div>
   <div class='ocr_carea' id='block_1_64' title="bbox 1952 1819 3595 1895">
    <p class='ocr_par' dir='ltr' id='par_1_64' title="bbox 1952 1819 3595 1895">
     <span class='ocr_line' id='line_1_64' title="bbox 1952 1819 3595 1895; baseline 0.012 -22"><span class='ocrx_word' id='word_1_431' title='bbox 1952 1820 2091 1891; x_wconf 89' lang='lat' dir='ltr'>quia</span> <span class='ocrx_word' id='word_1_432' title='bbox 2122 1819 2349 1875; x_wconf 89' lang='lat' dir='ltr'>nullum</span> <span class='ocrx_word' id='word_1_433' title='bbox 2384 1820 2519 1877; x_wconf 91' lang='lat' dir='ltr'>inde</span> <span class='ocrx_word' id='word_1_434' title='bbox 2550 1826 2668 1877; x_wconf 87' lang='lat' dir='ltr'>tam</span> <span class='ocrx_word' id='word_1_435' title='bbox 2700 1824 2952 1895; x_wconf 89' lang='lat' dir='ltr'>speciale</span> <span class='ocrx_word' id='word_1_436' title='bbox 2981 1831 3266 1885; x_wconf 87' lang='lat' dir='ltr'>statutum</span> <span class='ocrx_word' id='word_1_437' title='bbox 3300 1835 3366 1886; x_wconf 90' lang='lat' dir='ltr'>ut</span> <span class='ocrx_word' id='word_1_438' title='bbox 3404 1834 3475 1890; x_wconf 88' lang='lat' dir='ltr'>de</span> <span class='ocrx_word' id='word_1_439' title='bbox 3508 1834 3595 1891; x_wconf 86' lang='lat' dir='ltr'>in-</span> 
     </span>
    </p>
   </div>
   <div class='ocr_carea' id='block_1_65' title="bbox 1947 1909 2550 1982">
    <p class='ocr_par' dir='ltr' id='par_1_65' title="bbox 1947 1909 2550 1982">
     <span class='ocr_line' id='line_1_65' title="bbox 1947 1909 2550 1982; baseline 0.003 -18"><span class='ocrx_word' id='word_1_440' title='bbox 1947 1909 2214 1965; x_wconf 89' lang='lat' dir='ltr'>ventione</span> <span class='ocrx_word' id='word_1_441' title='bbox 2246 1911 2550 1982; x_wconf 89' lang='lat' dir='ltr'>reperitur.</span> 
     </span>
    </p>
   </div>
   <div class='ocr_carea' id='block_1_66' title="bbox 2241 1998 3298 2066">
    <p class='ocr_par' dir='ltr' id='par_1_66' title="bbox 2241 1998 3298 2066">
     <span class='ocr_line' id='line_1_66' title="bbox 2241 1998 3298 2066; baseline 0.01 -13"><span class='ocrx_word' id='word_1_442' title='bbox 2241 1998 2374 2055; x_wconf 79' lang='lat' dir='ltr'>CAP.</span> <span class='ocrx_word' id='word_1_443' title='bbox 2409 2000 2546 2055; x_wconf 90' lang='lat' dir='ltr'>LVI.</span> <span class='ocrx_word' id='word_1_444' title='bbox 2581 2033 2648 2044; x_wconf 95' lang='lat'><em>—</em></span> <span class='ocrx_word' id='word_1_445' title='bbox 2681 2004 2750 2058; x_wconf 91' lang='lat' dir='ltr'>De</span> <span class='ocrx_word' id='word_1_446' title='bbox 2777 2005 2985 2061; x_wconf 82' lang='lat' dir='ltr'>Pascha</span> <span class='ocrx_word' id='word_1_447' title='bbox 3014 2012 3298 2066; x_wconf 82' lang='lat' dir='ltr'>annotino.</span> 
     </span>
    </p>
   </div>
   <div class='ocr_carea' id='block_1_67' title="bbox 2022 2083 3594 2167">
    <p class='ocr_par' dir='ltr' id='par_1_67' title="bbox 2022 2083 3594 2167">
     <span class='ocr_line' id='line_1_67' title="bbox 2022 2083 3594 2167; baseline 0.012 -24"><span class='ocrx_word' id='word_1_448' title='bbox 2022 2088 2265 2144; x_wconf 82' lang='lat' dir='ltr'>Romani</span> <span class='ocrx_word' id='word_1_449' title='bbox 2296 2089 2645 2146; x_wconf 89' lang='lat' dir='ltr'>annotinum</span> <span class='ocrx_word' id='word_1_450' title='bbox 2673 2091 2895 2150; x_wconf 87' lang='lat' dir='ltr'>Pascha</span> <span class='ocrx_word' id='word_1_451' title='bbox 2932 2097 3099 2167; x_wconf 89' lang='lat' dir='ltr'>quasi</span> <span class='ocrx_word' id='word_1_452' title='bbox 3131 2083 3594 2162; x_wconf 88' lang='lat' dir='ltr'>anniversarium</span> 
     </span>
    </p>
   </div>
   <div class='ocr_carea' id='block_1_68' title="bbox 1946 2176 3593 2265">
    <p class='ocr_par' dir='ltr' id='par_1_68' title="bbox 1946 2176 3593 2265">
     <span class='ocr_line' id='line_1_68' title="bbox 1946 2176 3593 2265; baseline 0.012 -35"><span class='ocrx_word' id='word_1_453' title='bbox 1946 2176 2170 2232; x_wconf 89' lang='lat' dir='ltr'>Pascha</span> <span class='ocrx_word' id='word_1_454' title='bbox 2202 2177 2424 2246; x_wconf 89' lang='lat' dir='ltr'>dicunt,</span> <span class='ocrx_word' id='word_1_455' title='bbox 2450 2180 2589 2250; x_wconf 89' lang='lat' dir='ltr'>quia</span> <span class='ocrx_word' id='word_1_456' title='bbox 2632 2181 2961 2253; x_wconf 89' lang='lat' dir='ltr'>antiquitus</span> <span class='ocrx_word' id='word_1_457' title='bbox 3005 2189 3161 2258; x_wconf 89' lang='lat' dir='ltr'>apud</span> <span class='ocrx_word' id='word_1_458' title='bbox 3212 2188 3362 2258; x_wconf 90' lang='lat' dir='ltr'>illos,</span> <span class='ocrx_word' id='word_1_459' title='bbox 3398 2192 3497 2265; x_wconf 90' lang='lat' dir='ltr'>qui</span> <span class='ocrx_word' id='word_1_460' title='bbox 3534 2195 3593 2251; x_wconf 93' lang='lat' dir='ltr'>in</span> 
     </span>
    </p>
   </div>
   <div class='ocr_carea' id='block_1_69' title="bbox 1947 2265 3593 2346">
    <p class='ocr_par' dir='ltr' id='par_1_69' title="bbox 1947 2265 3593 2346">
     <span class='ocr_line' id='line_1_69' title="bbox 1947 2265 3593 2346; baseline 0.013 -28"><span class='ocrx_word' id='word_1_461' title='bbox 1947 2265 2123 2337; x_wconf 86' lang='lat' dir='ltr'>priori</span> <span class='ocrx_word' id='word_1_462' title='bbox 2140 2266 2360 2321; x_wconf 86' lang='lat' dir='ltr'>Pascha</span> <span class='ocrx_word' id='word_1_463' title='bbox 2370 2266 2645 2339; x_wconf 88' lang='lat' dir='ltr'>baptizati</span> <span class='ocrx_word' id='word_1_464' title='bbox 2660 2271 2910 2339; x_wconf 87' lang='lat' dir='ltr'>erant,in</span> <span class='ocrx_word' id='word_1_465' title='bbox 2928 2276 3193 2346; x_wconf 89' lang='lat' dir='ltr'>sequenti</span> <span class='ocrx_word' id='word_1_466' title='bbox 3216 2295 3369 2336; x_wconf 90' lang='lat' dir='ltr'>anno</span> <span class='ocrx_word' id='word_1_467' title='bbox 3393 2282 3593 2339; x_wconf 87' lang='lat' dir='ltr'>eadem</span> 
     </span>
    </p>
   </div>
   <div class='ocr_carea' id='block_1_70' title="bbox 1948 2355 3597 2439">
    <p class='ocr_par' dir='ltr' id='par_1_70' title="bbox 1948 2355 3597 2439">
     <span class='ocr_line' id='line_1_70' title="bbox 1948 2355 3597 2439; baseline 0.013 -31"><span class='ocrx_word' id='word_1_468' title='bbox 1948 2355 2040 2410; x_wconf 89' lang='lat' dir='ltr'>die</span> <span class='ocrx_word' id='word_1_469' title='bbox 2072 2356 2142 2410; x_wconf 86' lang='lat' dir='ltr'>ad</span> <span class='ocrx_word' id='word_1_470' title='bbox 2174 2356 2480 2411; x_wconf 87' lang='lat' dir='ltr'>ecclesiam</span> <span class='ocrx_word' id='word_1_471' title='bbox 2514 2373 2850 2427; x_wconf 88' lang='lat' dir='ltr'>convenere,</span> <span class='ocrx_word' id='word_1_472' title='bbox 2872 2378 3109 2435; x_wconf 62' lang='lat' dir='ltr'>suaeque</span> <span class='ocrx_word' id='word_1_473' title='bbox 3140 2372 3597 2439; x_wconf 84' lang='lat' dir='ltr'>regenerationis</span> 
     </span>
    </p>
   </div>
   <div class='ocr_carea' id='block_1_71' title="bbox 1947 2443 3599 2518">
    <p class='ocr_par' dir='ltr' id='par_1_71' title="bbox 1947 2443 3599 2518">
     <span class='ocr_line' id='line_1_71' title="bbox 1947 2443 3599 2518; baseline 0.013 -21"><span class='ocrx_word' id='word_1_474' title='bbox 1947 2443 2409 2499; x_wconf 85' lang='lat' dir='ltr'>anniversarium</span> <span class='ocrx_word' id='word_1_475' title='bbox 2440 2444 2595 2501; x_wconf 90' lang='lat' dir='ltr'>diem</span> <span class='ocrx_word' id='word_1_476' title='bbox 2644 2463 2777 2503; x_wconf 91' lang='lat' dir='ltr'>cum</span> <span class='ocrx_word' id='word_1_477' title='bbox 2826 2450 3219 2512; x_wconf 87' lang='lat' dir='ltr'>oblationibus</span> <span class='ocrx_word' id='word_1_478' title='bbox 3258 2457 3599 2518; x_wconf 90' lang='lat' dir='ltr'>solemniter</span> 
     </span>
    </p>
   </div>
   <div class='ocr_carea' id='block_1_72' title="bbox 1946 2532 3595 2606">
    <p class='ocr_par' dir='ltr' id='par_1_72' title="bbox 1946 2532 3595 2606">
     <span class='ocr_line' id='line_1_72' title="bbox 1946 2532 3595 2606; baseline 0.012 -19"><span class='ocrx_word' id='word_1_479' title='bbox 1946 2532 2603 2606; x_wconf 89' lang='lat' dir='ltr'>celebraverunt.Cujus</span> <span class='ocrx_word' id='word_1_480' title='bbox 2632 2536 2745 2592; x_wconf 90' lang='lat' dir='ltr'>diei</span> <span class='ocrx_word' id='word_1_481' title='bbox 2776 2538 2885 2594; x_wconf 90' lang='lat' dir='ltr'>hoc</span> <span class='ocrx_word' id='word_1_482' title='bbox 2923 2545 3048 2596; x_wconf 89' lang='lat' dir='ltr'>erat</span> <span class='ocrx_word' id='word_1_483' title='bbox 3085 2545 3364 2601; x_wconf 82' lang='lat' dir='ltr'>ofﬁcium:</span> <span class='ocrx_word' id='word_1_484' title='bbox 3402 2552 3595 2606; x_wconf 84' lang='lat' dir='ltr'>Resur-</span> 
     </span>
    </p>
   </div>
   <div class='ocr_carea' id='block_1_73' title="bbox 1944 2622 3597 2708">
    <p class='ocr_par' dir='ltr' id='par_1_73' title="bbox 1944 2622 3597 2708">
     <span class='ocr_line' id='line_1_73' title="bbox 1944 2622 3597 2708; baseline 0.013 -34"><span class='ocrx_word' id='word_1_485' title='bbox 1944 2622 2087 2689; x_wconf 72' lang='lat' dir='ltr'>rexi,</span> <span class='ocrx_word' id='word_1_486' title='bbox 2121 2638 2224 2693; x_wconf 87' lang='lat' dir='ltr'>per</span> <span class='ocrx_word' id='word_1_487' title='bbox 2253 2625 2462 2678; x_wconf 88' lang='lat' dir='ltr'>totum.</span> <span class='ocrx_word' id='word_1_488' title='bbox 2510 2623 2721 2691; x_wconf 86' lang='lat' dir='ltr'>Lectio,</span> <span class='ocrx_word' id='word_1_489' title='bbox 2767 2627 2886 2682; x_wconf 86' lang='lat' dir='ltr'>Vidi</span> <span class='ocrx_word' id='word_1_490' title='bbox 2923 2632 3144 2687; x_wconf 86' lang='lat' dir='ltr'>ostium.</span> <span class='ocrx_word' id='word_1_491' title='bbox 3196 2634 3433 2708; x_wconf 85' lang='lat' dir='ltr'>Evang.:</span> <span class='ocrx_word' id='word_1_492' title='bbox 3466 2638 3597 2697; x_wconf 86' lang='lat' dir='ltr'>Erat</span> 
     </span>
    </p>
   </div>
   <div class='ocr_carea' id='block_1_74' title="bbox 1946 2710 3595 2799">
    <p class='ocr_par' dir='ltr' id='par_1_74' title="bbox 1946 2710 3595 2799">
     <span class='ocr_line' id='line_1_74' title="bbox 1946 2710 3595 2799; baseline 0.012 -34"><span class='ocrx_word' id='word_1_493' title='bbox 1946 2710 2101 2766; x_wconf 87' lang='lat' dir='ltr'>homo</span> <span class='ocrx_word' id='word_1_494' title='bbox 2124 2726 2193 2766; x_wconf 75' lang='lat' dir='ltr'>ea:</span> <span class='ocrx_word' id='word_1_495' title='bbox 2222 2712 2545 2781; x_wconf 72' lang='lat' dir='ltr'>Pharisaeis,</span> <span class='ocrx_word' id='word_1_496' title='bbox 2571 2729 2704 2768; x_wconf 90' lang='lat' dir='ltr'>cum</span> <span class='ocrx_word' id='word_1_497' title='bbox 2735 2716 3098 2775; x_wconf 88' lang='lat' dir='ltr'>orationibus</span> <span class='ocrx_word' id='word_1_498' title='bbox 3130 2721 3199 2776; x_wconf 88' lang='lat' dir='ltr'>ad</span> <span class='ocrx_word' id='word_1_499' title='bbox 3233 2722 3342 2779; x_wconf 90' lang='lat' dir='ltr'>hoc</span> <span class='ocrx_word' id='word_1_500' title='bbox 3372 2740 3595 2799; x_wconf 90' lang='lat' dir='ltr'>compe-</span> 
     </span>
    </p>
   </div>
   <div class='ocr_carea' id='block_1_75' title="bbox 1945 2799 3596 2887">
    <p class='ocr_par' dir='ltr' id='par_1_75' title="bbox 1945 2799 3596 2887">
     <span class='ocr_line' id='line_1_75' title="bbox 1945 2799 3596 2887; baseline 0.012 -33"><span class='ocrx_word' id='word_1_501' title='bbox 1945 2799 2206 2855; x_wconf 87' lang='lat' dir='ltr'>tentibus</span> <span class='ocrx_word' id='word_1_502' title='bbox 2235 2819 2247 2865; x_wconf 92' lang='lat'><strong>;</strong></span> <span class='ocrx_word' id='word_1_503' title='bbox 2283 2818 2409 2872; x_wconf 77' lang='lat' dir='ltr'>quae</span> <span class='ocrx_word' id='word_1_504' title='bbox 2442 2801 2639 2859; x_wconf 88' lang='lat' dir='ltr'>omnia</span> <span class='ocrx_word' id='word_1_505' title='bbox 2664 2805 3034 2877; x_wconf 85' lang='lat' dir='ltr'>apertissime</span> <span class='ocrx_word' id='word_1_506' title='bbox 3055 2810 3125 2864; x_wconf 89' lang='lat' dir='ltr'>de</span> <span class='ocrx_word' id='word_1_507' title='bbox 3155 2810 3343 2884; x_wconf 87' lang='lat' dir='ltr'>gratia</span> <span class='ocrx_word' id='word_1_508' title='bbox 3366 2830 3596 2887; x_wconf 87' lang='lat' dir='ltr'>regene-</span> 
     </span>
    </p>
   </div>
   <div class='ocr_carea' id='block_1_76' title="bbox 1947 2890 3661 2980">
    <p class='ocr_par' dir='ltr' id='par_1_76' title="bbox 1947 2890 3661 2980">
     <span class='ocr_line' id='line_1_76' title="bbox 1947 2890 3661 2980; baseline 0.012 -39"><span class='ocrx_word' id='word_1_509' title='bbox 1947 2893 2207 2980; x_wconf 83' lang='lat' dir='ltr'>ratorum</span> <span class='ocrx_word' id='word_1_510' title='bbox 2263 2900 2432 2980; x_wconf 84' lang='lat' dir='ltr'>agere</span> <span class='ocrx_word' id='word_1_511' title='bbox 2462 2890 2752 2949; x_wconf 89' lang='lat' dir='ltr'>videntur.</span> <span class='ocrx_word' id='word_1_512' title='bbox 2778 2894 2888 2951; x_wconf 89' lang='lat' dir='ltr'>Sed</span> <span class='ocrx_word' id='word_1_513' title='bbox 2938 2898 3207 2968; x_wconf 81' lang='lat' dir='ltr'>quamvis</span> <span class='ocrx_word' id='word_1_514' title='bbox 3250 2899 3594 2973; x_wconf 87' lang='lat' dir='ltr'>hujusmodi</span> <span class='ocrx_word' id='word_1_515' title='bbox 3652 2971 3661 2980; x_wconf 39' lang='lat'>,</span> 
     </span>
    </p>
   </div>
   <div class='ocr_carea' id='block_1_77' title="bbox 1945 2977 3591 3057">
    <p class='ocr_par' dir='ltr' id='par_1_77' title="bbox 1945 2977 3591 3057">
     <span class='ocr_line' id='line_1_77' title="bbox 1945 2977 3591 3057; baseline 0.011 -26"><span class='ocrx_word' id='word_1_516' title='bbox 1945 2977 2380 3033; x_wconf 81' lang='lat' dir='ltr'>anniversarias</span> <span class='ocrx_word' id='word_1_517' title='bbox 2412 2996 2445 3034; x_wconf 90' lang='lat' dir='ltr'>a</span> <span class='ocrx_word' id='word_1_518' title='bbox 2477 2981 2678 3051; x_wconf 88' lang='lat' dir='ltr'>paucis</span> <span class='ocrx_word' id='word_1_519' title='bbox 2700 2983 2930 3055; x_wconf 91' lang='lat' dir='ltr'>uspiam</span> <span class='ocrx_word' id='word_1_520' title='bbox 2964 2987 3321 3057; x_wconf 88' lang='lat' dir='ltr'>observetur,</span> <span class='ocrx_word' id='word_1_521' title='bbox 3343 2990 3591 3049; x_wconf 86' lang='lat' dir='ltr'>authen-</span> 
     </span>
    </p>
   </div>
   <div class='ocr_carea' id='block_1_78' title="bbox 1943 3059 3589 3153">
    <p class='ocr_par' dir='ltr' id='par_1_78' title="bbox 1943 3059 3589 3153">
     <span class='ocr_line' id='line_1_78' title="bbox 1943 3059 3589 3153; baseline 0.01 -33"><span class='ocrx_word' id='word_1_522' title='bbox 1943 3064 2040 3120; x_wconf 90' lang='lat' dir='ltr'>tici</span> <span class='ocrx_word' id='word_1_523' title='bbox 2064 3070 2258 3120; x_wconf 87' lang='lat' dir='ltr'>tamen</span> <span class='ocrx_word' id='word_1_524' title='bbox 2283 3066 2417 3121; x_wconf 88' lang='lat' dir='ltr'>libri</span> <span class='ocrx_word' id='word_1_525' title='bbox 2446 3068 2639 3140; x_wconf 87' lang='lat' dir='ltr'>ipsum</span> <span class='ocrx_word' id='word_1_526' title='bbox 2664 3071 2958 3127; x_wconf 88' lang='lat' dir='ltr'>observari</span> <span class='ocrx_word' id='word_1_527' title='bbox 2971 3059 3180 3131; x_wconf 87' lang='lat' dir='ltr'>debere</span> <span class='ocrx_word' id='word_1_528' title='bbox 3206 3076 3589 3153; x_wconf 88' lang='lat' dir='ltr'>innuunt,qui</span> 
     </span>
    </p>
   </div>
   <div class='ocr_carea' id='block_1_79' title="bbox 1943 3153 3590 3239">
    <p class='ocr_par' dir='ltr' id='par_1_79' title="bbox 1943 3153 3590 3239">
     <span class='ocr_line' id='line_1_79' title="bbox 1943 3153 3590 3239; baseline 0.011 -30"><span class='ocrx_word' id='word_1_529' title='bbox 1943 3154 2115 3209; x_wconf 87' lang='lat' dir='ltr'>nobis</span> <span class='ocrx_word' id='word_1_530' title='bbox 2144 3153 2448 3211; x_wconf 88' lang='lat' dir='ltr'>lectionem</span> <span class='ocrx_word' id='word_1_531' title='bbox 2481 3161 2536 3212; x_wconf 91' lang='lat' dir='ltr'>et</span> <span class='ocrx_word' id='word_1_532' title='bbox 2574 3159 2940 3231; x_wconf 85' lang='lat' dir='ltr'>evangelium</span> <span class='ocrx_word' id='word_1_533' title='bbox 2990 3163 3101 3239; x_wconf 84' lang='lat' dir='ltr'>sub</span> <span class='ocrx_word' id='word_1_534' title='bbox 3146 3164 3314 3221; x_wconf 87' lang='lat' dir='ltr'>titulo</span> <span class='ocrx_word' id='word_1_535' title='bbox 3359 3165 3590 3226; x_wconf 68' lang='lat' dir='ltr'>Paschze</span> 
     </span>
    </p>
   </div>
   <div class='ocr_carea' id='block_1_80' title="bbox 1866 3218 3619 3329">
    <p class='ocr_par' dir='ltr' id='par_1_80' title="bbox 1866 3218 3619 3329">
     <span class='ocr_line' id='line_1_80' title="bbox 1866 3218 3619 3329; baseline 0.01 -31"><span class='ocrx_word' id='word_1_536' title='bbox 1866 3218 1913 3290; x_wconf 71' lang='grc' dir='ltr'>α</span> <span class='ocrx_word' id='word_1_537' title='bbox 1945 3242 2208 3299; x_wconf 87' lang='lat' dir='ltr'>annotini</span> <span class='ocrx_word' id='word_1_538' title='bbox 2240 3246 2542 3301; x_wconf 88' lang='lat' dir='ltr'>annuatim</span> <span class='ocrx_word' id='word_1_539' title='bbox 2592 3218 2998 3318; x_wconf 57' lang='lat' dir='ltr'>praescribunt.</span> <span class='ocrx_word' id='word_1_540' title='bbox 3048 3235 3103 3304; x_wconf 84' lang='lat' dir='ltr'>Si</span> <span class='ocrx_word' id='word_1_541' title='bbox 3136 3218 3308 3308; x_wconf 31' lang='lat' dir='ltr'>enim.</span> 
     </span>
    </p>
   </div>
   <div class='ocr_carea' id='block_1_81' title="bbox 1941 3332 3588 3414">
    <p class='ocr_par' dir='ltr' id='par_1_81' title="bbox 1941 3332 3588 3414">
     <span class='ocr_line' id='line_1_81' title="bbox 1941 3332 3588 3414; baseline 0.011 -28"><span class='ocrx_word' id='word_1_542' title='bbox 1941 3348 2117 3386; x_wconf 90' lang='lat' dir='ltr'>suum</span> <span class='ocrx_word' id='word_1_543' title='bbox 2149 3332 2425 3399; x_wconf 89' lang='lat' dir='ltr'>natalem,</span> <span class='ocrx_word' id='word_1_544' title='bbox 2458 3351 2575 3406; x_wconf 90' lang='lat' dir='ltr'>quo</span> <span class='ocrx_word' id='word_1_545' title='bbox 2606 3336 2677 3390; x_wconf 89' lang='lat' dir='ltr'>ad</span> <span class='ocrx_word' id='word_1_546' title='bbox 2709 3342 2984 3392; x_wconf 68' lang='lat' dir='ltr'>aeternam</span> <span class='ocrx_word' id='word_1_547' title='bbox 3010 3344 3259 3397; x_wconf 83' lang='lat' dir='ltr'>mortem</span> <span class='ocrx_word' id='word_1_548' title='bbox 3288 3349 3460 3400; x_wconf 88' lang='lat' dir='ltr'>natus</span> <span class='ocrx_word' id='word_1_549' title='bbox 3481 3352 3588 3414; x_wconf 92' lang='lat' dir='ltr'>est,</span> 
     </span>
    </p>
   </div>
   <div class='ocr_carea' id='block_1_82' title="bbox 1940 3421 3589 3506">
    <p class='ocr_par' dir='ltr' id='par_1_82' title="bbox 1940 3421 3589 3506">
     <span class='ocr_line' id='line_1_82' title="bbox 1940 3421 3589 3506; baseline 0.01 -29"><span class='ocrx_word' id='word_1_550' title='bbox 1940 3421 2228 3489; x_wconf 84' lang='lat' dir='ltr'>observat,</span> <span class='ocrx_word' id='word_1_551' title='bbox 2263 3427 2483 3493; x_wconf 87' lang='lat' dir='ltr'>quanto</span> <span class='ocrx_word' id='word_1_552' title='bbox 2529 3425 2716 3496; x_wconf 85' lang='lat' dir='ltr'>magis</span> <span class='ocrx_word' id='word_1_553' title='bbox 2764 3425 2928 3481; x_wconf 89' lang='lat' dir='ltr'>illum</span> <span class='ocrx_word' id='word_1_554' title='bbox 2980 3428 3286 3487; x_wconf 88' lang='lat' dir='ltr'>observare</span> <span class='ocrx_word' id='word_1_555' title='bbox 3334 3433 3589 3506; x_wconf 86' lang='lat' dir='ltr'>deberet,</span> 
     </span>
    </p>
   </div>
   <div class='ocr_carea' id='block_1_83' title="bbox 1940 3511 3237 3587">
    <p class='ocr_par' dir='ltr' id='par_1_83' title="bbox 1940 3511 3237 3587">
     <span class='ocr_line' id='line_1_83' title="bbox 1940 3511 3237 3587; baseline 0.009 -23"><span class='ocrx_word' id='word_1_556' title='bbox 1940 3526 2056 3582; x_wconf 88' lang='lat' dir='ltr'>quo</span> <span class='ocrx_word' id='word_1_557' title='bbox 2086 3511 2158 3565; x_wconf 90' lang='lat' dir='ltr'>ad</span> <span class='ocrx_word' id='word_1_558' title='bbox 2190 3515 2463 3567; x_wconf 67' lang='lat' dir='ltr'>aeternam</span> <span class='ocrx_word' id='word_1_559' title='bbox 2495 3511 2671 3569; x_wconf 86' lang='lat' dir='ltr'>vitam</span> <span class='ocrx_word' id='word_1_560' title='bbox 2705 3522 3077 3587; x_wconf 87' lang='lat' dir='ltr'>regeneratus</span> <span class='ocrx_word' id='word_1_561' title='bbox 3110 3522 3237 3576; x_wconf 84' lang='lat' dir='ltr'>est?</span> 
     </span>
    </p>
   </div>
   <div class='ocr_carea' id='block_1_84' title="bbox 2348 3602 3166 3665">
    <p class='ocr_par' dir='ltr' id='par_1_84' title="bbox 2348 3602 3166 3665">
     <span class='ocr_line' id='line_1_84' title="bbox 2348 3602 3166 3665; baseline 0.009 -8"><span class='ocrx_word' id='word_1_562' title='bbox 2348 3602 2482 3657; x_wconf 79' lang='lat' dir='ltr'>CAP.</span> <span class='ocrx_word' id='word_1_563' title='bbox 2517 3602 2678 3658; x_wconf 87' lang='lat' dir='ltr'><strong>LVII.</strong></span> <span class='ocrx_word' id='word_1_564' title='bbox 2710 3636 2778 3645; x_wconf 88' lang='lat'>—-</span> <span class='ocrx_word' id='word_1_565' title='bbox 2806 3607 2882 3662; x_wconf 89' lang='lat' dir='ltr'>De</span> <span class='ocrx_word' id='word_1_566' title='bbox 2912 3608 3166 3665; x_wconf 74' lang='lat' dir='ltr'>Litam‘is.</span> 
     </span>
    </p>
   </div>
   <div class='ocr_carea' id='block_1_85' title="bbox 2012 3688 3588 3777">
    <p class='ocr_par' dir='ltr' id='par_1_85' title="bbox 2012 3688 3588 3777">
     <span class='ocr_line' id='line_1_85' title="bbox 2012 3688 3588 3777; baseline 0.013 -36"><span class='ocrx_word' id='word_1_567' title='bbox 2012 3688 2198 3777; x_wconf 87' lang='lat' dir='ltr'>Major</span> <span class='ocrx_word' id='word_1_568' title='bbox 2225 3688 2448 3745; x_wconf 88' lang='lat' dir='ltr'>Litania</span> <span class='ocrx_word' id='word_1_569' title='bbox 2477 3708 2511 3747; x_wconf 92' lang='lat' dir='ltr'>a</span> <span class='ocrx_word' id='word_1_570' title='bbox 2538 3693 2708 3750; x_wconf 87' lang='lat' dir='ltr'>beato</span> <span class='ocrx_word' id='word_1_571' title='bbox 2755 3695 3029 3769; x_wconf 90' lang='lat' dir='ltr'>Gregorio</span> <span class='ocrx_word' id='word_1_572' title='bbox 3071 3715 3219 3771; x_wconf 86' lang='lat' dir='ltr'>papa</span> <span class='ocrx_word' id='word_1_573' title='bbox 3248 3702 3439 3772; x_wconf 87' lang='lat' dir='ltr'>primo</span> <span class='ocrx_word' id='word_1_574' title='bbox 3484 3721 3588 3777; x_wconf 93' lang='lat' dir='ltr'>pro</span> 
     </span>
    </p>
   </div>
   <div class='ocr_carea' id='block_1_86' title="bbox 1938 3776 3587 3861">
    <p class='ocr_par' dir='ltr' id='par_1_86' title="bbox 1938 3776 3587 3861">
     <span class='ocr_line' id='line_1_86' title="bbox 1938 3776 3587 3861; baseline 0.011 -30"><span class='ocrx_word' id='word_1_575' title='bbox 1938 3776 2270 3848; x_wconf 88' lang='lat' dir='ltr'>pestilentia</span> <span class='ocrx_word' id='word_1_576' title='bbox 2289 3778 2771 3855; x_wconf 89' lang='lat' dir='ltr'>ipsiustemporis</span> <span class='ocrx_word' id='word_1_577' title='bbox 2786 3785 3054 3841; x_wconf 85' lang='lat' dir='ltr'>instituta</span> <span class='ocrx_word' id='word_1_578' title='bbox 3068 3790 3284 3861; x_wconf 88' lang='lat' dir='ltr'>est,qui</span> <span class='ocrx_word' id='word_1_579' title='bbox 3302 3796 3357 3845; x_wconf 89' lang='lat' dir='ltr'>et</span> <span class='ocrx_word' id='word_1_580' title='bbox 3376 3776 3587 3849; x_wconf 81' lang='lat' dir='ltr'>Joanni</span> 
     </span>
    </p>
   </div>
   <div class='ocr_carea' id='block_1_87' title="bbox 1938 3865 3589 3953">
    <p class='ocr_par' dir='ltr' id='par_1_87' title="bbox 1938 3865 3589 3953">
     <span class='ocr_line' id='line_1_87' title="bbox 1938 3865 3589 3953; baseline 0.012 -35"><span class='ocrx_word' id='word_1_581' title='bbox 1938 3865 2211 3938; x_wconf 89' lang='lat' dir='ltr'>episcopo</span> <span class='ocrx_word' id='word_1_582' title='bbox 2246 3868 2563 3925; x_wconf 84' lang='lat' dir='ltr'>Ravennati</span> <span class='ocrx_word' id='word_1_583' title='bbox 2592 3874 3039 3941; x_wconf 87' lang='lat' dir='ltr'>scribens,diem</span> <span class='ocrx_word' id='word_1_584' title='bbox 3070 3876 3309 3932; x_wconf 67' lang='lat' dir='ltr'>Litaniae</span> <span class='ocrx_word' id='word_1_585' title='bbox 3356 3886 3589 3953; x_wconf 88' lang='lat' dir='ltr'>tempus</span> 
     </span>
    </p>
   </div>
   <div class='ocr_carea' id='block_1_88' title="bbox 1937 3954 3586 4037">
    <p class='ocr_par' dir='ltr' id='par_1_88' title="bbox 1937 3954 3586 4037">
     <span class='ocr_line' id='line_1_88' title="bbox 1937 3954 3586 4037; baseline 0.011 -29"><span class='ocrx_word' id='word_1_586' title='bbox 1937 3954 2151 4009; x_wconf 84' lang='lat' dir='ltr'>cineris</span> <span class='ocrx_word' id='word_1_587' title='bbox 2181 3959 2237 4009; x_wconf 89' lang='lat' dir='ltr'>et</span> <span class='ocrx_word' id='word_1_588' title='bbox 2267 3956 2439 4011; x_wconf 89' lang='lat' dir='ltr'>cilicii</span> <span class='ocrx_word' id='word_1_589' title='bbox 2470 3960 2742 4031; x_wconf 88' lang='lat' dir='ltr'>appellat.</span> <span class='ocrx_word' id='word_1_590' title='bbox 2776 3963 3083 4037; x_wconf 72' lang='lat' dir='ltr'>Triduanze</span> <span class='ocrx_word' id='word_1_591' title='bbox 3122 3969 3317 4022; x_wconf 87' lang='lat' dir='ltr'>autem</span> <span class='ocrx_word' id='word_1_592' title='bbox 3352 3968 3586 4026; x_wconf 68' lang='lat' dir='ltr'>Litanias</span> 
     </span>
    </p>
   </div>
   <div class='ocr_carea' id='block_1_89' title="bbox 1937 4043 3586 4122">
    <p class='ocr_par' dir='ltr' id='par_1_89' title="bbox 1937 4043 3586 4122">
     <span class='ocr_line' id='line_1_89' title="bbox 1937 4043 3586 4122; baseline 0.01 -25"><span class='ocrx_word' id='word_1_593' title='bbox 1937 4047 2071 4098; x_wconf 89' lang='lat' dir='ltr'>ante</span> <span class='ocrx_word' id='word_1_594' title='bbox 2102 4043 2515 4101; x_wconf 83' lang='lat' dir='ltr'>Ascensionem</span> <span class='ocrx_word' id='word_1_595' title='bbox 2540 4047 2772 4103; x_wconf 88' lang='lat' dir='ltr'>Domini</span> <span class='ocrx_word' id='word_1_596' title='bbox 2804 4067 2919 4106; x_wconf 90' lang='lat' dir='ltr'>non</span> <span class='ocrx_word' id='word_1_597' title='bbox 2954 4052 3248 4121; x_wconf 62' lang='lat' dir='ltr'>Romanis,</span> <span class='ocrx_word' id='word_1_598' title='bbox 3279 4052 3379 4122; x_wconf 82' lang='lat' dir='ltr'>sed</span> <span class='ocrx_word' id='word_1_599' title='bbox 3407 4056 3586 4113; x_wconf 84' lang='lat' dir='ltr'>Galli-</span> 
     </span>
    </p>
   </div>
   <div class='ocr_carea' id='block_1_90' title="bbox 1936 4131 3587 4207">
    <p class='ocr_par' dir='ltr' id='par_1_90' title="bbox 1936 4131 3587 4207">
     <span class='ocr_line' id='line_1_90' title="bbox 1936 4131 3587 4207; baseline 0.013 -24"><span class='ocrx_word' id='word_1_600' title='bbox 1936 4147 2091 4185; x_wconf 82' lang='lat' dir='ltr'>canae</span> <span class='ocrx_word' id='word_1_601' title='bbox 2124 4136 2298 4200; x_wconf 88' lang='lat' dir='ltr'>sunt;</span> <span class='ocrx_word' id='word_1_602' title='bbox 2334 4131 2470 4204; x_wconf 87' lang='lat' dir='ltr'>quia</span> <span class='ocrx_word' id='word_1_603' title='bbox 2502 4134 2694 4207; x_wconf 86' lang='lat' dir='ltr'>[quas]</span> <span class='ocrx_word' id='word_1_604' title='bbox 2724 4136 2854 4193; x_wconf 91' lang='lat' dir='ltr'>illas</span> <span class='ocrx_word' id='word_1_605' title='bbox 2905 4145 3149 4198; x_wconf 90' lang='lat' dir='ltr'>sanctus</span> <span class='ocrx_word' id='word_1_606' title='bbox 3199 4142 3587 4204; x_wconf 83' lang='lat' dir='ltr'>Mammertus</span> 
     </span>
    </p>
   </div>
   <div class='ocr_carea' id='block_1_91' title="bbox 1934 4219 3585 4304">
    <p class='ocr_par' dir='ltr' id='par_1_91' title="bbox 1934 4219 3585 4304">
     <span class='ocr_line' id='line_1_91' title="bbox 1934 4219 3585 4304; baseline 0.012 -32"><span class='ocrx_word' id='word_1_607' title='bbox 1934 4219 2283 4275; x_wconf 87' lang='lat' dir='ltr'>Viennensis</span> <span class='ocrx_word' id='word_1_608' title='bbox 2312 4222 2624 4295; x_wconf 90' lang='lat' dir='ltr'>episcopus</span> <span class='ocrx_word' id='word_1_609' title='bbox 2649 4224 2975 4284; x_wconf 87' lang='lat' dir='ltr'>instituisse</span> <span class='ocrx_word' id='word_1_610' title='bbox 2992 4227 3380 4304; x_wconf 83' lang='lat' dir='ltr'>lcgitur;quas</span> <span class='ocrx_word' id='word_1_611' title='bbox 3398 4237 3585 4301; x_wconf 78' lang='lat' dir='ltr'>sancti</span> 
     </span>
    </p>
   </div>
   <div class='ocr_carea' id='block_1_92' title="bbox 1935 4308 3584 4395">
    <p class='ocr_par' dir='ltr' id='par_1_92' title="bbox 1935 4308 3584 4395">
     <span class='ocr_line' id='line_1_92' title="bbox 1935 4308 3584 4395; baseline 0.012 -32"><span class='ocrx_word' id='word_1_612' title='bbox 1935 4308 2134 4366; x_wconf 89' lang='lat' dir='ltr'>Patres</span> <span class='ocrx_word' id='word_1_613' title='bbox 2157 4327 2272 4365; x_wconf 87' lang='lat' dir='ltr'>non</span> <span class='ocrx_word' id='word_1_614' title='bbox 2290 4311 2748 4383; x_wconf 89' lang='lat' dir='ltr'>equitando,non</span> <span class='ocrx_word' id='word_1_615' title='bbox 2772 4317 3034 4374; x_wconf 82' lang='lat' dir='ltr'>vestibus</span> <span class='ocrx_word' id='word_1_616' title='bbox 3052 4321 3323 4392; x_wconf 87' lang='lat' dir='ltr'>pretiosis</span> <span class='ocrx_word' id='word_1_617' title='bbox 3347 4325 3584 4395; x_wconf 89' lang='lat' dir='ltr'>utendo,</span> 
     </span>
    </p>
   </div>
   <div class='ocr_carea' id='block_1_93' title="bbox 1935 4399 3630 4484">
    <p class='ocr_par' dir='ltr' id='par_1_93' title="bbox 1935 4399 3630 4484">
     <span class='ocr_line' id='line_1_93' title="bbox 1935 4399 3630 4484; baseline 0.012 -33"><span class='ocrx_word' id='word_1_618' title='bbox 1935 4399 2035 4453; x_wconf 88' lang='lat' dir='ltr'>sed</span> <span class='ocrx_word' id='word_1_619' title='bbox 2070 4399 2128 4452; x_wconf 91' lang='lat' dir='ltr'>in</span> <span class='ocrx_word' id='word_1_620' title='bbox 2154 4399 2345 4456; x_wconf 88' lang='lat' dir='ltr'>cinere</span> <span class='ocrx_word' id='word_1_621' title='bbox 2375 4405 2432 4457; x_wconf 90' lang='lat' dir='ltr'>et</span> <span class='ocrx_word' id='word_1_622' title='bbox 2462 4401 2671 4472; x_wconf 90' lang='lat' dir='ltr'>cilicio,</span> <span class='ocrx_word' id='word_1_623' title='bbox 2697 4404 2850 4460; x_wconf 90' lang='lat' dir='ltr'>sicut</span> <span class='ocrx_word' id='word_1_624' title='bbox 2878 4410 2935 4463; x_wconf 91' lang='lat' dir='ltr'>et</span> <span class='ocrx_word' id='word_1_625' title='bbox 2956 4410 3235 4480; x_wconf 86' lang='lat' dir='ltr'>majorem</span> <span class='ocrx_word' id='word_1_626' title='bbox 3270 4412 3583 4484; x_wconf 83' lang='lat' dir='ltr'>Litaniam,</span> <span class='ocrx_word' id='word_1_627' title='bbox 3626 4451 3630 4455; x_wconf 57' lang='grc' dir='ltr'>ρ</span> 
     </span>
    </p>
   </div>
   <div class='ocr_carea' id='block_1_94' title="bbox 1934 4486 3589 4572">
    <p class='ocr_par' dir='ltr' id='par_1_94' title="bbox 1934 4486 3589 4572">
     <span class='ocr_line' id='line_1_94' title="bbox 1934 4486 3589 4572; baseline 0.013 -33"><span class='ocrx_word' id='word_1_628' title='bbox 1934 4486 2225 4542; x_wconf 85' lang='lat' dir='ltr'>observari</span> <span class='ocrx_word' id='word_1_629' title='bbox 2259 4493 2609 4548; x_wconf 85' lang='lat' dir='ltr'>statuerunt.</span> <span class='ocrx_word' id='word_1_630' title='bbox 2638 4493 2698 4548; x_wconf 91' lang='lat' dir='ltr'>In</span> <span class='ocrx_word' id='word_1_631' title='bbox 2733 4511 2982 4567; x_wconf 89' lang='lat' dir='ltr'>quarum</span> <span class='ocrx_word' id='word_1_632' title='bbox 3025 4498 3233 4555; x_wconf 84' lang='lat' dir='ltr'>ultima</span> <span class='ocrx_word' id='word_1_633' title='bbox 3264 4502 3382 4572; x_wconf 92' lang='lat' dir='ltr'>die,</span> <span class='ocrx_word' id='word_1_634' title='bbox 3414 4502 3469 4559; x_wconf 92' lang='lat' dir='ltr'>id</span> <span class='ocrx_word' id='word_1_635' title='bbox 3497 4511 3589 4562; x_wconf 91' lang='lat' dir='ltr'>est</span> 
     </span>
    </p>
   </div>
   <div class='ocr_carea' id='block_1_95' title="bbox 170 4572 3584 4655">
    <p class='ocr_par' dir='ltr' id='par_1_95' title="bbox 170 4572 3584 4655">
     <span class='ocr_line' id='line_1_95' title="bbox 170 4572 3584 4655; baseline 0.005 -22"><span class='ocrx_word' id='word_1_636' title='bbox 170 4574 695 4633; x_wconf 80' lang='lat' dir='ltr'>celebrarent.Und</span> <span class='ocrx_word' id='word_1_637' title='bbox 760 4580 817 4631; x_wconf 89' lang='lat' dir='ltr'>et</span> <span class='ocrx_word' id='word_1_638' title='bbox 845 4591 952 4631; x_wconf 91' lang='lat' dir='ltr'>nos</span> <span class='ocrx_word' id='word_1_639' title='bbox 984 4574 1144 4630; x_wconf 89' lang='lat' dir='ltr'>illam</span> <span class='ocrx_word' id='word_1_640' title='bbox 1167 4591 1299 4629; x_wconf 90' lang='lat' dir='ltr'>cum</span> <span class='ocrx_word' id='word_1_641' title='bbox 1321 4573 1493 4646; x_wconf 89' lang='lat' dir='ltr'>pleno</span> <span class='ocrx_word' id='word_1_642' title='bbox 1514 4572 1703 4628; x_wconf 79' lang='lat' dir='ltr'>ofﬁcio</span> <span class='ocrx_word' id='word_1_643' title='bbox 1726 4576 1826 4629; x_wconf 79' lang='grc' dir='ltr'>οι)-</span> <span class='ocrx_word' id='word_1_644' title='bbox 1859 4586 1911 4648; x_wconf 80' lang='lat' dir='ltr'><strong>D</strong></span> <span class='ocrx_word' id='word_1_645' title='bbox 1936 4573 1994 4626; x_wconf 90' lang='lat' dir='ltr'>in</span> <span class='ocrx_word' id='word_1_646' title='bbox 2023 4574 2221 4646; x_wconf 85' lang='lat' dir='ltr'>vigilia</span> <span class='ocrx_word' id='word_1_647' title='bbox 2250 4578 2621 4637; x_wconf 83' lang='lat' dir='ltr'>Ascensionis</span> <span class='ocrx_word' id='word_1_648' title='bbox 2648 4582 2903 4655; x_wconf 88' lang='lat' dir='ltr'>Domini,</span> <span class='ocrx_word' id='word_1_649' title='bbox 2933 4588 3165 4644; x_wconf 88' lang='lat' dir='ltr'>canitur</span> <span class='ocrx_word' id='word_1_650' title='bbox 3192 4590 3584 4650; x_wconf 79' lang='lat' dir='ltr'>ofﬁcium:l’o-</span> 
     </span>
    </p>
   </div>
   <div class='ocr_carea' id='block_1_96' title="bbox 170 4661 1827 4736">
    <p class='ocr_par' dir='ltr' id='par_1_96' title="bbox 170 4661 1827 4736">
     <span class='ocr_line' id='line_1_96' title="bbox 170 4661 1827 4736; baseline -0.002 -16"><span class='ocrx_word' id='word_1_651' title='bbox 170 4680 407 4721; x_wconf 83' lang='lat' dir='ltr'>servare</span> <span class='ocrx_word' id='word_1_652' title='bbox 430 4664 714 4720; x_wconf 89' lang='lat' dir='ltr'>debemus</span> <span class='ocrx_word' id='word_1_653' title='bbox 770 4664 925 4736; x_wconf 92' lang='lat' dir='ltr'>quod</span> <span class='ocrx_word' id='word_1_654' title='bbox 957 4681 1072 4719; x_wconf 91' lang='lat' dir='ltr'>non</span> <span class='ocrx_word' id='word_1_655' title='bbox 1095 4664 1414 4736; x_wconf 88' lang='lat' dir='ltr'>incongrue</span> <span class='ocrx_word' id='word_1_656' title='bbox 1446 4663 1527 4717; x_wconf 91' lang='lat' dir='ltr'>ita</span> <span class='ocrx_word' id='word_1_657' title='bbox 1557 4661 1827 4717; x_wconf 88' lang='lat' dir='ltr'>ordinare</span> 
     </span>
    </p>
   </div>
   <div class='ocr_carea' id='block_1_97' title="bbox 170 4750 1827 4826">
    <p class='ocr_par' dir='ltr' id='par_1_97' title="bbox 170 4750 1827 4826">
     <span class='ocr_line' id='line_1_97' title="bbox 170 4750 1827 4826; baseline -0.002 -17"><span class='ocrx_word' id='word_1_658' title='bbox 170 4754 853 4826; x_wconf 65' lang='lat' dir='ltr'>possumusAntip-lona</span> <span class='ocrx_word' id='word_1_659' title='bbox 886 4772 899 4809; x_wconf 91' lang='lat'><strong>:</strong></span> <span class='ocrx_word' id='word_1_660' title='bbox 934 4755 1156 4809; x_wconf 80' lang='lat' dir='ltr'>Helena.</span> <span class='ocrx_word' id='word_1_661' title='bbox 1192 4750 1599 4809; x_wconf 85' lang='lat' dir='ltr'>Invitatorium</span> <span class='ocrx_word' id='word_1_662' title='bbox 1632 4766 1646 4805; x_wconf 90' lang='lat'><strong>:</strong></span> <span class='ocrx_word' id='word_1_663' title='bbox 1682 4751 1827 4806; x_wconf 81' lang='lat' dir='ltr'>Alle-</span> 
     </span>
    </p>
   </div>
   <div class='ocr_carea' id='block_1_98' title="bbox 173 4839 1823 4913">
    <p class='ocr_par' dir='ltr' id='par_1_98' title="bbox 173 4839 1823 4913">
     <span class='ocr_line' id='line_1_98' title="bbox 173 4839 1823 4913; baseline -0.002 -16"><span class='ocrx_word' id='word_1_664' title='bbox 173 4842 317 4907; x_wconf 85' lang='lat' dir='ltr'>luia,</span> <span class='ocrx_word' id='word_1_665' title='bbox 344 4842 541 4913; x_wconf 73' lang='lat' dir='ltr'>Regem</span> <span class='ocrx_word' id='word_1_666' title='bbox 584 4844 931 4911; x_wconf 69' lang='lat' dir='ltr'>cruciﬁxum.</span> <span class='ocrx_word' id='word_1_667' title='bbox 967 4842 1031 4897; x_wconf 92' lang='lat' dir='ltr'>In</span> <span class='ocrx_word' id='word_1_668' title='bbox 1064 4859 1081 4896; x_wconf 86' lang='lat'>1</span> <span class='ocrx_word' id='word_1_669' title='bbox 1116 4847 1422 4909; x_wconf 88' lang='lat' dir='ltr'>nocturno,</span> <span class='ocrx_word' id='word_1_670' title='bbox 1454 4839 1776 4913; x_wconf 88' lang='lat' dir='ltr'>antiphona</span> <span class='ocrx_word' id='word_1_671' title='bbox 1811 4858 1823 4894; x_wconf 91' lang='lat'><strong>:</strong></span> 
     </span>
    </p>
   </div>
   <div class='ocr_carea' id='block_1_99' title="bbox 166 4928 1824 5004">
    <p class='ocr_par' dir='ltr' id='par_1_99' title="bbox 166 4928 1824 5004">
     <span class='ocr_line' id='line_1_99' title="bbox 166 4928 1824 5004; baseline -0.001 -19"><span class='ocrx_word' id='word_1_672' title='bbox 166 4928 489 4986; x_wconf 52' lang='lat' dir='ltr'>videremus.</span> <span class='ocrx_word' id='word_1_673' title='bbox 517 4932 886 5004; x_wconf 65' lang='lat' dir='ltr'>Antipbcna:</span> <span class='ocrx_word' id='word_1_674' title='bbox 914 4931 1231 4987; x_wconf 84' lang='lat' dir='ltr'>Adoramus.</span> <span class='ocrx_word' id='word_1_675' title='bbox 1265 4930 1599 5002; x_wconf 88' lang='lat' dir='ltr'>Antiphona</span> <span class='ocrx_word' id='word_1_676' title='bbox 1622 4946 1635 4985; x_wconf 89' lang='lat'>:</span> <span class='ocrx_word' id='word_1_677' title='bbox 1662 4930 1824 4985; x_wconf 85' lang='lat' dir='ltr'>Tuam</span> 
     </span>
    </p>
   </div>
   <div class='ocr_carea' id='block_1_100' title="bbox 169 5019 1825 5091">
    <p class='ocr_par' dir='ltr' id='par_1_100' title="bbox 169 5019 1825 5091">
     <span class='ocr_line' id='line_1_100' title="bbox 169 5019 1825 5091; baseline 0.001 -18"><span class='ocrx_word' id='word_1_678' title='bbox 169 5030 407 5073; x_wconf 80' lang='lat' dir='ltr'>crucem.</span> <span class='ocrx_word' id='word_1_679' title='bbox 441 5019 617 5077; x_wconf 89' lang='lat' dir='ltr'>Psal.:</span> <span class='ocrx_word' id='word_1_680' title='bbox 652 5022 881 5077; x_wconf 62' lang='lat' dir='ltr'>Domine</span> <span class='ocrx_word' id='word_1_681' title='bbox 910 5022 1048 5076; x_wconf 83' lang='lat' dir='ltr'>Deus</span> <span class='ocrx_word' id='word_1_682' title='bbox 1094 5028 1274 5076; x_wconf 80' lang='lat' dir='ltr'>noster</span> <span class='ocrx_word' id='word_1_683' title='bbox 1325 5020 1567 5091; x_wconf 86' lang='lat' dir='ltr'>[Domini</span> <span class='ocrx_word' id='word_1_684' title='bbox 1611 5022 1689 5074; x_wconf 87' lang='lat' dir='ltr'>est</span> <span class='ocrx_word' id='word_1_685' title='bbox 1718 5027 1825 5075; x_wconf 90' lang='lat' dir='ltr'>ter-</span> 
     </span>
    </p>
   </div>
   <div class='ocr_carea' id='block_1_101' title="bbox 168 5106 1826 5178">
    <p class='ocr_par' dir='ltr' id='par_1_101' title="bbox 168 5106 1826 5178">
     <span class='ocr_line' id='line_1_101' title="bbox 168 5106 1826 5178; baseline 0 -17"><span class='ocrx_word' id='word_1_686' title='bbox 168 5106 281 5178; x_wconf 82' lang='lat' dir='ltr'>ra].</span> <span class='ocrx_word' id='word_1_687' title='bbox 317 5106 587 5165; x_wconf 82' lang='lat' dir='ltr'>Conserva</span> <span class='ocrx_word' id='word_1_688' title='bbox 613 5125 720 5165; x_wconf 84' lang='lat' dir='ltr'>me.</span> <span class='ocrx_word' id='word_1_689' title='bbox 752 5109 980 5164; x_wconf 88' lang='lat' dir='ltr'>Domine</span> <span class='ocrx_word' id='word_1_690' title='bbox 1025 5111 1088 5164; x_wconf 88' lang='lat' dir='ltr'>in</span> <span class='ocrx_word' id='word_1_691' title='bbox 1132 5111 1350 5164; x_wconf 82' lang='lat' dir='ltr'>virtute.</span> <span class='ocrx_word' id='word_1_692' title='bbox 1399 5107 1587 5162; x_wconf 90' lang='lat' dir='ltr'>Vers.:</span> <span class='ocrx_word' id='word_1_693' title='bbox 1640 5106 1826 5162; x_wconf 87' lang='lat' dir='ltr'>Omnis</span> 
     </span>
    </p>
   </div>
   <div class='ocr_carea' id='block_1_102' title="bbox 170 5196 1822 5269">
    <p class='ocr_par' dir='ltr' id='par_1_102' title="bbox 170 5196 1822 5269">
     <span class='ocr_line' id='line_1_102' title="bbox 170 5196 1822 5269; baseline 0 -20"><span class='ocrx_word' id='word_1_694' title='bbox 170 5198 345 5251; x_wconf 81' lang='lat' dir='ltr'>terra.</span> <span class='ocrx_word' id='word_1_695' title='bbox 378 5199 840 5269; x_wconf 67' lang='lat' dir='ltr'>Responsomum</span> <span class='ocrx_word' id='word_1_696' title='bbox 875 5213 890 5252; x_wconf 89' lang='lat'><strong>:</strong></span> <span class='ocrx_word' id='word_1_697' title='bbox 921 5199 1027 5253; x_wconf 85' lang='lat' dir='ltr'>Hoc</span> <span class='ocrx_word' id='word_1_698' title='bbox 1066 5199 1289 5267; x_wconf 82' lang='lat' dir='ltr'>signum</span> <span class='ocrx_word' id='word_1_699' title='bbox 1331 5198 1531 5251; x_wconf 86' lang='lat' dir='ltr'>crucis.</span> <span class='ocrx_word' id='word_1_700' title='bbox 1566 5196 1822 5268; x_wconf 81' lang='lat' dir='ltr'>Respon-</span> 
     </span>
    </p>
   </div>
   <div class='ocr_carea' id='block_1_103' title="bbox 172 5283 1825 5355">
    <p class='ocr_par' dir='ltr' id='par_1_103' title="bbox 172 5283 1825 5355">
     <span class='ocr_line' id='line_1_103' title="bbox 172 5283 1825 5355; baseline 0 -17"><span class='ocrx_word' id='word_1_701' title='bbox 172 5283 399 5339; x_wconf 85' lang='lat' dir='ltr'>sorium</span> <span class='ocrx_word' id='word_1_702' title='bbox 435 5287 627 5355; x_wconf 73' lang='lat' dir='ltr'>:Agni</span> <span class='ocrx_word' id='word_1_703' title='bbox 664 5287 765 5343; x_wconf 74' lang='lat' dir='ltr'>Dei</span> <span class='ocrx_word' id='word_1_704' title='bbox 819 5285 1085 5341; x_wconf 77' lang='lat' dir='ltr'>Christus.</span> <span class='ocrx_word' id='word_1_705' title='bbox 1150 5284 1604 5355; x_wconf 81' lang='lat' dir='ltr'>Responsorium</span> <span class='ocrx_word' id='word_1_706' title='bbox 1649 5300 1661 5336; x_wconf 90' lang='lat'>:</span> <span class='ocrx_word' id='word_1_707' title='bbox 1698 5286 1825 5338; x_wconf 68' lang='lat' dir='ltr'>Ecce</span> 
     </span>
    </p>
   </div>
   <div class='ocr_carea' id='block_1_104' title="bbox 166 5372 1823 5444">
    <p class='ocr_par' dir='ltr' id='par_1_104' title="bbox 166 5372 1823 5444">
     <span class='ocr_line' id='line_1_104' title="bbox 166 5372 1823 5444; baseline 0.001 -18"><span class='ocrx_word' id='word_1_708' title='bbox 166 5373 301 5427; x_wconf 69' lang='lat' dir='ltr'>vicit</span> <span class='ocrx_word' id='word_1_709' title='bbox 330 5373 433 5429; x_wconf 75' lang='lat' dir='ltr'>leo.</span> <span class='ocrx_word' id='word_1_710' title='bbox 476 5373 543 5429; x_wconf 86' lang='lat' dir='ltr'>In</span> <span class='ocrx_word' id='word_1_711' title='bbox 571 5376 828 5430; x_wconf 61' lang='lat' dir='ltr'>secundo</span> <span class='ocrx_word' id='word_1_712' title='bbox 861 5378 1146 5430; x_wconf 88' lang='lat' dir='ltr'>nocturno</span> <span class='ocrx_word' id='word_1_713' title='bbox 1187 5372 1515 5444; x_wconf 71' lang='lat' dir='ltr'>antiphonte</span> <span class='ocrx_word' id='word_1_714' title='bbox 1552 5388 1564 5426; x_wconf 94' lang='lat'><strong>:</strong></span> <span class='ocrx_word' id='word_1_715' title='bbox 1600 5373 1823 5428; x_wconf 77' lang='lat' dir='ltr'>Crucem</span> 
     </span>
    </p>
   </div>
   <div class='ocr_carea' id='block_1_105' title="bbox 164 5459 1817 5534">
    <p class='ocr_par' dir='ltr' id='par_1_105' title="bbox 164 5459 1817 5534">
     <span class='ocr_line' id='line_1_105' title="bbox 164 5459 1817 5534; baseline 0.001 -19"><span class='ocrx_word' id='word_1_716' title='bbox 164 5464 436 5518; x_wconf 67' lang='lat' dir='ltr'>amotam.</span> <span class='ocrx_word' id='word_1_717' title='bbox 474 5464 582 5520; x_wconf 78' lang='lat' dir='ltr'>Per</span> <span class='ocrx_word' id='word_1_718' title='bbox 618 5465 841 5534; x_wconf 71' lang='lat' dir='ltr'>signum</span> <span class='ocrx_word' id='word_1_719' title='bbox 887 5465 1086 5529; x_wconf 86' lang='lat' dir='ltr'>crucis,</span> <span class='ocrx_word' id='word_1_720' title='bbox 1126 5463 1231 5518; x_wconf 88' lang='lat' dir='ltr'>Nos</span> <span class='ocrx_word' id='word_1_721' title='bbox 1289 5465 1490 5516; x_wconf 80' lang='lat' dir='ltr'>autem.</span> <span class='ocrx_word' id='word_1_722' title='bbox 1552 5459 1767 5515; x_wconf 88' lang='lat' dir='ltr'>Psalmi</span> <span class='ocrx_word' id='word_1_723' title='bbox 1804 5478 1817 5517; x_wconf 88' lang='lat'><strong>:</strong></span> 
     </span>
    </p>
   </div>
   <div class='ocr_carea' id='block_1_106' title="bbox 164 5542 1815 5622">
    <p class='ocr_par' dir='ltr' id='par_1_106' title="bbox 164 5542 1815 5622">
     <span class='ocr_line' id='line_1_106' title="bbox 164 5542 1815 5622; baseline 0 -19"><span class='ocrx_word' id='word_1_724' title='bbox 164 5549 394 5607; x_wconf 86' lang='lat' dir='ltr'>Domini</span> <span class='ocrx_word' id='word_1_725' title='bbox 414 5560 503 5607; x_wconf 77' lang='lat' dir='ltr'>est</span> <span class='ocrx_word' id='word_1_726' title='bbox 526 5555 697 5621; x_wconf 82' lang='lat' dir='ltr'>terra,</span> <span class='ocrx_word' id='word_1_727' title='bbox 732 5551 953 5622; x_wconf 76' lang='lat' dir='ltr'>Magnus</span> <span class='ocrx_word' id='word_1_728' title='bbox 986 5552 1264 5618; x_wconf 81' lang='lat' dir='ltr'>Dominus,</span> <span class='ocrx_word' id='word_1_729' title='bbox 1297 5542 1551 5606; x_wconf 84' lang='lat' dir='ltr'>Jubilate.</span> <span class='ocrx_word' id='word_1_730' title='bbox 1572 5552 1815 5606; x_wconf 74' lang='lat' dir='ltr'>Versus:</span> 
     </span>
    </p>
   </div>
   <div class='ocr_carea' id='block_1_107' title="bbox 170 5637 1819 5711">
    <p class='ocr_par' dir='ltr' id='par_1_107' title="bbox 170 5637 1819 5711">
     <span class='ocr_line' id='line_1_107' title="bbox 170 5637 1819 5711; baseline -0.001 -17"><span class='ocrx_word' id='word_1_731' title='bbox 170 5637 347 5695; x_wconf 81' lang='lat' dir='ltr'>Dicite</span> <span class='ocrx_word' id='word_1_732' title='bbox 374 5642 438 5695; x_wconf 91' lang='lat' dir='ltr'>in</span> <span class='ocrx_word' id='word_1_733' title='bbox 482 5641 829 5709; x_wconf 69' lang='lat' dir='ltr'>nationiilus,</span> <span class='ocrx_word' id='word_1_734' title='bbox 865 5641 1127 5697; x_wconf 82' lang='lat' dir='ltr'>Dominus</span> <span class='ocrx_word' id='word_1_735' title='bbox 1166 5641 1415 5711; x_wconf 83' lang='lat' dir='ltr'>regnavit</span> <span class='ocrx_word' id='word_1_736' title='bbox 1446 5656 1480 5695; x_wconf 87' lang='lat' dir='ltr'>a</span> <span class='ocrx_word' id='word_1_737' title='bbox 1512 5639 1678 5710; x_wconf 87' lang='lat' dir='ltr'>ligno.</span> <span class='ocrx_word' id='word_1_738' title='bbox 1710 5638 1819 5693; x_wconf 85' lang='lat' dir='ltr'>Re-</span> 
     </span>
    </p>
   </div>
   <div class='ocr_carea' id='block_1_108' title="bbox 1934 4666 3587 4747">
    <p class='ocr_par' dir='ltr' id='par_1_108' title="bbox 1934 4666 3587 4747">
     <span class='ocr_line' id='line_1_108' title="bbox 1934 4666 3587 4747; baseline 0.016 -33"><span class='ocrx_word' id='word_1_739' title='bbox 1934 4677 2049 4715; x_wconf 85' lang='lat' dir='ltr'>cem</span> <span class='ocrx_word' id='word_1_740' title='bbox 2081 4666 2490 4735; x_wconf 80' lang='lat' dir='ltr'>jucunditatis;</span> <span class='ocrx_word' id='word_1_741' title='bbox 2522 4670 2882 4729; x_wconf 79' lang='lat' dir='ltr'>oﬂ&#39;ertorium</span> <span class='ocrx_word' id='word_1_742' title='bbox 2913 4692 2927 4729; x_wconf 92' lang='lat'><strong>:</strong></span> <span class='ocrx_word' id='word_1_743' title='bbox 2986 4678 3100 4732; x_wconf 77' lang='lat' dir='ltr'>Viri</span> <span class='ocrx_word' id='word_1_744' title='bbox 3146 4679 3369 4737; x_wconf 69' lang='grc' dir='ltr'>ϐαιιῖχί</span> <span class='ocrx_word' id='word_1_745' title='bbox 3388 4698 3400 4747; x_wconf 92' lang='grc'><strong>;</strong></span> <span class='ocrx_word' id='word_1_746' title='bbox 3433 4692 3587 4741; x_wconf 77' lang='grc' dir='ltr'>σθω-</span> 
     </span>
    </p>
   </div>
   <div class='ocr_carea' id='block_1_109' title="bbox 1937 4750 2745 4815">
    <p class='ocr_par' dir='ltr' id='par_1_109' title="bbox 1937 4750 2745 4815">
     <span class='ocr_line' id='line_1_109' title="bbox 1937 4750 2745 4815; baseline 0.015 -12"><span class='ocrx_word' id='word_1_747' title='bbox 1937 4750 2141 4805; x_wconf 90' lang='lat' dir='ltr'>munio</span> <span class='ocrx_word' id='word_1_748' title='bbox 2172 4767 2186 4805; x_wconf 89' lang='lat'><strong>:</strong></span> <span class='ocrx_word' id='word_1_749' title='bbox 2223 4756 2391 4808; x_wconf 80' lang='lat' dir='ltr'>Pater</span> <span class='ocrx_word' id='word_1_750' title='bbox 2411 4771 2536 4811; x_wconf 88' lang='lat' dir='ltr'>cum</span> <span class='ocrx_word' id='word_1_751' title='bbox 2556 4773 2745 4815; x_wconf 83' lang='lat' dir='ltr'>essem.</span> 
     </span>
    </p>
   </div>
   <div class='ocr_carea' id='block_1_110' title="bbox 2100 4840 3402 4913">
    <p class='ocr_par' dir='ltr' id='par_1_110' title="bbox 2100 4840 3402 4913">
     <span class='ocr_line' id='line_1_110' title="bbox 2100 4840 3402 4913; baseline 0.016 -21"><span class='ocrx_word' id='word_1_752' title='bbox 2100 4844 2230 4894; x_wconf 78' lang='lat' dir='ltr'>CAP.</span> <span class='ocrx_word' id='word_1_753' title='bbox 2267 4840 2455 4898; x_wconf 87' lang='lat' dir='ltr'>LVIII.</span> <span class='ocrx_word' id='word_1_754' title='bbox 2489 4876 2557 4885; x_wconf 88' lang='lat'>——</span> <span class='ocrx_word' id='word_1_755' title='bbox 2586 4848 2660 4902; x_wconf 88' lang='lat' dir='ltr'>De</span> <span class='ocrx_word' id='word_1_756' title='bbox 2690 4850 3023 4908; x_wconf 74' lang='lat' dir='ltr'>hebdomade</span> <span class='ocrx_word' id='word_1_757' title='bbox 3052 4856 3402 4913; x_wconf 81' lang='lat' dir='ltr'>Pentecosles.</span> 
     </span>
    </p>
   </div>
   <div class='ocr_carea' id='block_1_111' title="bbox 2004 4928 3588 5011">
    <p class='ocr_par' dir='ltr' id='par_1_111' title="bbox 2004 4928 3588 5011">
     <span class='ocr_line' id='line_1_111' title="bbox 2004 4928 3588 5011; baseline 0.013 -30"><span class='ocrx_word' id='word_1_758' title='bbox 2004 4928 2305 4999; x_wconf 84' lang='lat' dir='ltr'>Jejunium</span> <span class='ocrx_word' id='word_1_759' title='bbox 2338 4932 2589 4990; x_wconf 65' lang='lat' dir='ltr'>aestivale</span> <span class='ocrx_word' id='word_1_760' title='bbox 2619 4953 2852 5011; x_wconf 91' lang='lat' dir='ltr'>semper</span> <span class='ocrx_word' id='word_1_761' title='bbox 2886 4939 3037 4997; x_wconf 84' lang='lat' dir='ltr'>infra</span> <span class='ocrx_word' id='word_1_762' title='bbox 3088 4943 3466 5005; x_wconf 81' lang='lat' dir='ltr'>Pentecosten</span> <span class='ocrx_word' id='word_1_763' title='bbox 3498 4952 3588 5003; x_wconf 91' lang='lat' dir='ltr'>est</span> 
     </span>
    </p>
   </div>
   <div class='ocr_carea' id='block_1_112' title="bbox 1935 5016 3584 5094">
    <p class='ocr_par' dir='ltr' id='par_1_112' title="bbox 1935 5016 3584 5094">
     <span class='ocr_line' id='line_1_112' title="bbox 1935 5016 3584 5094; baseline 0.014 -23"><span class='ocrx_word' id='word_1_764' title='bbox 1935 5016 2525 5078; x_wconf 87' lang='lat' dir='ltr'>celebrandum.Nam</span> <span class='ocrx_word' id='word_1_765' title='bbox 2557 5026 2849 5083; x_wconf 87' lang='lat' dir='ltr'>orationes</span> <span class='ocrx_word' id='word_1_766' title='bbox 2873 5033 2929 5084; x_wconf 91' lang='lat' dir='ltr'>et</span> <span class='ocrx_word' id='word_1_767' title='bbox 2956 5029 3233 5088; x_wconf 89' lang='lat' dir='ltr'>lectiones</span> <span class='ocrx_word' id='word_1_768' title='bbox 3280 5035 3351 5090; x_wconf 91' lang='lat' dir='ltr'>de</span> <span class='ocrx_word' id='word_1_769' title='bbox 3380 5037 3584 5094; x_wconf 91' lang='lat' dir='ltr'>eodem</span> 
     </span>
    </p>
   </div>
   <div class='ocr_carea' id='block_1_113' title="bbox 1925 5106 3586 5198">
    <p class='ocr_par' dir='ltr' id='par_1_113' title="bbox 1925 5106 3586 5198">
     <span class='ocr_line' id='line_1_113' title="bbox 1925 5106 3586 5198; baseline 0.014 -39"><span class='ocrx_word' id='word_1_770' title='bbox 1925 5106 2163 5198; x_wconf 74' lang='lat' dir='ltr'>jejunio</span> <span class='ocrx_word' id='word_1_771' title='bbox 2185 5114 2369 5181; x_wconf 87' lang='lat' dir='ltr'>agunt</span> <span class='ocrx_word' id='word_1_772' title='bbox 2399 5112 2470 5167; x_wconf 90' lang='lat' dir='ltr'>de</span> <span class='ocrx_word' id='word_1_773' title='bbox 2499 5113 2719 5185; x_wconf 88' lang='lat' dir='ltr'>Spiritu</span> <span class='ocrx_word' id='word_1_774' title='bbox 2752 5122 2953 5174; x_wconf 89' lang='lat' dir='ltr'>sancto</span> <span class='ocrx_word' id='word_1_775' title='bbox 2984 5121 3152 5191; x_wconf 82' lang='lat' dir='ltr'>[festo</span> <span class='ocrx_word' id='word_1_776' title='bbox 3183 5123 3369 5178; x_wconf 88' lang='lat' dir='ltr'>sancti</span> <span class='ocrx_word' id='word_1_777' title='bbox 3398 5125 3586 5198; x_wconf 88' lang='lat' dir='ltr'>Spiri-</span> 
     </span>
    </p>
   </div>
   <div class='ocr_carea' id='block_1_114' title="bbox 1936 5195 3588 5283">
    <p class='ocr_par' dir='ltr' id='par_1_114' title="bbox 1936 5195 3588 5283">
     <span class='ocr_line' id='line_1_114' title="bbox 1936 5195 3588 5283; baseline 0.013 -34"><span class='ocrx_word' id='word_1_778' title='bbox 1936 5195 2073 5269; x_wconf 82' lang='lat' dir='ltr'>tus].</span> <span class='ocrx_word' id='word_1_779' title='bbox 2108 5196 2272 5251; x_wconf 84' lang='lat' dir='ltr'>Sicut</span> <span class='ocrx_word' id='word_1_780' title='bbox 2301 5214 2435 5270; x_wconf 89' lang='lat' dir='ltr'>ergo</span> <span class='ocrx_word' id='word_1_781' title='bbox 2455 5201 2751 5272; x_wconf 86' lang='lat' dir='ltr'>jejunium</span> <span class='ocrx_word' id='word_1_782' title='bbox 2764 5207 2997 5263; x_wconf 83' lang='lat' dir='ltr'>vernale</span> <span class='ocrx_word' id='word_1_783' title='bbox 3021 5225 3252 5283; x_wconf 86' lang='lat' dir='ltr'>semper</span> <span class='ocrx_word' id='word_1_784' title='bbox 3270 5212 3421 5270; x_wconf 79' lang='lat' dir='ltr'>infra</span> <span class='ocrx_word' id='word_1_785' title='bbox 3441 5195 3588 5280; x_wconf 61' lang='lat' dir='ltr'>Qua-</span> 
     </span>
    </p>
   </div>
   <div class='ocr_carea' id='block_1_115' title="bbox 1934 5284 3584 5377">
    <p class='ocr_par' dir='ltr' id='par_1_115' title="bbox 1934 5284 3584 5377">
     <span class='ocr_line' id='line_1_115' title="bbox 1934 5284 3584 5377; baseline 0.015 -40"><span class='ocrx_word' id='word_1_786' title='bbox 1934 5284 2326 5357; x_wconf 83' lang='lat' dir='ltr'>dragcsimam</span> <span class='ocrx_word' id='word_1_787' title='bbox 2358 5293 2447 5344; x_wconf 90' lang='lat' dir='ltr'>est</span> <span class='ocrx_word' id='word_1_788' title='bbox 2474 5289 2981 5363; x_wconf 86' lang='lat' dir='ltr'>celobrandum,eo</span> <span class='ocrx_word' id='word_1_789' title='bbox 3012 5299 3165 5369; x_wconf 91' lang='lat' dir='ltr'>quod</span> <span class='ocrx_word' id='word_1_790' title='bbox 3200 5300 3584 5377; x_wconf 85' lang='lat' dir='ltr'>Quadragesi-</span> 
     </span>
    </p>
   </div>
   <div class='ocr_carea' id='block_1_116' title="bbox 1932 5372 3583 5464">
    <p class='ocr_par' dir='ltr' id='par_1_116' title="bbox 1932 5372 3583 5464">
     <span class='ocr_line' id='line_1_116' title="bbox 1932 5372 3583 5464; baseline 0.015 -38"><span class='ocrx_word' id='word_1_791' title='bbox 1932 5372 2112 5464; x_wconf 83' lang='lat' dir='ltr'>malia</span> <span class='ocrx_word' id='word_1_792' title='bbox 2130 5373 2343 5431; x_wconf 88' lang='lat' dir='ltr'>habeat</span> <span class='ocrx_word' id='word_1_793' title='bbox 2362 5379 2662 5448; x_wconf 82' lang='lat' dir='ltr'>officia,ita</span> <span class='ocrx_word' id='word_1_794' title='bbox 2681 5382 2903 5440; x_wconf 90' lang='lat' dir='ltr'>etistud</span> <span class='ocrx_word' id='word_1_795' title='bbox 2933 5384 3313 5445; x_wconf 80' lang='lat' dir='ltr'>infrafestum</span> <span class='ocrx_word' id='word_1_796' title='bbox 3334 5372 3583 5464; x_wconf 69' lang='lat' dir='ltr'>Spiritus</span> 
     </span>
    </p>
   </div>
   <div class='ocr_carea' id='block_1_117' title="bbox 1931 5462 3579 5545">
    <p class='ocr_par' dir='ltr' id='par_1_117' title="bbox 1931 5462 3579 5545">
     <span class='ocr_line' id='line_1_117' title="bbox 1931 5462 3579 5545; baseline 0.017 -30"><span class='ocrx_word' id='word_1_797' title='bbox 1931 5462 2302 5531; x_wconf 87' lang='lat' dir='ltr'>sancti,unde</span> <span class='ocrx_word' id='word_1_798' title='bbox 2332 5466 2509 5525; x_wconf 90' lang='lat' dir='ltr'>habet</span> <span class='ocrx_word' id='word_1_799' title='bbox 2524 5469 2733 5539; x_wconf 79' lang='lat' dir='ltr'>officia,</span> <span class='ocrx_word' id='word_1_800' title='bbox 2769 5478 2902 5545; x_wconf 87' lang='lat' dir='ltr'>apte</span> <span class='ocrx_word' id='word_1_801' title='bbox 2924 5475 3264 5535; x_wconf 86' lang='lat' dir='ltr'>celebratur.</span> <span class='ocrx_word' id='word_1_802' title='bbox 3301 5462 3394 5538; x_wconf 81' lang='lat' dir='ltr'>Sic</span> <span class='ocrx_word' id='word_1_803' title='bbox 3423 5484 3579 5542; x_wconf 87' lang='lat' dir='ltr'>enim</span> 
     </span>
    </p>
   </div>
   <div class='ocr_carea' id='block_1_118' title="bbox 1930 5550 3582 5645">
    <p class='ocr_par' dir='ltr' id='par_1_118' title="bbox 1930 5550 3582 5645">
     <span class='ocr_line' id='line_1_118' title="bbox 1930 5550 3582 5645; baseline 0.016 -41"><span class='ocrx_word' id='word_1_804' title='bbox 1930 5550 2116 5645; x_wconf 79' lang='lat' dir='ltr'>sancti</span> <span class='ocrx_word' id='word_1_805' title='bbox 2140 5556 2349 5645; x_wconf 79' lang='lat' dir='ltr'>Patres</span> <span class='ocrx_word' id='word_1_806' title='bbox 2380 5557 2451 5614; x_wconf 92' lang='lat' dir='ltr'>de</span> <span class='ocrx_word' id='word_1_807' title='bbox 2482 5562 2730 5632; x_wconf 88' lang='lat' dir='ltr'>utroque</span> <span class='ocrx_word' id='word_1_808' title='bbox 2738 5562 2966 5633; x_wconf 88' lang='lat' dir='ltr'>jejunio</span> <span class='ocrx_word' id='word_1_809' title='bbox 2980 5569 3353 5628; x_wconf 87' lang='lat' dir='ltr'>constituisse</span> <span class='ocrx_word' id='word_1_810' title='bbox 3382 5571 3582 5645; x_wconf 84' lang='lat' dir='ltr'>legun-</span> 
     </span>
    </p>
   </div>
   <div class='ocr_carea' id='block_1_119' title="bbox 1929 5642 3583 5737">
    <p class='ocr_par' dir='ltr' id='par_1_119' title="bbox 1929 5642 3583 5737">
     <span class='ocr_line' id='line_1_119' title="bbox 1929 5642 3583 5737; baseline 0.016 -42"><span class='ocrx_word' id='word_1_811' title='bbox 1929 5643 2116 5697; x_wconf 87' lang='lat' dir='ltr'>tur.In</span> <span class='ocrx_word' id='word_1_812' title='bbox 2128 5642 2355 5715; x_wconf 88' lang='lat' dir='ltr'>jejunio</span> <span class='ocrx_word' id='word_1_813' title='bbox 2369 5647 2735 5706; x_wconf 85' lang='lat' dir='ltr'>Pentecostes</span> <span class='ocrx_word' id='word_1_814' title='bbox 2748 5667 2940 5725; x_wconf 81' lang='lat' dir='ltr'>genua</span> <span class='ocrx_word' id='word_1_815' title='bbox 2963 5671 3077 5712; x_wconf 90' lang='lat' dir='ltr'>non</span> <span class='ocrx_word' id='word_1_816' title='bbox 3101 5642 3583 5737; x_wconf 60' lang='lat' dir='ltr'>ﬂectimusjuxta</span> 
     </span>
    </p>
   </div>
  </div>
