3968 6126
141 371 296 480 ibi;

1163 408 1639 478 RADULPHUS
1658 362 2322 475 'BU‘RGUNDIONUM
2366 405 2547 469 asx.

3394 403 3551 466 1022

137 526 267 610 loco
297 550 587 625 reperitur
649 551 706 608 et
735 549 844 608 hoc
874 550 1003 607 ideo
1035 549 1172 622 quia
1193 552 1249 605 et
1268 548 1608 622 praedictum
1634 547 1790 619 jeju-
1821 548 1877 614 Α
1907 542 2042 599 CAP.
2074 542 2234 598 LXII.
2258 573 2325 584 —
2355 542 2429 597 De
2455 541 2812 625 Dominiciali
2838 510 3017 625 ofﬁcio
3058 557 3168 598 non
3202 542 3369 614 facile
3400 556 3549 615 prm-

140 642 307 700 nium
336 642 398 698 in
429 641 686 698 secunda
714 640 1083 697 hebdomada
1112 643 1243 713 post
1270 640 1648 693 Pentecosten
1680 635 1793 690 ali-

142 731 402 805 quando,
431 729 566 787 licet
605 730 946 803 incongrue,
982 729 1323 785 celebretur.
1350 728 1456 794 Qui
1488 742 1624 796 ergo
1656 742 1795 796 prae-

140 818 360 877 dictam
391 819 712 875 orationem
741 818 913 875 tertio
945 816 1291 874 Dominieali
1318 815 1508 872 ofﬁcio
1540 813 1792 886 applica-

138 910 311 977 verit,
351 907 722 965 concordiam
770 906 1096 963 ofﬁciorum
1145 921 1331 977 usque
1378 904 1436 958 in
1483 904 1793 959 adventum

143 998 377 1056 Domini
394 998 720 1055 secundum
733 996 998 1052 ordinem
1013 994 1381 1052 disturbabit.
1396 993 1609 1048 Eodem
1623 991 1796 1046 modo

145 1093 204 1144 et
249 1087 348 1143 ille
394 1086 676 1158 peccabit,
698 1086 747 1141 si
782 1085 913 1158 quis
945 1090 1076 1157 post
1110 1082 1406 1156 jejunium
1457 1078 1798 1137 autumnale

147 1175 398 1232 orationi
430 1174 686 1231 vacantis
732 1174 1061 1240 Dominicis,
1096 1173 1215 1228 sive
1246 1171 1328 1226 illi
1364 1170 1609 1226 orationi
1647 1186 1659 1223 :
1696 1170 1797 1223 Ab-

144 1267 311 1334 solve,
346 1282 472 1337 qua:
497 1264 790 1336 jejunium
834 1263 1107 1335 prmeedit
1154 1261 1373 1332 aliquid
1421 1258 1699 1330 [aliquod]
1734 1275 1802 1312 ex

144 1353 609 1411 Domiuioalibus
641 1352 849 1409 ofﬁciis
872 1351 1249 1423 adaptaverit.
1283 1348 1355 1404 lis
1377 1365 1512 1419 ergo
1545 1346 1802 1419 praemis-

146 1443 254 1510 sis,
288 1442 371 1499 ita
400 1441 666 1498 Missales
700 1442 989 1495 orationes
1022 1437 1270 1511 singulis
1309 1435 1515 1491 ofﬁciis
1548 1435 1799 1512 feriatim

146 1531 515 1605 copulentur,
558 1533 624 1586 ut
671 1529 773 1585 illa
818 1529 1046 1584 oratio:
1084 1528 1428 1598 Omnipotens
1476 1527 1804 1596 sempiterne

144 1623 313 1687 Deus,
359 1623 456 1693 qui
501 1619 843 1675 abundantia
887 1620 1127 1690 pietatis,
1176 1615 1259 1670 illi
1309 1614 1605 1687 evangelio
1640 1630 1652 1667 :
1689 1615 1803 1668 Duo

147 1711 418 1777 homines,
440 1708 719 1774 societur,
744 1724 870 1779 quae
894 1706 965 1761 ad
991 1705 1235 1761 invicem
1260 1705 1401 1759 adeo
1424 1703 1800 1768 concordant,

146 1802 217 1855 ut
245 1798 473 1854 devotio
498 1795 794 1871 publicani
825 1795 885 1850 in
912 1795 1039 1867 ipsa
1069 1793 1328 1849 oratione
1351 1791 1594 1864 exprimi
1619 1791 1805 1845 videa-

148 1892 269 1945 tur.
303 1886 447 1949 Item
477 1884 579 1941 illa
608 1889 831 1941 secreta
858 1900 871 1937 :
901 1884 1039 1939 Deus
1060 1885 1155 1953 qui
1184 1882 1450 1951 legalium
1476 1886 1503 1946 τι
1538 1881 1802 1951 diﬁ'eren-

148 1980 233 2034 tia
277 1975 675 2045 sacriﬁciorum
730 1973 1118 2044 [differentiam
1169 1970 1518 2039 hostiarum],
1575 1985 1807 2040 semper

135 2066 455 2141 jungenda
500 2068 588 2120 est
634 2062 721 2117 illi
768 2061 1107 2117 offertorio:
1161 2060 1311 2114 Sicut
1362 2060 1417 2112 in
1467 2057 1799 2113 holocausta.

148 2157 301 2214 Nam
332 2153 601 2227 quamvis
620 2169 679 2209 et
697 2151 822 2208 alias
844 2148 1188 2221 hujusmodi
1219 2147 1508 2202 orationes
1539 2146 1662 2201 suis
1685 2145 1805 2200 ofﬁ-

149 2244 260 2302 ciis
302 2242 704 2299 indubitanter
750 2238 1119 2306 concordent,
1152 2236 1213 2291 in
1265 2235 1559 2308 praedictis
1609 2238 1804 2287 tamen

150 2331 474 2390 evidentior
504 2330 811 2393 concordia
850 2330 1088 2385 notatur
1111 2345 1123 2383 :
1149 2342 1325 2398 quam
1359 2323 1459 2395 qui
1499 2322 1809 2393 diligenter

148 2420 568 2488 observaverit,
598 2431 704 2474 nec
736 2423 923 2484 antea,
949 2433 1055 2472 nec
1084 2418 1288 2488 postea
1314 2412 1685 2468 concordiam
1718 2411 1806 2465 of-

153 2510 425 2569 ﬁciorum
456 2507 831 2574 disturbabit,
865 2507 913 2562 si
945 2523 1048 2579 per
1074 2505 1339 2561 ordinem
1368 2501 1577 2559 ofﬁciis
1605 2500 1811 2556 oratio-

157 2617 267 2657 nes
295 2598 513 2657 viritim
544 2597 768 2655 sociare
797 2595 1063 2669 voluerit.

2556 613 2912 669 (ermine-udo.

1974 747 2151 802 Juxta
2184 747 2507 801 Romanam
2540 746 3045 816 consuetudinem,
3078 746 3136 801 in
3170 747 3330 802 omni
3364 748 3557 803 Domi-

1905 836 2038 892 nica
2080 834 2476 891 ecclesiastico
2523 836 2829 892 conventui
2880 852 3016 890 cum
3063 836 3252 892 ofﬁcio
3299 836 3559 891 Domini-

1905 944 1982 980 ca;
2014 923 2405 997 [Dominieali]
2439 924 2857 991 satisfacimus,
2897 925 3009 981 nisi
3059 924 3257 996 aliqua
3305 925 3558 981 multum

1906 1014 2151 1070 celebris
2183 1013 2464 1070 festivitas
2497 1013 2554 1068 in
2586 1013 2717 1084 ipsa
2768 1013 2860 1070 die
2909 1019 3195 1081 occurrat,
3232 1019 3299 1069 ut
3346 1014 3588 1072 festum.

1904 1102 2152 1157 Joannis
2213 1101 2511 1173 Baptistae,
2542 1100 2629 1156 vel
2676 1103 2861 1156 sancti
2923 1102 3073 1157 Petri
3124 1102 3422 1175 apostoli:
3458 1120 3561 1174 pro

1909 1192 2124 1262 quibus
2170 1208 2283 1244 non
2337 1191 2534 1245 minus
2567 1207 2747 1261 quam
2801 1209 2904 1263 pro
2961 1192 3263 1247 Dominica
3314 1191 3564 1263 populus

1910 1280 2057 1336 solet
2089 1280 2453 1351 congregari,
2488 1296 2635 1350 quas
2665 1283 2722 1335 et
2752 1279 2811 1334 in
2843 1279 2972 1335 aliis
3016 1281 3224 1336 diebus
3256 1279 3562 1336 solemnis-

1910 1369 2057 1423 sime
2098 1368 2544 1424 celebraremus.
2582 1370 2725 1424 Item
2773 1385 2906 1424 cum
2960 1369 3158 1440 plures
3209 1370 3329 1424 sint
3380 1372 3562 1440 [sunt]

1915 1457 2226 1514 Dominicas
2257 1473 2435 1528 quam
2467 1456 2676 1522 ofﬁcia,
2706 1474 2818 1512 non
2853 1462 2918 1513 ut
2944 1458 3182 1529 quidam
3213 1458 3562 1527 differimus,

1912 1547 2013 1602 sed
2072 1545 2300 1617 quoties
2354 1562 2591 1602 necesse
2646 1546 2772 1612 fuit,
2834 1546 3035 1619 aliqua
3092 1547 3430 1620 repetimus,
3466 1547 3564 1602 illo

1913 1636 2197 1690 duntaxat
2229 1635 2534 1691 observato
2577 1641 2642 1690 ut
2683 1635 2956 1691 ultimum
2990 1636 3248 1691 ofﬁcium
3282 1637 3341 1691 in
3376 1636 3565 1708 proxi-

1915 1740 2010 1778 ma
2054 1728 2282 1777 tantum
2345 1723 2711 1779 hebdomada
2767 1730 2899 1779 ante
2951 1726 3276 1780 Adventum
3338 1724 3565 1780 Domini

1914 1816 2200 1868 cantetur.
2234 1813 2333 1866 Est
2377 1813 2533 1868 enim
2580 1813 2921 1884 praeparatio
2968 1813 3197 1868 Domini
3246 1814 3565 1879 Adventus,

1834 1919 1883 1983 Β
1915 1901 2014 1973 qui
2047 1917 2279 1972 semper
2319 1900 2379 1956 in
2426 1900 2633 1973 quinta
2676 1901 2979 1957 Dominica
3027 1905 3160 1957 ante
3208 1901 3409 1958 Natale
3457 1902 3567 1957 Do-

1916 1990 2057 2046 mini
2102 1991 2275 2045 debet
2322 1989 2561 2060 initiari,
2600 1989 2863 2045 videlicet
2893 1996 2958 2046 ut
2987 1989 3139 2047 sicut
3187 1990 3412 2062 antiqui
3459 1995 3568 2046 Pa-

1912 2084 2032 2134 tres
2061 2096 2163 2149 per
2193 2078 2457 2150 quinque
2490 2082 2725 2134 aetatum
2764 2078 3078 2145 curricula,
3114 2080 3234 2135 sive
3264 2096 3368 2151 per
3394 2079 3570 2152 quin-

1915 2185 2028 2239 que
2060 2166 2240 2222 libros
2271 2168 2511 2239 Moysis,
2534 2168 2605 2222 de
2647 2168 2908 2224 Adventu
2942 2168 3152 2224 Christi
3188 2168 3377 2224 edocti
3409 2173 3567 2237 sunt,

1916 2256 2301 2311 nihilominus
2331 2262 2388 2310 et
2418 2271 2524 2310 nos
2566 2272 2669 2328 per
2699 2256 2959 2327 quinque
2989 2256 3324 2312 Dominicas
3354 2258 3424 2312 de
3455 2259 3572 2312 Ad-

1916 2350 2088 2400 ventu
2122 2346 2249 2413 ejus
2290 2345 2673 2412 instruamur,
2712 2349 2773 2399 ut
2813 2346 2981 2415 juxta
3028 2346 3394 2419 evangelium
3445 2347 3568 2416 eju-

1917 2435 2079 2489 sdem
2114 2433 2248 2497 diei,
2283 2434 2353 2489 de
2397 2433 2658 2505 quinque
2696 2434 2948 2505 panibus
2978 2450 3112 2489 cum
3145 2433 3404 2507 quinque
3438 2435 3568 2490 mil-

1916 2523 2074 2578 libus
2106 2521 2416 2578 hominum
2440 2522 2692 2578 saturari
2724 2539 3072 2579 mereamur.

1579 2738 1823 2812 Explieit
1848 2747 2160 2812 Μικρόλογος.

160 2890 3576 2932 W

1192 3026 2149 3211 SfECULl
2291 3041 2554 3207 XI

619 3299 1761 3445 MONUMENTA
1867 3294 3135 3436 DIPLOMATICA

1042 3642 1953 3737 IMPERATORUM
2016 3640 2707 3735 GERMANIAZ

1718 3820 2029 3882 NECNON

1280 3961 2009 4051 FRANCORUM
2067 3960 2468 4047 REGUM

431 4150 1100 4265 DIPLOMATA
1168 4153 1308 4261 ET
1361 4143 2320 4264 CONSTITUTIONES
2388 4143 3297 4261 ECCLESIAS'l‘lC/E

1275 4467 2166 4571 RABULPUS
2259 4469 2464 4568 III

1023 4658 1561 4721 CUGNOMENTO
1607 4656 1804 4726 PlUS,
1852 4654 2491 4718 BURGUNDIONUM
2538 4659 2716 4718 REX.
2772 4688 2775 4691 -

1630 4806 1761 4891 (An.
1793 4802 2116 4873 994-1032.)

1188 5032 1741 5127 BADULFI
1830 5027 2556 5124 DIPLOMATA

166 5329 468 5401 Conﬁrmat
490 5316 609 5401 qua?
648 5328 977 5401 monasterio
1096 5324 1682 5401 Andrea,’_Vicnnen.sis
1725 5325 1819 5378 do-

558 5406 786 5455 naverat
815 5397 1092 5455 Conradus
1116 5399 1277 5468 pater
1305 5394 1435 5467 ejus.

811 5504 996 5575 (Anno
1032 5492 1180 5575 994.)

387 5596 610 5668 [Edidit
640 5595 891 5661 Acusav,
923 5593 1116 5665 Spicz'l.
1152 5595 1192 5647 t.
1229 5591 1323 5657 III,
1357 5608 1412 5663 p.
1445 5591 1594 5665 380.]

256 5686 322 5743 In
356 5684 591 5741 nomine
623 5683 693 5740 Dr
713 5682 855 5739 mini
887 5681 987 5738 Dei
1016 5680 1235 5751 (sterni,
1271 5681 1579 5738 RADULFUS
1611 5698 1728 5737 rex.

1850 5237 1891 5303 C
2002 5234 2061 5287 Si
2092 5232 2256 5287 locus
2288 5236 2624 5287 sanctorum
2668 5251 2827 5291 more
2876 5237 3328 5307 praecedentium
3379 5253 3581 5309 regum

1931 5321 2349 5379 catholicorum
2374 5320 2595 5393 aliquid
2616 5323 2967 5397 compendii,
2990 5325 3143 5380 unde
3163 5325 3281 5381 vita
3299 5324 3443 5382 inibi
3466 5327 3581 5383 Deo

1932 5409 2343 5466 famulantium
2360 5415 2851 5481 sustentetur,con
2863 5414 3008 5471 ferre
3025 5415 3349 5487 studemus,
3369 5434 3481 5473 non
3497 5434 3585 5473 so-

1929 5500 2053 5555 lum
2076 5500 2135 5553 in
2153 5500 2262 5554 hac
2279 5499 2396 5555 vita
2413 5500 2637 5557 diutius
2656 5519 2787 5557 cum
2810 5505 3192 5576 prosperitate
3213 5510 3583 5581 regnaturae,

1929 5605 2131 5645 verum
2155 5588 2211 5642 in
2236 5590 2477 5660 perenni
2503 5608 2537 5647 a
2557 5591 2671 5647 Deo
2697 5594 3294 5665 recompensationem
3327 5596 3583 5670 recipere

1930 5678 2300 5735 conﬁdimus.
2354 5679 2634 5743 Quocirca
2684 5681 2909 5739 noverit
2964 5688 3177 5742 sanctae
3230 5685 3331 5742 Dei
3385 5686 3580 5743 Eccle-
