3968 6126
411 289 438 350 ί
449 286 570 351 023

1771 288 2088 359 MONUM.
2138 290 2462 360 DIPLOM.

3669 291 3839 358 1024

411 427 506 482 size
527 429 982 500 nostrorumque
1002 426 1264 485 fidelium
1285 427 1656 493 universitas,
1678 429 2053 502 praesentium
2085 432 2140 499 Α
2171 433 2243 488 ad
2263 447 2559 488 summam
2577 429 2848 488 duxerint
2863 429 3231 506 dignitatem,
3245 445 3354 486 nos
3371 426 3839 502 quidem,exem-

403 514 631 571 scilicet
645 531 710 570 ac
729 515 1226 588 futurorum,quia
1243 517 1591 572 venerabilis
1609 517 1789 574 abbas
1810 518 2060 575 Haimoi-

410 623 524 661 nus
556 605 626 660 de
657 607 1008 661 monasterio
1041 605 1238 661 Sancti
1269 603 1509 662 Andreae
1533 606 1801 680 apostoli,
1827 607 1885 662 in
1919 609 2026 663 civi
2047 639 2061 650 -

410 700 526 750 tate
555 695 812 767 Vigenna
867 693 1145 760 siti,cum
1186 695 1490 751 monachis
1541 697 1650 752 sibi
1702 697 2058 762 commissis,

409 788 543 840 ante
573 783 940 856 praesentiam
973 789 1234 839 nostram
1268 789 1622 857 praeceptum
1660 787 1843 857 patris
1875 788 2057 842 nostri

407 875 694 940 deferens,
714 873 1026 946 postulavit
1048 877 1113 928 ut
1134 889 1224 927 res
1250 890 1376 944 quae
1408 873 1464 928 in
1492 875 1617 946 ipso
1651 875 1720 929 ad
1753 876 2059 947 praefatum

407 963 828 1018 monasterium
853 979 887 1017 a
907 979 968 1018 se
989 963 1346 1033 jamdudum
1371 968 1760 1019 restauratum
1782 965 2058 1037 delegata:

405 1057 569 1108 erant
591 1069 694 1124 pro
717 1052 928 1107 animae
952 1052 1156 1107 matris
1179 1058 1390 1108 nostra:
1415 1052 1713 1108 Mathildis
1738 1054 1947 1126 regina:
1971 1071 2059 1109 rc-

404 1141 596 1197 medio
629 1157 695 1196 ac
727 1157 866 1205 suae,
891 1146 1102 1196 nostra).
1135 1142 1499 1196 auctoritatis
1529 1147 1814 1214 praecepto
1837 1144 1906 1198 ad
1929 1160 2060 1199 sus-

403 1230 781 1286 tentationem
807 1230 921 1284 Deo
947 1229 1025 1284 ibi
1059 1227 1434 1284 servientium
1460 1232 1834 1287 corroborare
1855 1232 2059 1303 digna-

402 1335 619 1376 remur.
647 1320 796 1375 Sunt
825 1322 1019 1374 autem
1054 1335 1144 1374 res
1175 1319 1313 1390 ipsa:
1353 1318 1410 1373 in
1454 1336 1600 1392 pago
1632 1320 1875 1393 Vigenni
1911 1322 2060 1396 sitae,

401 1409 459 1464 in
490 1409 630 1464 villa
656 1408 919 1463 Vitrosco
965 1407 1212 1463 ecclesia
1242 1425 1373 1463 eum
1419 1409 1778 1481 appendiciis
1827 1410 1970 1477 suis,
2005 1416 2060 1464 et

401 1497 688 1569 quidquid
711 1497 766 1551 in
786 1497 914 1568 ipsa
935 1495 1185 1563 villa,vel
1207 1497 1263 1551 in
1281 1497 1448 1552 Arelo
1469 1502 1632 1570 pater
1652 1503 1850 1554 noster
1869 1504 1926 1554 et
1944 1516 2063 1555 ma-

402 1593 491 1642 ter
521 1590 723 1642 nostra
753 1587 823 1640 de
853 1586 1213 1641 Teudowino
1253 1586 1673 1658 acquisierunt,
1699 1592 1756 1642 et
1793 1588 1850 1641 in
1883 1590 2058 1643 Arcas

402 1692 677 1730 mansum
695 1691 901 1744 unum,
917 1675 1044 1728 etin
1069 1675 1330 1730 Masiano
1354 1675 1612 1731 colonica
1636 1693 1771 1731 una.
1793 1677 1908 1731 Nos
1927 1695 2056 1732 vero

401 1780 516 1819 non
549 1763 740 1819 solum
774 1764 832 1817 in
865 1763 972 1817 hoc
1015 1763 1066 1818 ei
1111 1780 1420 1819 assensum
1455 1766 1796 1835 praebentes,
1821 1767 1920 1822 sed
1964 1767 2053 1821 in-

400 1868 578 1924 super
607 1868 708 1923 per
737 1851 1045 1906 consilium
1079 1848 1299 1907 dilectae
1341 1853 1607 1926 conjugis
1654 1859 1865 1909 nostra:
1894 1855 2049 1927 Agil-

399 1941 605 1998 drudis
635 1940 867 2014 reginze,
902 1956 968 1995 ac
1003 1941 1196 1996 fratris
1236 1942 1420 1997 nostri
1462 1942 1781 1998 Burchardi
1815 1945 2046 2015 Lugdu-

400 2030 600 2086 nensis
627 2028 1068 2101 archiepiscopi,
1093 2030 1411 2101 quamdam
1435 2030 1631 2086 villam
1660 2031 2049 2089 Crisinciacus

400 2119 758 2174 nominatam
783 2135 914 2173 cum
947 2117 1188 2173 familiis
1212 2119 1523 2190 utriusque
1550 2136 1723 2176 sexus
1755 2126 1810 2176 et
1839 2122 2046 2190 aetatis,

395 2212 455 2264 et
485 2209 660 2264 rebus
689 2207 963 2262 omnibus
995 2208 1066 2262 ad
1100 2207 1284 2278 ipsam
1323 2209 1796 2280 respicientibus,
1825 2227 1952 2281 quze
1981 2228 2046 2266 ex

397 2296 582 2352 multo
613 2300 873 2368 tempore
895 2297 965 2351 de
997 2296 1234 2368 przefato
1263 2297 1617 2353 monasterio
1647 2299 1880 2354 abblata
1911 2299 2043 2369 fuit,

395 2403 498 2458 pro
528 2385 784 2441 remedio
815 2385 1024 2440 animae
1058 2385 1244 2456 patris
1275 2387 1477 2453 nostri,
1501 2387 1655 2443 sicut
1685 2388 1808 2460 ipse
1840 2389 1898 2443 in
1934 2390 2046 2446 ﬁne

394 2476 589 2531 obitus
621 2475 710 2530 sui
741 2473 1013 2542 reddidit,
1040 2478 1242 2530 saneto
1262 2476 1502 2531 Andrele
1530 2481 1848 2549 sanctoque
1871 2479 2046 2534 Maxi-

395 2581 491 2620 mo
523 2564 824 2619 reddimus
855 2568 912 2618 et
941 2563 1339 2630 concedimus,
1363 2568 1420 2620 et
1446 2581 1548 2636 per
1577 2565 1684 2621 hoc
1715 2570 1924 2622 nostrae
1947 2585 2046 2622 au-

394 2652 679 2708 ctoritatis
711 2657 1066 2725 prazceptum
1099 2652 1420 2723 sancimus,
1447 2659 1511 2708 ut
1541 2654 1814 2727 deinceps
1845 2655 2044 2713 nullus

395 2743 531 2813 dux,
551 2741 834 2812 marehio,
854 2757 1070 2805 comes,
1085 2741 1168 2796 vel
1194 2741 1466 2812 quaelibet
1485 2743 1726 2815 grandis
1748 2748 1847 2799 aut
1867 2762 2044 2816 parva

394 2830 558 2904 regni
587 2831 770 2887 nostri
800 2847 1046 2902 persona
1074 2831 1144 2885 de
1177 2847 1356 2902 supra
1378 2831 1695 2888 nominatis
1715 2833 1892 2890 rebus
1917 2835 2044 2890 nul-

393 2921 514 2976 lum
539 2919 856 2987 teloneum,
875 2919 964 2975 vel
994 2919 1251 2991 aliquam
1271 2919 1620 2976 fonctionem
1644 2921 1869 2993 exigere
1897 2941 2040 2995 prae-

393 3012 607 3075 sumat,
642 3008 742 3064 sed
789 3009 859 3063 ad
895 3008 1159 3064 subsidia
1197 3009 1615 3065 monachorum
1650 3011 1707 3065 in
1742 3011 2040 3084 praelibato

393 3099 747 3154 monasterio
769 3098 884 3152 Deo
917 3097 1317 3165 servientium,
1338 3099 1600 3154 omnium
1623 3099 1932 3156 hominum
1959 3102 2043 3156 in-

392 3187 731 3260 quietudine
762 3191 1004 3253 remota,
1027 3191 1233 3242 cuncto
1266 3194 1646 3258 permaneant
1674 3193 1954 3262 tempore.

460 3277 516 3331 Si
549 3276 681 3348 quis
713 3280 908 3332 autem
941 3275 1120 3347 hujus
1152 3275 1335 3331 nostri
1368 3277 1639 3350 praecepti
1668 3278 1914 3336 violator
1941 3297 2036 3336 ex-

390 3364 775 3434 stiterit,sciat
787 3381 847 3420 se
861 3363 1323 3436 compositurum
1343 3365 1468 3420 auri
1483 3366 1688 3439 optimi
1709 3367 1890 3425 libras
1906 3387 2037 3437 xxx,

392 3454 763 3511 medietatem
791 3469 1033 3509 cameras
1075 3453 1276 3526 palatii
1330 3455 1533 3521 nostri,
1567 3460 1623 3511 et
1665 3457 2038 3513 medietatem

391 3543 697 3599 monachis
745 3542 1120 3614 supradictis.
1157 3543 1227 3598 Ut
1283 3549 1478 3600 autem
1536 3544 1727 3600 verius
1780 3563 1814 3600 a
1869 3546 2042 3602 nobis

392 3634 608 3688 factum
641 3632 932 3697 credatur,
965 3635 1022 3686 et
1052 3632 1123 3686 ab
1155 3632 1428 3687 omnibus
1469 3631 1807 3705 diligentius
1839 3652 2038 3690 succe-

392 3723 665 3778 dentibus
697 3721 1060 3794 temporibus
1110 3721 1469 3788 observetur,
1505 3739 1715 3778 manus
1760 3722 1903 3779 illud
1936 3742 2035 3780 no-

393 3817 524 3868 stra;
572 3811 1000 3883 subscriptione
1055 3811 1412 3877 roborantes,
1463 3809 1637 3882 sigilli
1691 3812 1873 3866 nostri
1923 3813 2038 3868 im-

390 3901 688 3973 pressione
713 3899 975 3955 adnotari
1000 3899 1294 3969 jussimus
1320 3914 1333 3954 :
1357 3902 1414 3954 et
1437 3899 1510 3954 ad
1536 3899 2039 3958 confirmationem

387 3990 748 4063 praelibatam
794 3989 1259 4044 confirmandam
1309 3988 1582 4044 addimus
1631 3989 1936 4047 ecclesiam
1968 3991 2039 4046 de

386 4079 676 4135 Maselatis
719 4094 853 4132 cum
909 4077 1270 4149 appendiciis
1325 4077 1448 4133 suis
1509 4078 1581 4132 ad
1631 4078 2037 4149 praedictorum

388 4166 811 4222 monachorum
846 4163 1129 4220 subsidia.

459 4257 686 4326 Signum
715 4254 904 4307 domm‘
933 4253 1146 4322 Radulﬁ
1173 4255 1506 4309 nobilissimi
1537 4255 1696 4325 regis.

457 4341 756 4397 Paldolfus
788 4340 1192 4409 cancellarius,
1228 4341 1554 4413 recognovi.

459 4431 660 4486 Datan
685 4428 820 4483 ldus
848 4429 1136 4495 Januarii,
1162 4447 1313 4484 anno
1349 4430 1772 4488 lncarnationis
1806 4429 2043 4500 Domini

2176 520 2271 592 pla
2290 521 2551 593 priorum
2575 521 2999 594 perpendentes
3021 538 3087 576 ac
3103 519 3318 576 molem
3339 523 3673 575 nostrorum
3700 536 3834 593 pec-

2171 610 2492 681 caminum,
2517 627 2586 666 ne
2617 610 2704 665 ira
2723 608 3208 680 districtijudicis
3229 607 3423 682 pavidi
3448 608 3825 675 damnamur,

2171 699 2734 770 archiepiscopatum
2780 697 3050 754 Hibernis
3100 696 3538 752 incursionibus
3588 697 3822 770 penitus

2171 787 2611 861 depopulatum,
2645 803 2820 860 quem
2862 787 3082 855 Amizo,
3116 790 3290 859 prout
3333 785 3484 840 vires
3515 789 3821 858 appetunt,

2170 877 2503 932 ordinatum
2538 875 2785 942 vestivit,
2831 876 3110 931 comitatu
3160 875 3470 941 donamus,
3504 891 3594 939 ac,
3644 874 3824 947 hujus

2171 968 2514 1022 auctoritate
2536 965 2718 1022 nostri
2749 964 3041 1038 praecepti,
3065 964 3220 1020 hunc
3245 967 3441 1019 autem
3469 963 3628 1033 juste
3650 968 3710 1020 et
3740 963 3825 1020 le-

2170 1055 2377 1129 galiter
2401 1072 2529 1112 esse
2559 1055 2763 1110 datum
2799 1055 3122 1122 ﬁrmamus,
3147 1057 3213 1108 ut
3235 1052 3386 1108 sicut
3410 1052 3824 1124 praedictorum

2172 1144 2438 1217 maligna:
2481 1143 2802 1200 incursioni
2853 1142 3174 1215 saepissime
3227 1140 3446 1197 decidit
3491 1140 3712 1209 furore,
3748 1142 3829 1198 ita

2171 1234 2354 1290 nostri
2407 1233 2729 1305 juvaminis
2789 1231 3125 1288 sublevetur
3179 1231 3418 1286 honore.
3452 1230 3570 1286 Hoc
3623 1233 3820 1286 autem

2170 1322 2326 1380 omni
2359 1322 2820 1378 consideratione
2850 1320 3008 1376 cordi
3032 1318 3455 1387 commitimus,
3481 1318 3820 1375 Dominum-

2171 1429 2282 1484 que
2303 1412 2598 1467 Christum
2619 1415 2820 1466 Jesum
2842 1410 2972 1464 ﬁxis
2994 1408 3242 1482 genibus
3275 1407 3690 1480 imploramus,
3708 1413 3816 1480 quo

2170 1501 2260 1557 his
2293 1500 2540 1573 peractis
2572 1501 2643 1555 ad
2675 1499 2926 1555 cmlestis‘
2955 1497 3155 1570 patriaa
3195 1494 3494 1553 valeamus
3524 1496 3817 1568 deportari

2167 1607 2436 1662 regnum,
2457 1606 2522 1644 ac
2550 1593 2897 1661 potestatem
2924 1592 3138 1641 sanctae
3169 1584 3264 1640 Dei
3298 1582 3568 1640 Ecclesiae
3601 1585 3814 1641 Taren-

2167 1679 2327 1734 tasize
2358 1679 2650 1751 integrum
2682 1676 3038 1732 conferimus
3069 1672 3430 1739 comitatum,
3455 1689 3573 1744 quo
3604 1673 3816 1730 beatis-

2167 1769 2452 1825 simorum
2485 1765 2880 1840 apostolorum
2916 1762 3195 1838 principis
3219 1763 3346 1834 jam
3377 1762 3604 1818 dictum
3637 1763 3814 1819 comi-

2159 1863 2345 1914 tatum
2380 1862 2490 1913 Deo
2522 1856 2858 1924 deferimus,
2894 1858 2960 1909 ut
2989 1853 3046 1908 in
3080 1852 3354 1908 omnibus
3388 1851 3660 1908 eamdem
3696 1852 3812 1925 ipse

2159 1947 2471 2019 praedictus
2501 1943 2976 2016 archiepiscopus
3025 1944 3371 2013 potestatem
3416 1940 3631 1996 habeat
3662 1941 3812 2014 regi-

2158 2053 2291 2092 men
2325 2035 2444 2092 sive
2491 2033 2877 2089 ordinationis
2925 2046 3168 2087 suorum
3220 2029 3400 2085 tantis
3447 2030 3811 2102 temporibus

2157 2125 2428 2197 episcopo
2451 2119 3184 2190 committere.Quicunque
3209 2116 3577 2190 igituristius
3601 2123 3810 2174 nostra!

2155 2211 2483 2269 donationis
2507 2211 2715 2268 seriem
2735 2208 3043 2264 temerario
3062 2225 3207 2263 ausu
3226 2211 3508 2262 temerare
3525 2219 3810 2279 praesum-

2157 2302 2356 2375 pserit,
2375 2301 2648 2357 omnibus
2669 2299 2768 2355 Dei
2793 2295 3304 2354 maledictionibus
3326 2295 3646 2367 subjaceat,
3675 2313 3808 2352 san-

2154 2397 2498 2462 ctorumque
2529 2387 2924 2461 apostolorum
2973 2385 3237 2441 omnium
3280 2383 3450 2440 nodis
3479 2389 3536 2440 et
3565 2384 3811 2442 nexibus

2155 2481 2434 2541 irretitus,
2459 2477 2829 2533 anathemate
2878 2478 3157 2547 perpetuo
3205 2473 3535 2528 damnetdr.
3571 2473 3642 2527 Et
3691 2471 3808 2528 haec

2153 2573 2354 2624 nostra
2379 2565 2694 2622 auctoritas
2744 2564 2932 2632 ﬁrma,
2977 2561 3206 2618 stabilis
3256 2564 3491 2616 maneat
3537 2573 3804 2633 semper;

2152 2657 2508 2729 insuperque
2530 2653 2741 2710 sentiat
2771 2669 2833 2707 se
2865 2650 3329 2723 compositurum
3359 2653 3596 2705 centum
3626 2649 3806 2705 libras

2151 2746 2357 2818 optini
2389 2744 2536 2811 auri,
2565 2741 2936 2798 medietatem
2969 2756 3210 2795 camerae
3245 2742 3477 2805 nostrae,
3503 2742 3558 2793 et
3588 2738 3806 2793 medie-

2151 2840 2330 2890 tatem
2363 2831 2821 2904 archiepiscopo,
2843 2829 2933 2884 vel
2955 2827 3396 2884 successoribus
3417 2825 3562 2882 suis.
3585 2829 3806 2882 Verum

2151 2929 2214 2980 ut
2243 2923 2352 2979 hoc
2385 2920 2638 2977 credatis
2668 2917 2899 2984 melius,
2933 2933 3188 2989 praesens
3217 2920 3569 2988 praeceptum
3603 2915 3802 2971 ﬁrma-

2147 3013 2362 3079 vimus,
2394 3013 2711 3081 nostroque
2740 3006 2933 3080 sigillo
2962 3004 3231 3078 insigniri
3251 3004 3568 3076 jussimus.

2219 3101 2467 3174 Signum
2499 3097 2720 3154 domini
2751 3094 3110 3152 serenissimi
3141 3094 3296 3166 regis
3327 3092 3639 3165 Rodulphi.

2067 3169 2110 3236 (ἶ
2218 3169 2532 3246 Anselmus
2563 3187 2716 3259 regis
2747 3183 3127 3241 cancellarius
3167 3182 3275 3239 hoc
3323 3181 3559 3254 scripsit
3587 3198 3801 3255 praece-

2147 3284 2314 3354 ptum
2346 3293 2500 3334 anno
2533 3275 2760 3332 Domini
2788 3272 3214 3330 lncarnationis
3240 3271 3686 3344 nongentesimo
3706 3289 3803 3327 no-

2151 3367 2449 3442 nagesimo
2480 3369 2662 3430 sexto,
2693 3361 3010 3418 indictione
3054 3377 3188 3417 vero
3218 3359 3466 3428 decima,
3502 3359 3667 3432 regni
3701 3376 3801 3415 au-

2147 3464 2263 3515 tem
2298 3453 2589 3526 Rodulphi
2623 3452 2816 3508 tertio.

2218 3549 2431 3601 Actum
2463 3544 2522 3598 in
2547 3546 2794 3614 Agauno
2825 3539 3086 3596 feliciter.

2930 3646 3025 3702 IlI.

2243 3741 2535 3798 Ecclesium
2565 3738 2619 3792 S.
2653 3738 2864 3793 Nicolai
2890 3735 2955 3790 de
2982 3736 3266 3792 Polininro
3300 3734 3353 3786 S.
3389 3733 3611 3789 0diloni
3641 3750 3703 3787 ac

2241 3811 2248 3816 ’
2479 3810 2805 3865 monasterio
2838 3808 3184 3863 Cluniacensi
3207 3804 3467 3861 concedit.

2777 3898 2963 3968 (Anno
2993 3896 3179 3964 1029.)

2151 3993 2314 4063 [Dom
2347 3989 2645 4063 Maerens,
2679 3987 2928 4063 Thesaur.
2961 3983 3262 4063 Αγιεεάᾈῐ2
3298 3983 3422 4052 H7,
3454 3979 3805 4063 ex‘archivis

2396 4053 2647 4116 Cameris
2673 4061 3097 4129 Computorum
3141 4053 3558 4123 Divionensis.]

2221 4169 2283 4224 In
2315 4165 2552 4222 nomine
2579 4167 2788 4221 sancta:
2814 4166 2869 4219 et
2900 4161 3212 4217 individua:
3231 4158 3556 4222 Trinitatis,
3581 4157 3806 4214 RADUL-

2153 4275 2281 4321 rus,
2318 4255 2415 4310 Dei
2447 4253 2636 4327 gratia
2664 4249 3138 4324 Burgundiorum
3171 4265 3290 4304 rex.

2222 4345 2387 4402 Sicut
2419 4348 2643 4399 certum
2687 4346 2777 4396 est
2824 4338 2961 4412 quia
3011 4339 3109 4393 Dei
3161 4336 3414 4408 potentis
3464 4351 3601 4391 non.
3643 4377 3657 4390 .
3694 4378 3707 4390 .
3746 4377 3759 4388 .
3793 4377 3805 4388 .

2152 4435 2370 4507 quippe
2401 4433 2525 4488 sine
2547 4447 2662 4503 quo
2686 4433 2942 4502 potestas
2973 4444 3089 4483 non
3123 4429 3230 4491 est,
3256 4425 3337 4480 ita
3358 4439 3593 4497 quoque
3623 4423 3811 4496 liquet

384 4519 510 4586 99$,
536 4517 738 4572 indict.
758 4534 814 4585 v,
838 4533 990 4572 anno
1013 4533 1145 4572 vero
1168 4518 1366 4573 domni
1393 4519 1622 4574 Radulﬁ
1647 4521 1801 4593 regis
1824 4523 2037 4594 primo.
2075 4537 2121 4602 Ι)
2151 4524 2304 4596 quod
2339 4525 2642 4594 potentum
2671 4534 2847 4590 opera
2874 4515 3275 4587 interrogabit.
3391 4514 3463 4570 ob
3497 4512 3606 4568 hoc
3635 4513 3805 4602 nobis

463 4610 671 4662 Actum
699 4605 975 4678 Vigennze
1008 4606 1066 4661 in
1099 4606 1194 4662 Dei
1229 4607 1464 4663 nomine
1497 4608 1756 4666 feliciter.
1789 4613 1994 4668 Amen.

1191 4696 1259 4752 ΙΙ.

387 4786 656 4853 limi/soni,
688 4785 1087 4857 archiepiscopo
1119 4787 1542 4854 Taranlasiensi,
1564 4790 1882 4845 comitatum
1899 4792 2043 4862 ejus-

958 4874 1079 4929 dem
1110 4875 1263 4931 urbis
1292 4875 1476 4932 donat.

1033 4966 1221 5035 (Anno
1256 4964 1406 5034 996.)

717 5054 1062 5120 [MURATORL
1096 5055 1279 5124 Antiq.
1319 5054 1465 5120 Ilal.,
1500 5053 1541 5120 Ι,
1578 5055 1726 5125 415.]

461 5147 524 5201 In
556 5142 794 5200 nomine
816 5147 1027 5198 sancta:
1058 5147 1114 5197 et
1139 5141 1451 5197 individuze
1476 5143 1799 5214 Trinitatis,
1825 5144 2050 5200 RODUL-

393 5250 562 5298 pnus,
587 5230 784 5287 aeterni
808 5230 1029 5301 judicis
1063 5231 1464 5286 misericordia
1498 5248 1613 5286 rex.

465 5323 608 5375 Dum
627 5318 684 5372 in
707 5320 1026 5391 primordio
1047 5319 1390 5375 Christianae
1416 5320 1717 5392 religionis
1747 5310 2051 5377 constituti

391 5411 530 5466 sunt
559 5421 742 5477 reges,
783 5407 1176 5464 Ecclesiarum
1217 5407 1673 5465 sollicitudinem
1722 5426 2042 5483 curamque

391 5495 731 5571 pontificum
774 5495 889 5552 Deo
931 5497 1346 5554 famulantium
1390 5499 1852 5568 considerantes,
1903 5516 2053 5571 aug-

394 5582 708 5651 mentando
742 5585 1025 5641 terrarum
1058 5587 1226 5642 donis
1259 5585 1633 5665 pontiﬁcatus
1664 5587 2048 5662 quamplures

2154 4625 2527 4684 summopere
2560 4607 2882 4664 curandum
2914 4610 3004 4662 est
3032 4608 3098 4660 ut
3121 4619 3256 4659 cum
3287 4601 3378 4658 vel
3407 4601 3809 4674 prodesse,vel

2153 4702 2378 4766 obesse,
2412 4699 2540 4771 ipso
2571 4697 2938 4769 disponente,
2961 4709 3303 4767 possumus,
3335 4693 3605 4747 nostrum
3638 4707 3810 4763 posse

2155 4790 2264 4846 sub
2295 4789 2424 4860 ejus
2451 4791 2596 4842 nutu
2628 4784 2860 4856 penitus
2891 4781 3252 4854 subigentes,
3276 4784 3333 4836 et
3363 4780 3570 4836 honori
3598 4784 3811 4835 sanctae

2155 4879 2284 4949 ejus
2314 4875 2579 4932 Ecclesiae
2628 4873 2912 4946 proficiat,
2945 4869 3215 4928 certatim
3266 4869 3574 4926 faciamus.
3613 4869 3812 4941 Itaque

2156 4967 2359 5040 priscae
2382 4964 2590 5021 seriem
2615 4960 3078 5028 consuetudinis,
3099 4959 3471 5033 regalemque
3483 4955 3814 5014 Christiana

2159 5055 2456 5128 religionis
2476 5069 2697 5110 morem
2711 5051 3148 5107 considerantes
3168 5048 3307 5106 totis
3327 5045 3557 5103 nisibus
3575 5050 3814 5119 totoque

2159 5145 2374 5200 mentis
2408 5145 2617 5198 affectu
2642 5139 2860 5196 imitari
2893 5137 3184 5210 cupimus,
3213 5139 3270 5192 et
3299 5136 3454 5210 quod
3489 5136 3606 5208 ipsi
3636 5135 3814 5191 duxe-

2161 5235 2297 5286 runt
2322 5231 2393 5286 ad
2425 5226 2827 5286 ecclesiasticae
2855 5224 3221 5281 celsitudinis
3253 5239 3479 5294 curam,
3505 5240 3614 5279 nos
3650 5221 3819 5296 spiri-

2159 5319 2419 5375 tualibus
2450 5319 2651 5390 armis,
2675 5321 2731 5372 et
2759 5314 2959 5388 clypeo
2979 5311 3293 5370 Dominicis
3313 5311 3699 5385 protectionis
3721 5311 3817 5366 de-

2162 5409 2317 5465 fendi
2358 5409 2624 5465 eamdem
2679 5422 2829 5462 curae
2880 5402 3336 5459 sollicitudinem
3385 5401 3820 5468 subintremus,

2163 5498 2314 5555 sicut
2329 5497 2431 5570 qui
2452 5503 2562 5554 Deo
2586 5493 3010 5554 famulantibus
3027 5490 3344 5564 placabiles
3361 5490 3827 5548 misericorditer

2162 5588 2526 5645 exstiterunt.
2547 5588 2910 5658 Quapropter
2940 5581 3188 5651 cunctis,
3216 5585 3335 5640 tam
3359 5580 3621 5653 regibus,
3637 5596 3824 5652 quam
