3968 6126
157 298 318 366 1025

1259 301 1649 370 HENRICUS
1693 306 1718 369 l
1760 304 2245 373 FRANCORUM
2266 388 2269 393 _
2291 300 2471 373 REX.

3406 308 3565 372 1026

155 435 542 510 reliquarum,
592 433 947 511 dignitatum
990 437 1672 510 personis,praesentibus
1718 440 1805 497 vel
1833 443 1888 510 Α
1919 441 2166 513 campis,
2199 442 2454 514 pascuis,
2487 440 2649 498 omni
2669 440 2908 499 omnino
2940 445 3093 497 terra
3113 440 3272 497 culta
3298 443 3568 499 videlicet

154 524 394 593 futuris,
414 530 621 583 notum
651 526 731 582 sit
759 526 914 599 quod
937 526 1103 599 petiit
1122 543 1156 582 a
1178 527 1346 583 nobis
1366 528 1605 600 quidam
1620 528 1810 586 fidelis

155 619 358 673 noster
387 615 709 673 Reinaldus
731 631 948 688 comes,
973 614 1133 674 ﬁlius
1160 616 1407 674 Othonis
1424 622 1808 691 cognomento

153 699 460 775 Willelmi,
510 705 621 762 viri
663 703 1075 775 illustrissimi,
1109 710 1401 779 quatenus
1437 707 1809 764 Cluniacensi

153 793 418 855 coenobio
448 795 506 851 in
524 794 745 851 honore
769 793 1095 868 primorum
1113 795 1265 863 cmli,
1288 795 1440 852 Petri
1461 795 1730 853 videlicet
1753 802 1810 853 et

153 881 320 941 Pauli
333 887 688 956 constructo,
712 883 806 940 cui
828 889 1037 956 praeest
1062 884 1414 941 reverendus
1435 885 1606 959 Pater
1617 886 1805 955 Odilo,

155 973 611 1030 concederemus
658 990 762 1046 per
809 973 918 1031 hoc
948 979 1162 1030 nostra:
1208 974 1572 1030 auctoritatis
1603 992 1810 1048 praece-

155 1067 324 1136 ptum
357 1061 663 1120 ecclesiam
695 1062 816 1119 sive
845 1063 1267 1120 monasterium
1302 1064 1359 1118 in
1386 1063 1606 1121 honore
1630 1065 1730 1121 Dei
1754 1069 1813 1121 et

156 1149 477 1209 Salvatoris
506 1151 538 1207 J
545 1168 649 1208 esu
684 1151 921 1222 Christi,
944 1153 1326 1225 ejusdemque
1353 1151 1661 1210 Genitricis
1693 1153 1810 1210 Ma-

154 1239 276 1308 τίω,
304 1240 610 1314 sanctique
639 1240 792 1298 Petri
821 1240 1094 1314 apostoli,
1117 1258 1342 1297 necnon
1364 1245 1422 1298 et
1441 1242 1625 1298 sancti
1647 1242 1810 1299 Nico-

153 1326 235 1385 lai
257 1327 608 1386 confessoris
631 1328 770 1386 almi
791 1332 1219 1398 consecratum,
1237 1330 1309 1385 ad
1324 1328 1707 1384 habitandum
1727 1329 1807 1384 ibi

152 1416 570 1475 Cluniacenses
601 1418 941 1482 monachos,
972 1417 1073 1491 qui
1098 1423 1218 1475 tam
1252 1435 1356 1495 pro
1399 1421 1601 1473 nostra
1630 1434 1805 1491 quam

152 1505 424 1573 omnium
453 1505 641 1565 salute
672 1507 788 1564 Deo
827 1508 1063 1564 assidue
1097 1523 1294 1579 preces
1338 1511 1395 1561 et
1426 1512 1555 1562 vota
1586 1506 1808 1580 persol-

151 1600 317 1655 vant.
341 1596 729 1655 Concedimus
751 1612 887 1670 ergo
902 1598 1030 1668 jam
1047 1596 1202 1652 dicto
1220 1595 1479 1651 coenobio
1502 1596 1807 1668 praefatum

150 1685 372 1753 locum,
389 1685 572 1743 situm
594 1684 653 1739 in
675 1683 1012 1758 episcopatu
1032 1684 1484 1740 Vesuntionensi
1494 1686 1667 1756 juxta
1678 1684 1808 1740 Pol-

152 1773 459 1842 liniacum,
493 1772 550 1831 in
575 1772 700 1830 loco
731 1774 832 1845 qui
862 1777 1015 1829 recte
1047 1772 1231 1828 Vallis
1262 1777 1501 1830 vocatur
1534 1772 1810 1829 constitu-

150 1869 305 1933 tum,
339 1880 474 1923 cum
499 1865 658 1921 terra
685 1866 743 1919 et
770 1862 1034 1932 decimis,
1060 1879 1162 1918 seu
1195 1861 1471 1918 omnibus
1501 1862 1610 1919 sibi
1639 1862 1811 1936 perti-

1839 1818 1887 1883 B

1917 534 1972 586 et
1996 530 2236 597 inculta,
2268 548 2402 588 cum
2433 531 2663 588 cunctis
2693 532 3028 603 ubicunque
3062 530 3267 603 positis
3299 533 3372 587 ad
3404 549 3566 589 eam-

1916 619 2049 675 dem
2071 618 2334 676 villulam
2355 619 2800 693 pertinentibus.
2822 621 2868 673 Υ
2875 618 3031 676 illam
3048 636 3280 691 quoque
3295 620 3567 678 Mediola-

1916 725 2081 776 num,
2114 707 2557 781 ecclesiamque,
2609 726 2743 766 cum
2774 708 3017 767 decimis
3048 713 3104 764 et
3134 708 3407 766 omnibus
3438 710 3566 767 suis

1916 796 2307 869 pertinentiis,
2323 797 2693 871 maximeque
2712 802 2987 855 aeternam
3002 800 3485 865 consuetudinem
3508 800 3564 855 in

1916 885 2061 941 silva
2091 886 2474 959 Maydunensi
2501 886 2732 943 :villam
2755 903 2988 960 quoque
3008 886 3564 957 Vcsanensem,cum
3580 904 3595 916 ‘

1916 973 2160 1030 ecclesia
2190 978 2247 1030 et
2294 974 2569 1043 decimis,
2591 980 2649 1031 et
2702 976 2929 1033 cunctis
2967 976 3036 1031 ad
3069 976 3335 1032 eamdem
3368 977 3566 1034 villam

1916 1063 2365 1135 pertinentibus,
2400 1063 2595 1120 locum
2647 1065 2824 1131 etiam
2857 1066 2958 1136 qui
3013 1064 3228 1120 dicitur
3258 1066 3479 1133 Mutua,
3513 1070 3571 1122 et

1916 1152 2115 1207 omnia
2144 1153 2217 1208 ad
2251 1169 2313 1209 se
2344 1152 2720 1227 pertinentia.
2756 1154 2868 1209 Sed
2900 1158 2955 1209 et
2981 1153 3370 1210 Guntherium
3401 1154 3569 1227 Popi-

1916 1239 2260 1309 lianensem,
2294 1258 2428 1297 cum
2447 1241 2721 1298 omnibus
2738 1242 3006 1314 qumipse
3036 1245 3197 1298 visus
3227 1242 3566 1311 esthabere,

1917 1334 2036 1384 tam
2056 1330 2114 1385 in
2147 1329 2334 1386 alodis
2353 1347 2530 1403 quam
2556 1331 2617 1386 in
2640 1331 2938 1386 beneficiis
2969 1330 3573 1399 comitum,etcun_cta

1916 1420 2154 1476 omnino
2185 1421 2556 1492 possessione
2575 1422 2724 1493 ejus,
2753 1421 3065 1492 piscariam
3087 1437 3319 1493 quoque
3350 1420 3571 1476 Guiria-

1917 1525 2172 1578 censem,
2204 1526 2338 1565 cum
2364 1511 2523 1565 omni
2547 1515 2701 1566 terra
2722 1511 2794 1565 ad
2822 1526 2951 1565 eam
2984 1509 3316 1581 pertinenti.
3341 1510 3569 1565 Praefati

1918 1596 2097 1670 igitur
2122 1598 2389 1654 Reinaldi
2412 1599 2662 1667 comitis,
2687 1598 2772 1654 vel
2798 1598 3045 1654 aliorum
3069 1598 3329 1653 ﬁdelium
3350 1603 3573 1655 nostro-

1918 1703 2047 1741 rum
2062 1686 2530 1758 obtemperantes
2544 1686 2833 1759 petitioni,
2849 1704 2981 1742 cum
2998 1702 3285 1743 consensu
3305 1687 3572 1759 conjugis

1918 1775 2360 1848 Yrmengardis,
2379 1775 2775 1844 concedimus,
2803 1776 2955 1830 sicut
2977 1775 3200 1831 dictum
3223 1780 3330 1844 est,
3346 1775 3574 1831 Clunia-

1919 1863 2078 1920 censi
2108 1864 2370 1920 caznobio
2401 1865 2597 1920 omnia
2630 1865 2900 1937 superius
2944 1868 3286 1933 memorata,
3326 1881 3391 1921 ac
3418 1863 3578 1920 velut

153 1952 453 2021 nentibus,
483 1955 542 2015 et
569 1970 604 2009 a
628 1951 790 2009 bona:
823 1951 1117 2007 memoria:
1145 1951 1390 2018 Othone,
1424 1956 1807 2025 cognomento
1910 1955 2034 2031 jam
2068 1953 2326 2009 diximus
2358 1953 2633 2027 deinceps
2659 1954 3034 2026 acquirenda,
3068 1955 3139 2010 ad
3174 1954 3494 2011 tenendum
3516 1957 3574 2011 et

152 2040 472 2117 Willelmo,
486 2042 605 2099 sive
622 2040 903 2101 Reinaldo
921 2041 1050 2113 ejus
1080 2040 1224 2109 filio,
1252 2039 1344 2097 vel
1376 2040 1450 2096 ab
1469 2040 1662 2112 aliquo
1681 2058 1809 2112 pos-

151 2147 382 2189 sessore
413 2130 495 2188 ibi
531 2129 763 2189 collatis
793 2147 897 2187 seu
947 2128 1334 2196 conferendis,
1368 2134 1425 2185 et
1467 2128 1697 2184 cunctis
1728 2128 1809 2184 ibi

152 2220 546 2294 undecunque
576 2219 635 2277 in
669 2235 847 2293 regno
877 2222 1076 2275 nostro
1106 2218 1436 2292 acquisitis,
1466 2216 1558 2274 vel
1587 2218 1647 2274 in
1677 2234 1805 2292 per-

150 2314 400 2385 petuum
435 2308 829 2382 acquirendis.
875 2299 963 2364 Ad
994 2324 1250 2381 praesens
1284 2323 1518 2380 quoque
1559 2312 1812 2381 quatuor

150 2400 375 2456 ferreas
405 2397 713 2464 caldarias,
750 2398 1018 2471 situsque
1050 2413 1252 2454 earum
1283 2396 1343 2453 in
1374 2395 1601 2464 salinis,
1632 2401 1689 2453 et
1724 2397 1807 2452 vi-

155 2505 303 2546 neas
333 2505 463 2562 quae
481 2489 777 2563 quendam
802 2487 1040 2543 fuerunt
1059 2486 1358 2555 Beatricis,
1383 2489 1441 2542 et
1461 2486 1659 2542 omnia
1679 2504 1808 2559 quae

150 2577 566 2637 Cluniacenses
597 2575 871 2635 monachi
907 2576 964 2631 in
998 2576 1273 2649 praedicto
1306 2576 1489 2648 burgo
1520 2575 1806 2648 acquisie-

152 2667 294 2724 rint.
326 2666 392 2723 In
422 2667 610 2740 hurgo
640 2664 815 2722 etiam
843 2664 1209 2733 Giosonensi,
1243 2665 1399 2737 quod
1431 2665 1573 2737 quia
1603 2665 1683 2719 ibi
1713 2682 1806 2720 ac-

152 2755 505 2828 quisierunt,
530 2754 617 2811 vel
635 2758 913 2826 praeterea
933 2753 1233 2826 acquirere
1255 2757 1592 2827 potuerunt,
1609 2753 1807 2810 villam

153 2843 410 2917 denique
459 2841 806 2910 Glenonem,
848 2858 982 2898 cum
1014 2841 1260 2901 ecclesia
1290 2847 1346 2898 et
1375 2842 1640 2910 decimis,
1673 2860 1809 2901 cum

156 2931 339 2991 servis
352 2929 669 2999 etancillis,
684 2930 1036 2998 cumvineis,
1056 2929 1306 2999 silvulis,
1322 2929 1526 3002 pratis,
1550 2931 1808 2998 ruribus,

1911 2042 2043 2113 jure
2055 2046 2334 2115 perpetuo
2352 2042 2795 2115 possidendum,
2813 2044 2938 2100 sine
2962 2042 3278 2115 cujuslibet
3290 2059 3573 2117 persona,

1917 2131 2005 2185 vel
2038 2131 2206 2187 nobis
2240 2130 2608 2187 succedentis
2650 2132 2710 2185 in
2749 2148 2947 2201 regno,
2980 2130 3066 2188 vel
3100 2132 3341 2187 alterius
3372 2133 3576 2203 cujus-

1917 2236 2148 2292 cunque
2173 2219 2395 2276 ordinis
2424 2236 2527 2276 seu
2559 2219 2814 2293 dignatis
2839 2220 3314 2287 contradictione,
3343 2219 3433 2277 vel
3457 2220 3578 2276 ulla

1918 2309 1991 2365 ab
2022 2308 2217 2381 aliquo
2237 2307 2318 2363 ibi
2335 2313 2561 2364 retenta
2592 2309 3034 2365 consuetudine.
3065 2309 3134 2364 Et
3149 2309 3260 2365 hoc
3274 2315 3339 2365 ut
3360 2308 3576 2366 anobis

1917 2398 2113 2453 verius
2133 2398 2423 2467 credatur,
2454 2403 2510 2454 et
2533 2415 2566 2453 a
2598 2398 2847 2473 posteris
2879 2398 3095 2454 nostris
3115 2414 3228 2453 non
3247 2399 3573 2471 frangatur,

1919 2486 2153 2559 propria
2181 2503 2359 2542 manu
2392 2492 2592 2542 nostra
2621 2486 3043 2556 roboravimus,
3094 2492 3150 2542 et
3182 2485 3361 2560 sigilli
3392 2487 3577 2545 nostri

1918 2575 2303 2648 impressione
2332 2575 2603 2648 insigniri
2629 2575 2943 2646 jussimus.
3256 2596 3261 2603 τ

1988 2664 2238 2737 Signum
2271 2664 2470 2721 domni
2501 2664 2728 2720 Radulfi
2761 2664 2934 2738 regis.

1988 2755 2194 2809 Actum
2229 2752 2423 2827 Logis,
2460 2770 2614 2810 anno
2647 2753 3072 2810 Incarnationis
3105 2754 3264 2824 1029,
3300 2759 3577 2829 regnante

1920 2842 2165 2899 Radull‘o
2197 2860 2331 2915 rege
2363 2859 2514 2899 anno
2543 2860 2710 2900 xxxv.

554 3178 1429 3282 EBNRIGUS
1508 3180 1572 3280 ι
1657 3180 2741 3284 PRANGOR'DM
2826 3182 3176 3282 338

1567 3369 1710 3450 (An.
1749 3369 2156 3449 1032-1060.)

1392 3623 2342 3759 DIPLOMATA

1660 3860 2059 3872 *-

957 3986 978 4042 Ι

155 4060 264 4116 P'ro
324 4060 656 4115 monasterio
713 4058 769 4112 S.
833 4058 1010 4113 Salviz'
1067 4058 1210 4130 apud
1276 4059 1680 4115 Monsterolum.
1736 4090 1804 4099 ——

227 4132 494 4186 Henricus
523 4132 617 4185 avi
643 4130 736 4185 sui
783 4130 1022 4198 Magonis
1063 4131 1349 4200 patrisque
1387 4132 1604 4187 Roberti
1641 4130 1809 4187 dona-

227 4204 401 4259 tiones
431 4200 608 4257 eidem
638 4200 752 4255 loco
774 4201 951 4270 factas
978 4200 1283 4268 conﬁrmat.

783 4278 974 4348 (Anno
1008 4278 1192 4348 1042.)

228 4361 402 4432 [Dom
434 4358 685 4437 Maenia:
711 4358 913 4437 Annal.
968 4356 1203 4437 BenedL,
1248 4360 1290 4437 t_.
1450 4360 1736 4437 Append.,

491 4445 550 4502 p.
579 4428 708 4493 733,
740 4445 807 4484 ex
839 4426 1130 4483 chartario
1159 4432 1216 4482 Β.
1250 4426 1471 4496 Salvii.]

231 4519 295 4577 In
328 4517 569 4575 nomine
611 4520 825 4574 sanctis
870 4520 927 4572 et
964 4515 1279 4571 individua
1330 4516 1660 4585 Trinitatis,
1707 4535 1812 4592 ego

162 4607 469 4666 Heinricus
493 4606 684 4681 gratia
712 4606 813 4662 Dei
845 4600 1201 4661 Francorum
1228 4620 1348 4670 rex,
1380 4609 1489 4660 etc.

232 4697 395 4754 Unde
425 4696 639 4754 loco.S.
658 4692 980 4769 Wingaloei
1002 4692 1334 4750 Monsteroli
1363 4694 1526 4751 sitoa
1545 4693 1813 4767 pluribus

160 4784 390 4857 cellam,
438 4789 726 4858 pracepto
771 4788 969 4841 nostro
1015 4783 1383 4840 auctoritatis
1421 4782 1728 4839 ﬁrmamus
1758 4787 1815 4840 et

160 4872 340 4949 sigilli
370 4874 557 4931 nostri
607 4872 997 4948 impressione
1027 4872 1260 4946 signare
1310 4873 1701 4945 praecipimus.
1750 4874 1811 4929 In

158 4961 370 5035 primis
398 4979 466 5020 ea
495 4980 621 5037 qua;
653 4980 689 5019 a
736 4966 939 5019 nostra
965 4960 1320 5018 liberalitate
1345 4961 1434 5019 vel
1467 4962 1652 5036 patris
1696 4962 1812 5019 mei

159 5046 420 5116 Roberti,
450 5048 541 5107 vel
566 5049 656 5106 avi
675 5050 793 5105 mei
814 5048 1075 5122 Hugonis
1095 5047 1372 5120 praedicto
1391 5047 1517 5104 loco
1536 5065 1815 5107 concessa

158 5140 323 5204 sunt,
355 5136 578 5195 scilicet
606 5136 974 5195 molendinos
999 5135 1148 5191 duos
1180 5135 1434 5192 cervisiaa
1467 5138 1675 5195 usibus
1706 5139 1814 5194 de-

159 5224 498 5293 servienles,
531 5243 566 5281 a
598 5242 693 5283 me
723 5224 973 5282 alterum
1015 5241 1150 5280 cum
1182 5223 1442 5297 quinque
1488 5227 1723 5295 accolis,
1754 5233 1813 5286 et

160 5313 414 5375 alterum
448 5316 523 5377 ab
553 5331 658 5373 avo
688 5330 819 5371 meo
851 5312 1124 5387 praedicto
1146 5311 1389 5385 Hugone
1419 5330 1553 5370 cum
1584 5316 1811 5374 decimo

157 5402 359 5476 pontis
384 5403 649 5471 denario,
681 5406 738 5460 et
758 5403 988 5460 duabus
1018 5400 1354 5459 ecclesiisin
1384 5404 1670 5461 memoria
1687 5422 1819 5463 san-

161 5491 245 5567 cti
274 5491 483 5550 Judoci
512 5492 780 5561 sacratis,
813 5506 1063 5564 quarum
1090 5507 1212 5547 una
1239 5494 1330 5546 est
1356 5490 1511 5548 infra
1539 5495 1816 5553 munitio-

161 5597 324 5655 nem,
357 5580 474 5641 alia
493 5596 671 5657 super
690 5581 1049 5640 ﬂuvium.....
1078 5595 1213 5639 cum
1235 5578 1549 5656 piscatoria
1564 5598 1728 5661 aqua
1744 5587 1817 5645 ab

1835 3989 1878 4056 α
1916 3986 2222 4043 Atimacho
2272 4002 2576 4058 usque.....
2624 3984 2913 4041 Addimus
2963 3986 3242 4056 praeterea
3285 3983 3577 4038 ﬁrmando

1922 4092 1990 4132 ea
2019 4092 2146 4148 quae
2178 4079 2545 4148 pater‘meus
2575 4073 2845 4140 contulit,
2899 4077 3022 4128 tres
3064 4070 3362 4139 ecclesias,
3396 4087 3575 4127 unam

1922 4164 2146 4220 scilicet
2176 4164 2235 4218 in
2267 4162 2486 4219 honore
2512 4162 2700 4219 sancti
2733 4160 2905 4229 Petri,
2930 4159 3105 4216 aliam
3129 4160 3189 4215 in
3214 4159 3433 4216 honore
3450 4176 3581 4215 san-

1920 4253 1998 4309 cti
2029 4252 2376 4326 Wingaloei,
2395 4250 2709 4309 tertiamin
2737 4250 2955 4307 honore
2977 4248 3165 4306 sancti
3188 4246 3572 4305 Salviisacra-

1922 4348 2033 4413 tas;
2046 4348 2105 4399 et
2120 4342 2436 4399 transitum
2464 4358 2624 4398 nova:
2642 4339 2853 4395 villae...
2870 4338 3283 4396 ..Inculcamus
3298 4342 3581 4410 praeterea

1920 4432 2349 4488 corroborando
2397 4448 2463 4488 ea
2509 4447 2638 4503 quae
2671 4447 2705 4486 a
2757 4428 2965 4503 primis
3014 4427 3424 4484 fundatoribus
3464 4426 3577 4483 loci

1922 4525 2061 4576 sunt
2090 4520 2321 4587 collata,
2350 4520 2571 4576 scilicet
2618 4536 2653 4575 a
2680 4518 2926 4592 Hilgodo
2956 4517 3187 4584 comite,
3234 4517 3336 4589 qui
3368 4516 3578 4590 pradi-

1922 4612 2080 4662 ctum
2111 4613 2381 4663 sanctum
2410 4624 2596 4680 nuper
2636 4625 2671 4663 a
2702 4608 2970 4680 partibus
3000 4605 3312 4662 Britanniae
3343 4609 3578 4678 propter

1921 4699 2146 4750 metum
2178 4696 2499 4766 piratarum
2529 4696 2898 4769 deportatum
2933 4695 3185 4767 hospitio
3208 4710 3340 4751 cum
3374 4693 3580 4749 libera-

1920 4783 2081 4839 litate
2109 4787 2166 4838 et
2191 4784 2591 4840 munificentia
2610 4789 2868 4858 tempore
2898 4782 3171 4840 Ludovici
3206 4780 3578 4853 imperatoris

1923 4872 2025 4927 ﬁlii
2074 4872 2260 4929 Caroli
2315 4872 2468 4929 Calvi
2518 4874 2869 4947 suscipiens,
2922 4873 3084 4929 dedit
3114 4870 3218 4940 illi,
3272 4871 3331 4925 in
3362 4869 3574 4942 primis

1921 4961 2135 5017 atrium
2170 4960 2495 5034 publicum,
2513 4961 2876 5033 sepulturam
2899 4960 3126 5017 scilicet
3143 4958 3502 5015 advenarum
3520 4961 3579 5013 et

1921 5049 2385 5124 peregrinorum,
2418 5049 2627 5105 deinde
2659 5064 2863 5105 novem
2891 5064 3130 5104 mansos
3144 5046 3355 5102 subtus
3369 5045 3578 5101 Firmi-

1921 5143 2193 5195 tatem....
2228 5138 2330 5194 His
2381 5138 2654 5194 addimus
2703 5142 2903 5193 nostra
2949 5135 3294 5193 auctoritate
3344 5152 3411 5191 ea
3447 5151 3575 5207 qua:

1921 5229 2293 5285 contulerunt
2340 5225 2731 5284 Herlewimus
2785 5242 2999 5294 comes,
3044 5226 3366 5297 Raynerus,
3400 5225 3568 5293 Hato,

1922 5316 2243 5391 Scylaldus,
2258 5316 2688 5384 Wenerannus,
2701 5314 3065 5381 Clarboldus,
3079 5313 3339 5369 Aldonus
3353 5329 3568 5383 comes,

1925 5408 2238 5474 Anscerus,
2282 5403 2504 5471 Saleco,
2550 5402 2836 5461 Arnulfus
2877 5419 3093 5469 comes,
3126 5399 3445 5457 Balduinus
3474 5418 3570 5457 co-

1929 5508 2073 5563 mes,
2097 5493 2435 5563 Gonfridus,
2450 5492 2817 5562 Benzelinus,
2834 5491 3112 5563 Alfridus,
3135 5489 3395 5563 Hagano,
3426 5494 3570 5546 Aut-

1925 5598 2103 5661 gerus
2153 5582 2420 5654 clericus,
2452 5579 2777 5642 Balduinus
2820 5579 3174 5655 marchisus,
3208 5578 3571 5655 lngerannua
