3968 6126
388 203 545 262 102⁸7

1741 194 2055 261 MONUM.
2105 189 2424 258 DIPLOM.

3631 190 3800 293 ιοεε

383 352 600 401 comes,
630 334 935 402 Rodult‘us,
962 332 1555 411 Landricus-Largus,
1589 329 1754 396 Hato,
1790 332 2021 387 Frame-
2054 332 2107 397 Α
2140 330 2330 384 nitens
2362 328 2701 401 compulsus
2751 326 2976 384 annuit.
3011 327 3070 383 Si
3122 326 3315 385 abbati
3348 332 3448 384 aut
3499 328 3795 389 ministris

380 425 560 491 ricus,
600 424 785 497 Hugo,
818 422 1139 494 Walterus,
1170 421 1575 490 Herlcboldus,
1610 438 1859 492 quorum
1912 419 2027 492 pri-

381 531 515 570 mus
547 514 919 570 Herlewinus
951 529 1144 568 comes
1171 511 1329 565 dedit
1358 511 1417 565 in
1447 510 1582 566 villa
1613 511 1823 582 Sguira
1854 509 2030 565 eccle-

381 603 530 659 siam
564 621 744 659 unam
770 603 827 658 in
860 604 1076 657 honore
1100 600 1283 656 sancti
1308 599 1564 663 Vcdasti,
1588 605 1645 654 et
1673 599 1867 654 villam
1903 617 2027 670 quae

380 693 645 766 Longum
680 696 909 764 pratum
941 690 1172 753 dicitur,
1188 705 1320 744 cum
1340 688 1485 743 silva
1500 693 1558 743 et
1577 687 1781 744 arabili
1801 692 1953 742 terra
1974 691 2030 742 et

379 783 582 854 pratis.
618 781 783 837 Dedit
804 780 1055 850 denique
1086 777 1285 833 villam
1317 777 1715 842 Silviniacum,
1749 779 1854 831 etc.

448 873 652 925 Actum
687 868 1018 924 Monsteroli
1072 867 1301 939 publice
1355 884 1506 922 anno
1538 866 1823 921 incarnati
1856 863 2027 920 Verbi

377 959 690 1015 millesimo
722 956 1171 1030 quadragesimo
1204 955 1482 1020 secundo,
1517 957 1573 1009 et
1601 953 1760 1025 regni
1798 951 2025 1007 Henrici

377 1049 529 1123 regis
560 1046 1040 1118 undecimongo
1092 1044 1413 1101 Balduinus
1450 1041 1830 1099 cancellarius
1872 1041 2026 1113 regis

376 1137 685 1211 relegendo
718 1134 1040 1206 subscripsi
1074 1136 1167 1205 (1).

481 1318 755 1373 Placitum
784 1331 881 1386 pro
909 1314 1146 1368 (πηοί)ιό
1175 1313 1366 1386 Sancti
1393 1310 1636 1365 Medardi
1663 1309 1919 1364 adversus

802 1388 1116 1441 ltotbertum
1148 1384 1594 1439 Codiciacensem.

997 1476 1183 1546 (Anno
1217 1473 1399 1543 1047.)

376 1569 564 1638 [Dom.
617 1567 883 1638 Manna,
914 1565 989 1618 De
1027 1580 1088 1638 re
1115 1562 1376 1638 diplqriz.,_
1415 1560 1515 1638 lib.
1546 1578 1643 1638 γι,

838 1635 1127 1689 chartario
1159 1631 1215 1688 S.
1253 1631 1561 1701 Medardi]

1698 1576 1753 1631 p.
1799 1559 1924 1623 604,
1957 1574 2025 1613 ex

449 1728 525 1781 Eo
559 1741 743 1796 usque
783 1722 1051 1777 inolitum
1092 1721 1480 1778 humanitatis
1522 1719 1728 1774 vitium
1760 1719 2025 1773 videmus
2054 1702 2101 1765 B

377 1814 708 1886 profusum,
740 1816 804 1865 ut
826 1809 1145 1882 principale
1171 1810 1325 1881 quod
1360 1813 1449 1864 est
1479 1814 1702 1863 natura;
1731 1807 1856 1862 suis
1877 1823 2020 1878 quo-

376 1902 689 1959 dammodo
722 1899 952 1955 nebulis
978 1898 1262 1964 obfuscet,
1287 1901 1343 1952 et
1366 1898 1589 1968 abjecta
1611 1896 1863 1968 puritate
1880 1895 2020 1950 sim-

375 1991 673 2065 plicitatis,
706 1991 898 2062 girum
931 1988 1148 2043 laboris
1179 1985 1599 2041 delectabiliter
1628 1986 1736 2041 sub
1763 1986 1907 2057 jugo
1930 1983 2024 2039 cui

376 2098 438 2137 se
470 2085 674 2152 sponte
707 2078 1035 2149 supposuit,
1073 2080 1281 2148 portet.
1316 2076 1477 2130 Unde
1509 2074 1832 2130 necessario
1866 2074 2030 2129 testi-

376 2168 588 2224 moniis
618 2165 1105 2240 egetsimplicitas
1131 2182 1259 2219 rara
1277 2165 1487 2232 fulciri,
1513 2163 1791 2235 quoniam
1822 2164 2026 2234 nequit

375 2258 540 2314 aliter
570 2256 841 2311 humanm
881 2253 1118 2309 malitiae
1151 2252 1538 2325 multiplicata
1565 2252 1820 2308 versutia
1847 2251 2019 2306 vinci.

374 2347 490 2401 Hac
523 2362 592 2401 ex
621 2362 800 2399 causa
831 2342 1110 2415 Raynoldi
1160 2342 1389 2398 abbatis
1430 2341 1625 2398 Sancti
1680 2341 1934 2396 Medardi
1970 2344 2026 2395 et

375 2433 634 2489 Rotberti
662 2433 732 2488 de
763 2432 1063 2487 Codiciaco
1111 2430 1406 2486 altercatio
1461 2429 1636 2503 longa
1674 2430 1733 2485 in
1774 2448 2021 2502 praesen-

375 2524 518 2579 tiam
564 2539 752 2594 usque
793 2519 1019 2575 Henrici
1055 2518 1419 2573 invictissimi
1469 2518 1621 2591 regis
1670 2520 2022 2574 Francorum

374 2614 672 2685 perducta,
705 2611 832 2680 ejus
862 2613 949 2665 est
980 2609 1037 2662 in
1064 2609 1225 2679 justo
1243 2607 1468 2679 judicio
1490 2612 1547 2663 et
1565 2608 1741 2681 regali
1774 2607 2023 2663 auctori-

376 2705 492 2758 tate
507 2701 688 2756 iinita’.
718 2704 791 2754 De
804 2697 1072 2771 pluribus
1086 2713 1212 2768 qua:
1227 2697 1528 2768 tyrannica
1539 2697 1593 2751 vi
1609 2697 1887 2767 facereinj
1901 2701 2026 2752 uste

375 2791 602 2846 valebat
620 2790 675 2844 in
694 2786 946 2855 abbatia,
964 2786 1463 2858 regequejubente
1485 2802 1577 2840 res
1589 2786 1853 2840 eamdem
1880 2784 2024 2841 ratio

376 2881 552 2935 finitae
566 2875 958 2934 altercationis
972 2875 1063 2930 his
1081 2874 1359 2930 conclusa
1374 2879 1430 2930 et
1446 2874 1677 2929 ﬁrmata
1707 2878 1796 2929 est
1819 2874 2026 2930 litteris

378 2969 448 3023 ad
463 2966 867 3023 testimonium
879 2963 1238 3030 veritatis,ne
1261 2962 1414 3018 ultra
1428 2963 1737 3034 praedictus
1753 2962 1921 3035 miles
1940 2963 2025 3018 vel

2139 420 2266 489 ejus
2297 418 2366 475 de
2395 417 2733 474 hominibus
2791 417 3141 485 forensibus,
3189 416 3361 473 sicuti
3412 417 3484 473 de
3513 416 3662 474 ledis
3695 422 3799 475 aut

2138 507 2267 563 aliis
2290 507 2752 572 tortitndinibus,
2774 507 3078 580 quidpiam
3113 511 3414 579 potentum
3450 512 3552 562 aut
3573 506 3794 562 vicino-

2137 615 2267 651 rum
2297 596 2519 668 aliquid
2549 596 2745 652 fecerit
2781 597 3069 667 injustum
3106 601 3162 652 et
3192 596 3374 653 abbas
3403 600 3505 651 aut
3538 595 3796 652 ministri

2137 686 2186 755 ej
2197 703 2265 740 us
2279 702 2381 757 per
2402 703 2462 741 se
2486 690 2758 758 poterunt
2781 685 2996 741 habere
3010 690 3067 741 et
3084 685 3339 758 recipere
3351 690 3597 751 rectum,
3614 685 3673 740 in
3686 684 3797 741 hoc

2137 790 2253 829 non
2286 775 2595 830 Rotbertus
2637 791 2824 847 neque
2847 774 3060 846 posteri
3095 775 3224 846 ejus
3246 773 3394 830 nihil
3416 773 3791 832 clamandum

2137 863 2462 920 habebunt.
2491 864 2547 918 Si
2573 869 2769 920 autem
2797 864 3126 935 abbati‘aut
3158 862 3409 919 ministri
3442 865 3573 935 ejus
3604 863 3678 920 ad
3701 863 3797 920 οὓς

2136 952 2437 1007 timendam
2460 952 2756 1024 justitiam
2788 953 3065 1008 defecerit
3095 952 3303 1018 virtus,
3340 956 3398 1007 et
3425 952 3496 1007 ob
3536 951 3650 1008 hoc
3669 952 3798 1025 ipse

2137 1040 2448 1096 Rotbertus
2480 1045 2581 1097 aut
2613 1041 2825 1113 posteri
2860 1041 2989 1112 ejus
3021 1042 3094 1097 ab
3125 1042 3333 1097 abbate
3363 1047 3465 1097 aut
3495 1040 3796 1099 ministris

2135 1130 2320 1201 ipsius
2351 1129 2554 1185 moniti
2587 1130 2805 1185 fuerint
2828 1135 2885 1185 et
2910 1130 3134 1185 invitati
3158 1131 3228 1185 ad
3252 1130 3576 1186 faciendam
3596 1129 3796 1186 defen-

2137 1218 2402 1287 sionem;
2452 1220 2501 1274 si
2553 1236 2655 1291 per
2691 1236 2790 1274 eos
2816 1219 3114 1291 justitiam
3158 1220 3502 1292 receperint,
3553 1225 3697 1276 tunc
3727 1238 3793 1277 ex

2128 1308 2383 1379 justitia,
2404 1324 2578 1378 quam
2597 1307 2773 1380 vulgo
2789 1312 2993 1363 vocant
3018 1308 3248 1381 Legem,
3281 1309 3517 1365 tertiam
3551 1313 3788 1365 tantum

2139 1398 2430 1451 habebunt
2462 1401 2706 1468 partem.
2752 1397 2899 1460 Quia
2952 1398 3133 1470 igitur
3160 1398 3432 1467 dejustis
3464 1402 3520 1454 et
3550 1398 3792 1469 injustis

2134 1487 2422 1541 custumis
2453 1486 2525 1541 ad
2556 1485 2704 1541 hanc
2737 1486 2923 1542 solam
2954 1486 3276 1543 multorum
3314 1487 3673 1543 testimoniis
3704 1505 3788 1544 re-

2133 1591 2489 1649 cognoscens
2503 1580 2589 1631 est
2605 1574 2922 1630 adductus‘:
2938 1575 3280 1631 idoneorum
3296 1577 3536 1632 testium
3553 1576 3793 1633 nomina

2133 1666 2348 1736 quibus
2382 1664 2766 1737 prasentibus
2797 1663 2855 1719 id
2890 1668 3084 1720 actum
3118 1670 3206 1721 est
3255 1670 3311 1720 et
3341 1664 3667 1735 ﬁrmatum,
3700 1665 3791 1723 hic

2132 1752 2373 1808 inferius
2422 1752 2807 1825 signavimus,
2859 1771 2931 1808 ne
2981 1754 3158 1826 (quod
3204 1754 3445 1826 posthac
3479 1772 3785 1827 nunquam

2132 1841 2583 1913 fiericredimus)
2612 1841 2683 1896 ad
2696 1841 2953 1913 amplius
2973 1842 3392 1914 requirendum
3418 1842 3652 1916 velipse
3666 1860 3790 1900 res-

2132 1932 2322 2002 pirare
2354 1931 2585 1998 audeat,
2610 1930 2696 1986 vel
2720 1946 2959 1986 suorum
2979 1930 3195 2003 aliquis
3218 1935 3612 2004 posterorum.
3632 1932 3705 1987 Et
3720 1949 3787 1987 ne

2133 2019 2380 2075 ulterius
2411 2020 2591 2087 ﬁeret,
2618 2020 2794 2090 jussu
2826 2019 2980 2093 regis
3011 2019 3069 2075 in
3103 2021 3545 2092 praesentiarum
3580 2006 3787 2077 omnes

2133 2108 2387 2180 episcopi
2420 2109 2520 2180 qui
2553 2109 2867 2180 subscripti
2910 2113 3070 2175 sunt,
3123 2109 3783 2176 anathematizaverunt,

2133 2198 2286 2269 quod
2318 2215 2415 2252 rex
2432 2199 2667 2269 propria
2690 2214 2868 2252 manu
2902 2198 3175 2266 firmavit,
3205 2203 3377 2271 atque
3399 2197 3591 2272 sigillo
3615 2200 3787 2272 regiae

2134 2286 2498 2342 auctoritatis
2528 2285 2859 2359 consignari
2895 2286 3047 2343 fecit.

2205 2376 2449 2447 Signum
2463 2374 2673 2430 Widon
2685 2376 2732 2430 is
2748 2375 3061 2431 Remorum
3077 2375 3516 2449 archiepiscopi.
3538 2376 3784 2448 Signum

2133 2464 2359 2521 Beraldi
2389 2468 2747 2519 Suessonum
2790 2463 3069 2536 episcopi.
3104 2465 3349 2537 Signum
3380 2464 3628 2521 Walteri
3650 2464 3787 2520 Mel-

2134 2554 2405 2609 densium
2435 2552 2963 2626 episcopi.Signum
2979 2553 3215 2609 Gibuini
3233 2552 3642 2613 Laudunensis
3664 2554 3787 2627 epi-

2135 2643 2313 2716 SCOpi.
2384 2643 2627 2715 Signum
2670 2642 2957 2715 Drogonis
3019 2642 3457 2699 Belvacensium
3504 2642 3783 2715 episcopi.

2136 2734 2380 2804 Signum
2434 2731 2641 2804 Rogeri
2692 2730 3137 2788 Catalaunensis
3194 2732 3471 2804 episcopi.
3533 2730 3781 2804 Signum

2135 2820 2404 2876 li‘rolaudi
2427 2819 2879 2876 Silvanectensis
2910 2820 3189 2893 episcopi.
3223 2820 3470 2892 Signum
3510 2819 3782 2877 Rainaldi

2136 2909 2632 2982 comitis.Signum
2650 2908 2933 2965 Guidonis
2947 2908 3461 2981 ﬁliiejus.Signum
3474 2908 3782 2981 Drogonis.

2137 2999 2382 3071 Signum
2414 2998 2731 3054 Godefridi.
2759 2998 2955 3054 Sancti
2986 2997 3246 3064 Quintini
3278 2998 3503 3053 militis.
3535 2998 3785 3070 Signum

376 3058 514 3167 git}:
528 3051 2025 3167 infigit?in_§}ffigofgﬁifjggujffff;fyjf‘j‘ff‘j‘f:
2057 3072 2099 3137 C
2139 3051 2702 3161 inanitas...
2726 3051 2962 3167 vos...
2985 3051 3214 3147 Albani.
3231 3051 3477 3165 Signum
3493 3051 3786 3142 magis;

377 3145 520 3200 dum
551 3142 874 3215 saepissime
910 3159 1089 3213 super
1134 3141 1407 3197 ecclesias
1438 3140 1791 3198 insatiabilis
1813 3142 2025 3214 cupido

379 3232 714 3289 mortalium
762 3231 949 3287 facere
1001 3229 1165 3286 solet.
1218 3230 1431 3286 Notum
1464 3220 1723 3301 sit‘ergo
1750 3230 2025 3286 omnibus

379 3328 592 3378 sanctae
622 3320 722 3377 Dei
753 3320 1019 3376 Ecclesiae
1059 3319 1192 3374 {iliis
1235 3323 1292 3375 et
1324 3318 1615 3386 fidelibus,
1662 3325 1781 3375 tam
1812 3320 2026 3375 futuris

378 3428 555 3483 quam
590 3410 993 3482 praesentibus,
1046 3408 1323 3480 quoniam
1356 3408 1677 3464 Rainaldus
1706 3408 1896 3480 gratia
1928 3408 2023 3464 Dei

377 3499 731 3554 constitutus
789 3497 970 3553 abbas
1028 3497 1275 3552 ccenobii
1333 3498 1488 3568 quod
1544 3501 1752 3569 praeter
1809 3498 2025 3552 moenia

375 3586 760 3642 Suessionicae
792 3585 955 3641 urbis
1002 3585 1310 3640 fundatum
1351 3590 1439 3641 cst
1489 3585 1549 3639 in
1589 3584 1806 3641 honore
1836 3586 2022 3641 sancti

379 3673 660 3741 Medardi,
701 3690 914 3745 magna
944 3672 1286 3728 necessitate
1325 3671 1665 3745 compulsus
1710 3673 2021 3730 Henricum

381 3781 573 3837 regem
606 3763 751 3818 adiit
798 3762 858 3817 in
908 3762 1142 3818 abbatia
1198 3761 1391 3816 Sancti
1443 3762 1744 3834 Stephani,
1806 3763 1864 3817 in
1895 3763 2020 3820 loco

379 3853 479 3927 qui
512 3853 724 3908 dicitur
748 3852 1107 3917 Codiciacus,
1159 3868 1355 3907 coram
1392 3851 1681 3924 epiSCOpis
1712 3856 1766 3907 et
1798 3853 2019 3908 abbati-

377 3946 490 3999 bus
520 3960 587 4000 ac
620 3942 915 3998 nobilibus
948 3938 1152 3995 multis
1183 3939 1284 4012 qui
1314 3941 1466 3996 infra
1496 3940 1680 3995 notati
1712 3944 1850 3996 sunt
1881 3943 2021 3997 asti-

379 4032 646 4106 pulandzc
685 4048 864 4088 causa
899 4030 1197 4097 veritatis;
1234 4035 1292 4085 et
1335 4046 1513 4101 supra
1552 4030 1871 4086 Robertum
1920 4047 2022 4102 pro

274 4149 279 4157 ·
378 4123 667 4178 custumis
685 4120 1160 4194 quamplurimis,
1183 4120 1499 4190 contrajus
1529 4124 1586 4175 et
1615 4120 1703 4175 fas
1727 4119 1787 4174 in
1819 4120 2023 4176 eadem

380 4212 615 4268 abbatia
644 4210 865 4266 scilicet
896 4210 965 4265 ab
998 4210 1125 4280 ipso
1156 4208 1381 4276 levatis,
1406 4209 1804 4280 querimonias
1824 4207 2025 4263 intulit

382 4301 624 4355 auribus
655 4297 904 4370 piissimi
927 4297 1101 4369 regis,
1126 4296 1423 4353 adfuitille
1440 4297 1600 4368 regia
1628 4300 1864 4353 coactus
1885 4312 2026 4368 pra:-

381 4389 663 4459 ceptione,
683 4392 885 4457 etquis
911 4386 1126 4455 injuste
1152 4391 1605 4456 praesumpserat
1634 4389 1692 4440 et
1720 4385 2022 4455 levaverat,

381 4476 515 4531 licet
545 4474 644 4529 diu
662 4474 878 4529 frustra
897 4472 1089 4528 nitens
1114 4472 1442 4540 defendere,
1459 4473 1831 4545 tandemjam
1848 4475 2024 4546 jussu

382 4562 773 4637 potentissimi
805 4561 1086 4634 principis
1100 4578 1277 4633 quam
1297 4563 1672 4633 praesentium
1692 4563 1913 4619 ratione
1927 4565 2025 4619 fir-

383 4652 652 4709 missima
677 4650 961 4707 nobilium
992 4650 1203 4717 victus,
1235 4651 1291 4705 id
1313 4650 1502 4706 solum
1534 4652 1686 4723 quod
1714 4652 1865 4707 infra
1894 4655 2029 4708 sub-

382 4742 749 4816 scripsimus,
774 4741 832 4794 in
864 4739 1101 4799 abbatia
1118 4738 1228 4795 sibi
1246 4739 1464 4807 deberi,
1483 4740 1554 4795 de
1572 4740 1878 4812 praeteritis
1909 4759 2025 4813 pcn-

453 4870 529 4940 (1)
560 4868 824 4939 Sequitur
850 4866 909 4940 in
925 4865 1266 4940 cliartulario
1289 4864 1488 4940 charta
1506 4864 1777 4920 VVidonis
1800 4866 2028 4940 comitis

382 4937 605 4996 Po'ntivi
641 4937 1027 4994 concedentis
1086 4937 1346 4991 coenobio
1403 4940 1742 4992 sanctorum
1773 4937 2024 4992 confess.

383 5012 558 5069 Salvii
603 5014 659 5066 et
703 5007 1033 5069 Wingaloei
1078 5024 1283 5062 omnes
1331 5007 1556 5062 bannos
1608 5011 1665 5062 et
1711 5025 1914 5063 omnes
1957 5008 2029 5063 de

384 5084 833 5155 quibuscunque
853 5078 1485 5155 forfacturisjustitias,
1519 5096 1669 5149 quas
1699 5084 2028 5155 antecesso-

385 5150 477 5209 res
503 5153 595 5209 sui
627 5150 962 5221 tenuerunt,
995 5156 1130 5219 etc.,
1157 5167 1248 5204 an.
1282 5166 1362 5205 MC
1392 5150 1662 5222 Romana:
1696 5150 1852 5222 sedis
1884 5167 2028 5222 prm-

385 5226 609 5303 sidente
629 5225 843 5303 domno
866 5240 1016 5303 papa
1043 5221 1755 5303 Itayneroacognominato
1778 5221 2027 5303 DasCha-

387 5296 495 5360 sio,
539 5296 842 5351 Remensis
866 5292 1143 5349 'ec'clesiae
1182 5292 1750 5363 archiepiscopatum
1798 5296 2029 5348 tenente

389 5365 676 5430 Manasse,
728 5370 940 5421 sanctae
970 5363 1273 5421 Ambianis
1326 5361 1581 5419 ecclesiae
1634 5362 1937 5418 Perrevino
1970 5364 2025 5431 [l.

387 5434 654 5506 Ger-vino]
694 5437 982 5506 pontiﬁce,
1034 5436 1369 5493 Normanno
1410 5434 1589 5504 hujus
1638 5432 1747 5488 loci
1797 5435 2025 5504 abbate,

389 5502 655 5581 Philippo
684 5502 816 5585 rege
846 5502 982 5565 cum
1007 5507 1126 5567 tilio
1163 5506 1450 5567 Ludovico
1478 5502 1632 5566 anno
1660 5522 1749 5567 xc.
1781 5502 2027 5570 Francoé

2134 3178 2332 3234 fratris
2363 3179 2510 3250 ejus.
2546 3176 2791 3250 Signum
2823 3175 3095 3232 Widonis
3129 3173 3501 3232 vicecomitis.
3535 3175 3786 3249 Signum

2133 3267 2419 3323 Guidonis
2451 3267 2520 3321 de
2570 3265 2827 3321 Cerchia.
2873 3266 3118 3338 Signum
3163 3264 3447 3321 Wazelini
3488 3265 3561 3320 de
3605 3264 3787 3321 Chas-

2133 3372 2295 3428 neyo.
2331 3355 2578 3426 Signum
2610 3354 2879 3409 Widonis
2906 3352 3267 3410 marescalci.
3290 3353 3538 3427 Signum
3568 3354 3790 3426 Drogo-

2133 3445 2225 3500 nis
2284 3443 2597 3517 praepositi.
2648 3443 2896 3515 Signum
2947 3443 3184 3498 Odardi.
3247 3443 3492 3516 Signum
3553 3441 3785 3498 Odelini

2133 3533 2467 3589 Camerar-ii.
2517 3532 2762 3604 Signum
2814 3530 3135 3588 Gunzelini.
3182 3531 3427 3604 Signum
3480 3530 3779 3586 Fulconis.

2102 3623 2380 3694 'Signum
2429 3619 2657 3676 Evraldi
2702 3621 2804 3675 lilii
2851 3619 3156 3676 Hesselini.
3214 3620 3460 3687 Signum
3515 3619 3779 3675 Gerardi.

2132 3712 2377 3783 Signum
2396 3708 2900 3781 Vivieni.Signum
2931 3708 3201 3763 Aeilberti
3231 3727 3242 3763 :
3275 3707 3523 3781 Signum
3548 3707 3780 3764 Henrici

2130 3800 2283 3873 regis
2317 3800 2669 3854 Francorum
2700 3797 3090 3852 invictissimi.

2174 3887 2499 3959 Descripta
2526 3888 2649 3941 vice
2697 3885 2965 3941 Rainoldi
2996 3886 3325 3942 cancellarii
3357 3886 3603 3957 jubente
3636 3884 3772 3940 Rai-

2131 3977 2305 4034 naldo
2324 3977 2554 4043 abbate,
2587 3992 2740 4030 anno
2770 3974 3056 4031 incarnati
3086 3974 3261 4030 Verbi
3292 3973 3604 4030 millesimo
3636 3990 3780 4046 qua-

2132 4066 2460 4139 dragesimo
2509 4064 2758 4137 septimo
2800 4064 2897 4136 (2),
2929 4064 3246 4120 indictione
3289 4064 3495 4137 quinta
3530 4064 3779 4132 decima,

2134 4156 2297 4229 regni
2322 4171 2453 4210 vero
2488 4152 2715 4209 Henrici
2747 4154 2900 4226 regis
2933 4171 3086 4209 nono
3116 4154 3364 4210 decimo.

2909 4288 3005 4343 IlI.

2136 4380 2399 4434 Henricus
2442 4380 2463 4433 I
2512 4393 2610 4433 rex
2656 4379 2989 4432 Francorum
3036 4379 3312 4433 canonicis
3361 4378 3786 4434 Carnotensibus

2399 4451 2633 4505 liberum
2661 4448 2905 4505 concedit
2929 4450 3121 4520 ﬁscum
3155 4449 3512 4520 Unigradum.

2760 4547 2945 4616 (Anno
2979 4545 3163 4613 1048.)

2492 4635 2656 4707 [ϐαιι.
2692 4634 2887 4690 Christ.
2922 4638 2965 4690 t.
2999 4634 3146 4701 VIII,
3189 4652 3247 4708 p.
3278 4636 3425 4707 300].

2207 4744 2269 4798 In
2300 4743 2535 4797 nomine
2575 4746 2788 4796 sanctae
2815 4745 2873 4796 et
2900 4741 3210 4797 individua:
3241 4742 3564 4809 Trinitatis,
3599 4742 3790 4798 Patris

2138 4884 2267 4923 rum
2301 4871 2530 4937 sceptra
2548 4868 2795 4920 tenente.
2820 4866 2937 4937 Ego
2960 4865 3133 4922 Wido
3162 4864 3538 4922 Pontivorum
3566 4879 3788 4931 comes,

2138 4884 2267 4923 rum
2301 4882 2530 4937 sceptra
2548 4882 2795 4920 tenente.
2822 4882 2937 4990 iugo
2969 4882 3133 4922 Wido
3164 4882 3538 4922 t’onuvorum
3566 4882 3788 4931 comes,

2138 4937 2395 5015 etc._Si_g.
2428 4937 2838 5015 Agnetismeae
2864 4936 3023 5015 aliae.
3215 5012 3221 5015 Α
3522 5008 3532 5015 _
3762 5006 3794 5015 Α

2209 5011 2285 5081 (2)
2321 5007 2381 5063 In
2440 5007 2728 5081 chartario
2764 5008 3049 5081 scriptum
3108 5012 3252 5073 erat,
3306 5023 3452 5064 anno
3508 5007 3793 5081 incargmti

2141 5078 2296 5137 Verbi
2322 5078 2620 5151 millesimo
2648 5078 3060 5151 quadragesimo
3083 5096 3260 5141 nono;
3291 5084 3351 5134 at
3381 5078 3794 5151 reponendum

2135 5154 2383 5225 septimo,
2418 5150 2467 5225 si
2498 5147 2746 5225 indictio
2770 5147 2873 5225 hic
2896 5155 3050 5225 recte
3082 5152 3298 5225 scripta
3318 5147 3641 5216 estfducto
3676 5147 3794 5225 est]:

2137 5220 2267 5279 ciilo
2303 5222 2527 5277 tlenrici
2588 5222 2750 5294 regni
2782 5222 2853 5277 ab
2879 5223 3012 5294 ejus
3042 5220 3434 5294 coronatione,
3467 5220 3798 5294 ann_o__102_7

2138 5297 2307 5350 facta.
2340 5294 2550 5367 Confer
2574 5290 2854 5367 placitum
2874 5290 3125 5365 Philippi
3157 5293 3311 5367 regis
3341 5296 3546 5367 contra
3565 5290 3799 5367 Alh_eri-

2137 5382 2272 5422 cum
2302 5361 2765 5437 Cauciasensem.
2789 5363 2892 5419 Hic
2922 5361 3087 5437 extra
3097 5361 3362 5437 ordinem
3384 5364 3620 5437 signum
3639 5361 3799 5418 Hen-

2138 5437 2240 5497 rici
2272 5436 2427 5512 regis
2449 5435 2702 5511 positum
2729 5440 2836 5509 est,
2871 5436 3026 5512 quod
3043 5436 3304 5512 primum
3332 5433 3466 5493 esse
3489 5433 3799 5493 debuerat.
