3968 6126
238 237 400 302 1029

1321 238 1713 307 HENRICUS
1755 245 1804 306 Ι.
1850 238 2336 308 FRANCORUM
2380 241 2565 307 REX.

3484 244 3644 310 1030

238 371 524 440 videlicet,
557 374 616 428 et
645 370 796 443 Filii,
828 373 884 430 et
913 372 1157 448 spiritus
1189 376 1397 444 sancti,
1430 393 1534 450 ego
1592 379 1886 434 Hanmcus
1915 381 1971 446 Α
2000 377 2246 433 libenter
2275 378 2660 434 succedendo.
2694 378 2893 451 Neque
2938 378 3093 436 enim
3124 378 3317 436 locum
3346 380 3521 437 ofﬁcii
3553 380 3641 435 vel

236 461 595 518 Francorum
625 479 726 520 rex
751 462 853 519 Dei
884 464 1093 537 gratia.

308 551 369 609 Si
400 568 541 626 erga
568 551 791 609 cultum
826 558 1161 611 sanctorum
1192 558 1248 612 et
1278 556 1586 613 utilitatem
1618 556 1888 613 ecclesia-

234 656 369 696 rum
401 641 777 714 antiquorum
802 643 1094 700 institutio
1128 662 1232 701 nos
1259 644 1442 701 voluit
1472 663 1599 701 esse
1630 646 1885 713 devotos,

234 734 456 802 quanto
487 731 676 805 magis
709 748 849 805 erga
898 733 1256 806 singularem
1290 736 1633 791 memoriam
1677 740 1888 791 nostris

233 818 597 884 salvationis,
620 821 888 878 videlicet
914 822 1012 878 Dei
1036 822 1308 890 Gcnitris,
1341 841 1518 895 quam
1544 827 1675 897 post
1706 829 1887 880 Deum

234 908 530 965 credimus
561 915 617 965 et
648 911 999 968 conﬁdimus
1031 930 1146 969 non
1178 912 1369 969 solum
1416 918 1630 970 nostra:
1681 914 1888 969 salutis

234 998 709 1067 amminiculum,
736 1001 836 1056 sed
868 1004 924 1056 et
953 1001 1191 1074 plenum
1224 1002 1492 1059 etfectum
1522 1004 1534 1058 l
1568 1002 1731 1059 Unde
1785 1020 1887 1076 pro

233 1087 624 1159 acquisitione
653 1091 876 1145 aeterna?
907 1089 1202 1147 felicitatis
1228 1092 1549 1148 admodum
1579 1091 1886 1158 sollicitus,

232 1175 621 1250 circumspexi
653 1178 703 1234 si
734 1178 888 1234 circa
914 1196 1007 1234 me
1037 1179 1257 1252 aliquid
1280 1180 1736 1253 haberem,quod
1759 1181 1888 1252 ejus

234 1265 613 1323 famulatuiet
625 1268 1021 1339 promerendm
1042 1269 1239 1341 gratiae
1262 1269 1599 1342 impendere
1620 1287 1883 1343 possem;

232 1358 291 1409 et
320 1354 430 1411 hoc
459 1355 607 1411 mihi
640 1356 1072 1429 aliquantisper
1101 1359 1377 1430 cogitanti
1411 1359 1481 1414 ad
1541 1361 1885 1416 memoriam

232 1443 406 1500 rediit
461 1444 882 1501 eanonicorum
939 1447 1315 1503 Carnotensis
1369 1447 1647 1515 ecclesiae,
1708 1465 1886 1521 quam

232 1534 451 1606 saepius
480 1534 936 1603 inculcaverant,
966 1536 1188 1608 petitio,
1223 1553 1324 1608 per
1355 1554 1529 1609 quam
1566 1555 1599 1592 a
1640 1537 1887 1593 diversis

230 1621 692 1678 exhibitionibus
713 1626 769 1678 et
799 1623 1096 1679 exactione
1125 1623 1381 1694 illa,qua:
1404 1625 1626 1697 vulgari
1652 1626 1887 1682 nomine

2001 467 2198 523 sedem
2231 466 2597 523 celsitudinis
2626 469 2964 542 usurpando
2995 475 3265 543 appetere
3316 471 3510 536 debet,
3543 471 3641 543 qui

1997 556 2127 627 ejus
2157 556 2423 612 effectum
2454 557 2746 613 vindicare
2776 575 2890 614 non
2920 560 3112 614 audet.
3132 559 3291 614 Unde
3314 576 3420 615 nos
3441 559 3643 615 libera-

1998 643 2221 699 litatem
2273 650 2331 700 et
2361 646 2822 703 munificentiam
2854 664 3056 719 regum
3108 654 3164 703 et
3200 649 3639 719 imperatorum,

1999 732 2213 805 quibus
2246 750 2378 788 cum
2411 736 2599 790 ofﬁcio
2624 740 2751 791 tum
2782 735 3188 809 dignitate,Dei
3220 738 3406 808 gratia
3435 755 3645 810 praeve-

2000 823 2214 888 niente,
2250 824 2664 892 successimus,
2724 842 2828 897 pro
2860 843 3027 898 posse
3073 831 3474 896 exsequentes,
3506 844 3644 901 erga

1996 910 2123 966 loca
2154 914 2489 967 sanctorum
2523 918 2577 968 et
2624 916 3105 988 congregationcs
3148 915 3406 970 ﬁdelium
3438 916 3643 972 divinas

1997 1000 2289 1071 majestati
2326 1000 2759 1070 famulantium,
2791 1004 2875 1058 ita
2916 1003 3187 1059 liberales
3216 1009 3272 1058 et
3301 1005 3491 1061 devoti
3520 1006 3642 1062 eul-

1995 1094 2150 1144 tores
2181 1106 2308 1145 esse
2346 1091 2638 1159 cupimus,
2700 1096 2765 1145 ut
2818 1093 2890 1145 ab
2948 1110 3150 1147 eorum
3207 1094 3543 1149 excellentia
3589 1099 3646 1150 et

1996 1177 2262 1251 largitate
2292 1181 2523 1236 desides
2553 1186 2611 1236 et
2639 1183 2954 1253 degeneres
2984 1200 3108 1237 esse
3166 1200 3281 1238 non
3320 1184 3641 1239 videamur.

1998 1268 2063 1322 Et
2092 1268 2223 1323 licet
2253 1268 2362 1323 hoc
2393 1269 2449 1323 in
2474 1285 2784 1325 commune
2807 1272 3080 1325 omnibus
3099 1272 3358 1327 ecclesiis
3380 1273 3645 1328 debueri-

1998 1374 2152 1424 mus,
2190 1360 2253 1413 ut
2272 1358 2799 1415 eisamminiculari
2824 1364 2877 1413 et
2901 1361 3207 1415 subvenire
3229 1361 3646 1433 dignumjudi-

1997 1462 2288 1516 caremus,
2322 1446 2559 1503 illorum
2594 1454 2790 1504 tamen
2850 1449 3267 1504 necessitudini
3302 1452 3648 1523 propensius

1997 1535 2277 1591 debemus
2309 1537 2500 1592 debito
2531 1544 2586 1593 et
2617 1537 2838 1593 ratione
2894 1539 3351 1596 condescendere
3387 1558 3555 1612 ,quos
3588 1543 3646 1596 in

1998 1625 2229 1679 servitio
2264 1629 2463 1680 nostro
2508 1626 2832 1691 insudasse,
2894 1633 2950 1681 et
3000 1627 3061 1681 in
3120 1628 3393 1684 fidelitate
3448 1634 3649 1685 nostra

231 1709 467 1766 Viearia
493 1715 749 1780 vocatur,
781 1711 949 1768 illum
983 1714 1314 1781 fiscum,cui
1345 1714 1890 1787 Unigradus[al.1n-
1918 1749 1965 1814 Β
2000 1713 2244 1785 contigit
2270 1713 2676 1769 vehementius
2706 1714 3055 1770 elaborasse.
3091 1716 3306 1771 Notum
3359 1717 3647 1789 siquidem

232 1800 481 1873 greium]
499 1800 845 1858 vocabulum
864 1801 1230 1871 est,liberum
1244 1807 1301 1858 et
1321 1803 1584 1875 quietum
1610 1804 1883 1877 deinceps

234 1904 365 1945 esse
389 1890 785 1947 concederem.
819 1891 939 1964 Ego
963 1908 1098 1947 vero
1129 1891 1426 1965 petitionis
1466 1892 1728 1965 ipsorum
1789 1912 1885 1951 ex-

232 1979 567 2053 aggerando
592 1979 917 2048 cumulum,
950 1980 1223 2036 universa
1251 1982 1502 2037 concedo
1525 1999 1885 2055 quaecunque

234 2068 510 2142 qualibet
536 2074 693 2126 terra
721 2070 945 2143 praefati
978 2070 1100 2124 ﬁsci
1135 2071 1279 2125 mihi
1310 2076 1367 2126 et
1415 2071 1561 2126 meis
1605 2072 1887 2127 hactenus

232 2157 557 2231 persolvere
586 2162 987 2227 consueverat,
1042 2163 1334 2231 quatenus
1364 2158 1422 2214 in
1457 2176 1523 2215 eo
1553 2160 1888 2216 habitantes

234 2246 420 2304 tutius
448 2247 656 2316 vivere,
708 2250 765 2304 et
795 2248 1008 2304 idcirco
1044 2265 1409 2322 quaecunque
1440 2250 1512 2304 ab
1540 2249 1623 2305 eis
1679 2248 1887 2304 usibus

231 2336 649 2394 canonicorum
690 2336 997 2402 debentur,
1056 2336 1287 2409 plenius
1343 2337 1573 2394 valeant
1625 2338 1886 2406 reddere,

233 2425 488 2499 exceptis
519 2429 772 2498 quatuor
811 2425 1076 2481 sextariis
1106 2425 1227 2482 vini
1256 2427 1327 2482 de
1386 2443 1740 2499 unoquoque
1796 2444 1886 2486 ar-

232 2532 447 2590 penno,
481 2531 631 2587 quos
657 2514 801 2570 mihi
833 2515 1229 2571 advocationis
1259 2516 1447 2588 gratia
1477 2515 1711 2583 retinui,
1744 2532 1887 2588 qua-

233 2603 398 2661 tinus
425 2602 475 2659 si
505 2604 564 2659 in
590 2608 889 2676 posterum
922 2604 1055 2675 quis
1104 2604 1154 2659 ei
1187 2604 1327 2659 ﬁsco
1352 2605 1627 2676 injuriam
1674 2605 1888 2661 inferre

235 2692 566 2761 tentaverit,
599 2709 732 2766 rege
764 2691 1081 2748 auxiliante
1103 2709 1376 2764 superno,
1414 2710 1504 2748 me
1544 2694 1886 2750 advocatum

235 2780 350 2837 sibi
374 2780 589 2838 sentiat
616 2797 745 2838 esse
778 2780 1077 2837 infestum.
1102 2782 1171 2836 Et
1201 2786 1265 2836 ut
1290 2786 1498 2837 nostrae
1522 2782 1890 2839 liberalitatis

238 2870 645 2926 muniﬁcentia
672 2870 947 2926 omnibus
961 2875 1176 2926 sanctae
1192 2871 1397 2926 matris
1412 2870 1680 2927 Ecclesia:
1704 2871 1888 2928 ﬁdeli-

234 2959 350 3014 bus
375 2961 432 3014 et
460 2958 677 3015 nostris
701 2962 857 3015 esset
879 2964 1034 3024 nota,
1058 2976 1290 3014 summo
1334 2959 1527 3014 studio
1556 2964 1614 3015 et
1643 2960 1888 3034 diligen-

204 3048 317 3123 tia
343 3046 714 3121 praecipimus
744 3046 967 3103 exarari
998 3052 1057 3103 et
1086 3046 1264 3119 sigilli
1291 3047 1472 3102 noslri
1503 3046 1889 3120 impressione

233 3136 457 3211 signari
483 3154 496 3193 :
531 3140 822 3208 quatenus
854 3137 1010 3208 quod
1042 3153 1221 3191 manu
1252 3136 1488 3209 propria
1509 3136 1673 3208 signo
1695 3138 1886 3194 crucis
1917 3115 1960 3180 ί)

229 3227 519 3299 impresso
549 3226 869 3283 statuimus
899 3242 1027 3280 esse
1060 3228 1275 3291 ratum,
1310 3242 1413 3297 per
1442 3225 1735 3281 curricula
1756 3244 1885 3283 suc-

231 3316 564 3371 cedentium
595 3319 928 3386 temporum
973 3318 1208 3369 maneat
1255 3313 1685 3370 inconvulsum.
1718 3316 1790 3370 Et
1837 3316 1887 3371 si

232 3404 368 3477 quis
398 3404 579 3476 hujus
608 3402 1011 3460 conventionis
1070 3419 1199 3458 esse
1256 3403 1564 3459 tentaverit
1619 3403 1884 3474 violator,

233 3493 389 3565 quod
415 3492 589 3562 absit,
624 3493 771 3549 iram
794 3492 895 3548 Dei
924 3491 1205 3559 incurrat,
1222 3496 1398 3564 atque
1428 3497 1628 3547 nostra
1659 3498 1885 3549 nostro-

233 3599 484 3655 rumque
505 3580 847 3639 auctoritate
864 3580 1162 3637 convictus
1178 3581 1539 3646 abscedat,ct
1559 3598 1663 3652 pro
1684 3580 1888 3638 illicita

230 3670 688 3745 praesumptione
716 3670 843 3725 auri
870 3670 1049 3726 libras
1081 3674 1315 3725 centum
1376 3669 1550 3742 regali
1585 3670 1725 3725 ﬁsco
1758 3687 1884 3741 per-

230 3760 437 3816 solvat.

299 3852 508 3905 Actum
539 3848 770 3923 publice
799 3847 1058 3905 Parisius
1089 3866 1241 3904 anno
1271 3847 1443 3905 Verbi
1468 3847 1688 3903 incarn.
1725 3847 1883 3917 1048,

224 3938 542 3995 indictione
571 3938 783 4010 prima,
817 3942 1097 4011 regnante
1126 3938 1373 3994 Henrico
1396 3954 1529 4012 rege
1545 3954 1683 3993 xvm
1709 3954 1883 4004 anno,

220 4043 296 4083 xv
324 4025 619 4083 Kalendas
648 4026 803 4081 Maii.

202 4126 205 4127 '
1013 4115 1108 4169 IV.

216 4204 590 4278 Privilegium
628 4218 740 4278 pro.
761 4205 1099 4278 monasterio
1120 4203 1307 4278 sancti
1365 4205 1675 4278 Theoderici
1722 4223 1889 4278 prope

297 4277 508 4359 Remos.
543 4304 611 4311 —
630 4273 879 4359 [adjutus
913 4289 1014 4355 rex
1044 4274 1111 4355 at)
1142 4276 1358 4329 Alberto
1387 4276 1578 4359 abbate
1632 4279 1692 4331 in
1716 4273 1886 4359 carpit-

300 4345 565 4414 gnatione
624 4342 987 4409 Cestri-Novi,
1043 4346 1161 4415 ejus
1228 4347 1621 4400 monasterium
1678 4364 1711 4400 a
1752 4342 1888 4419 jizgo

300 4413 689 4472 advocatorum
714 4416 1169 4471 elocutionibus
1225 4416 1738 4471 archidiaconorum
1791 4419 1886 4473 ab-

298 4487 477 4545 solvit.

796 4557 984 4629 (Circa
1013 4574 1106 4612 an.
1134 4557 1317 4628 1050.)

298 4647 467 4721 [Dom
499 4646 799 4712 Maerens,
829 4646 1005 4721 Ampi.
1037 4645 1293 4721 collect,
1318 4645 1360 4713 Ι,
1394 4647 1518 4713 422,
1552 4661 1620 4701 ex
1650 4661 1761 4700 ms.

809 4721 867 4773 Β.
903 4717 1294 4789 Theodorici.]

293 4826 358 4882 In
391 4825 628 4882 nomine
659 4829 870 4881 sanctae
893 4827 951 4879 et
980 4824 1292 4881 individua}
1310 4825 1643 4880 Trinitatis.
1678 4825 1792 4898 Ego
1811 4824 1867 4895 (3

220 4915 538 4983 HENaicus,
571 4915 761 4988 gratia
792 4914 889 4970 Dei
922 4914 1277 4970 Francorum
1310 4914 1882 4982 rex,successoribus

219 5002 368 5060 meis
389 5003 627 5075 regibus
659 5019 863 5075 pacem
896 5007 953 5057 et
975 5002 1247 5058 salutem.

292 5091 499 5148 Omnis
530 5091 867 5165 quicunque
906 5090 1081 5148 alicui
1112 5092 1172 5146 in
1221 5090 1420 5163 aliquo
1451 5090 1755 5165 dignitatis
1784 5109 1879 5163 ge-

223 5197 359 5237 nere
389 5179 667 5250 succedit,
717 5181 846 5252 ejus
892 5179 1157 5235 imitator
1210 5194 1338 5235 esse
1397 5179 1570 5236 debet
1608 5180 1668 5235 in
1721 5180 1882 5236 omni

222 5268 548 5327 honestatis
573 5268 891 5342 proposito,
943 5267 1113 5339 cujus
1172 5266 1361 5323 ofﬁcio
1419 5284 1481 5323 se
1528 5269 1882 5342 mancipavit

318 5393 373 5474 3)
401 5392 676 5474 Aliquam
701 5390 882 5474 hujus
900 5390 1240 5474 diplomatis
1266 5391 1727 5474 partemnedidit
1756 5392 1881 5448 Ma-

219 5460 582 5615 gilloiniusin
594 5460 1311 5521 AnnalibusBenedictinis
1323 5463 1564 5521 tom.lV:
1586 5464 1879 5540 integrum

261 5552 318 5601 to
387 5550 579 5595 amns.

1996 1808 2082 1858 est
2114 1803 2388 1858 omnibus
2418 1820 2563 1875 pene
2592 1803 2755 1876 regni
2790 1803 3089 1859 Gallorum
3122 1804 3328 1860 incolis
3358 1810 3649 1877 quantum

1993 1891 2251 1947 laborem
2286 1892 2748 1964 impenderimus
2777 1892 2835 1947 in
2867 1895 3132 1964 captione
3154 1894 3327 1949 castri
3355 1896 3510 1967 quod
3543 1896 3651 1951 No-

1994 1998 2131 2036 vum
2166 1987 2420 2036 vocatur.
2453 1983 2537 2036 Ad
2570 1999 2744 2053 quam
2777 1985 3009 2037 strenue
3031 1987 3087 2036 et
3115 1983 3358 2039 viriliter
3373 2001 3651 2058 peragen-

1997 2071 2156 2136 dam,
2206 2087 2487 2142 magnum
2541 2071 2801 2127 solamen
2864 2072 3033 2126 nobis
3092 2072 3341 2143 praebuit
3370 2073 3533 2129 locus
3590 2079 3646 2129 S.

1998 2157 2384 2214 Bartholomei
2419 2160 2517 2230 (li),
2551 2158 2782 2214 Alberto
2814 2160 2944 2229 ejus
3002 2160 3110 2214 loci
3172 2165 3311 2215 tunc
3368 2163 3651 2234 temporis

1997 2248 2222 2314 abbate,
2251 2247 2562 2320 diligenter
2589 2252 2645 2303 et
2675 2253 3008 2303 constanter
3036 2249 3177 2304 adeo
3232 2248 3558 2317 insistente,
3586 2257 3652 2308 ut

1998 2336 2174 2393 etiam
2206 2354 2239 2392 a
2270 2336 2415 2391 meis
2448 2352 2599 2408 saepe
2647 2337 2909 2391 monitus
2965 2353 3176 2403 essem,
3231 2342 3296 2393 ut
3350 2340 3400 2394 ei
3435 2340 3650 2396 bonam

1996 2426 2179 2481 vicem
2213 2425 2536 2491 redderem,
2586 2430 2642 2479 et
2689 2425 2931 2497 dignam
2984 2428 3515 2483 remunerationem
3545 2446 3650 2500 pro

1997 2515 2204 2570 merito
2272 2514 2617 2569 conferrem.
2679 2513 2803 2576 Qua
2858 2514 3257 2586 persuasionis
3316 2516 3651 2575 inductione

2001 2621 2265 2660 meorum
2298 2606 2665 2675 provocatus,
2702 2602 3017 2659 deliberavi
3049 2621 3304 2676 quaerere
3335 2608 3475 2677 quid
3506 2625 3649 2680 pras-

1999 2693 2151 2748 dicto
2182 2692 2305 2747 loco
2337 2695 2394 2747 et
2422 2692 2619 2747 abbati
2651 2707 2884 2764 possem
2917 2691 3187 2748 exhibere
3219 2710 3322 2765 pro
3354 2696 3444 2750 sui
3477 2696 3650 2752 bene-

1998 2782 2113 2837 ﬁcii
2146 2787 2202 2837 et
2230 2781 2449 2836 laboris
2482 2780 2969 2836 remuneratione.
3004 2781 3116 2837 Sed
3170 2798 3302 2838 cum
3335 2786 3650 2856 comperis-

1998 2888 2122 2926 sem
2153 2871 2225 2926 ab
2259 2870 2467 2925 abbate
2497 2874 2553 2925 et
2576 2868 3005 2926 habitatoribus
3052 2870 3158 2925 loci
3210 2871 3649 2929 advocationem

1998 2959 2264 3024 abbatiag,
2299 2975 2475 3030 quam
2508 2956 2745 3029 quidem
2775 2957 3075 3013 castellani
3100 2964 3426 3026 tenuerant,
3451 2962 3562 3017 sibi
3594 2968 3653 3018 et

1999 3048 2123 3103 suis
2142 3048 2321 3103 fuisse
2341 3047 2708 3114 infestam,eo
2727 3047 2881 3117 quod
2907 3047 3122 3101 multas
3149 3047 3398 3116 injurias
3418 3049 3652 3121 publice

1997 3143 2051 3192 et
2103 3136 2372 3208 privatim
2403 3152 2508 3207 per
2535 3151 2665 3190 eam
2693 3136 2953 3206 perpessi
3013 3136 3263 3205 fuerant,
3299 3137 3540 3193 consilio
3596 3144 3654 3195 et

1997 3224 2410 3297 astipulatione
2444 3240 2730 3290 meorum,
2776 3223 2902 3293 jam
2934 3223 3151 3278 dictam
3212 3225 3650 3282 advocationem

1996 3331 2127 3369 cum
2159 3312 2439 3369 beneﬁcio
2460 3313 2532 3368 ad
2563 3329 2689 3368 eam
2724 3311 3071 3384 pertinente,
3104 3313 3377 3383 praedicto
3411 3315 3650 3371 omnino

1997 3403 2398 3459 concessimus
2427 3400 2572 3457 loco.
3440 3466 3447 3473 ο

2067 3491 2287 3547 Deinde
2318 3494 2529 3547 nostrae
2578 3490 2878 3547 serenitati
2910 3496 3339 3564 suggesserunt
3391 3493 3547 3564 quod
3579 3493 3650 3548 ab

1996 3580 2531 3653 archidiacono,qui
2547 3584 2887 3652 procurator
2907 3585 2963 3635 et
2979 3581 3241 3654 provisor
3254 3582 3520 3653 ejusdem
3540 3581 3652 3637 loci

1996 3670 2066 3723 ad
2091 3668 2401 3724 utilitatem
2459 3684 2588 3724 esse
2644 3669 2945 3736 debuerat,
3007 3669 3193 3724 multa
3241 3670 3353 3726 sub
3410 3671 3648 3727 obtentu

1995 3757 2290 3813 canonica:
2348 3758 2735 3813 institutionis
2791 3759 3167 3830 patiebantur
3223 3760 3483 3814 adversa.
3541 3760 3650 3815 Pro

1995 3846 2211 3917 quibus
2242 3846 2457 3918 sapius
2488 3848 2641 3919 apud
2687 3845 3189 3918 archiepiscOpum
3224 3846 3651 3917 proclamantes

1995 3934 2374 3991 sacularibus
2404 3935 2652 4007 negotiis
2684 3934 3122 4007 archiepiscopo
3153 3934 3369 4007 saepius
3400 3934 3646 4004 intento,

1994 4041 2193 4097 pacem
2228 4024 2552 4079 secundum
2584 4024 2738 4095 quod
2771 4022 3092 4091 voluerant,
3125 4028 3181 4078 et
3240 4022 3352 4078 sibi
3412 4039 3649 4080 necesse

1993 4115 2203 4181 fuerat,
2263 4130 2380 4168 non
2439 4112 2836 4167 obtinuerunt.
2895 4112 3014 4166 Hac
3066 4112 3414 4168 necessitate
3444 4112 3647 4179 coacti,

1994 4204 2166 4260 nobis
2190 4202 2608 4258 intimaverunt
2636 4200 2774 4274 quid
2815 4200 3191 4272 patiebantur
3229 4200 3475 4256 adversi.
3505 4200 3649 4256 Huic

1993 4292 2355 4365 compatiens
2397 4290 2823 4364 conquestioni,
2885 4289 3272 4345 amicabiliter
3328 4305 3647 4362 aggressus

1995 4400 2125 4439 sum
2151 4381 2624 4454 archipiscopum
2661 4396 2793 4435 cum
2836 4378 3090 4436 ecclesiae
3140 4376 3644 4445 ministerialibus,

1915 4486 1963 4549 Ι)
1994 4476 2198 4543 petens
2213 4475 2277 4526 ut
2294 4472 2449 4543 quod
2465 4475 2667 4526 contra
2678 4485 2970 4526 canonum
2994 4471 3214 4523 statuta
3242 4471 3296 4525 et
3317 4466 3647 4541 apostolicae

1900 4578 1923 4595 ν’
1995 4559 2152 4614 sedis
2180 4560 2409 4614 decreta
2459 4559 2765 4631 perspicue
2821 4557 3175 4629 injuriosum
3205 4561 3349 4625 erat,
3407 4557 3646 4613 omnino

1991 4647 2581 4718 praetermitterent,et
2610 4646 2897 4717 quidquid
2925 4646 3216 4702 malorum
3247 4646 3397 4718 exigi
3421 4650 3648 4717 poterat

1991 4735 2100 4792 sub
2133 4734 2324 4806 specie
2352 4734 2511 4802 boni,
2546 4751 2723 4790 causa
2757 4735 2939 4790 nostri
2986 4733 3202 4790 amoris
3232 4739 3292 4788 et
3347 4734 3647 4805 petitionis

1991 4823 2230 4879 omnino
2263 4823 2704 4877 frustrarent.Et
2733 4823 2914 4893 hujus
2939 4822 3234 4895 petitionis
3256 4821 3646 4877 conditionem

1991 4917 2299 4985 postquam
2333 4912 2404 4965 ab
2438 4910 2554 4965 illis
2585 4927 2698 4965 non
2730 4911 3056 4965 voluntarie
3113 4910 3359 4978 obtinui,
3392 4910 3502 4964 sub
3533 4910 3643 4964 im-

1990 5000 2290 5074 pressione
2328 4999 2512 5054 nostri
2544 4998 2722 5072 sigilli
2754 4999 3052 5071 scriptam,
3112 5004 3169 5054 et
3199 4998 3471 5053 manibus
3503 4998 3642 5053 ﬁde-

1989 5090 2135 5145 lium
2168 5093 2503 5144 nostrorum
2537 5088 2994 5154 corroboratam,
3055 5086 3340 5159 pradictaa
3391 5085 3642 5142 ecclesia:

1990 5178 2221 5251 publice
2251 5175 2694 5243 contulimus,et
2724 5191 2826 5248 per
2846 5191 3153 5231 assensum
3178 5178 3521 5230 cunctorum
3540 5175 3641 5247 qui

1989 5268 2284 5323 aﬂ'uerunt
2308 5264 2793 5321 contradidimus.
2817 5263 3079 5319 Petimus
3109 5280 3245 5336 ergo
3276 5280 3641 5320 successores

2068 5392 2145 5463 (4)
2178 5391 2364 5463 Locus
2421 5391 2479 5446 S.
2533 5388 2936 5463 Bartholomrei
2988 5392 3076 5463 est
3129 5388 3550 5463 monasterium
3582 5394 3637 5446 S.

1990 5459 2338 5543 Theoderici
2361 5478 2539 5543 prope
2561 5460 3081 5543 Bemos,cujusil_le
3102 5459 3401 5535 apostolus
3422 5462 3637 5543 prima-

1988 5534 2113 5595 rius
2142 5532 2427 5611 patronus
2456 5532 2739 5597 hactenus
2770 5532 3129 5608 agnoscitur.
