3968 6126
378 246 528 307 1031

1742 241 2030 312 MONUM
2041 290 2056 309 .
2104 244 2394 310 DIPLOM
2407 290 2421 306 .

3622 247 3789 311 1032

370 381 605 433 nostros
637 384 702 433 ut
745 378 1032 452 quidquid
1066 398 1168 454 pro
1201 379 1387 437 salute
1419 380 1750 436 animarum
1782 396 2025 436 suarum
2054 383 2109 449 Α
2140 381 2287 435 duas
2307 378 2583 436 ecclesias
2602 381 2664 434 et
2691 378 3062 435 medietatem
3084 378 3276 455 ips1.,v
3294 376 3463 434 villae.
3497 378 3560 435 In
3592 383 3787 435 castro

376 464 713 536 statuerint,
743 474 800 523 et
847 469 1026 525 velint
1078 487 1206 525 esse
1248 470 1302 523 in
1363 473 1732 541 perpetuum,
1792 470 1872 523 ita
1921 470 2030 526 hoc

377 559 645 613 nostrum
678 560 963 613 statutum
989 575 1092 629 per
1120 558 1407 614 curricula
1436 562 1900 631 temporum.per
1929 575 2029 615 eos

370 649 577 701 contra
597 646 1002 720 episcoporum
1026 647 1296 703 alumnos
1317 652 1578 703 servetur
1599 646 2026 703 inconvulsum.

370 735 496 792 Hoc
526 739 719 791 autem
754 740 964 791 nostrae
981 736 1347 793 auctoritatis
1365 741 1819 809 praeceptumme
1849 736 2029 792 alicu-

360 826 467 895 jus
498 825 797 881 temeritas
822 829 1024 882 contra
1053 827 1141 881 fas
1156 830 1213 882 et
1235 827 1373 897 jura
1390 825 1604 881 violare
1627 829 2024 898 prmsumeret,

370 915 427 969 in
465 930 741 970 concessu
766 915 1174 988 episcoporum
1209 918 1547 970 nostrorum
1577 915 2028 980 ﬁrmavimus,et

370 1021 471 1076 per
500 1020 697 1060 eorum
732 1004 1395 1060 excommunicationem
1427 1005 2027 1072 corroboravimus,et

367 1093 676 1165 praesentia
706 1095 782 1164 (5)
814 1110 972 1166 papae
1006 1093 1077 1148 ad
1111 1093 1220 1149 hoc
1244 1092 1397 1148 idem
1424 1093 1757 1149 faciendum
1780 1109 2025 1164 praesen-

368 1181 479 1237 tari
503 1182 817 1253 jussimus.
852 1182 1304 1237 Conventionem
1345 1181 1595 1253 denique
1627 1198 1801 1254 quam
1836 1181 2023 1237 archi-

364 1269 677 1342 episcopus
706 1274 761 1326 ct
794 1269 1244 1326 archidiaconus
1275 1271 1584 1326 nobiscum
1645 1271 2025 1325 ﬁrmaverunt

370 1364 426 1414 et
447 1360 600 1431 pacti
625 1360 1009 1432 sunt,scripto
1025 1360 1207 1414 nostri
1229 1360 1500 1432 prmcepti
1524 1359 1778 1415 inserere
1801 1359 2023 1432 placuit

368 1463 438 1503 ne
469 1448 601 1520 quis
635 1448 693 1503 in
724 1452 1022 1520 posterum
1071 1453 1412 1521 emergeret,
1457 1449 1555 1520 qui
1613 1448 1748 1503 inde
1797 1447 2019 1520 aliquid

368 1537 581 1592 addere
626 1537 713 1593 vel
764 1538 1049 1607 minuere,
1115 1555 1218 1593 seu
1276 1543 1640 1594 commutare
1698 1537 2020 1608 aliquando

365 1629 580 1696 posset.

1144 1732 1213 1787 V.

363 1818 726 1891 Privilegium
780 1821 1006 1877 llenrici
1060 1822 1087 1876 Ι
1131 1823 1465 1877 Francorum
1514 1823 1654 1892 regis
1693 1837 1791 1893 pro
1842 1820 2019 1879 Casm-

953 1894 1053 1947 Dei
1080 1908 1165 1947 mo
1174 1895 1430 1948 naslerio.

1016 2000 1146 2067 (An.
1186 2000 1366 2069 1052.)

866 2104 1025 2170 [GalL
1060 2105 1185 2160 Chr.
1222 2106 1290 2172 ιι,
1327 2106 1509 2175 1031.]

430 2226 493 2281 In
520 2228 757 2283 nomine
786 2229 1037 2295 Domini,
1070 2235 1178 2285 etc.

429 2314 1126 2374 Notumessevolumus.
1174 2360 1188 2375 .
1234 2362 1245 2373 .
1464 2362 1535 2375 ..
1582 2361 1594 2374 .
1641 2361 1713 2375 ..
1760 2360 1773 2373 .
1819 2362 1832 2375 .
1880 2360 1892 2372 .
1939 2360 1952 2373 .
1999 2360 2011 2372 .

358 2404 515 2476 quod
542 2409 805 2461 nostram
837 2406 1041 2463 adiens
1100 2408 1614 2464 mansuetudinem
1669 2406 2017 2463 venerabilis

358 2493 446 2547 vir
473 2498 533 2549 et
562 2497 675 2549 Deo
704 2494 922 2567 dignus
944 2496 1230 2553 Rohertus
1253 2497 1607 2552 Brivatensis
1626 2495 1942 2551 canonicus
1959 2501 2017 2552 et

361 2582 786 2652 thesaurarius,
819 2602 853 2640 a
883 2584 1120 2640 domino
1174 2586 1461 2642 Rencone.
1508 2627 1519 2641 .
1568 2627 1580 2640 .
1627 2627 1640 2641 .
1686 2628 1698 2639 .
1732 2588 2012 2641 Arverno-

361 2688 494 2726 rum
525 2672 797 2745 episcopo
830 2673 1053 2729 missus
1083 2678 1137 2729 et
1168 2691 1271 2746 per
1299 2674 1523 2730 litteras
1544 2674 2011 2739 commendatus,

359 2759 616 2817 innotuit
644 2778 706 2817 se
737 2763 1035 2833 quandam
1062 2762 1368 2819 ecclesiam
1418 2763 1477 2818 in
1510 2779 1657 2836 pago
1690 2762 2012 2819 Avernensi

358 2848 416 2903 in
449 2866 639 2905 eremo
670 2850 865 2919 sitam,
901 2856 957 2906 et
987 2853 1129 2908 adeo
1161 2851 1482 2907 honoribus
1513 2851 1874 2923 ampliatam,
1909 2854 2013 2906 Ca-
2059 2887 2064 2891 -

358 2938 613 2995 sam-Dei
657 2940 1042 3008 nominatam,
1075 2941 1147 2996 ad
1179 2939 1411 2996 culmen
1441 2946 1496 2996 et
1528 2941 1806 2997 honorem
1835 2940 2011 2996 abba-

360 3028 448 3083 tiaa
480 3044 819 3101 promovere
847 3029 1014 3098 velle,
1048 3034 1260 3086 nostrae
1316 3029 1685 3086 liberalitatis
1734 3031 1907 3102 jussu
1959 3033 2016 3085 et

359 3123 663 3190 potestate,
715 3123 771 3174 et
826 3119 1085 3192 episcopi
1143 3120 1234 3176 sui
1293 3120 1699 3192 permissione.
1754 3123 2080 3192 Agentesc

356 3207 556 3279 itaque
586 3207 899 3263 consilium
932 3224 1241 3264 commune
1267 3226 1401 3264 cum
1434 3209 1771 3281 proceribus
1802 3212 1859 3263 et
1890 3207 2005 3280 pri-

356 3296 622 3352 moribus
651 3296 849 3369 palatii
910 3296 1096 3353 nostri
1153 3297 1520 3353 decrevimus
1575 3298 1703 3368 ejus
1752 3312 2009 3352 annuere

357 3384 646 3457 precibus,
678 3390 735 3440 et
764 3390 883 3440 tam
917 3402 1020 3457 pro
1051 3390 1246 3441 nostro
1304 3387 1388 3457 υἱ,
1418 3387 1663 3457 nostra],
1697 3402 1874 3457 quam
1906 3402 2008 3458 pa-

354 3478 513 3528 trum
543 3477 876 3530 nostrorum
899 3473 1397 3548 indulgentia,per
1420 3479 1776 3547 praeceptum
1795 3477 2007 3530 nostra;

355 3562 652 3619 ﬁrmitatis
677 3562 1138 3633 authorisamus,
1155 3568 1211 3620 et
1240 3564 1539 3620 abbatiam
1565 3563 1689 3618 ﬁeri
1712 3562 2007 3634 jussimus

353 3656 412 3707 et
441 3651 840 3723 permisimus,
873 3657 984 3707 etc.

429 3744 749 3798 Omittimus
774 3742 1023 3812 plurima
1077 3742 1141 3797 de
1170 3742 1272 3797 hac
1320 3758 1460 3797 nova
1489 3742 1713 3797 abbatia
1767 3740 2010 3812 ecclesia?

356 3811 803 3895 Claromontensi.
840 3814 1100 3895 subjecta,
1122 3831 1284 3895 lcum
1306 3830 1493 3895 lonere
1540 3811 1882 3895 persohrendi
1908 3827 2008 3893 pro

353 3900 514 3958 censu
547 3884 752 3940 libram
783 3883 991 3940 incensi
1020 3887 1077 3940 in
1107 3888 1241 3957 festo
1280 3883 1674 3958 Assumptionis
1698 3886 1762 3938 B.
1795 3883 2004 3939 Mariae.

353 3957 582 4027 Reliqua
603 3972 726 4027 quae
744 3958 1025 4029 continent
1045 3958 1353 4026 catalogum
1365 3957 1767 4029 posSessionum
1786 3970 2009 4010 nascen-

353 4029 420 4081 tis
452 4029 773 4083 monasterii
799 4028 1206 4100 descripsimus.

424 4120 583 4171 Dona
613 4118 790 4171 etiam
821 4134 923 4188 pro
973 4117 1069 4172 Dei
1127 4133 1324 4173 amore
1372 4121 1429 4173 et
1486 4118 1694 4172 timore
1750 4114 2008 4171 ecclesiae

353 4204 647 4274 praedicta)
675 4221 972 4272 concessa,
1033 4207 1377 4262 auctoritate
1434 4210 1647 4261 nostra;
1703 4202 2009 4276 potestatis

353 4291 738 4363 signavimus,
770 4296 827 4347 et
858 4292 1049 4364 sigillo
1081 4295 1238 4367 regio
1258 4294 1754 4359 conﬁrmavimus,
1788 4291 2010 4348 scilicet

353 4378 409 4433 in
440 4380 645 4434 eadem
675 4379 814 4447 villa
836 4381 1139 4437 ecclesiam
1159 4382 1479 4452 quamdam
1509 4381 1568 4435 in
1600 4380 1883 4436 honorem
1904 4380 2004 4434 SS.

354 4470 676 4557 martyrum
708 4468 915 4525 Vitalis
935 4474 991 4525 et
1027 4469 1307 4542 Agricola
1337 4474 1754 4526 consecratam.
1792 4471 1855 4524 In
1886 4473 2006 4524 ter-
2038 4493 2086 4557 D

353 4555 551 4612 ritario
582 4556 904 4614 Brivatensi
947 4557 1255 4615 ecclesiam
1308 4576 1488 4615 unam
1518 4558 1578 4614 in
1637 4559 1916 4615 honorem
1949 4559 2007 4613 S.

350 4647 594 4703 Andreze
623 4648 695 4703 de
726 4647 957 4720 Comps.
993 4665 1126 4703 cum
1159 4649 1433 4705 omnibus
1463 4649 1533 4705 ad
1567 4665 1695 4705 eam
1716 4648 2010 4722 pertinen-

358 4736 534 4792 tibus.
570 4737 631 4792 In
664 4737 789 4793 vico
820 4737 1072 4793 Tuniaco
1106 4738 1410 4794 ecclesiam
1443 4740 1501 4794 S.
1552 4738 1825 4794 Germani
1855 4755 2009 4793 mar-

351 4826 661 4898 tyris,cum
694 4826 820 4899 ipso
854 4828 976 4883 vico
1007 4832 1064 4883 et
1095 4829 1371 4883 omnibus
1404 4828 1472 4883 ad
1508 4845 1640 4884 eum
1674 4827 2012 4899 pertinenti-

352 4915 483 4983 bus,
518 4916 576 4971 in
606 4916 897 4972 territorio
928 4916 1289 4973 Fornoliensi
1325 4916 1634 4973 ecclesiam
1693 4932 1829 4971 cum
1882 4915 2011 4986 ipsa

354 5004 489 5061 villa
518 5010 575 5061 et
604 5007 882 5062 omnibus
914 5006 985 5061 ad
1037 5023 1166 5062 eam
1200 5006 1655 5079 pertinentibus.
1684 5003 2007 5060 Ecclesium

352 5092 421 5148 de
448 5093 886 5168 Bello-pomerio
918 5112 1051 5150 cum
1081 5095 1211 5168 ipsa
1240 5095 1378 5151 villa
1395 5098 1450 5150 et
1469 5094 1746 5150 omnibus
1775 5094 1846 5149 ad
1877 5109 2006 5149 eam

352 5183 800 5252 pertinentibus.
834 5184 1129 5258 Capellam
1183 5186 1255 5240 de
1300 5182 1887 5240 Castello-Bullionis.
1943 5183 2005 5237 In

353 5269 475 5324 vico
535 5273 823 5331 Luziliaco
880 5279 999 5329 tres
1053 5272 1330 5330 ecclesias
1389 5289 1524 5327 cum
1580 5273 1708 5345 ipso
1766 5272 1891 5327 vico
1950 5274 2008 5326 et

352 5358 627 5416 omnibus
658 5363 727 5419 ad
759 5379 894 5419 eum
926 5362 1451 5437 pertinentibus.1n
1472 5360 1613 5418 villa
1638 5362 1697 5417 S.
1730 5360 2004 5417 Domnini

2142 470 2211 524 de
2254 468 2811 525 Monte-Vasconum
2845 467 3150 541 capellam.
3185 472 3246 524 In
3276 466 3413 523 villa
3441 468 3500 524 8.
3534 466 3787 524 Victoris

2139 558 2287 613 duas
2336 557 2615 613 ecclesias
2637 574 2649 612 :
2671 557 2729 611 in
2760 557 3053 613 territorio
3084 557 3329 614 Rocensi
3383 555 3692 614 ecclesiam
3725 558 3785 614 S.

2138 645 2423 703 Desiderii
2443 663 2533 719 ep.
2559 651 2617 702 et
2648 651 2818 701 mart.
2842 646 2903 701 In
2945 645 3238 702 territorio
3288 645 3688 718 Lugdunensi,
3724 646 3785 702 in

2136 734 2272 790 villa
2310 753 2436 807 quae
2459 736 2676 791 dicitur
2695 735 2991 806 Sociacus,
3011 734 3318 793 ecclesiam
3351 739 3406 790 8.
3440 735 3791 793 Mariccum

2137 824 2266 896 ipsa
2321 824 2459 881 villa
2505 830 2562 881 et
2592 825 2866 882 omnibus
2923 826 2996 881 ad
3057 841 3185 881 eam
3243 824 3699 897 pertinentibus,
3734 829 3797 881 et

2135 914 2310 969 etiam
2340 912 2614 988 perplura
2644 913 2861 986 prmdia
2878 913 3173 981 villarum,
3188 918 3476 969 terrarum
3491 912 3796 969 cultarum

2133 1008 2193 1057 et
2250 1002 2629 1070 incultarum,
2682 1002 2983 1068 silvarum,
3044 1003 3367 1071 vineamm,
3400 1019 3690 1074 aquarum
3731 1006 3793 1059 et

2134 1106 2508 1163 pascuorum.
2526 1091 2805 1164 Quisquis
2826 1096 3021 1148 autem
3049 1091 3304 1165 aliqua'n
3326 1090 3786 1161 controversiam

2130 1180 2217 1237 vel
2249 1180 2603 1237 calumniam
2638 1181 2775 1236 huic
2807 1181 3108 1237 donationi
3142 1180 3241 1237 iul.
3264 1196 3354 1237 rre
3390 1195 3782 1253 praesumpse-

2134 1270 2209 1347 rit
2250 1311 2263 1324 .
2310 1311 2323 1324 .
2369 1312 2382 1324 .
2429 1311 2441 1325 .
2485 1269 2686 1342 petitio
2713 1270 2872 1347 illius
2897 1270 3061 1325 irrita
3083 1286 3285 1325 nosne
3319 1274 3607 1341 praecepto
3639 1270 3780 1335 ﬁat;

2130 1344 2201 1413 et.
2217 1359 2476 1431 episcopi
2508 1344 2904 1431 compat‘riotae
2926 1359 3159 1431 plenam
3203 1357 3508 1414 vindictam
3544 1358 3779 1414 faciant.

2131 1448 2352 1504 Habeat
2367 1454 2560 1504 autem
2578 1449 2855 1521 praedicta
2872 1448 3116 1504 ecclesia
3135 1447 3432 1505 liuntiam
3445 1448 3780 1521 adaugendi

2130 1538 2565 1594 etaccrescendi
2580 1539 2757 1608 jussu
2782 1542 2995 1594 nostra:
3023 1537 3368 1610 majestatis.
3400 1537 3466 1593 Et
3491 1537 3780 1610 quidquid

2130 1632 2384 1683 rectores
2433 1628 2562 1698 ejus
2608 1628 2666 1681 in
2712 1643 3097 1699 quascunque
3143 1631 3339 1700 partes
3386 1626 3573 1683 nostri
3623 1625 3780 1682 salvo

2054 1753 2101 1818 B
2122 1717 2259 1787 jure
2286 1715 2679 1772 ecclesiastico
2711 1716 3114 1788 acquisierint,
3146 1720 3263 1773 tam
3298 1715 3357 1771 in
3390 1715 3545 1771 villis
3602 1731 3781 1789 quam

2133 1805 2192 1861 in
2244 1806 2497 1877 praediis,
2531 1810 2631 1860 aut
2687 1804 2982 1878 aliquibus
3028 1804 3219 1875 bonis,
3256 1804 3533 1861 ﬁrmitate
3563 1808 3776 1861 nostra

2136 1895 2456 1966 majestatis
2487 1895 2851 1967 signavimus
2876 1912 2888 1961 ;
2920 1899 2978 1949 et
3008 1898 3130 1950 tam
3198 1898 3371 1950 utura
3398 1892 3779 1966 acquirendo,

2132 2000 2309 2055 quam
2369 1983 2659 2056 praaterita
2688 1987 2745 2039 et
2773 1983 3063 2056 acquisita
3121 1984 3274 2039 bona
3327 1982 3689 2039 tradidimus
3727 1986 3783 2039 ut

2130 2072 2647 2141 authorisavimus,
2680 2078 2787 2128 etc.

2200 2161 2316 2216 Hoc
2348 2164 2544 2216 autem
2574 2164 2950 2233 praeceptum,
2980 2164 3045 2216 ut
3065 2159 3327 2217 validiori
3361 2158 3776 2233 astipulatione

2130 2250 2369 2317 nitatur,
2385 2248 2603 2305 annulo
2623 2254 2822 2305 nostro
2863 2248 3239 2306 subterfirma
3255 2248 3452 2315 limus,
3484 2252 3542 2303 et
3561 2250 3773 2305 Arver-

2126 2338 2294 2394 nensi
2350 2338 2620 2410 episcopo
2650 2342 2708 2393 et
2735 2339 2959 2394 caeteris
2988 2338 3173 2394 nostri
3231 2337 3394 2410 regni
3423 2338 3772 2394 auctoritati:

2124 2425 2413 2499 episcopis
2443 2426 2869 2482 mandavimus.

2195 2517 2404 2570 Actum
2452 2514 2707 2571 Vitriaco
2739 2514 2953 2587 palatio
2991 2515 3223 2587 publica
3251 2515 3494 2571 obtentu
3521 2514 3685 2570 dom.
3715 2520 3773 2572 et

2126 2602 2474 2659 venerabilis
2532 2603 2795 2675 Hugonis
2853 2603 3226 2660 Nivernensis
3257 2603 3536 2676 episcopi,
3569 2619 3772 2659 mense

2123 2690 2627 2764 Septembri,luna
2660 2709 2741 2760 χι,
2761 2692 2834 2747 ab
2866 2693 3090 2747 Incarn.
3111 2692 3278 2748 Dom.
3302 2708 3399 2748 an.
3428 2692 3587 2762 1052,
3617 2708 3770 2748 anno

2126 2780 2288 2853 regni
2315 2779 2535 2835 domini
2568 2797 2634 2835 ac
2663 2779 3032 2836 invictissimi
3063 2781 3292 2836 Henrici
3328 2779 3480 2853 regis
3508 2796 3626 2836 xxx.

2197 2869 2556 2925 Subscribunt
2578 2870 2706 2924 huic
2713 2879 2987 2941 praecepto
3008 2871 3268 2941 praesules
3296 2871 3392 2941 qui
3418 2874 3726 2940 sequuntur
3753 2887 3768 2926 :

2122 2943 2157 2996 Α
2168 2957 2292 3011 ymo
2350 2942 2708 2997 Bituricensis
2737 2942 3174 3013 archiepiscopus
3203 2960 3222 2996 :
3256 2942 3425 3013 Renco
3464 2947 3771 3013 Arverna:-

2122 3015 2198 3067 sis
2254 3028 2338 3083 cp.
2381 3014 2530 3083 [Iugo
2571 3011 2941 3083 ,Nivernensis
2998 3031 3016 3068 :
3071 3011 3389 3069 Mainardus
3448 3012 3773 3071 Senont

2123 3082 2367 3155 archiep.
2400 3082 2673 3155 Amulfus
2706 3085 2901 3139 Turon.
2947 3084 3294 3139 Isambardus
3337 3084 3623 3139 Aurelian.
3655 3085 3772 3156 cpi-

2116 3171 2303 3226 scopus
2346 3156 2694 3211 :Enzelinus
2751 3157 2931 3211 Paris.
2986 3156 3279 3226 Agobertus
3329 3155 3549 3211 Camot.
3613 3155 3772 3211 Heri-

2119 3227 2300 3308 bertus
2349 3227 2640 3282 Autissiod.
2691 3227 3013 3282 Helmuinus
3059 3227 3355 3299 Augustod.
3415 3227 3599 3284 ϐλιωο
3668 3226 3770 3282 Ca-

2119 3298 2643 3441 btlggprincipibus
2673 3377 2723 3425 et
2742 3372 3091 3441 optimatibus
3128 3369 3386 3426 Βοιωτίαις
3419 3367 3767 3440 Burgundio-

2118 3458 2251 3513 num
2309 3441 2425 3495 (tua:
2463 3442 2607 3509 regis
2639 3443 2815 3512 frater
2845 3459 2863 3495 :
2896 3442 3003 3513 Odo
3051 3441 3294 3513 ejusdem
3322 3442 3490 3513 gregis
3514 3442 3722 3513 _[rater
3749 3459 3769 3493 :

2119 3511 2457 3577 Guillelmus,
2515 3511 2912 3583 Aquitanorum
2956 3511 3109 3568 duxi:
3136 3511 3476 3580 Guillelmus,
3505 3511 3771 3566 Nonnun-

2118 3592 2315 3638 norum
2369 3583 2485 3638 diu:
2513 3602 2531 3637 :
2562 3586 2781 3639 comites
2840 3583 3183 3651 Guillelmus,
3246 3584 3532 3654 Rodulfus,
3597 3583 3767 3638 Thea-

2118 3654 2306 3710 baldus
2381 3655 2706 3721 Rainaldus,
2757 3656 3049 3725 Seguinus.
3118 3656 3328 3713 Scinlus
3401 3655 3627 3725 scripsit
3698 3654 3767 3710 ad

2120 3727 2288 3781 vicem
2319 3726 2582 3780 Balduim’
2601 3728 2742 3797 regis
2770 3724 3094 3781 cancellarii
3117 3744 3195 3781 x11
3228 3727 3349 3781 Kal.
3385 3724 3651 3780 Octobris.

2188 3797 2385 3870 Eodem
2428 3800 2544 3870 fere
2573 3805 2808 3870 tempore
2835 3800 2938 3853 Leo
2980 3815 3124 3870 papa
3174 3798 3319 3852 ulcm
3366 3797 3769 3870 monasterium

2116 3869 2214 3922 sub
2246 3867 2479 3923 mitione
2518 3868 2572 3923 S.
2604 3867 2759 3940 Sedis
2815 3867 3127 3940 apostolica:
3181 3871 3436 3940 suscepit,
3468 3867 3772 3940 diplomate

2115 3939 2239 3994 dato
2268 3956 2323 3993 v1
2352 3954 2525 3994 nonas
2583 3939 2733 4011 Maii,
2764 3938 3119 4011 pontiﬁcatus
3159 3957 3242 3999 su,
3276 3938 3424 3995 anno
3457 3938 3536 4004 ιν.
3569 3938 3766 4011 Indict.

2116 4028 2170 4075 ν,
2194 4018 2376 4081 postea
2415 4027 2537 4065 vero
2556 4014 2633 4065 tot
2661 4010 2979 4081 hujusmodi
3004 4011 3397 4080 diplomatibus
3416 4012 3531 4067 sive
3546 4010 3770 4081 pontiﬁ-

2116 4083 2219 4137 ciis
2238 4083 2353 4136 sive
2370 4084 2559 4154 regiis,
2579 4086 2705 4154 etc,
2728 4082 2929 4137 donata
2938 4085 3047 4154 fuit
3070 4083 3219 4138 abba
3240 4085 3293 4139 ia
3317 4082 3770 4154 Cosas-Dei,th

2116 4154 2229 4207 illis
2247 4153 2415 4223 facile
2442 4153 2688 4223 amplum
2718 4151 2971 4209 volumen
2998 4155 3189 4223 colligi
3216 4161 3407 4219 posset,
3440 4151 3531 4209 sed
3560 4153 3628 4207 ab
3652 4152 3768 4211 illi:

2115 4224 2599 4296 commemorandis
2640 4225 2995 4281 abstinemus.
3026 4226 3209 4281 Primi
3231 4225 3613 4296 rbcncfactores
3642 4224 3763 4296 tua.

2116 4300 2245 4349 runt
2280 4295 2580 4367 Stephanus
2620 4296 2686 4350 de
2731 4297 3008 4364 Memorio,
3036 4295 3306 4352 Gerardus
3362 4294 3428 4367 de
3467 4294 3763 4367 Turlanda,

2122 4365 2420 4439 Willclmus
2474 4367 2538 4422 de
2597 4368 2795 4438 Bcf/ia,
2835 4368 2926 4422 sed
2978 4377 3294 4439 praesertim
3351 4366 3525 4422 Guido
3583 4365 3763 4421 dictus

2117 4438 2441 4493 Guillclmus
2470 4456 2545 4494 vn
2573 4439 2884 4508 Aquitaniae
2912 4438 3045 4494 Δία.

2885 4532 2979 4583 VI.

2121 4615 2319 4671 Charta
2372 4632 2472 4687 pro
2526 4619 2854 4673 monasterio
2914 4616 2969 4672 S.
3004 4618 3231 4674 Victoris
3284 4616 3667 4672 Nivernensis.
3700 4646 3766 4655 —

2190 4688 2438 4757 Ereptae
2484 4688 2747 4741 laicorum
2804 4706 2972 4743 manu
3029 4690 3250 4744 tw'ralia.
3292 4687 3346 4742 S.
3384 4687 3611 4744 Victoris
3672 4687 3765 4742 Ni-

2190 4759 2465 4812 vernensis
2493 4761 2857 4814 restauratur.

2726 4848 2911 4917 (Anno
2939 4848 3121 4921 1055).

2119 4936 2206 5005 [υ.
2242 4934 2534 5009 Maerens,
2569 4936 2743 5009 Ampi.
2780 4936 3019 5007 Collect.,
3053 4941 3093 4991 t.
3130 4938 3171 5009 l,
3210 4954 3268 5009 p.
3301 4936 3427 5003 45L
3460 4952 3530 4991 ex
3575 4936 3765 4992 archi-

2473 5007 2561 5060 vis
2589 5012 2647 5062 S.
2680 5006 2932 5065 Victoris
2962 5006 3399 5079 Massiliensis]

2188 5099 2252 5150 In
2284 5094 2519 5151 nomine
2550 5100 2763 5152 sanctae
2794 5101 2850 5153 et
2879 5097 3193 5154 individuse
3217 5097 3544 5168 Trinitatis,
3559 5096 3770 5153 Hanni-

2115 5200 2244 5251 cos,
2276 5184 2464 5256 gratia
2494 5184 2597 5240 Dei
2628 5186 2985 5243 Francorum
3017 5204 3135 5244 rex.

2186 5273 2382 5328 Sciant
2402 5289 2606 5330 omnes
2629 5276 3005 5348 posteri,quaa
3028 5276 3100 5333 ad
3122 5276 3612 5333 instaurationem
3628 5291 3766 5332 san-

2113 5363 2216 5416 ctae
2248 5360 2517 5417 Ecclesiae
2570 5361 2867 5419 catholicae
2916 5363 3204 5437 pertinere
3256 5368 3604 5435 noscuntur,
3639 5365 3772 5420 sine

421 5553 501 5637 (5)
529 5552 699 5637 Hapd
727 5555 975 5637 dubium
1005 5559 1215 5637 Leonis
1226 5576 1389 5635 papas
1422 5558 1755 5633 lV,quando
1787 5557 2000 5616 Remos
2031 5557 2297 5625 accessit,
2333 5562 2390 5617 et
2423 5558 2485 5616 in
2516 5558 2762 5619 ecclesia
2787 5561 2847 5619 S.
2867 5560 3137 5637 Remigii,
3215 5577 3353 5620 nam
3386 5573 3777 5620 censeat-aveo

351 5628 462 5698 rat,
492 5624 809 5687 concilium
840 5628 1173 5692 celebravit.
