3950 6144
413 263 424 274 ⁷
465 260 624 322 1035

1829 267 2146 336 MONUM.
2185 263 2506 332 DIPLOM.

3706 273 3832 339 {036

462 393 1119 461 comitis,an'nuentibus
1139 402 1496 474 Aremburge
1527 405 1713 458 matre
1733 403 2108 477 sua,Hugone
2133 402 2192 472 Α
2220 418 2372 459 anno
2403 403 2476 459 ab
2508 401 2909 460 Incarnatione
2939 403 3170 460 Domini
3209 403 3525 463 millesimo
3575 408 3830 480 quinqua-

462 483 638 541 fratre
695 502 822 556 suo,
871 487 1173 545 Jachelina
1228 507 1424 546 sorore
1481 509 1606 559 sua,
1667 492 1983 565 postulavit
2035 499 2102 550 ut
2208 492 2431 564 gesimo
2462 491 2991 564 septimo,Henrici
3039 511 3172 550 vero
3226 495 3380 568 regis
3423 496 3698 554 vicesimo
3729 515 3834 571 sep-

446 575 833 632 'concederem
881 593 987 648 pro
1032 578 1284 635 remedio
1334 579 1541 636 animae
1589 581 1872 638 Willelmi
1903 583 2100 640 fratris

456 663 550 720 sui
597 680 782 737 nuper
810 664 1089 732 defuncti,
1143 667 1376 725 cuidam
1435 687 1542 726 suo
1592 670 1816 726 homini
1864 673 2098 727 nomine

405 777 408 780 ’
452 751 953 820 Ainardo,donum
999 754 1303 824 libertatis,
1354 760 1509 830 quod
1560 759 1641 814 ita
1687 765 1743 814 et
1785 760 1889 816 feci
1938 778 2097 817 more

453 840 630 913 regio,
665 849 908 899 excusso
940 843 1160 900 scilicet
1181 846 1250 901 de
1276 846 1471 918 palmo
1499 848 1770 916 denario;
1805 865 1871 905 eo
1903 840 2097 921 itaque

452 932 648 986 tenore
679 934 747 986 ut
776 935 1013 1004 pateant
1041 934 1092 988 ei
1125 938 1192 988 ut
1223 933 1404 991 libero
1451 936 1554 991 viae
1606 937 1875 1008 quadrati
1916 939 2092 994 orbis.

449 1015 520 1072 Et
548 1016 599 1074 si
631 1018 766 1090 quis
806 1024 1010 1077 contra
1039 1021 1192 1078 hanc
1221 1022 1546 1080 libertatem
1579 1043 1885 1100 assurgere
1908 1032 2094 1083 tenta-

447 1105 616 1178 verit,
661 1107 782 1181 regi
833 1115 1068 1166 coactus
1116 1116 1348 1168 centum
1401 1113 1580 1170 libras
1630 1117 1753 1170 auri
1799 1117 2090 1173 exsolvat:

450 1211 676 1268 suaque
705 1196 1040 1254 reclamatio
1069 1199 1235 1256 irrita
1266 1201 1322 1256 in
1358 1207 1706 1275 perpetuum
1739 1211 1989 1262 maneat.
2029 1209 2095 1264 Et

426 1285 518 1337 ut
546 1283 718 1339 ﬁrma
744 1288 801 1340 et
830 1285 1059 1344 stabilis
1088 1295 1448 1360 permaneat,
1481 1307 1608 1346 eam
1643 1309 1770 1348 meo
1801 1294 1994 1367 sigillo
2015 1295 2096 1350 in-

448 1371 669 1445 signire
698 1373 825 1429 feci.

517 1462 725 1518 Actum
759 1465 1012 1521 Turonis
1030 1483 1124 1521 xxv
1148 1467 1603 1539 Kal.Februarii,
1629 1489 1781 1528 anno
1808 1472 2092 1530 incarnati

445 1547 619 1606 Verbi
676 1551 990 1609 millesimo
1057 1555 1544 1629 quinquagesimo
1599 1565 1782 1630 sexto,
1818 1562 2092 1633 regnique

446 1637 678 1694 Ilenri'ci
710 1641 863 1711 regis
892 1642 1168 1699 vicesimo
1199 1650 1378 1702 sexto.

518 1726 636 1827 Ege
702 1728 1022 1787 Balduinus
1092 1733 1475 1791 cancellarius
1546 1737 1853 1808 relegendo
1921 1740 2170 1837 subs-B

447 1814 622 1887 cripsi
634 1860 646 1871 .

475 1909 478 1912 ’
1199 1921 1351 1976 VIII.

443 2001 668 2088 Ηεῃνιέἰ
693 2006 1028 2088 Francorum
1055 2009 1202 2077 regis
1229 2009 1472 2088 diploma
1500 2028 1602 2082 quo
1647 2013 1876 2088 abrogat
1915 2017 2088 2088 injus-

513 2077 626 2152 t_qm
682 2079 1146 2152 cori—suetudinem.
1201 2111 1268 2152 -έ
1287 2077 1390 2134 ’Νε
1432 2077 1606 2152 porta?
1633 2077 1876 2140 οἰυίίᾶιίδ
1911 2077 2088 2143 Aure-

420 2189 428 2196 .
515 2145 798 2220 Haemi;
846 2156 1082 2220 tempore
1138 2145 1445 2208 vindemiae
1476 2155 1804 2212 claudantur
1849 2175 1948 2214 nec
1994 2176 2086 2215 cu-

509 2215 681 2272 stodes
707 2215 1084 2276 adhibeantur.

881 2369 886 2372 _
1065 2311 1252 2382 (Anno
1286 2313 1467 2382 1058.)

649 2461 652 2464 .
726 2415 1004 2486 [ACHERY,
1038 2418 1226 2489 Spicil.
1256 2424 1396 2476 tom.
1430 2421 1522 2488 Ill,
1558 2438 1613 2493 p.
1649 2423 1800 2494 401.]

510 2529 574 2585 In
604 2529 818 2586 Christi
851 2531 1085 2588 nomine
1105 2550 1208 2604 ego
1224 2533 1757 2608 Hsmmcus,gratia
1785 2539 1884 2594 Dei
1909 2543 2084 2596 Fran-

439 2635 640 2674 corum
672 2637 790 2676 P8X.

415 2725 422 2730 ·
508 2707 719 2764 Notum
748 2709 876 2765 volo
909 2709 1030 2765 ﬁeri
1063 2712 1288 2766 cunctis
1319 2713 1588 2770 ﬁdelibus
1619 2719 1829 2770 sanctae
1857 2717 1950 2773 Dei
1973 2719 2082 2774 Ec-

437 2794 647 2865 clesiae,
697 2800 818 2853 tam
871 2799 1256 2871 praesentibus
1303 2817 1479 2872 quam
1546 2802 1780 2876 futuris,
1831 2806 2082 2877 qualiter

437 2886 814 2942 Isembardus
843 2887 1284 2945 Aurelianensis
1307 2889 1638 2962 episcopus,
1671 2909 1803 2949 cum
1828 2894 1980 2950 clero
2025 2903 2080 2953 et

437 2974 651 3049 populo
681 2975 794 3032 sibi
819 2976 1154 3045 commisso,
1191 2983 1449 3034 nostram
1503 2982 1875 3038 serenitatem
1910 2986 2077 3055 adiit,

436 3066 917 3137 conquestionem
959 3065 1176 3121 faciens
1207 3083 1383 3137 super
1412 3069 1666 3140 quadam
1701 3070 1920 3142 injusta
1947 3091 2079 3130 con-

2206 581 2372 637 timo.

2991 672 3080 728 IX.

2209 758 2408 814 Charta
2451 760 2672 814 Henrici
2718 762 2862 829 regis
2913 777 3012 832 pro
3076 765 3404 819 monasterio
3452 764 3641 819 Sancti
3682 769 3832 821 Petri.

2837 852 3030 916 (Anno
3063 851 3235 923 1058).

2687 937 2849 1008 (Gali.
2886 938 3013 993 Chr.
3045 939 3192 1005 VIII,
3223 941 3373 1011 501.]

2277 1024 2572 1080 HENRICUS
2603 1025 2789 1096 gratia
2819 1027 2918 1082 Dei
2949 1027 3300 1084 Francorum
3331 1045 3450 1085 rex.

2275 1113 2416 1167 Cum
2444 1113 2893 1187 regalisgsolium
2923 1115 3226 1189 dignitatis
3249 1117 3553 1190 multiplex
3571 1121 3827 1176 virtutum

2204 1201 2396 1256 cultus
2437 1206 2696 1268 exornet,
2728 1203 3049 1259 liberalitas
3105 1211 3298 1262 tamen
3350 1211 3408 1262 ct
3455 1208 3826 1265 muniﬁcentia

2203 1288 2355 1344 inter
2383 1290 2489 1345 has
2520 1291 2878 1362 praecipuum
2910 1291 3102 1350 locum
3135 1298 3310 1350 tenet.
3345 1295 3561 1352 Notum
3592 1297 3668 1352 sit
3714 1315 3823 1371 ergo

2204 1379 2503 1442 omnibus,
2533 1381 2687 1451 quod
2719 1380 2960 1451 quidam
2993 1397 3162 1437 meus
3211 1383 3399 1439 ﬁdelis
3450 1384 3719 1442 Albertus
3745 1404 3822 1443 no-

2205 1467 2381 1531 mine,
2418 1467 2572 1522 t’ilius
2623 1467 2850 1524 Ribaldi
2903 1470 3255 1526 nobilissimi
3285 1472 3416 1540 viri,
3451 1479 3667 1531 nostrae
3697 1493 3821 1532 sere-

2205 1555 2409 1610 nitatis
2439 1557 2580 1610 adiit
2609 1558 3213 1628 przesentiam,obnixe
3242 1561 3646 1633 postulans,ut
3671 1565 3822 1638 regali

2205 1643 2414 1714 pietate
2448 1650 2656 1700 nostris
2687 1647 3099 1703 muniﬁcentia:
3121 1652 3634 1720 assentando,suis
3665 1655 3824 1726 preci-

2205 1732 2314 1786 bus
2335 1749 2536 1788 aurem
2561 1734 2840 1790 inclinare
2871 1736 3546 1808 dignaremur,videlicet
3566 1747 3634 1797 ut
3653 1759 3824 1814 quam-

2202 1820 2337 1875 dam
2371 1819 2694 1889 ecclesiam,
2729 1840 2904 1895 quam
2939 1829 3103 1896 pater
3129 1826 3257 1896 ejus
3289 1827 3480 1884 fidelis
3519 1835 3720 1886 noster
3745 1832 3822 1886 Ri-

2201 1908 2412 1964 baldus
2443 1911 2502 1964 in
2537 1911 2754 1967 honore
2785 1917 2846 1966 B.
2880 1912 3153 1969 Germani
3186 1915 3700 1976 Altissiodorensis
3725 1921 3822 1992 epi-

2201 1998 2384 2068 scopi,
2419 1999 2474 2052 in
2510 1999 2872 2056 Bruerolensi
2919 2001 3042 2058 vico
3091 2019 3193 2074 pro
3242 2004 3432 2060 salute
3477 2007 3692 2063 anima:
3727 2025 3824 2064 sua:

2201 2090 2620 2153 construxerat,
2681 2094 2884 2144 sancto
2930 2089 3095 2146 Petro
3144 2093 3427 2164 apostolo,
3478 2094 3540 2150 in
3585 2099 3824 2154 coenobio

2200 2175 2466 2230 suburbii
2498 2176 2822 2232 Carnotinas
2854 2178 3040 2246 urbis,
3072 2185 3247 2253 atque
3277 2198 3346 2238 ex
3391 2185 3569 2240 rebus
3600 2203 3745 2258 quas
3768 2203 3824 2243 ex

2198 2270 2397 2319 nostro
2429 2265 2708 2321 beneﬁcio
2754 2267 3053 2338 possidere
3092 2270 3399 2326 videbatur
3427 2274 3726 2344 prafatam
3753 2293 3824 2331 ec-

2196 2352 2458 2424 clesiam,
2489 2358 2606 2410 tam
2641 2356 2764 2427 ipse
2794 2372 2970 2427 quam
3001 2359 3128 2428 ejus
3159 2358 3359 2416 ﬁdeles
3389 2377 3494 2432 pro
3527 2363 3628 2419 Dei
3651 2381 3820 2420 amore

2195 2440 2504 2496 clementia
2532 2443 2884 2515 locupletare
2927 2443 3244 2502 liberaliter
3281 2448 3632 2518 quivissent.
3664 2453 3821 2524 Cujus

2184 2529 2409 2600 justam
2443 2531 2780 2602 petitionem
2805 2533 3143 2603 judicantes
3190 2552 3326 2592 cum
3376 2539 3652 2613 episcopo
3688 2545 3821 2616 Ago-

2189 2619 2351 2674 berto
2385 2620 2442 2674 in
2475 2621 2644 2690 cujus
2671 2621 2902 2677 dioecesi
2934 2621 3180 2678 ecclesia
3207 2628 3428 2694 est,nec
3457 2644 3575 2683 non
3599 2635 3657 2684 et
3685 2632 3821 2702 opti-

2191 2709 2448 2763 matibus
2479 2709 2697 2764 nostris
2719 2711 2965 2782 dignum
2997 2712 3274 2768 duximus
3297 2731 3400 2785 pro
3433 2721 3637 2772 nostra
3657 2719 3824 2774 salute

2188 2801 2246 2850 et
2263 2797 2592 2870 integritate
2613 2798 2773 2869 regni
2797 2800 2978 2854 nostri
3003 2816 3313 2856 assensum
3338 2805 3826 2874 prabereDamus

2187 2884 2384 2958 itaque
2415 2886 2463 2940 ei
2496 2885 2792 2942 licentiam
2811 2890 2877 2942 ut
2895 2888 3191 2959 praefatam
3217 2889 3524 2948 ecclesiam
3548 2910 3618 2948 ex
3641 2901 3827 2951 nostro

2187 2972 2465 3029 beneﬁcio
2497 2975 2651 3046 quod
2685 2975 2963 3046 possidet,
2996 2977 3332 3049 ampliﬁcet,
3379 2984 3436 3036 et
3463 2983 3752 3055 quidquid
3782 2984 3828 3040 ei

2187 3062 2448 3118 conferre
2476 3063 2829 3131 voluerit,ita
2855 3064 2934 3120 sit
2955 3064 3202 3121 liberum
3235 3067 3308 3123 ab
3335 3069 3498 3124 omni
3521 3071 3827 3140 judiciaria

435 3155 748 3210 suetudine
777 3170 907 3225 qua:
936 3153 1243 3210 videbatur
1272 3171 1399 3210 esse
1429 3139 1488 3210 in
1519 3174 1586 3212 ea
1618 3139 1777 3227 urbe,
1812 3159 2078 3218 videlicet

2201 3155 2474 3221 potestate
2503 3151 2782 3221 solutum,
2818 3157 2882 3207 ut
2913 3153 3069 3208 idem
3109 3153 3297 3211 ﬁdelis
3337 3139 3540 3213 noster
3564 3159 3824 3216 Albertus

437 3243 508 3299 de
539 3243 809 3299 custodia
836 3245 1159 3315 portarum,
1193 3259 1316 3314 qua:
1347 3244 1831 3302 custodiebantur
1849 3253 1902 3304 et
1923 3249 2078 3306 clau-

435 3319 727 3388 debantur
755 3331 977 3387 civibus
1009 3336 1268 3404 tempore
1318 3331 1644 3404 vindemiae,
1677 3339 1734 3390 et
1778 3336 1849 3391 de
1898 3337 2080 3410 impia

436 3422 754 3486 exactione,
785 3419 903 3475 vini
930 3436 1077 3490 quas
1110 3420 1400 3477 faciabant
1449 3421 1528 3477 ibi
1576 3423 1830 3481 ministri
1863 3427 2076 3498 nostri;

391 3551 400 3558 .
435 3509 646 3565 obnixe
676 3513 734 3564 et
762 3507 1064 3563 humiliter
1088 3509 1428 3580 deprecans,
1463 3513 1528 3565 ut
1556 3511 1716 3566 illam
1748 3513 1990 3585 impiam
2022 3521 2079 3570 et

431 3597 714 3670 injustam
745 3597 1224 3652 consuetudinem
1277 3603 1488 3653 sanctae
1537 3599 1637 3655 Dei
1688 3601 1972 3671 Ecclesiae,
2020 3610 2078 3661 et

432 3685 538 3755 illi,
571 3686 724 3742 clero
753 3689 812 3742 et
835 3685 1071 3758 populo,
1103 3701 1207 3757 pro
1238 3701 1434 3742 amore
1461 3687 1558 3742 Dei
1589 3693 1646 3744 et
1675 3707 1778 3762 pro
1818 3693 2074 3748 remedio

431 3775 639 3833 anima:
670 3778 879 3832 nostrae
893 3777 950 3829 et
966 3778 1274 3846 parentum
1290 3780 1622 3832 nostrorum
1639 3778 1696 3832 in
1726 3784 2072 3852 perpetuum

427 3865 828 3937 perdonarem.
854 3862 1034 3933 Cujus
1066 3863 1330 3935 petitioni
1362 3865 1610 3938 benigne
1641 3885 1906 3924 annuens
1944 3887 2073 3942 per-

424 3953 632 4011 donavi
662 3953 800 4021 Deo,
842 3951 892 4008 si
922 3951 1074 4008 clero
1122 3957 1178 4006 et
1225 3953 1436 4025 populo
1486 3957 1884 4028 supradictam
1935 3976 2069 4014 con-

423 4040 794 4099 suetudinem
851 4044 910 4096 et
965 4040 1322 4096 exactionem
1383 4044 1810 4114 perpetualiter.
1867 4045 1949 4102 Ita
2009 4052 2072 4102 ut

419 4131 567 4188 nulli
611 4129 866 4203 amplius
913 4129 994 4185 ibi
1041 4131 1314 4187 custodes
1355 4131 1702 4201 habeantur,
1738 4151 1842 4190 nec
1891 4139 2068 4207 portae

419 4221 575 4277 sicut
604 4218 843 4275 solitum
875 4222 999 4274 erat
1026 4218 1125 4275 illo
1150 4223 1412 4291 tempore
1440 4224 1558 4275 toto
1588 4221 2068 4288 claudantur,ncc

418 4308 622 4363 vinum
653 4306 892 4362 cuilibet
920 4306 1178 4375 tollatur,
1214 4324 1318 4362 nec
1347 4308 1630 4380 exigatur.
1657 4310 1767 4364 Sed
1793 4307 2067 4384 omnibus

421 4396 499 4452 sit
525 4393 673 4451 liber
700 4395 1086 4467 ingressus,et
1113 4400 1468 4468 egressus,et
1502 4395 1817 4470 unicuique
1847 4416 1938 4456 res
1960 4417 2068 4457 sua

2188 3238 2470 3296 hactenus
2503 3257 2538 3295 a
2567 3241 2735 3296 nobis
2767 3241 2976 3308 tenuit,
3011 3246 3119 3298 ete.
3150 3241 3372 3300 Placuit
3402 3246 3580 3302 etiam
3628 3255 3822 3306 nostra

2187 3329 2386 3400 pietati
2419 3329 2555 3385 huic
2584 3331 2742 3402 operi
2764 3331 2975 3386 addere
3006 3331 3076 3386 de
3109 3333 3283 3388 rebus
3313 3351 3460 3406 quas
3483 3335 3614 3407 ipse
3642 3338 3823 3393 Alber-

2187 3420 2284 3471 tus
2315 3416 2474 3472 dedit
2504 3417 2750 3490 praefatae
2783 3417 3057 3485 ecclesiis,
3091 3425 3198 3475 etc.
3235 3421 3349 3494 Ego
3378 3423 3658 3482 Albertus
3674 3427 3822 3482 nobi-

2185 3503 2396 3560 lissimi
2413 3505 2638 3562 Ribaldi
2655 3507 2811 3562 ﬁlius
2824 3507 3064 3578 cupiens
3085 3507 3407 3566 cmlestium
3430 3513 3692 3570 nancisci
3710 3531 3824 3570 con-

2184 3594 2452 3662 sortium,
2485 3595 2710 3651 favcntc
2741 3595 3090 3652 charissima
3111 3596 3360 3671 conjuge
3387 3599 3822 3670 Adelaisa,libe-

2186 3699 2310 3738 ram
2327 3684 2398 3738 ab
2417 3686 2574 3738 omni
2599 3683 2897 3740 calumnia
2909 3683 3217 3742 hominum
3229 3686 3537 3744 ecclesiam
3558 3690 3634 3747 de
3658 3691 3827 3748 Bruc-

2185 3772 2397 3827 rolensi
2441 3773 2586 3839 vico,
2619 3790 2796 3845 quam
2841 3780 3007 3846 pater
3051 3791 3217 3830 meus
3264 3775 3323 3831 in
3374 3775 3598 3834 honore
3651 3782 3829 3836 sancti

2183 3860 2456 3916 Germani
2487 3862 2740 3934 episcopi
2765 3863 3250 3930 construxit,cum
3273 3865 3760 3939 atrio,sepultura
3781 3877 3831 3924 et

2183 3949 2410 4006 decima
2439 3949 2694 4006 ecclesiae
2727 3968 2854 4022 quae
2886 3951 2944 4006 in
2978 3967 3154 4007 manu
3187 3957 3391 4009 nostra
3421 3971 3550 4011 esse
3581 3957 3832 4022 videtur,

2183 4042 2382 4092 sancto
2416 4042 2580 4094 Petro
2611 4039 2949 4094 Carnotensi
2983 4041 3330 4107 concedo,ut
3359 4043 3638 4099 monachi
3676 4061 3830 4100 eam-

2180 4127 2312 4182 dem
2343 4127 2647 4184 ecclesiam
2679 4131 2936 4195 teneant,
2969 4126 3154 4184 altare
3185 4145 3417 4201 quoque
3446 4131 3722 4201 ejusdem
3752 4149 3833 4188 ec-

2179 4214 2366 4272 clesiae
2399 4217 2554 4288 quod
2585 4218 2658 4272 ab
2683 4217 2955 4288 episcopo
2987 4217 3328 4274 Carnotensi
3357 4217 3417 4273 in
3445 4219 3830 4277 feudotenue-

2179 4307 2478 4361 ram.Huic
2507 4305 2799 4378 largitioni
2850 4321 2991 4360 mea:
3035 4306 3312 4363 dominus
3343 4307 3681 4379 Agobertus
3709 4311 3828 4382 epi-

2177 4412 2409 4467 scopus,
2442 4413 2575 4450 cum
2607 4411 2894 4450 consensu
2928 4395 3340 4450 canonicorum
3373 4396 3474 4467 qui
3527 4413 3670 4452 cum
3703 4399 3826 4470 ipso

414 4485 552 4557 jure
581 4483 734 4539 civili
765 4488 820 4539 et
843 4484 1113 4555 aequitate
1143 4489 1420 4540 servetur.
1454 4485 1584 4541 Haec
1625 4491 1818 4542 autem
1859 4490 2064 4560 perdo-
2095 4506 2142 4569 D
2176 4488 2342 4538 erant
2372 4484 2573 4538 Drocis
2601 4483 2661 4538 in
2691 4483 2852 4538 curia
2880 4483 3054 4554 regis,
3088 4483 3316 4539 addidit
3345 4484 3630 4556 petitione
3681 4487 3828 4542 Lan-

423 4573 580 4629 natio
608 4575 673 4628 ut
701 4573 872 4627 ﬁrma
891 4577 948 4626 et
968 4571 1198 4629 stabilis
1224 4573 1279 4628 in
1305 4579 1648 4647 perpetuum
1675 4583 2062 4648 permaneret,
2104 4633 2106 4637 ,
2176 4571 2320 4626 drici
2354 4571 2580 4627 abbatis
2611 4576 2668 4626 et
2700 4575 2898 4626 nostra
2929 4570 3131 4626 ﬂexus.
3169 4571 3310 4626 Item
3361 4588 3608 4628 censum
3641 4574 3831 4646 ipsius

420 4663 528 4718 hoc
558 4665 970 4718 testamentum
1023 4667 1234 4718 nostris
1258 4663 1617 4719 auctoritatis
1647 4665 1782 4720 inde
1814 4665 1936 4720 ﬁeri
1968 4683 2061 4722 vo-

417 4751 640 4820 lumus,
671 4750 990 4822 subterque
1018 4749 1210 4823 sigillo
1259 4755 1317 4804 et
1365 4751 1580 4807 annulo
1627 4757 1824 4808 nostro
1865 4755 2060 4811 ﬁrma-

415 4840 628 4897 vimus.

482 4929 727 5004 Signum
757 4927 1078 4984 Isembardi
1101 4927 1541 4985 Aurelianensis
1563 4930 2060 5002 episcopi,S.llen-

412 5021 515 5076 rici
575 5018 754 5091 regis,
813 5018 870 5072 S.
923 5017 1181 5072 Gervasii
1243 5017 1546 5074 Remensis
1615 5021 2056 5094 archiepiscopi,

409 5111 468 5166 S.
503 5108 766 5182 Hugonis
789 5106 1140 5172 Bardueﬁ,S.
1177 5105 1436 5176 Hugonis
1463 5106 1878 5173 buticularii,S.
1908 5110 2056 5166 Hen-

413 5197 514 5253 rici
547 5199 618 5253 de
651 5196 953 5262 Ferrariis,
985 5193 1043 5249 S.
1080 5193 1344 5249 Malberti
1387 5197 1702 5268 prapositi,
1753 5198 1810 5252 S.
1863 5198 2060 5254 Hervei

413 5285 600 5350 viarii,
633 5286 691 5342 S.
725 5284 989 5341 Herberti
1039 5282 1340 5348 subviarii,
1381 5285 1438 5339 S.
1492 5283 1803 5341 Gisleberti
1836 5286 2059 5358 pincer-

415 5372 865 5438 naz,S.Jordanis
897 5372 1136 5429 cellarii.
1167 5370 1491 5430 Balduinus
1521 5373 1906 5431 cancellarius
1928 5375 2062 5431 sub-

412 5458 668 5530 scripsit.

397 5629 404 5640 ε
483 5551 695 5610 Datum
757 5549 1005 5608 Aureliae
1071 5551 1302 5627 publice
1369 5569 1426 5612 γι
1499 5553 1695 5612 Nonas
1771 5553 2058 5630 Octobris,

2173 4661 2279 4715 vici
2325 4677 2459 4716 cum
2512 4661 2739 4717 decima
2785 4659 3024 4716 mercati
3079 4661 3355 4727 concedo,
3397 4664 3508 4716 etc.
3542 4661 3832 4718 Similiter

2173 4749 2475 4805 monachis
2485 4750 2678 4805 Sancti
2695 4748 2845 4805 Petri
2861 4747 3372 4804 concedoliberum
3391 4750 3720 4806 transitum
3734 4767 3831 4823 per

2171 4842 2354 4893 totam
2386 4843 2621 4905 terram,
2672 4842 2738 4892 ut
2781 4837 2897 4892 ulla
2945 4854 3208 4910 unquam
3239 4839 3602 4895 consuetudo
3637 4840 3720 4896 ab
3750 4841 3829 4895 eis

2172 4927 2506 4998 requiratur
2533 4927 2604 4982 de
2635 4927 2990 4997 piscibus,de
3020 4927 3228 4994 corvis,
3263 4943 3364 4983 seu
3397 4927 3468 4982 de
3498 4929 3684 4984 rebus
3707 4944 3830 4985 om-

2171 5018 2345 5071 nibus
2378 5034 2502 5088 quae
2533 5015 2952 5070 monachorum
2975 5031 3101 5070 esse
3131 5015 3543 5071 ostenduntur.
3581 5016 3828 5072 Possem

2170 5105 2402 5173 addere,
2429 5121 2554 5176 quae
2588 5104 2698 5159 mei
2731 5101 2930 5157 ﬁdeles
2962 5101 3088 5158 loco
3119 5104 3393 5174 praedicto
3422 5105 3827 5172 contulerunt,

2169 5194 2268 5249 sed
2302 5193 2442 5264 quia
2470 5191 2616 5248 alias
2645 5191 2926 5264 scriptum
2947 5193 3434 5258 est,corroborare
3463 5193 3623 5250 hanc
3655 5195 3828 5250 char-

2167 5287 2287 5338 tam
2322 5280 2514 5354 sigillo
2544 5281 2696 5354 regis
2722 5296 2856 5335 cum
2888 5279 3224 5338 nominibus
3255 5283 3612 5354 optimatum
3661 5282 3830 5340 festi-

2170 5389 2269 5438 no,
2299 5376 2408 5427 etc.

2241 5461 2488 5533 Signum
2519 5458 2748 5516 Radulﬁ
2779 5458 3418 5532 comitis,sig.Walterii
3458 5461 3702 5519 comitis
3725 5460 3833 5516 ﬁlii

2170 5550 2423 5623 Radulfi,
2456 5549 2564 5625 sig.
2592 5548 3138 5624 Hugonis‘comitis,
3161 5547 3270 5625 sig.
3297 5549 3542 5626 Alberti,
3577 5549 3835 5628 signum
