3950 6144
465 246 630 309 ΔίθΒΘ

1827 244 2147 310 MONUM.
2195 242 2516 310 DIPLOM.

3739 235 3874 302 ιιωο

469 379 858 453 mancipatus.
882 380 946 437 ‘S.
977 380 1256 454 Stephani
1290 379 1528 449 scilicet,
1562 379 1781 437 Juliani
1823 381 2116 452 martyris,
2147 381 2203 447 Α
2231 379 2412 435 vitare
2443 378 2714 451 supplicii
2729 375 3474 450 speramusincendium,si
3505 375 3568 430 in
3591 379 3874 448 quantum

471 469 730 526 severini
759 469 1028 538 solitarii,
1049 487 1154 526 nec
1187 488 1300 526 non
1320 474 1376 526 et
1405 471 1591 526 sancti
1624 469 1843 537 Baehii,
1869 486 2118 541 quarum

471 559 750 632 quadam
779 558 920 614 olim
951 559 1318 614 abbatiarum
1351 559 1634 631 dignitate
1683 557 2033 616 sublimatae.
2067 561 2124 611 et

479 647 615 704 ideo
644 646 1069 720 receptaculum
1101 651 1159 702 et
1171 647 1486 703 stationem
1500 646 1932 719 congregationi
1959 662 2126 700 cano-

481 737 748 792 nieorum
806 736 1126 808 {nubentes
1159 735 1215 790 S.
1278 736 1492 804 Mariae,
1535 736 1638 790 sed
1695 739 1930 806 propter
1965 733 2125 800 regni

481 823 974 896 perturbationem
1005 823 1180 879 rebus
1211 824 1504 879 concessis
1535 822 1792 894 spoliata:
1825 819 2126 876 solitudini

477 916 768 980 secantes,
799 929 1044 984 parvum
1073 917 1176 968 aut
1191 911 1420 968 nullum
1452 912 1703 984 antiquae
1737 909 2126 983 possessionis

478 1001 842 1057 retinuerant
872 1005 1111 1069 statum,
1147 1003 1432 1074 praedictae
1455 999 1888 1073 congregationi
1920 1016 2127 1055 conce-

475 1091 771 1147 deremus.
797 1091 918 1146 Sed
952 1091 1090 1162 quia
1114 1091 1268 1162 apud
1300 1107 1407 1145 nos
1439 1107 1541 1162 pro
1572 1090 1697 1145 suis
1729 1089 1954 1144 meritis
1985 1107 2127 1161 prm-

479 1179 672 1239 dictus
691 1180 1012 1253 episcopus
1043 1184 1168 1236 erat
1197 1197 1468 1252 magnus,
1493 1181 1620 1251 ejus
1637 1178 1920 1235 voluntati
1939 1179 2131 1234 nolen-

477 1273 567 1331 ιθε
627 1268 844 1340 aliquid
903 1269 1230 1342 derogare,
1269 1268 1667 1325 concessimus
1699 1270 1827 1340 ejus
1860 1266 2128 1340 petitioni

481 1357 756 1430 prmdiet’a
786 1357 912 1416 loca
968 1357 1146 1430 regali
1205 1362 1490 1430 przeeepto
1549 1362 1605 1413 et
1648 1357 2018 1423 liberalitate,
2065 1373 2130 1411 eo

438 1474 440 1476 τ
475 1451 650 1519 pacto
681 1450 737 1502 et
765 1445 1116 1515 conditione,
1145 1451 1210 1502 ut
1250 1447 1516 1519 quandiu
1569 1445 1840 1501 Giraldus
1883 1444 2132 1500 clericus

483 1551 687 1591 earum
711 1553 1021 1608 possessor
1048 1536 1274 1602 vixerit,
1309 1535 1435 1591 sine
1466 1535 1870 1606 inquietudine
1909 1551 2010 1606 per
2039 1550 2131 1588 as-

485 1639 726 1684 sensum
757 1624 1170 1680 canenicorum
1198 1625 1379 1680 totius
1409 1623 1880 1696 congregationis
1917 1625 2129 1686 teneat,

483 1715 545 1766 et
577 1714 708 1782 post
731 1713 862 1782 ejus
881 1728 1185 1768 excessum
1217 1713 1423 1768 usibus
1449 1712 1861 1767 canonicorum
1891 1711 2018 1766 sine
2043 1727 2130 1764 re-

487 1797 836 1854 elamatioue
854 1800 1257 1871 mancipatur:
1287 1805 1343 1855 et
1373 1800 1453 1854 ibi
1485 1816 1588 1871 pro
1621 1800 1875 1854 remedio
1926 1799 2134 1853 animae

491 1903 632 1944 meae
664 1887 751 1946 vel
783 1891 1093 1960 parentum
1129 1905 1394 1943 meorum
1427 1888 1686 1943 canonici
1723 1892 2130 1959 aggregentur,

487 1975 590 2046 qui
621 1993 724 2048 pro
753 1980 909 2036 statu
941 1976 1406 2037 etincolumitate
1427 1977 1588 2048 regni
1623 1975 1807 2031 nostri
1833 1978 2135 2030 exorantes

485 2064 562 2119 ad
619 2069 936 2136 utrumque
993 2065 1308 2133 sufficiant,
1370 2064 1595 2120 scilicet
1636 2069 1692 2119 et
1721 2065 1793 2120 ad
1825 2064 2134 2119 stationem

488 2168 650 2210 more
681 2152 849 2209 solito
875 2153 1234 2210 reddendam
1265 2153 1540 2220 ecclesias,
1575 2157 1632 2208 et
1663 2153 1731 2208 ad
1766 2152 2134 2208 serviendum

485 2240 764 2298 canonice
791 2241 1017 2298 valeant
1046 2240 1436 2298 communiter
1465 2242 1688 2314 degere.

1261 2347 1380 2403 ΧΙΙ.

443 2464 447 2468 ~
495 2435 758 2492 Henricus
784 2453 885 2492 rex
927 2436 1256 2492 abbatiolam
1286 2437 1341 2490 S.
1393 2436 1650 2492 Germani
1679 2439 1736 2492 in
1786 2440 1918 2493 Lata
1949 2437 2129 2491 Eccle-

954 2509 1057 2562 sia:
1087 2509 1390 2562 Parisiensz'
1413 2507 1670 2563 concedit.

1164 2597 1293 2665 (An.
1329 2596 1470 2664 inc.)

1002 2684 1164 2756 [GalL
1201 2684 1326 2739 Chr.
1357 2684 1481 2751 VII,
1514 2686 1628 2756 31.]

555 2773 704 2829 Cum
728 2787 863 2828 vere
884 2772 1101 2846 gaudia
1125 2772 1588 2836 immortalitatis
1635 2778 1971 2830 sanctorum
2003 2793 2132 2848 pro-

443 2893 450 2900 -
489 2860 584 2917 cui
613 2860 796 2917 dubio
821 2876 1010 2933 neque
1041 2860 1172 2916 aliis
1202 2861 1485 2917 virtutum
1539 2863 1920 2933 acquirantur
1966 2865 2131 2920 obse-

471 2950 684 3022 quiis,
713 2954 772 3005 et
807 2949 1266 3005 exhibitionibus
1313 2949 1812 3023 eleemosynarum
1841 2952 1912 3006 ad
1946 2953 2132 3024 profe-

483 3043 644 3095 ctum
673 3037 1040 3110 perveniatur
1069 3039 1433 3106 animarum;
1456 3055 1716 3111 cumque
1752 3041 1921 3112 regiae
1944 3041 2134 3111 digni-

2233 476 2444 524 nostrzc
2481 468 2844 540 permittitur
2865 468 3149 536 facultati,
3177 467 3436 524 divinum
3471 480 3878 521 cessamusex-

2234 557 2390 628 plere
2448 555 2863 612 ministerium.
2909 555 3009 612 His
3066 555 3246 628 igitur
3301 571 3587 610 accensus
3651 552 3880 608 monitis

2234 664 2338 716 ego
2371 645 2652 700 Henricus
2668 647 2936 718 princeps
2967 645 3101 700 licet
3132 643 3510 700 nonidoneus
3545 643 3610 697 in
3643 657 3880 714 regnum

2237 736 2614 799 Francorum,
2649 735 2761 788 Deo
2795 734 3042 799 volente,
3076 733 3454 798 constitutus,
3501 737 3630 786 tam
3665 730 3882 785 domini

2237 822 2474 876 lmbcrti
2509 821 2866 876 Parisiorum
2898 821 3164 894 praasulis
3182 819 3441 892 acquievi
3477 818 3882 890 petitionibus,

2238 929 2414 984 quam
2448 911 2809 967 Christicolis
2834 913 3109 966 omnibus
3139 915 3257 966 tam
3291 909 3506 965 futuris
3535 925 3726 980 quam
3749 926 3884 980 pra:-

2240 1001 2505 1056 sentibus
2556 1001 2934 1056 reverentiam
2967 1001 3309 1056 Christianae
3361 997 3672 1070 religionis
3703 998 3884 1052 debita

2239 1107 2345 1144 nec
2377 1107 2490 1144 non
2523 1089 2811 1162 condigna
2859 1090 3227 1145 veneratione
3279 1087 3634 1143 colentibus.
3671 1087 3881 1142 Sancta

2241 1178 2446 1233 matris
2477 1180 2850 1250 supradicta:
2912 1178 3153 1234 feliciter
3211 1175 3585 1232 acunabulis
3637 1177 3880 1231 educalis

2240 1267 2518 1322 uberibus
2553 1267 2913 1323 innotescere
2943 1265 3262 1332 decrevi,ul
3283 1264 3646 1321 abbatiolam
3679 1282 3880 1337 quam-

2241 1357 2375 1410 dam
2405 1356 2460 1410 in
2495 1355 2641 1411 silva
2674 1373 2800 1427 quae
2836 1357 2950 1411 Lea
2976 1356 3214 1421 dicitur,
3246 1355 3429 1427 patris
3462 1353 3578 1410 mei
3617 1353 3878 1409 Rodberti

2241 1444 2548 1498 clementia
2583 1445 2636 1498 in
2661 1444 2948 1500 honores.
2979 1444 3254 1500 Germani
3273 1443 3648 1509 fabricatam,
3673 1443 3880 1498 S.Pari-

2243 1533 2491 1588 siacensi
2526 1532 2792 1588 Ecclesiae
2825 1533 3223 1589 concederem.
3259 1533 3442 1596 Quod,
3475 1533 3624 1604 quia
3653 1532 3878 1605 dignum

2241 1621 2544 1676 videbatur
2573 1638 2862 1688 annuens,
2888 1638 2984 1677 ore
3018 1627 3195 1694 atque
3221 1621 3393 1678 corde
3421 1621 3685 1694 benigno
3713 1621 3878 1677 susci-

2245 1710 2431 1781 piens,
2462 1727 2594 1764 cum
2629 1727 2916 1765 consensu
2947 1727 3012 1765 ac
3042 1711 3337 1766 voluntate
3369 1709 3788 1782 episcoporum
3810 1716 3877 1765 at-

2245 1815 2356 1870 que
2389 1799 2688 1864 abbatum,
2721 1816 2822 1854 seu
2874 1799 3141 1854 omnium
3185 1799 3590 1871 comitumque
3643 1799 3877 1855 militum

2246 1905 2503 1942 meorum
2539 1887 2594 1942 S.
2631 1887 2726 1943 Dei
2747 1888 3021 1942 Genitrici
3053 1888 3475 1942 eumomnibus
3511 1905 3644 1960 qua:
3675 1890 3750 1944 ad
3774 1905 3880 1944 eam

2245 1978 2557 2047 pertinent,
2621 1977 2807 2048 ipsam
2840 1977 3196 2032 abbatiolam
3249 1977 3490 2046 contuli,
3523 1983 3590 2032 ut
3633 1979 3880 2050 quandiu

2245 2065 2352 2120 loci
2388 2065 2544 2119 illius
2577 2065 2853 2136 prmsides
2884 2067 3094 2134 vivent,
3131 2070 3389 2134 teneant,
3441 2074 3673 2139 regant,
3707 2067 3883 2123 nullo-

2245 2172 2359 2226 que
2389 2159 2720 2209 ncstrorum
2752 2171 3158 2210 successorum
3192 2155 3489 2210 auferente
3533 2157 3883 2228 possideant,

2242 2242 2509 2298 videlicet
2567 2247 2781 2298 terram
2840 2243 3182 2298 Filiolieurti
3241 2245 3386 2299 etin
3420 2260 3568 2317 pago
3631 2245 3884 2300 Pinciaco

2245 2331 2425 2386 altare
2447 2336 2648 2387 Aureae
2670 2331 2834 2388 vallis
2862 2337 2918 2388 et
2935 2333 2990 2387 in
3009 2349 3157 2405 pago
3171 2333 3479 2389 Valeasino
3499 2332 3688 2390 altare
3711 2335 3884 2399 Treci,

2245 2421 2302 2474 in
2336 2438 2483 2492 pago
2515 2421 2842 2476 Belvaccusi
2873 2421 3055 2476 altare
3109 2421 3346 2478 Borreti.
3383 2428 3442 2477 et
3488 2422 3801 2478 ecclesiam
3841 2428 3884 2477 S.

2247 2509 2480 2562 Mariane
2513 2509 2570 2562 in
2604 2510 2796 2564 insula
2830 2509 3213 2576 Parisii,item
3248 2510 3487 2582 praefato
3514 2511 3758 2582 praesuli
3781 2529 3885 2584 qua

2216 2616 2218 2618 '
2245 2599 2316 2653 ad
2349 2598 2652 2654 ecclesiam
2673 2599 2862 2670 ipsam
2877 2616 2992 2654 non
3008 2598 3373 2671 pertinentia
3389 2599 3679 2655 suburbio
3695 2600 3887 2656 Parisii

2243 2692 2497 2758 quatuor
2527 2705 2817 2760 arpcnnos
2837 2688 3161 2743 vinearum.
3183 2689 3295 2744 Sed
3322 2694 3385 2743 ut
3413 2688 3522 2743 hoc
3552 2694 3774 2744 nostra
3793 2689 3889 2745 cle-

2245 2776 2476 2830 mentia:
2519 2778 2738 2831 donum
2781 2777 3001 2832 nostris
3043 2778 3377 2848 futurisque
3405 2777 3779 2848 temporibus
3809 2780 3892 2834 fir-

2243 2881 2403 2919 mum
2421 2865 2724 2930 habeatur,
2736 2864 2956 2937 placuit
2971 2866 3138 2921 nobis
3153 2872 3444 2938 quatenus
3460 2866 3672 2922 exinde
3686 2885 3892 2938 praece-

2242 2959 2410 3025 ptum
2426 2954 2577 3024 fierij
2589 2952 3194 3020 uberemus,videlicet
3206 2959 3266 3009 ut
3281 2971 3387 3009 nec
3402 2955 3762 3035 nostris,nec
3777 2955 3891 3014 reli«

2244 3042 2377 3114 quis
2404 3046 2533 3114 post
2571 3042 2902 3114 futurisque
2927 3043 3313 3115 temporibus,
3339 3042 3555 3115 aliquis
3585 3044 3886 3100 hominum

479 3127 620 3183 tatis
650 3143 882 3199 semper
911 3127 1165 3199 requirat
1181 3127 1438 3182 officium
1471 3133 1684 3184 sanetae
1717 3130 1922 3184 matris
1941 3129 2135 3186 Eccle-
2167 3116 2214 3180 B
2247 3131 2544 3202 quodlibet
2574 3131 3124 3203 eiimpedimentum
3147 3132 3218 3186 de
3248 3132 3456 3188 iisdem
3476 3133 3657 3188 rebus
3685 3133 3886 3190 inferre

485 3215 603 3283 sies,
633 3216 683 3272 si
716 3215 869 3288 quod
904 3215 1190 3280 imminet,
1223 3217 1606 3273 exterminare
1645 3217 1990 3289 perieulum,
2044 3218 2132 3290 ip-

483 3304 725 3376 siusque
754 3303 1040 3376 longeque
1071 3321 1391 3377 propagare
1449 3306 1799 3361 beneﬁcium
1831 3307 2134 3362 defuncto-

483 3407 617 3447 rum
649 3396 883 3463 patrum
908 3392 1123 3463 pietate
1178 3393 1477 3460 collatum,
1537 3393 1878 3451 nullomodo
1929 3396 2130 3452 :ctcrni

2245 3224 2576 3290 praesumat.
2612 3220 2680 3274 Et
2741 3223 2803 3274 ut
2841 3218 2961 3273 hinc
3019 3219 3200 3274 nostri
3259 3219 3527 3291 praecepti
3579 3223 3884 3275 auctoritas

2247 3309 2470 3364 firmior
2502 3308 2807 3376 habeatur,
2844 3325 3023 3363 manu
3057 3311 3257 3364 nostra
3299 3308 3879 3375 subterﬁrmavimus,

2246 3401 2303 3452 et
2333 3396 2510 3469 sigilli
2533 3396 2718 3452 nostri
2751 3397 3137 3468 impressione
3167 3395 3554 3469 signavimus.

1273 3697 2409 3802 GHUONRADUS
2500 3703 2632 3800 Π
2723 3703 3098 3802 IMP.

532 3889 756 3956 HUJUS
794 3891 1092 3950 NOMINIS
1131 3891 1346 3950 INTER
1384 3892 1610 3951 REGES
1651 3895 2042 3965 SECUNDUS,
2085 3896 2300 3953 INTER
2339 3895 2712 3955 AUGUSTOS
2751 3898 3043 3970 PRIMUS,
3084 3898 3494 3955 COGNOMINE
3540 3899 3833 3956 SALICUS

1900 4050 2036 4131 (An.
2074 4051 2460 4129 1024-1039.)

809 4307 1775 4442 CHUONBADI
1871 4315 1988 4441 ΙΙ
2085 4312 3525 4449 CONSTITUTIONES

1160 4533 1225 4589 D.
1262 4533 1460 4602 Psn'rz,
1493 4536 1842 4593 Monumenla
1875 4539 2184 4596 Germania:
2214 4539 2496 4609 historica,
2527 4540 2659 4614 Leg.
2693 4545 2834 4597 tom.
2870 4541 2937 4608 II,
2970 4559 3027 4614 p.
3058 4542 3173 4612 38.)

1267 4808 1307 4864 Ι.
2290 4813 2565 4878 Quamvis
2599 4829 2702 4885 pro
2717 4812 2897 4868 totius
2927 4813 3008 4868 rei
3033 4811 3277 4884 publica:
3295 4811 3465 4885 longe
3485 4811 3725 4885 lateque
3745 4827 3858 4884 pro-

654 4913 906 4954 EDICTUM
944 4915 1015 4952 DE
1055 4914 1346 4954 MANCIPIIS
1389 4914 1778 4954 secmsunru
1820 4903 1916 4974 (ι).
2220 4904 2478 4958 curanda
2509 4901 2780 4962 utilitate,
2806 4903 3010 4973 jugem
3044 4901 3364 4956 debeamus
3413 4899 3857 4956 sollicitudinem

1022 4986 1208 5057 (Circa
1240 5006 1332 5042 an.
1368 4988 1551 5057 1031.)
2219 5009 2438 5065 gerere,
2473 4997 2666 5046 tamen
2703 4995 2768 5045 ut
2799 5007 2901 5062 pro
2931 4988 3312 5045 ecclesiarum
3343 4990 3441 5045 Dei
3473 4993 3632 5045 statu
3667 4988 3856 5046 soller-

537 5077 947 5142 Gnuonmous,
982 5076 1081 5132 Dei
1113 5076 1300 5148 gratia
1351 5076 1746 5132 Romanorum
1797 5078 2114 5150 imperator
2221 5082 2338 5137 tius
2373 5078 2766 5151 invigilcmus,
2798 5096 2903 5135 nos
2929 5079 3302 5151 obligatiores
3331 5096 3459 5134 esse
3490 5095 3606 5136 non
3641 5079 3858 5152 ignora-

458 5168 782 5238 Augustus,
863 5165 1246 5220 BERENHARDO
1313 5164 1483 5230 duci,
1541 5169 1832 5222 SlGII-‘RIDO
1891 5169 2108 5236 eomili,

454 5254 812 5309 Bsannmno
845 5254 1191 5322 marchioni,
1226 5253 1476 5310 salutem
1507 5259 1563 5309 et
1592 5255 1859 5327 gratiam.

2221 5188 2374 5226 mus.
2412 5169 2590 5236 Unde,
2626 5170 2762 5240 quia
2790 5173 3004 5224 sanetae
3039 5167 3353 5224 Fardensis
3381 5167 3639 5224 ecclesiae
3659 5165 3861 5223 manci-

2221 5258 2316 5330 pia
2344 5275 2450 5312 ceu
2482 5258 2653 5312 bruta
2682 5257 2959 5313 animalia
2989 5275 3092 5330 pro
3116 5256 3638 5330 quantulacunque
3688 5253 3861 5328 pretio

528 5375 606 5444 (1)
641 5375 969 5452 Proditjam
1000 5378 1194 5452 prima,
1209 5378 1330 5442 vice
1363 5396 1430 5433 ex
1459 5377 1747 5452 tabulario
1770 5379 1927 5451 regio
1958 5382 2111 5436 Han-

457 5458 769 5520 noveranp,
803 5449 900 5504 ubi
932 5449 1083 5506 inter
1111 5451 1342 5506 chartas
1381 5449 1752 5520 episcopatus
1799 5449 2111 5509 Verdensis

2221 5382 2638 5512 Apograghum
2671 5383 2798 5465 ejus
2829 5387 3017 5438 exstat
3045 5382 3103 5466 in
3136 5383 3404 5466 QOpiario
3438 5383 3751 5465 Yerdensi,
3773 5380 3868 5437 ubi

2221 5460 2415 5511 tamen
2491 5454 2780 5510 huonradi
2811 5453 2934 5511 loco
2968 5459 3264 5512 Hemrzcus
3294 5455 3592 5512 scribitur.

461 5513 858 5575 authenticum
879 5521 1068 5597 sigillo
1093 5521 1381 5598 imperiali
1400 5513 1745 5597 insignitum
1759 5531 2108 5586 asservatur.

2219 5453 2415 5511 tamen
2447 5453 2780 5512 Chuonradi
2811 5453 2934 5511 loco
2968 5453 3264 5512 Heinricds
3294 5455 3592 5512 scribitur.
