3968 6126
376 298 565 390 itis“

1707 306 2047 392 'MONUM.
2092 318 2415 390 DIPLOM.
2528 318 2533 323 ‘

3615 316 3787 384 mu

371 460 448 517 de
477 458 801 532 majoribus
826 454 1284 516 walvassoribus
1314 460 1804 517 observetur3‘.De
1834 461 2018 518 mino-
2043 461 2100 529 Α
2129 475 2370 516 camera:
2400 461 2635 530 nostris,
2664 461 2721 515 et
2751 455 3121 514 medietatem
3176 452 3260 513 illi
3308 454 3403 513 cui
3450 455 3790 527 dampnum

371 547 537 608 ribus
566 563 701 605 vero
730 547 791 604 in
848 564 1027 622 regno
1077 552 1180 604 aut
1235 552 1368 604 ante
1425 549 1684 605 seniores
1736 553 1837 615 aut
1881 554 2016 606 ante

367 640 638 694 nostrum
668 636 919 693 missum
937 654 1137 693 eorum
1162 654 1342 693 causa
1358 637 1613 694 ﬁniatur.
1640 639 2014 712 Praecipimus

362 724 543 783 etiam
573 729 641 781 ut
670 742 805 781 cum
835 725 1050 798 aliquis
1080 725 1269 795 miles,
1298 726 1415 783 sive
1446 726 1517 782 de
1548 727 1872 797 majoribus
1896 727 2016 783 sive

362 815 438 871 de
467 813 813 881 minoribus,
841 814 912 870 de
940 814 1049 870 hoc
1080 815 1291 871 saeculo
1323 815 1680 888 migraverit,
1705 814 1863 871 filius
1885 816 2014 886 ejus

359 902 713 961 beneﬁcium
739 902 951 959 habeat
978 904 1042 959 ³³.
1067 904 1128 959 Si
1154 921 1286 960 vero
1308 902 1495 959 filium
1517 904 1562 938 ³³
1582 921 1697 961 non
1721 904 2013 973 habuerit,

360 995 421 1050 et
440 990 755 1048 abiaticum
784 992 830 1027 ⁸⁴
848 1009 916 1048 ex
940 991 1203 1048 masculo
1226 992 1345 1048 ﬁlio
1367 992 1816 1065 reliquerit,pari
1842 994 2014 1049 modo

361 1079 715 1139 beneﬁcium
736 1079 949 1137 habeat
977 1081 1042 1149 ³³,
1076 1084 1300 1137 servato
1328 1098 1439 1135 usu
1464 1081 1752 1151 majorum
1770 1081 2015 1138 walvas-

364 1186 566 1228 eorum
595 1169 655 1225 in
687 1168 897 1225 dandis
936 1170 1104 1241 equis
1137 1173 1195 1225 et
1220 1168 1401 1225 armis
1432 1169 1556 1225 suis
1588 1169 2012 1226 senioribus.Si

363 1259 512 1317 forte
542 1256 861 1315 abiaticum
892 1273 959 1313 ex
990 1258 1109 1314 tilio
1141 1275 1254 1315 non
1309 1258 1629 1331 reliquerit,
1673 1263 1730 1314 et
1776 1260 2014 1315 fratrem

364 1347 697 1423 legitimum
728 1364 797 1404 ex
828 1350 990 1419 parte
1019 1347 1201 1421 patris
1231 1347 1521 1413 habuerit,
1556 1347 1603 1402 si
1652 1348 1697 1383 ³⁸
1728 1347 2014 1404 seniorem

368 1438 657 1496 offensum
686 1436 911 1501 habuit,
945 1440 1002 1493 et
1044 1435 1156 1493 sibi
1186 1435 1312 1492 vult
1368 1436 1702 1493 satisfacere
1734 1442 1790 1492 et
1846 1436 2017 1492 miles

368 1527 498 1600 ejus
523 1526 1049 1594 etﬁci,beneﬁcium
1072 1526 1230 1598 quod
1252 1526 1436 1599 patris
1458 1525 1711 1581 sui37fuit
1732 1525 2013 1581 habeat”.

368 1618 618 1688 Insuper
637 1614 812 1670 etiam
825 1614 1103 1671 omnibus
1115 1614 1304 1671 modis
1316 1614 1717 1686 prohibemus,
1734 1618 1799 1669 ut
1818 1612 2019 1669 nullus

370 1703 567 1762 senior
604 1703 674 1758 de
700 1702 983 1759 beneﬁcio
1015 1719 1259 1758 suorum
1290 1702 1547 1757 militum
1579 1703 1875 1757 cambium
1917 1707 2019 1758 aut

370 1791 697 1866 precariam
726 1795 829 1847 aut
855 1790 1117 1847 libellum
1136 1791 1264 1847 sine
1287 1807 1490 1847 eorum
1514 1808 1799 1847 consensu
1834 1793 2017 1847 facere

370 1884 707 1955 praesumat.
742 1878 847 1935 Illa
874 1896 1008 1936 vero
1039 1880 1193 1936 bona
1221 1897 1348 1951 quae
1377 1880 1423 1915 ³⁸
1452 1884 1609 1936 tenet
1638 1879 2018 1953 proprietario

364 1970 520 2044 jure,
552 1973 656 2025 aut
682 1984 788 2042 per
814 1972 1100 2041 praecepta
1127 1971 1230 2025 aut
1248 1985 1351 2040 per
1372 1973 1595 2024 rectum
1616 1968 1881 2025 libellum
1898 1969 2019 2025 sive

370 2074 478 2133 per
503 2056 846 2132 precariam,
875 2072 1047 2113 nemo
1073 2057 1291 2128 injuste
1321 2073 1421 2113 eos
1452 2056 1757 2113 disvestire
1787 2058 2016 2113 audeat.

368 2147 624 2206 Fodrum
644 2147 716 2202 de
729 2144 1184 2218 castelliswquod
1208 2145 1391 2202 nostri
1404 2149 1796 2202 antecessores
1808 2146 2022 2202 habue-

369 2238 532 2302 runt,
555 2233 771 2291 habere
784 2232 1233 2313 volumus,illud
1245 2250 1377 2291 vero
1392 2235 1543 2307 quod
1562 2251 1673 2290 non
1688 2235 2022 2291 habuerunt

369 2322 582 2382 “nullo
604 2323 778 2380 modo
798 2322 1176 2395 exigimus.Si
1198 2322 1334 2396 quis
1345 2323 1497 2380 hanc
1505 2324 1829 2395 iussionem
1850 2323 2022 2379 infre-

370 2410 522 2490 gerit
542 2412 610 2482 ",
641 2410 769 2467 auri
798 2409 980 2468 libras
1018 2415 1254 2468 centum
1282 2417 1617 2486 componat,
1649 2412 2020 2469 medietatem

2123 548 2353 605 illatum
2385 551 2471 604 est
2506 548 2569 603 ‘3.

2194 637 2439 710 Signum
2458 637 2502 671 “
2518 636 2718 691 domui
2742 633 3073 692 Chuonradi
3097 631 3459 690 serenissimi
3489 632 3792 690 Romano-

2122 742 2253 782 rum
2280 724 2652 798 imperatoris
2684 724 2941 797 augusti.

2192 813 2531 870 Kadolohus
2561 812 2948 869 cancellarius
3006 811 3129 868 vice
3188 809 3527 886 Herimanni
3586 809 3785 866 archi-

2123 899 2452 957 cancellarii
2484 900 2811 973 recognovi.

2194 995 2405 1046 Datum
2435 1006 2470 1045 v
2500 989 2792 1046 Kalendas
2821 988 3005 1056 Junii,
3057 986 3372 1043 indictione
3400 987 3456 1054 5,
3488 1002 3644 1043 anno
3676 987 3784 1043 Ι)οο

2124 1080 2350 1135 minicae
2372 1078 2799 1134 Iucarnationis
2820 1078 2958 1133 1037
2975 1077 3200 1145 “,anno
3223 1079 3419 1131 autem
3440 1074 3779 1131 Chuonradi

2123 1169 2274 1242 regis
2304 1168 2392 1235 l3,
2426 1167 2797 1239 imperatoris
2832 1169 2919 1222 11.
2951 1168 3158 1222 Actum
3199 1166 3255 1220 in
3308 1164 3613 1221 obsidione
3659 1168 3780 1220 Me-

2123 1255 2339 1313 diolani
2370 1255 2635 1312 feliciter.
2664 1257 2870 1311 Amen.

2910 1343 3003 1399 IV.

2407 1448 2768 1489 RBSCRIPTUM
2808 1448 2881 1488 ns
2927 1448 3065 1488 Lsos
3114 1447 3345 1488 nonum
3392 1431 3490 1502 (7).

2766 1521 2897 1593 (An.
2952 1521 3137 1593 1038.)

2196 1614 2515 1684 Imperator
2561 1614 2950 1667 Cnuomumus
2987 1612 3032 1646 ⁸⁸
3074 1611 3374 1683 Augustus
3404 1610 3446 1645 ιτ
3498 1609 3779 1669 Romanis

2119 1700 2423 1773 judicilius
2454 1700 2519 1754 ⁸⁸.

2194 1790 2409 1845 Audita
2438 1790 2484 1825 ιο
2515 1787 2909 1845 controversia
2937 1804 3065 1859 qua:
3097 1787 3382 1844 hactenus
3411 1788 3566 1845 inter
3595 1805 3700 1845 vos
3727 1794 3782 1846 et

2130 1878 2545 1951 Langobardos
2569 1878 2801 1949 judices
2827 1879 2872 1912 5°
2891 1878 3257 1944 versabatur,
3282 1875 3561 1950 nulloque
3584 1878 3783 1934 termi-

2129 1985 2203 2023 no
2221 1966 2889 2040 quiescebat,sancimus
2913 1969 2977 2021 ut
3000 1982 3367 2039 quacunque
3394 1966 3721 2023 admodum
3739 1968 3780 2004 “

2130 2056 2364 2129 negotia
2391 2057 2611 2111 mota52
2642 2056 2860 2111 fuerint
2878 2057 2943 2122 ⁵³,
2967 2060 3086 2111 tam
3122 2056 3274 2111 inter
3311 2056 3590 2112 Romana;
3618 2056 3784 2112 urbis

2130 2145 2323 2201 menia
2336 2161 2513 2216 quam
2529 2144 2706 2199 etiam
2724 2144 2795 2199 de
2825 2143 2965 2199 foris
2986 2144 3046 2198 in
3065 2143 3345 2200 Romanis
3367 2144 3782 2217 pertimentiis,

2129 2238 2322 2290 actore
2352 2233 2732 2306 Langobardo
2781 2233 2828 2268 ⁸⁸
2855 2231 2941 2288 vel
2969 2249 3065 2288 reo
3094 2233 3159 2303 ⁸⁵,
3211 2250 3247 2287 a
3272 2233 3437 2289 vobis
3497 2232 3785 2289 duntaxat

2129 2323 2409 2381 Romanis
2457 2321 2685 2395 legibus
2734 2321 3144 2387 terminentur,
3196 2321 3474 2396 nulloque
3520 2326 3784 2395 tempore

2130 2412 2453 2469 revivscant
2484 2412 2548 2465 ⁵⁸.

1725 2546 1967 2602 νΑΒιιλΕ
2024 2546 2431 2602 LECTIONES.

444 2649 487 2684 ⁸¹
519 2648 788 2704 teneatur
813 2648 874 2701 ι..
907 2643 953 2679 δ’
984 2643 1133 2701 ﬁlios
1153 2661 1202 2700 e.
1238 2644 1297 2700 b.
1329 2647 1525 2700 tenere
1554 2646 1613 2699 L.
1650 2646 1706 2700 V.
1742 2646 1793 2701 V.
1842 2646 1937 2700 Vn.
1971 2647 2034 2700 Ε.
2069 2646 2198 2700 Cas.
2228 2644 2273 2677 ³³
2298 2641 2452 2698 ﬁlios
2485 2644 2545 2698 L.
2584 2644 2639 2699 V.
2675 2643 2771 2698 Vn.
2794 2643 2856 2698 E.
2889 2644 3015 2699 Cas.
3046 2642 3094 2677 ³⁸
3121 2641 3405 2698 abiaticos
3429 2645 3492 2698 L.
3524 2643 3644 2699 Cas.
3680 2645 3783 2701 ab-

369 2718 621 2789 biaticos
657 2719 712 2774 V.
749 2715 1420 2789 Vn._Cor.__abb_iaticum.
1449 2717 1593 2771 Glos.
1623 2716 1742 2771 Cas.
1776 2716 1949 2789 idest
1981 2720 2242 2789 nepotes,
2283 2714 2328 2748 ³³
2357 2714 2610 2789 habeant
2637 2714 2788 2789 μην.
2827 2714 2946 2789 Cas.
3000 2713 3044 2789 39
3073 2717 3130 2769 et
3158 2715 3228 2789 ι.
3258 2715 3312 2770 γ.
3351 2715 3446 2789 Vn.
3480 2714 3600 2789 Cas.
3644 2717 3692 2789 τ’
3724 2733 3782 2789 p.

373 2791 468 2848 sui
495 2788 586 2846 vel
618 2786 815 2859 fratris
846 2786 967 2842 Cas.
990 2787 1046 2859 _°’
1072 2786 1285 2859 habeat
1312 2791 1681 2859 servato_usu
1714 2788 2005 2859 majorum
2035 2784 2436 2859 valvassorum
2470 2785 2528 2840 in
2560 2784 2769 2859 dandis
2799 2784 2966 2857 equis
2997 2788 3053 2859 et
3082 2784 3265 2840 armis
3289 2785 3421 2859 suis
3451 2784 3784 2843 senioribus

371 2863 501 2918 Her.
533 2859 579 2896 ³⁸
607 2858 711 2916 Ille
737 2873 873 2914 vero
903 2857 1005 2929 qui
1040 2859 1145 2914 VII.
1179 2858 1223 2892 ⁸ο
1251 2858 1325 2929 de
1351 2857 1606 2929 castellis
1636 2855 1893 2913 deesth.
1934 2860 1987 2915 V.
2036 2859 2130 2912 Vn.
2203 2857 2321 2911 Cas.
2354 2857 2425 2911 de
2464 2872 2653 2929 iusque
2685 2855 2953 2929 volumus
3008 2855 3201 2929 desunt
3236 2858 3332 2912 VII

3384 2872 3617 2929 quorum
3670 2860 3784 2915 ιοσο

374 2930 693 2992 Chuonradi
729 2926 1056 3000 rescriptum
1082 2930 1236 3000 infra
1264 2928 1473 2984 editum
1501 2928 1751 3000 habetur.
1812 2931 1852 2965 “
1886 2928 2220 2985 habuerunt
2264 2943 2435 2999 usque
2464 2926 2805 3000 habuerunt
2827 2927 3019 2983 desunt
3056 2932 3116 2982 V.
3148 2928 3192 2961 ⁴²
3222 2926 3547 3000 preterierit
3594 2930 3651 2985 V.
3687 2932 3782 2986 Vn.

379 3003 500 3061 Cas.
528 3003 574 3037 ⁸⁸
601 3004 694 3072 est
719 2997 936 3072 reliqua
962 2997 1157 3056 desunt
1186 3001 1247 3054 in
1276 3001 1521 3055 Hatensi.
1553 2998 1801 3055 illatum.
1833 3002 1905 3056 At
1933 3001 1983 3056 si
2013 3000 2147 3072 quis
2178 2997 2388 3072 aurum
2422 3014 2537 3054 non
2568 2997 2858 3072 habuerit,
2896 3003 3096 3072 nostra
3124 2997 3689 3072 sen‘tenciaiferiatur
3720 3006 3787 3057 ut

378 3074 551 3146 nobis
580 3069 862 3146 placuerit
879 3075 942 3128 ι..
963 3072 1032 3146 V.
1063 3072 1251 3146 Vn._E.
1284 3072 1344 3146 ιξ
1357 3072 1817 3146 ratiqudexstant
1847 3073 1908 3146 in
1936 3069 2434 3146 unddromsgita
2462 3069 2882 3146 corrigendum,-
2915 3070 3084 3146 eodete
3123 3069 3399 3146 Gramen;
3435 3070 3782 3146 MXXXVIII.

375 3146 423 3183 ⁸⁸
450 3140 751 3203 Choradus
786 3142 907 3197 Cas.
953 3141 1257 3197 Conradus
1308 3140 1364 3197 S.
1405 3140 1508 3198 VII.
1553 3143 1596 3176 ‘7
1655 3142 1799 3198 deest
1849 3144 1961 3200 VII.
2020 3142 2062 3176 ⁸⁸
2095 3142 2133 3197 i.
2195 3140 2445 3197 salutem
2495 3140 2620 3197 VII.’
2658 3142 2703 3176 ‘9
2731 3140 2928 3196 Auditi

3001 3142 3102 3197 VII.
3160 3142 3206 3175 ⁵ο
3259 3147 3317 3197 et
3361 3141 3400 3197 Ι.
3434 3141 3473 3197 i.
3533 3143 3677 3199 deest
3721 3146 3781 3199 in

379 3216 503 3276 Cas.
535 3215 577 3250 "
610 3213 820 3273 amodo
857 3214 960 3271 VII.
988 3212 1035 3248 ⁵³
1061 3213 1205 3269 deest
1237 3212 1342 3269 VII.
1399 3213 1443 3248 ⁵³
1473 3229 1553 3268 m.
1587 3213 1625 3268 f.
1658 3212 1853 3270 desunt
1898 3217 1959 3270 in
1991 3212 2113 3269 Cas.
2147 3213 2191 3248 5‘
2219 3212 2387 3268 deest.
2422 3212 2539 3267 Cas.
2597 3211 2706 3268 vel.
2740 3229 2786 3266 r.
2819 3210 2858 3267 Ι.
2895 3212 2999 3268 VII.
3050 3213 3093 3247 ⁵⁵
3121 3210 3289 3269 deest.
3323 3212 3442 3268 Cas.
3470 3213 3516 3248 ‘9
3544 3214 3782 3271 revivis-

377 3291 515 3347 cent
542 3285 599 3344 S.

1959 3380 2188 3439 NOTAE.

410 3468 416 3478 '
452 3481 532 3562 (ρ)
560 3456 795 3562 Optima
822 3476 1179 3562 legishuius
1202 3477 1604 3562 editioﬁe‘x‘stat
1632 3478 1691 3562 in
1713 3477 2022 3562 Mummii
2053 3478 2097 3546 (ς

379 3547 844 3622 Antiquitatibus
873 3547 1106 3614 Italicis,
1141 3552 1182 3603 t.
1202 3548 1245 3613 Ι,
1264 3565 1319 3619 p.
1343 3548 1450 3602 609
1474 3548 1609 3622 _fol.;
1634 3548 1779 3622 t._lI.
1814 3566 1872 3621 p.
1891 3551 2020 3622 287,

380 3618 823 3686 θᾶίιῘΑιιθιὶιιω,
855 3634 924 3689 ex
954 3621 1286 3689 pervetusta
1313 3619 1658 3689 membrana
1686 3618 1745 3674 in
1791 3618 2026 3676 a‘rchivo

379 3689 647 3764 capituli
678 3688 1089 3764 canonicorum
1143 3688 1625 3764 Cremonensium
1675 3690 2021 3764 desumpta;

422 3758 559 3819 nam
589 3760 686 3817 hic
715 3776 850 3816 cum
880 3759 1180 3816 codicibus
1208 3758 1403 3815 saeculi
1431 3777 1487 3815 χι
1508 3759 1858 3827 Florentino,
1885 3758 2024 3815 Lon4

417 3832 630 3899 inensi,
660 3830 1119 3902 Vindobonensi,
1152 3830 1333 3902 altero
1361 3830 1817 3900 Vindobonensi,
1842 3849 1899 3887 n.
1932 3832 2021 3902 39,

374 3903 715 3970 Veronensi,
747 3901 1049 3959 Casinensi
1078 3900 1278 3957 saeculi
1304 3918 1361 3957 χι
1389 3903 1675 3969 exeuntis,
1707 3920 1763 3957 n.
1807 3903 1915 3958 328
1946 3900 2023 3958 si-

415 3979 571 4045 nato,
597 3978 655 4030 et
673 3972 924 4046 tEstensi
954 3973 1123 4046 apud
1143 3972 1525 4046 Maratorium
1556 3972 2024 4046 collatamrepe-

415 3990 571 4045 nato,
597 3990 655 4030 et
695 3990 924 4031 metens:
954 3990 1109 4045 apud
1143 3990 1525 4029 muratorium
1556 3990 1824 4030 conatam
1856 3991 2023 4046 repe—

370 3990 575 4103 gmus.
606 4045 693 4101 Ad
723 4060 872 4117 quos
902 4060 1036 4100 cum
1065 4042 1201 4099 libri
1231 4044 1303 4117 de
1340 4044 1573 4117 Feudis,
1633 4045 2023 4117 posteriorum

369 4117 600 4188 codices
629 4114 999 4188 saculorum,
1032 4131 1104 4170 ne
1134 4114 1396 4188 proxime
1423 4114 1675 4188 quidem
1720 4115 2017 4188 accedant,

366 4186 652 4246 lectiones
668 4187 885 4243 codicis
906 4186 1059 4243 inter
1076 4186 1177 4243 eos
1200 4186 1459 4259 primum
1475 4186 1643 4243 facile
1662 4186 1856 4243 locum
1873 4186 2016 4242 obti.

2138 3478 2349 3546 uentis,
2381 3476 2650 3534 Halensis
2672 3477 2893 3535 scilicet
2916 3494 3046 3535 sec.
3080 3496 3195 3547 xxv,
3228 3478 3595 3536 adnotandae
3626 3480 3780 3537 haud

2135 3549 2482 3605 existimavi.

2210 3621 2284 3691 (7)
2317 3621 2379 3675 In
2412 3618 2609 3676 codice
2638 3620 2961 3691 Casinensi,
2994 3638 3053 3675 n.
3084 3622 3212 3688 3‘28,
3236 3621 3519 3691 membr“
3549 3638 3682 3678 saac.
3723 3640 3780 3679 χι

2134 3691 2452 3763 exeunctis,
2475 3691 2666 3763 legum
2691 3690 3204 3763 Langobardorum
3228 3690 3407 3747 libros
3430 3707 3491 3748 ιιι
3512 3692 3784 3750 exhiben-

2133 3762 2229 3831 tis,
2264 3762 2322 3815 in
2351 3762 2553 3836 tenera
2580 3762 2925 3836 membrana
2964 3763 3315 3836 rescriptum
3375 3763 3588 3836 inveni,
3621 3766 3780 3836 quod

2133 3781 2229 3831 us,
2264 3781 2322 3815 ιη
2351 3781 2551 3818 tenera
2580 3781 2925 3818 memorana
2964 3781 3139 3818 rescrl
3189 3781 3315 3818 tum
3375 3781 3588 3829 inveni,
3621 3781 3780 3836 quoa

2133 3838 2308 3906 antea
2330 3848 2397 3887 ex
2413 3834 2614 3906 codice
2638 3832 2923 3906 Lipsiensi
2952 3781 3407 3906 cl.Sen£enberg
3425 3833 3483 3888 in
3510 3835 3782 3893 Methodo

2124 3903 2625 3985 jurisprudentihze,
2659 3903 2910 3985 append.
2944 3907 3077 3973 m,§
3105 3905 3193 3985 t7,
3226 3903 3781 3985 pag.'1_09,__publici

2122 3974 3099 4047 jiuris’t'ecerat.Reperiturquoque
3121 3975 3179 4031 in
3198 3974 3393 4032 codice
3413 3974 3780 4035 bibliothecas

2130 4044 2397 4118 Caesareae
2427 4044 2899 4118 Vindobonenisis'
2928 4044 3079 4102 inter
3107 4063 3251 4104 mss.
3283 4047 3443 4103 Juris
3473 4047 3681 4118 civilis,
3715 4067 3776 4105 n.

2128 4116 2218 4181 39,
2252 4116 2505 4188 indeque
2531 4133 2566 4172 a
2595 4117 2653 4171 b.
2688 4134 2767 4172 m.
2806 4116 3073 4173 Pirsnero
3103 4118 3459 4191 exscriptum
3488 4123 3596 4175 est.

1049 4467 1786 4566 CHUONRADI
1856 4471 1944 4564 II
2014 4471 2261 4567 IMP.
2333 4473 3085 4569 DIPLOMATA.

1855 4683 2249 4697 ﬂ

432 4804 748 4864 Chuonradi
768 4806 829 4863 II
845 4805 1209 4878 privilegium
1249 4820 1351 4877 pro
1380 4805 1600 4863 abbatia
1633 4807 1923 4864 Vuiscbiki.

978 4911 1165 4982 (Anno
1197 4911 1381 4984 1025.)

450 5024 730 5098 [Eanum
764 5024 891 5082 Cod.
924 5024 1146 5097 diplom.
1179 5027 1313 5083 Hist.
1354 5026 1664 5100 Westphat.,
1695 5046 1753 5100 p.
1786 5030 1902 5100 87.]

421 5155 483 5212 Ο.
517 5155 582 5212 In
628 5156 865 5213 nomine
923 5160 1134 5212 sanctas
1192 5160 1250 5212 et
1306 5157 1615 5214 inleldlltB
1671 5159 1992 5229 Trinitatis,

2027 4811 2075 4875 D
2108 4808 2226 4877 size,
2255 4825 2384 4882 quae
2415 4813 2505 4864 est
2533 4807 2593 4864 in
2625 4809 2931 4867 Vuiscbiki
2961 4812 3264 4882 collocata,
3295 4813 3531 4883 tradita,
3566 4814 3624 4869 in
3659 4830 3765 4871 no-

2113 4900 2295 4952 stram
2326 4897 2695 4969 praesentiam
2726 4899 2996 4968 contulit,
3055 4901 3378 4973 eademque
3434 4918 3505 4958 ex
3563 4907 3770 4961 nostra

2110 4984 2289 5057 regali
2319 4987 2607 5056 potestate
2644 4987 2979 5045 conﬁrmari
3036 5005 3099 5045 ac
3154 4989 3520 5045 corroborari
3579 5006 3769 5062 quam

2108 5071 2439 5128 humillime
2468 5074 2757 5146 rogitavit.
2791 5075 2971 5147 Cujus
3005 5077 3273 5150 petitioni
3302 5077 3387 5133 ita
3416 5083 3484 5133 ut
3511 5078 3763 5152 dignum

2106 5166 2195 5215 est
2224 5177 2529 5216 assensum
2565 5163 2892 5234 prebentes,
2925 5166 2997 5222 ob
3021 5181 3279 5240 amorem
3307 5165 3403 5222 Dei
3426 5170 3765 5241 nostraque

348 5240 754 5331 Chuonradus,
782 5243 978 5307 divina
1008 5243 1230 5300 favente
1260 5243 1589 5314 clementia,
1616 5263 1733 5303 rex.
2103 5249 2430 5304 remedium
2461 5249 2670 5305 animae
2702 5251 2924 5309 scilicet
2954 5258 3010 5310 et
3040 5270 3144 5327 per
3165 5255 3558 5310 interventum
3591 5240 3762 5331 Sige-

418 5327 634 5386 Notum
656 5331 734 5387 sit
749 5331 1025 5388 omnibus
1052 5331 1325 5388 ﬁdelibus
1351 5332 1587 5402 nostris,
1609 5338 1729 5389 tam
1747 5351 1993 5407 praesen-
2099 5336 2247 5391 berti
2273 5339 2486 5392 sanctae
2517 5336 2839 5397 Mindensis
2862 5342 3116 5400 ecclesiae
3147 5343 3461 5400 venerandi
3484 5327 3763 5415 prmsulis

343 5414 505 5504 tibus
528 5432 712 5504 Aquam
752 5419 988 5490 futuris,
1038 5418 1291 5491 qualiter
1332 5421 1598 5492 quaedam
1642 5424 1987 5482 venerabilis
2098 5440 2203 5480 nec
2233 5441 2349 5480 non
2370 5430 2427 5481 et
2455 5425 2796 5485 Berinhardi
2828 5431 2997 5489 ducis
3025 5414 3760 5504 czeterorumqueinostro-

343 5500 663 5569 abbatissa,
694 5506 928 5562 nomine
956 5508 1145 5581 Abug,
1180 5511 1615 5565 antecessorum
1651 5515 1980 5569 nostrorum
2094 5528 2227 5567 rum
2260 5512 2541 5575 ﬁdelium.
2565 5516 2693 5586 jam
2740 5517 2963 5576 dictum
3022 5500 3409 5577 abbatissam_
3439 5535 3560 5576 una
3613 5536 3761 5579 cum

344 5603 551 5662 regum
582 5589 807 5648 scilicet
825 5592 915 5650 vel
945 5593 1365 5666 imperatorum
1407 5595 1647 5669 scripta,
1670 5615 1788 5655 suae
1807 5600 2001 5658 eodem
2095 5601 2541 5674 congregatione
2571 5604 2684 5659 sibi
2712 5607 2979 5678 subjecta
3005 5609 3405 5681 omnibusque
3452 5607 3593 5665 illuc
3640 5610 3759 5668 rite
