3968 6126
197 265 392 349 ιοιδι

1484 271 2017 342 CHUONRADUS
2059 275 2113 340 II
2156 267 2318 341 IMP.

3441 269 3603 352 low,
3627 337 3631 357 ς

196 407 644 481 pertinentibus,
677 405 737 464 in
768 400 1032 465 nostrum
1053 407 1539 465 mundiburdium
1561 425 1626 464 ac
1658 409 1850 465 deien-
1874 409 1931 476 Α
1959 409 2151 478 nachi,
2177 411 2226 466 si
2257 410 2576 468 necessitas
2606 409 2848 479 venerit,
2880 408 3155 479 habeant,
3189 408 3458 468 abbatem
3490 409 3602 468 eli-

195 499 423 554 sionem
455 513 524 555 ex
553 498 776 571 integro
808 498 1202 570 suscepimus.
1233 497 1637 570 Praecipientes
1668 497 1848 570 igitur

185 587 471 658 jubemus
500 591 564 643 ut
593 586 791 644 nullus
813 587 997 658 judex
1028 587 1298 658 publicus
1321 603 1508 658 neque
1538 586 1751 658 aliquis
1779 605 1845 642 ex

185 677 508 749 judiciaria
524 679 805 748 potestate
824 676 1092 732 homines
1124 676 1408 748 praedictae
1423 675 1674 732 ecclesiae
1698 675 1843 732 libe-

192 783 291 822 ros
321 783 425 822 seu
458 765 715 833 colonos,
749 765 885 820 litos
919 771 1020 820 ant
1051 782 1266 832 servos,
1291 765 1349 819 in
1376 764 1569 837 aliquo
1603 765 1840 837 negocio

191 855 543 928 distringere
592 859 912 927 presumat,
946 854 1060 910 nisi
1106 857 1336 909 tantum
1387 855 1700 910 advocatus
1731 853 1840 909 loci

190 943 751 1016 illius,habeantque
782 942 1389 1000 sanctimonialesillae
1418 942 1661 998 liberam
1687 948 1840 1015 pote-

191 1038 404 1090 statem
437 1050 540 1106 per
590 1034 1020 1090 successionem
1067 1033 1346 1103 temporis
1393 1031 1543 1086 inter
1600 1048 1660 1088 se
1719 1033 1839 1088 sive

190 1123 430 1180 aliunde
463 1122 822 1179 abbatissam
848 1121 1348 1194 eligendi,nullius
1379 1120 1839 1176 saecularidomi-

191 1213 290 1269 nio
321 1212 617 1283 subjectae,
649 1214 881 1283 excepto
912 1214 1132 1277 nostro,
1166 1210 1266 1281 qui
1314 1226 1515 1265 earum
1547 1210 1834 1277 defensor,

188 1301 306 1358 Deo
335 1303 646 1368 annuente,
679 1315 807 1355 esse
835 1297 1123 1354 volumus.

259 1395 392 1445 Haec
422 1393 563 1446 sunt
610 1389 810 1461 predia
842 1405 972 1460 quae
1000 1387 1308 1460 pertinent,
1330 1389 1401 1443 ad
1425 1405 1602 1458 supra
1621 1388 1837 1443 dictam

187 1479 496 1536 ecclesiam
519 1477 873 1534 Viscbiki.ln
905 1477 1002 1533 illo
1032 1476 1156 1533 loco
1189 1494 1242 1532 vi
1267 1476 1458 1531 mansi
1484 1475 1835 1548 pleni.Insu-

184 1587 292 1643 per
323 1569 499 1625 etiam
523 1568 581 1622 in
604 1567 858 1623 hislocis
884 1567 965 1622 ita
990 1565 1326 1622 nominatis.
1345 1566 1760 1620 Vuendredesa
1791 1567 1833 1620 I.

183 1657 739 1733 Vuigbaldeshusun
763 1671 846 1711 ιιιι
863 1655 1052 1711 mansi
1081 1654 1503 1710 Bennesbusun
1527 1672 1545 1710 1
1568 1671 1832 1710 mansus.

185 1747 667 1805 Haddeshusunt
719 1761 982 1801 mansus.
1035 1743 1456 1800 Tiadanhusun
1503 1761 1520 1797 ι
1566 1760 1830 1798 mansus.

184 1836 612 1895 Hainanhusun
644 1853 683 1890 ιι
718 1835 928 1890 mansi.
962 1835 1032 1888 Et
1060 1833 1118 1887 in
1150 1832 1282 1887 aliis
1312 1831 1456 1887 locis
1479 1832 1549 1886 ad
1568 1832 1834 1887 ministe-

183 1928 340 1984 rium
363 1925 620 1983 ecclesiaa
641 1923 899 1979 Viscbiki
920 1940 1114 1978 xxvnu
1151 1921 1338 1977 mansi
1380 1922 1437 1975 in
1462 1937 1609 1993 pago
1633 1921 1832 1975 Tilithi

181 2019 245 2074 in
273 2016 553 2074 comitatu
576 2011 914 2072 Herimanni
937 2011 1188 2077 comitis,
1223 2011 1553 2081 iterumque
1593 2010 1650 2064 in
1687 2026 1834 2082 pago

181 2109 456 2167 Merstem
488 2105 546 2159 in
577 2103 855 2158 comitatu
883 2101 1145 2173 ejusdem
1180 2099 1410 2154 comitis
1440 2116 1537 2154 vm
1562 2097 1836 2165 mansi,et

180 2198 242 2254 in
267 2213 414 2268 pago
435 2193 691 2266 Lapinga
719 2207 776 2246 γι
806 2190 998 2246 mansi
1046 2189 1103 2244 in
1143 2188 1419 2243 comitatu
1465 2185 1739 2252 Dodican,
1775 2187 1830 2242 in

181 2303 333 2360 pago
352 2281 637 2339 Westfala
656 2280 714 2335 in
738 2279 1014 2336 comitatu
1037 2277 1288 2333 Heinrici
1338 2276 1568 2332 comitis
1598 2293 1632 2330 x
1663 2281 1831 2331 etvm

183 2373 399 2439 mansi,
433 2377 490 2429 et
521 2372 578 2426 in
612 2369 890 2426 comitatu
921 2367 1309 2422 Hrodwerkes
1341 2383 1394 2420 γι
1428 2366 1639 2420 mansi.
1676 2366 1741 2419 Et
1771 2364 1830 2418 in

179 2465 322 2521 villa
349 2479 476 2536 qua:
501 2464 738 2516 vocatur
757 2457 1190 2527 Hramnesberg
1210 2473 1250 2510 ιι
1283 2453 1832 2521 mansi,Fiahtthor-

179 2571 254 2628 pe
284 2571 301 2608 ι
333 2567 600 2616 mansus.
628 2549 686 2603 in
717 2547 908 2602 Anion
952 2564 1036 2600 ιιιι
1087 2545 1299 2610 mansi,
1333 2547 1390 2598 et
1441 2543 1498 2597 in
1550 2542 1830 2598 comitatu

178 2639 546 2699 \Virinhardi
578 2642 801 2694 curtem
836 2637 1071 2691 nomine
1102 2632 1422 2689 Thuliberh
1455 2651 1488 2686 v
1521 2631 1729 2686 mansi.
1765 2633 1830 2685 In

177 2730 464 2790 Tundirin
491 2745 570 2783 vn
588 2726 797 2782 mansi.
824 2727 886 2780 In
914 2722 1393 2794 Hartingehusun
1415 2720 1552 2775 villa
1582 2721 1827 2791 integra.

175 2824 249 2880 Et
274 2826 339 2876 ut
358 2820 480 2876 haec
502 2821 702 2873 nostra
727 2811 1092 2870 conﬁrmatio
1117 2809 1346 2866 stabilis
1397 2814 1454 2864 et
1492 2808 1832 2864 inconvulsa

177 2906 696 2987 permaneat,hanc
725 2902 911 2959 nostri
947 2901 1208 2975 praecepti
1234 2899 1507 2971 paginam
1541 2897 1675 2953 inde
1700 2914 1831 2952 con-

179 2985 465 3074 scriptam
513 3011 691 3052 manu
743 2993 978 3066 propria
1030 2991 1372 3046 roborantes
1421 2987 1597 3059 sigilli
1647 2985 1828 3041 nostri

179 3087 567 3163 impressione
598 3082 867 3156 insigniri
892 3080 1209 3152 jussimus.

1956 500 2129 572 gendi
2161 501 2232 556 de
2265 501 2539 557 fratribus
2572 501 2715 568 suis,
2740 506 2796 556 et
2824 505 2889 556 ut
2919 501 3118 557 nullus
3166 500 3476 574 episcopus
3506 503 3610 556 aut

1945 589 2130 660 judex
2154 589 2424 662 publicus
2445 590 2528 646 vel
2575 591 2822 663 quilibet
2868 607 2934 646 ex
2951 589 3268 662 judiciaria
3297 593 3602 662 potestate,

1954 679 2069 734 nisi
2093 678 2253 734 solus
2285 678 2444 734 illius
2468 679 2576 734 loci
2609 679 2867 751 provisor
2896 683 2953 733 et
2990 678 3304 733 advocatus
3337 677 3596 750 praedicti

1953 767 2391 836 monasterii,in
2413 767 2686 823 ecclesias
2718 772 2818 822 aut
2845 767 2972 824 loca
2999 766 3086 822 vel
3119 782 3290 838 agros
3321 783 3422 822 seu
3453 766 3596 822 reli-

1951 873 2099 928 quas
2121 856 2522 928 possessiones
2544 855 2761 928 prmfati
2785 855 3120 912 monasterii
3145 872 3292 928 quas
3315 856 3595 911 moderno

1950 951 2209 1018 tempore
2218 947 2378 1017 juste
2397 949 2455 1001 et
2473 943 2894 1001 rationabiliter
2927 945 3225 1016 possidere
3241 945 3488 1013 videtur,
3522 945 3594 1000 ad

1947 1050 2156 1092 causas
2181 1035 2502 1090 audiendas
2529 1033 2618 1088 vel
2650 1034 2810 1090 freda
2832 1033 3110 1106 exigenda
3131 1037 3230 1088 aut
3258 1033 3596 1090 mansiones

1946 1124 2032 1180 vel
2057 1129 2288 1197 paratas
2309 1123 2604 1179 faciendas
2633 1126 2734 1178 aut
2755 1123 3127 1194 ﬁdejussores
3150 1122 3458 1190 tollendos,
3491 1126 3594 1200 aut

1946 1213 2097 1268 ullas
2128 1212 2548 1269 redhibitiones
2594 1211 2680 1267 vel
2730 1211 2964 1267 illicitas
3014 1212 3348 1268 occasiones
3397 1211 3589 1284 requi-

1945 1303 2287 1370 rendas,aut
2307 1301 2574 1357 homines
2595 1301 2783 1373 ipsius
2801 1300 3137 1356 monasterii
3160 1303 3281 1356 tam
3304 1301 3593 1374 ingenuos

1946 1410 2124 1466 quam
2155 1397 2212 1447 et
2241 1408 2436 1447 servos
2466 1390 2552 1446 vel
2579 1390 2712 1445 litos
2752 1391 2970 1461 injuste
2999 1390 3439 1462 distringendos
3469 1390 3591 1446 ullo

1947 1499 2210 1554 unquam
2231 1486 2491 1553 tempore
2513 1480 2724 1536 audeat
2751 1479 2998 1550 ingredi,
3030 1477 3118 1535 vel
3161 1496 3228 1534 ea
3257 1495 3383 1551 quas
3411 1497 3592 1552 supra

1948 1575 2266 1627 memorata
2296 1569 2682 1641 suntpenitus
2714 1568 2940 1641 exigere
2963 1571 3064 1623 aut
3102 1569 3340 1624 actitare
3370 1585 3590 1641 prmsu-

1945 1664 2084 1716 mat.
2115 1660 2226 1715 Sed
2258 1664 2314 1714 et
2344 1660 2413 1714 de
2435 1657 2806 1713 dominicatis
2832 1656 3056 1712 mansis
3079 1655 3168 1712 vel
3198 1674 3355 1711 nunc
3374 1656 3592 1712 habitis

1942 1749 2028 1805 vel
2059 1753 2188 1820 post
2213 1747 2607 1820 acquirendis,
2633 1763 2666 1801 a
2721 1745 3032 1801 reddendis
3081 1745 3327 1802 decimis
3353 1745 3587 1818 plenam

1943 1840 2097 1894 idem
2131 1835 2550 1892 monasterium
2596 1834 2806 1890 habeat
2846 1834 3300 1904 immunitatem,
3333 1840 3410 1901 et,
3439 1835 3592 1891 sicut

1944 1929 2230 1983 hactenus
2263 1927 2461 1993 fuit,ut
2491 1926 2702 1980 dentur
2734 1924 2804 1978 ad
2827 1927 3055 1994 portam
3079 1923 3137 1978 in
3157 1924 3588 1997 susceptionem

1941 2017 2240 2089 hospitum
2272 2019 2328 2071 et
2340 2011 2866 2087 peregrinorum,in
2881 2011 3242 2083 quibuslibet
3257 2013 3586 2086 episcopiis,

1943 2106 2109 2179 pagis
2137 2103 2224 2160 vel
2259 2103 2589 2168 territoriis,
2620 2100 2707 2155 vel
2738 2100 3016 2156 omnibus
3048 2118 3172 2172 qua:
3212 2101 3431 2158 ibidem
3453 2120 3587 2175 pro-

1941 2200 2069 2268 pter
2089 2194 2352 2249 divinum
2375 2207 2634 2247 amorem
2654 2194 2711 2245 et
2741 2189 2899 2245 illius
2932 2189 3116 2245 sancti
3133 2188 3243 2245 loci
3265 2192 3584 2247 veneratio-

1940 2301 2075 2340 nem
2096 2281 2305 2339 collata
2334 2280 2570 2348 fuerint,
2603 2284 2667 2333 ut
2696 2278 2866 2334 liceat
2909 2277 3128 2333 ibidem
3157 2279 3272 2334 Deo
3301 2279 3586 2336 famulan-
3617 2352 3625 2358 _

1939 2373 2097 2428 tibus
2118 2372 2227 2427 sub
2253 2375 2460 2426 nostra:
2485 2367 2878 2423 immunitatis
2909 2366 3154 2422 tuitione
3177 2368 3370 2438 quieto
3384 2368 3586 2426 ordine

1937 2463 2126 2517 vivere
2179 2476 2244 2515 ac
2295 2459 2568 2525 residere,
2603 2461 2659 2512 et
2706 2455 2919 2511 melius
2969 2455 3101 2512 illos
3151 2455 3386 2513 dilectet
3427 2460 3586 2514 omni

1938 2555 2199 2621 tempore
2233 2563 2336 2619 pro
2367 2545 2534 2601 nobis
2563 2549 2620 2598 et
2649 2544 2897 2615 conjuge
2927 2547 3128 2600 nostra
3158 2548 3332 2616 atque
3363 2547 3587 2602 stabili-

1938 2643 2055 2695 tate
2079 2637 2240 2711 regni
2265 2654 2297 2691 a
2311 2640 2422 2691 Deo
2441 2634 2609 2690 nobis
2622 2632 2837 2699 collati,
2873 2632 3104 2688 Domini
3127 2632 3586 2692 misericordiam

1939 2728 2220 2784 attentius
2251 2741 2504 2781 exorare.
2543 2725 2786 2795 Insuper
2813 2722 2991 2777 etiam
3032 2722 3290 2778 decimas
3319 2723 3409 2778 vel
3431 2724 3586 2782 deci-

1941 2816 2124 2873 males
2154 2815 2430 2871 ecclesias
2464 2813 2522 2867 in
2555 2812 2887 2884 quibusque
2907 2809 3220 2882 episcopiis
3241 2810 3324 2866 ita
3349 2815 3588 2871 teneant

1940 2913 2114 2979 atque
2145 2907 2476 2976 disponant,
2513 2901 2666 2956 sicut
2696 2901 2804 2955 sub
2838 2899 3310 2974 antecessoribus
3367 2903 3584 2974 nostris

1940 2996 2174 3070 regibus
2204 2992 2471 3047 videlicet
2500 2994 2556 3044 et
2603 2988 3055 3059 imperatoribus
3078 2991 3276 3042 tenere
3307 3005 3410 3058 per
3437 3006 3583 3060 prae-

1943 3090 2108 3158 cepta
2152 3082 2261 3136 visi
2321 3083 2462 3136 sunt
2518 3081 2692 3149 atque
2751 3077 3078 3146 disponere.
3111 3075 3589 3148 EpiscOpisvero

251 3148 482 3252 gignum
509 3175 697 3231 damni
717 3148 1042 3227 bhuonradi
1070 3168 1157 3238 (L.
1182 3166 1282 3232 M.)
1331 3165 1711 3234 gloriosissimi
1739 3180 1827 3218 re-

1954 3148 2158 3248 quibus
2189 3168 2491 3227 servitium
2523 3171 2580 3221 et
2607 3148 3042 3219 imansionatica
3089 3162 3303 3219 debent
3329 3167 3592 3238 tempore

218 3287 284 3326 ιδ.

218 3289 284 3326 ιδ.

178 3289 213 3343 g
254 3354 558 3414 Odalricus
589 3347 971 3407 cancellarius
999 3345 1120 3400 vice
1165 3342 1436 3398 Aribonis
1477 3339 1829 3413 archicapcl-

175 3446 299 3504 lani
332 3439 654 3515 recognovi.

252 3536 399 3591 Data
428 3547 466 3588 ιι
499 3531 560 3586 Id
591 3529 856 3592 Januar.,
890 3521 1204 3578 indictione
1245 3537 1362 3584 vm,
1396 3535 1546 3574 anno
1580 3517 1832 3572 Domini-

179 3642 260 3682 σω
291 3618 718 3680 Incarnationis
750 3617 910 3679 4052,
945 3629 1097 3668 anno
1129 3615 1325 3664 autem
1368 3607 1566 3663 domni
1597 3606 1826 3662 Chuon-

178 3713 308 3771 radi
339 3709 581 3767 secundi
607 3703 908 3778 regnantis
933 3715 992 3756 ιο.
1029 3703 1231 3755 Actum
1267 3697 1540 3754 Corbeiaz.

976 3805 1042 3860 II.

177 3905 497 3965 Chuonmdi
527 3903 574 3958 II
597 3898 1082 3974 privilegiumpro
1129 3891 1460 3974 monasterio
1494 3889 1819 3955 Corbeiensi,

573 3964 1171 4045 petente'TrucIitmaro
1203 3964 1415 4018 abbate.

795 4060 983 4124 (Anno
1016 4053 1197 4122 1025.)

676 4148 956 4218 [Eauanm
993 4143 1087 4196 ubi
1115 4139 1325 4210 supra.]

244 4247 308 4301 Ο.
365 4243 425 4295 In
479 4237 713 4293 nomine
762 4235 976 4287 sanctae
1027 4233 1084 4283 et
1132 4227 1442 4280 individua:
1494 4225 1818 4292 Trinitatis,

167 4329 582 4392 Chuonradus,
613 4322 809 4379 divina
837 4320 1058 4373 favente
1100 4313 1428 4379 clementia,
1455 4328 1571 4367 rex.

242 4420 458 4478 Notum
491 4415 567 4470 sit
623 4409 896 4468 omnibus
940 4403 1155 4461 Christi
1214 4401 1512 4471 nostrique
1552 4401 1821 4457 ﬁdelibus

1941 3263 2220 3320 circuitus
2252 3258 2366 3321 sui,
2400 3255 2726 3310 secundum
2753 3251 2972 3322 scripta
3000 3266 3110 3306 sua
3134 3250 3386 3323 singulis
3415 3253 3588 3311 annis

1939 3348 2364 3424 persolvant.Et
2395 3348 2458 3399 ut
2488 3344 2610 3398 haec
2641 3338 2956 3419 auctoritas
2987 3339 3382 3395 concessionis
3413 3346 3587 3413 atque

1940 3434 2402 3496 conﬁrmationis
2423 3435 2630 3486 nostra:
2654 3426 2876 3502 ﬁrmior
2887 3426 3171 3482 habeatur
3190 3431 3246 3482 et
3265 3443 3368 3499 per
3389 3429 3585 3485 futura
3625 3464 3628 3467 -

1937 3533 2200 3599 tempora
2232 3520 2521 3579 acunctis
2582 3516 2854 3572 ﬁdelibus
2901 3518 3119 3570 sancta:
3168 3516 3266 3570 Dei
3316 3515 3582 3592 Ecclesiae

1939 3616 2273 3686 nostrisque
2304 3608 2688 3684 praesentibus
2718 3610 2773 3660 et
2805 3605 3022 3660 futuris
3073 3603 3284 3662 melius
3314 3606 3586 3681 credatur

1938 3705 2393 3778 diligentiusque
2448 3699 2803 3762 observetur,
2856 3710 3036 3749 manu
3093 3694 3328 3766 propria
3385 3696 3600 3752 subter.

1937 3812 2065 3852 eam
2100 3789 2462 3847 ﬁrmavimus
2492 3791 2548 3841 et
2579 3783 2756 3856 sigilli
2788 3783 2971 3838 nostri
3021 3781 3408 3853 impressione
3436 3787 3583 3840 assi-

1935 3883 2085 3956 gniri
2110 3879 2425 3951 jussimus.
3400 3937 3409 3946 .

2005 3971 2233 4041 Signum
2261 3965 2448 4020 damni
2476 3959 2790 4017 Cimonradi
2818 3959 2901 4029 (L.
2935 3957 3037 4027 M.)
3083 3957 3471 4026 gloriosissimi
3495 3975 3582 4016 re-

1933 4063 2040 4130 gis-
3579 4117 3584 4122 .

2003 4144 2304 4204 Odalricus
2336 4136 2717 4196 cancellarius
2750 4134 2870 4189 vice
2907 4132 3179 4209 Aribonis
3216 4132 3581 4207 archicapel-

1932 4238 2050 4294 lani
2082 4230 2406 4305 recognovi.

2002 4328 2149 4382 Data
2176 4340 2231 4378 x1
2264 4319 2412 4385 Kal,
2448 4317 2640 4384 Fcbr.,
2673 4311 2991 4369 indictione
3039 4329 3158 4378 vm,
3210 4328 3362 4368 anno
3394 4313 3587 4374 Domi.

1933 4418 2072 4471 nicas
2103 4406 2522 4468 Incarnationis
2554 4407 2711 4472 1025,
2748 4419 2900 4458 anno
2939 4417 3070 4457 vero
3122 4400 3322 4457 domni
3355 4401 3586 4460 Cbuon-

171 4505 564 4587 praesentibus
594 4500 817 4558 scilicet
864 4491 1321 4587 atque_futuris,
1357 4487 1605 4587 qualiter
1651 4504 1820 4587 vene:
1856 4511 1902 4574 Β
1936 4504 2058 4560 radi
2093 4499 2335 4558 secundi
2359 4495 2663 4587 regnantis
2688 4511 2723 4548 Ι,

171 4577 374 4657 rabilis
404 4594 586 4652 abbas
616 4589 853 4646 nomine
897 4582 1322 4639 Truchtmarus
1375 4580 1633 4632 nostram
1680 4577 1823 4632 adiit

172 4683 600 4746 excellentiam,
635 4674 980 4750 suppliciter
1000 4687 1173 4727 orans
1204 4673 1267 4724 ut
1297 4669 1498 4722 nostra
1517 4664 1828 4737 magniﬁca

174 4771 576 4832 muniﬁcentia
592 4767 1059 4840 prospiceremus
1086 4756 1438 4814 monasterio
1462 4754 1555 4809 cui
1578 4771 1825 4826 praeesse

172 4863 490 4928 videretur,
538 4857 693 4931 quod
751 4860 841 4910 est
898 4851 1298 4908 constructum
1350 4861 1527 4916 super
1582 4843 1823 4899 fluvium

174 4951 408 5008 Wisera
435 4947 634 5004 inloco
666 4945 763 5016 qui
783 4943 998 4998 dicitur
1025 4939 1183 4994 Nova
1197 4934 1434 4991 Corheia
1460 4933 1516 4986 in
1544 4931 1823 4988 honorem

176 5040 281 5099 Dei
313 5043 370 5097 et
398 5037 584 5094 sancti
617 5032 896 5106 Stephani
956 5023 1419 5100 protomartyris,
1451 5020 1550 5075 ubi
1589 5025 1645 5075 et
1673 5021 1825 5076 beati

175 5128 292 5184 Viti
326 5126 600 5196 martyris
631 5123 886 5196 pretiosa
939 5118 1182 5189 pignora
1229 5109 1446 5168 servari
1480 5115 1822 5164 noscuntur.

178 5217 360 5288 Cujus
382 5211 645 5287 petitioni
666 5205 995 5266 rationabili
1021 5205 1256 5276 propter
1287 5197 1544 5252 divinum
1570 5214 1826 5254 amorem

178 5309 237 5362 et
291 5302 722 5360 venerationem
775 5298 1080 5352 beatorum
1139 5291 1462 5359 martyrum
1520 5302 1827 5342 assensum

179 5393 527 5466 prabentes,
588 5389 695 5443 hos
770 5384 964 5456 apices
1022 5375 1354 5434 serenitatis
1412 5380 1621 5430 nostrae
1679 5376 1831 5432 circa

181 5463 378 5554 ipsum
411 5474 832 5534 m’onasterium
861 5467 1427 5539 ﬁerijussimus,per
1457 5479 1605 5534 quos
1634 5463 1828 5520 decer-

183 5571 381 5633 nimus
403 5570 582 5640 atque
600 5556 1207 5636 jubemus,przecipue
1237 5558 1301 5610 ut
1331 5555 1676 5626 potestatem
1708 5569 1829 5611 mo-

2002 4594 2209 4646 Actum
2241 4585 2498 4643 Goslare.

2711 4671 2807 4724 ΙΙΙ.

1936 4763 2251 4824 Chuonradi
2281 4763 2326 4817 Il
2357 4759 2535 4815 Italiae
2565 4758 2706 4826 regis
2747 4757 3008 4829 diploma,
3042 4773 3145 4826 quo
3183 4756 3585 4827 conﬁrmatju-

2148 4853 2212 4890 ra
2242 4831 2570 4887 monasterio
2608 4828 2838 4883 LuccnSi
2867 4828 3054 4883 Sancti
3086 4829 3368 4882 Pontiani.

2554 4917 2739 4985 (Anno
2772 4916 2958 4982 1025.)

2293 5011 2643 5081 [ΜυιιΑνι-οιιι,
2676 5005 2858 5075 Antiq.
2881 5005 3002 5059 Ital.
3038 5003 3080 5072 Ι,
3114 5004 3228 5073 93.]

2009 5125 2071 5178 1n
2105 5118 2338 5175 nomine
2369 5117 2582 5168 sancta:
2610 5114 2665 5164 et
2697 5109 3007 5164 individua;
3037 5106 3590 5174 Trinitatis,CHUON-

1942 5228 2142 5276 nauus,
2180 5207 2374 5263 divina
2406 5203 2632 5258 favente
2662 5199 2993 5265 clementia,
3027 5215 3143 5266 rex,
3177 5201 3313 5263 etc.,
3336 5194 3590 5268 qualiter

1940 5293 2192 5347 domnus
2221 5283 2566 5342 Ambrosius
2594 5279 2942 5336 venerabilis
2964 5278 3145 5334 abbas
3166 5281 3428 5333 nostram
3449 5292 3588 5349 sup-

1941 5380 2074 5453 plex
2090 5376 2228 5434 adiit
2254 5371 2680 5436 celsitudinem,
2715 5369 3032 5449 deprecans
3053 5371 3117 5423 ut
3140 5384 3243 5440 pro
3267 5365 3360 5422 Dei
3392 5380 3589 5421 amore

1944 5485 2167 5540 suaque
2199 5460 2624 5536 supplicatione
2654 5457 3076 5512 monasterium
3108 5457 3263 5530 quod
3306 5459 3593 5512 restaura-

1942 5559 2024 5614 vit
2055 5555 2319 5631 qumdam
2353 5553 2620 5607 matrona
2652 5545 2830 5602 Willa
2857 5551 3272 5618 vocata,mater
3300 5562 3436 5602 vero
3467 5545 3588 5600 Hu-
