3968 6126
336 310 500 382 104⁸1
522 350 529 356 ·

1695 311 2012 379 MONUM.
2056 309 2382 377 DI‘PLOM.

3582 298 3793 373 ιοκς

334 451 504 527 genis
532 447 731 524 inclyti
756 447 1246 524 marchionis,pro
1275 467 1382 506 sua
1411 449 1607 505 anima
1631 452 1687 505 et
1716 464 1820 520 pro
1850 447 1977 504 ani-
2006 445 2063 513 Α
2092 461 2247 513 mus,
2280 448 2347 500 ut
2376 443 2574 501 nullus
2605 444 2936 511 eorum,aut
2959 457 3201 499 suorum
3232 439 3544 519 hominum
3576 439 3763 496 dein-

338 541 551 597 mabus
571 541 836 596 omnium
868 541 1335 596 Christianorum
1368 539 1772 605 ﬁdelium,Deo
1796 538 1986 593 faven-

337 632 417 707 te,
450 628 590 685 foris
617 645 853 684 murum
886 629 1163 684 Lucensis
1213 628 1397 692 urbis,
1432 629 1489 682 in
1541 628 1724 682 honre
1755 631 1984 683 sancto-

340 735 470 777 rum
496 717 887 790 apostolorum
919 717 1169 790 Philippi
1199 721 1256 772 et
1283 718 1505 783 Jacobi,
1530 722 1587 771 et
1615 717 1799 771 sancti
1832 718 1984 772 Pon-

339 808 487 864 tiani
546 805 818 878 martyris
876 806 1110 873 Christi,
1172 807 1341 876 cujus
1399 804 1717 877 gloriosum
1777 822 1986 877 corpus

341 897 559 954 ibidem
591 895 922 968 requiescit,
952 900 1061 951 etc.

414 986 645 1054 Signum
673 984 861 1040 damni
894 984 1217 1039 Chuonradi
1246 984 1386 1053 regis
1414 984 1781 1038 invictissimi.

412 1077 581 1147 Hugo
610 1072 996 1129 cancellarius
1026 1072 1149 1128 vice
1184 1071 1455 1131 Aribonis
1497 1070 1991 1128 archicancellarii

340 1161 671 1235 recognovi.

415 1251 621 1308 Hiatus
653 1249 839 1322 Sigilli
871 1249 1020 1305 cerei
1052 1249 1357 1322 deperditi.

416 1340 565 1396 Data
594 1354 652 1393 Ix
682 1336 975 1393 Kalendas
1008 1336 1166 1405 Maii,
1200 1335 1516 1391 indictione
1543 1353 1663 1405 vm,
1698 1353 1850 1393 anno
1882 1338 1994 1393 Do-

348 1436 577 1495 minica
629 1435 1056 1492 Incarnationis
1116 1434 1276 1500 1025,
1334 1450 1486 1489 anno
1536 1438 1730 1491 autem
1788 1435 1996 1501 Domni

348 1525 683 1585 Chuonradi
716 1525 961 1581 secundi
993 1523 1293 1597 regnantis
1323 1523 1533 1595 primo.

419 1617 628 1672 Actum
659 1617 749 1671 est
769 1613 829 1668 in
852 1616 1115 1685 Augusta
1144 1611 1389 1668 civitate.

1122 1719 1213 1775 IV.

356 1807 674 1889 Chuouradi
700 1809 745 1889 ζ.
774 1808 1142 1889 Bomanorum
1193 1809 1543 1889 imperatoris
1594 1808 1855 1889 diploma,
1903 1827 2006 1889 quo
2036 1818 2084 1883 Β

428 1879 665 1936 Guidoni
691 1880 745 1935 II
767 1878 1023 1951 Farfensi
1052 1877 1257 1951 abbati,
1273 1877 1509 1950 ejusque
1555 1877 1884 1937 monasterio
1914 1877 2007 1939 tro-

424 1968 502 2008 na
529 1966 592 2007 ac
611 1951 747 2023 jura
767 1950 1102 2022 quaecunque
1122 1950 1427 2020 conﬁrmat.

983 2037 1170 2109 (Anno
1206 2038 1385 2110 1027.)

563 2126 916 2199 [ΜυιιΑΤοιιῃ
946 2127 1067 2180 Rer.
1102 2125 1204 2181 Ital
1236 2126 1434 2199 Script.
1469 2127 1623 2195 11,11,
1653 2131 1754 2184 501
1790 2130 1807 2203 ]

431 2240 495 2291 In
526 2232 764 2290 nomine
792 2237 1008 2290 sanctae
1041 2236 1098 2288 et
1123 2232 1435 2289 individua:
1465 2234 2015 2303 Trinitatis,Cuuox-

357 2337 550 2381 nanus
580 2320 753 2377 divus
783 2321 1182 2377 Romanorum
1215 2321 1537 2395 imperator
1563 2326 1883 2397 Augustus.

429 2409 760 2483 Comperiat
788 2410 1055 2466 omnium
1088 2409 1328 2467 solertia
1360 2411 1612 2483 qualiter
1639 2414 1827 2469 Guido
1848 2431 2015 2470 vene-

354 2498 561 2558 rabilis
582 2499 763 2555 abbas
791 2498 1134 2555 monasterii
1164 2499 1389 2555 Sanctaa
1420 2500 1612 2555 Mariae
1636 2501 1690 2556 in
1727 2502 2004 2558 comitatu

355 2587 666 2648 Sabinensi
698 2586 1114 2654 constructi,in
1135 2586 1260 2643 loco
1292 2587 1391 2660 qui
1423 2588 1636 2644 dicitur
1663 2590 2007 2660 Acutianus,

357 2680 619 2736 nostram
636 2676 840 2732 adiens
880 2676 1270 2749 praesentiam,
1295 2678 1549 2733 ostendit
1569 2679 1739 2735 nobis
1780 2685 2009 2736 nostro-

357 2783 493 2824 rum
505 2768 939 2823 antecessorum
954 2780 1158 2837 regum
1178 2764 1266 2820 vel
1289 2765 1708 2837 imperatorum
1724 2774 2012 2841 prtecepta

359 2855 551 2915 eidem
600 2853 956 2911 monasterio
1007 2855 1184 2921 facta,
1215 2858 1396 2927 atque
1439 2856 1780 2929 suppliciter
1808 2863 2011 2930 postu-

356 2944 508 3003 lans.
547 2985 560 3000 .
599 2985 612 2999 .
646 2984 661 3000 .
697 2984 712 3000 .
749 2985 762 2999 .
794 2981 810 2999 .
846 2943 1053 2999 eadem
1083 2947 1371 3016 praacepta
1402 2949 1606 3000 nostra
1636 2946 1926 3017 imperiali
1948 2964 2014 3002 ac

357 3032 689 3109 praeceptali
744 3032 1092 3089 auctoritate
1147 3033 1655 3089 conﬁrmaremus.
1707 3034 1823 3091 Nos
1880 3052 2014 3091 vero

354 3121 683 3197 ejusjustis
714 3121 1213 3194 postulationibus
1260 3123 1668 3191 asscntientes,
1702 3125 2010 3181 conﬁrma-

2094 550 2229 606 ceps
2262 535 2552 601 freda,aut
2575 534 2864 589 tributum
2884 534 3080 598 donet,
3102 531 3190 588 vel
3212 530 3551 587 mansiones
3568 529 3771 585 faciat

2096 622 2292 687 invite,
2325 627 2427 677 aut
2452 623 2767 693 ﬁdejussor
2815 624 2939 677 sine
2984 639 3089 677 suo
3118 620 3264 677 velle
3294 619 3527 687 existat,
3554 622 3662 674 aut
3691 616 3764 672 in

2096 711 2290 783 aliquo
2334 714 2510 768 donet
2536 711 2962 784 portonaticum
3004 715 3105 766 aut
3135 708 3466 782 ripaticum,
3493 706 3584 763 vel
3614 706 3764 762 her-

2095 801 2376 867 baticum,
2410 806 2510 856 aut
2541 800 2963 873 glandaticum,
2995 798 3083 855 vel
3130 797 3593 871 pontonaticum,
3626 800 3762 851 tam

2097 891 2169 946 de
2198 890 2502 946 monachis
2533 907 2710 963 quam
2732 889 3282 961 clericis,quamque
3306 887 3381 942 de
3407 885 3766 941 hominibus

2098 997 2274 1053 super
2303 984 2489 1036 terras
2510 996 2711 1036 eorum
2734 978 3271 1044 residentibus,tam
3287 973 3560 1048 ingenuis
3572 990 3761 1046 quam

2097 1068 2423 1138 libellariis,
2457 1085 2632 1140 quam
2666 1072 2722 1124 et
2751 1067 2953 1124 servis.
2985 1069 3065 1122 Ac
3104 1082 3203 1121 eos
3249 1065 3359 1121 sub
3406 1069 3609 1119 nostra
3635 1064 3759 1118 tui-

2100 1158 2259 1214 tione
2288 1157 3036 1230 recipimus.Praacipientes
3069 1171 3206 1227 ergo
3222 1154 3503 1225 jubemus
3534 1156 3601 1207 ut
3628 1151 3764 1207 nul-

2102 1246 2196 1303 lus
2226 1248 2362 1313 dux,
2396 1246 2675 1314 marchio,
2695 1245 3026 1319 episcopus,
3050 1258 3266 1311 comes,
3290 1241 3631 1308 vicecomes,
3664 1240 3757 1296 vel

2103 1335 2319 1410 aliquis
2352 1339 2550 1391 noster
2571 1334 2790 1391 missus
2803 1330 3517 1399 discurrens,sculdasius,
3537 1329 3727 1402 gastal

2106 1426 2259 1491 dius,
2288 1423 2566 1496 nullaque
2594 1423 2778 1479 nostri
2807 1422 3038 1495 imperii
3068 1432 3281 1493 magna
3310 1435 3607 1492 parvaque
3633 1435 3759 1491 ρει-ο

1994 1553 2000 1559 -
2107 1513 2533 1586 sona,praedicti
2567 1512 2903 1568 monasterii
2927 1510 3016 1567 vel
3038 1508 3357 1566 monachos
3377 1512 3480 1563 aut
3498 1506 3758 1579 aliquem

2109 1602 2341 1659 ﬁdelem
2366 1602 2713 1675 inquietare,
2746 1601 3188 1668 molestare,aut
3209 1598 3280 1653 de
3300 1596 3415 1665 his,
3440 1613 3569 1669 qua:
3582 1611 3761 1668 supra

2109 1693 2327 1765 scripta
2352 1696 2509 1758 sunt,
2543 1691 2669 1747 sine
2699 1690 2870 1764 legali
2883 1688 3110 1761 judicio
3134 1686 3406 1743 divestire
3444 1688 3765 1758 prasumat

2118 1825 2129 1836 .
2163 1823 2175 1836 .
2213 1823 2225 1835 .
2262 1824 2274 1835 .
2311 1823 2323 1835 .
2358 1784 2414 1835 et
2438 1778 2724 1852 quidquid
2756 1779 2827 1834 de
2857 1776 3117 1851 praedicti
3156 1773 3496 1831 monasterii
3531 1790 3763 1846 posses-

2118 1869 2385 1927 sionibus
2412 1869 2590 1925 ﬁscus
2620 1872 2819 1925 noster
2844 1882 3080 1940 sperare
3126 1864 3401 1937 potuerit,
3433 1866 3627 1919 totum
3658 1879 3769 1920 nos

2118 1976 2222 2033 pro
2252 1962 2477 2014 interna:
2506 1955 2994 2014 remunerationis
3042 1952 3282 2027 pramio
3334 1952 3611 2026 praedicto
3640 1968 3766 2008 mo-

2120 2048 2374 2104 nasterio
2406 2047 2800 2104 concedimus.
2832 2086 2846 2101 .
2884 2086 2897 2099 .
2934 2085 2947 2098 .
2983 2087 2995 2099 .
3032 2085 3044 2099 .
3082 2087 3095 2099 .
3132 2084 3145 2098 .
3182 2084 3195 2098 .

2189 2139 2420 2208 Signum
2448 2136 2635 2192 damni
2674 2134 2995 2191 Chuonradi
3037 2132 3379 2190 screnissimi
3421 2132 3770 2203 imperatoris

2119 2227 2371 2295 Augusti.

2192 2316 2356 2389 Hugo
2390 2313 2770 2371 cancellarius
2816 2312 2936 2369 vice
2975 2312 3179 2368 domni
3227 2309 3539 2367 Haribonis
3576 2308 3771 2366 archio

2122 2402 2450 2460 cancellarii
2482 2402 2833 2475 recognovit.

2193 2494 2340 2548 Data
2370 2511 2402 2548 v
2432 2491 2668 2548 Kalend.
2703 2492 2918 2558 Martii,
2952 2507 3105 2547 anno
3149 2488 3469 2545 Dominicis
3494 2490 3773 2543 Incarna-

2115 2581 2291 2643 tionis
2329 2583 2481 2650 1027,
2516 2598 2669 2637 anno
2699 2598 2832 2637 vero
2864 2579 3067 2636 domni
3104 2577 3435 2635 Chuonradi
3467 2576 3775 2649 regnantis

2117 2671 2311 2738 tertio,
2342 2670 2572 2743 imperii
2603 2686 2837 2741 quoque
2862 2668 3073 2742 primo.

2189 2761 2393 2815 Actum
2429 2761 2621 2815 Rome
2662 2758 2925 2815 feliciter.

2912 2878 2981 2930 V.

2125 2966 2442 3022 Chuom-adi
2469 2968 2519 3022 II
2544 2967 2716 3022 Italia:
2763 2967 2908 3036 regis
2956 2982 3020 3020 ac
3072 2965 3248 3036 primi
3302 2964 3449 3018 inter
3502 2965 3779 3036 Augusto:

2190 3047 2525 3110 prmceptum
2563 3053 2664 3109 per
2718 3034 2859 3108 quod
2914 3034 3241 3092 monasterio
3268 3034 3782 3090 sanctimonialium

2196 3111 2522 3165 Lucensium
2553 3110 2769 3165 Domini
2808 3107 3108 3165 Saluatoris
3156 3108 3340 3163 omnia
3390 3107 3619 3161 illarum
3641 3106 3780 3177 jura

355 3182 641 3283 musujam
663 3182 819 3267 dicto
840 3210 1197 3267 monasterio
1221 3210 1507 3283 quidquid
1525 3212 1582 3266 in
1608 3182 2012 3284 superioribus
2041 3190 2084 3257 (ἶ
2195 3198 2258 3236 ac
2281 3182 2577 3253 Ρνίυίίθθία
2607 3182 2909 3284 conﬁrmi-

355 3300 687 3358 continetur
709 3299 1216 3373 praeceptis,prout
1237 3301 1399 3371 juste
1430 3304 1485 3355 et
1516 3299 1780 3373 legaliter
1809 3318 2011 3374 possu-

355 3406 510 3460 mus,
543 3387 808 3445 videlicet
838 3388 1126 3460 quidquid
1176 3388 1391 3445 habere
1441 3387 1673 3444 videtur
1715 3390 1774 3445 in
1804 3390 2007 3447 eodem

350 3474 641 3534 territorio
672 3475 1068 3543 Sabinensi,id
1099 3479 1207 3532 est.
1243 3517 1256 3530 .
1293 3519 1306 3530 .
1345 3518 1357 3531 .
1395 3518 1407 3531 .
1447 3477 1528 3531 .in
1558 3478 1839 3534 comitatu
1872 3480 2009 3535 Hor-

348 3568 510 3621 tano.
548 3605 562 3618 .
599 3604 613 3618 .
651 3604 664 3618 .
696 3601 714 3620 .
751 3604 766 3619 .
803 3607 816 3620 .
840 3563 901 3618 in
932 3563 1212 3619 comitatu
1244 3564 1838 3633 Viturbiensi,cellam
1869 3569 2008 3624 San-

349 3656 454 3709 cta:
486 3649 678 3707 Marias
701 3650 870 3721 juxta
896 3651 1139 3707 fluvium
1169 3651 1505 3707 Micionem.
1545 3696 1558 3708 .
1596 3696 1609 3709 .
1646 3695 1658 3708 .
1697 3655 1791 3709 .In
1825 3658 2003 3712 comi-

346 3741 476 3813 tatu
506 3736 839 3809 Spoletano.
877 3779 891 3792 .
929 3781 943 3795 .
978 3782 992 3794 .
1030 3781 1044 3794 .
1081 3781 1092 3793 .
1126 3740 1186 3794 in
1219 3739 1501 3795 comitatu
1546 3742 1790 3799 Assisio.
1828 3786 1840 3799 .
1884 3788 1895 3800 .
1934 3790 1947 3803 .
1988 3790 1999 3803 .

347 3826 409 3883 in
440 3825 722 3883 comitatu
749 3827 1092 3883 Ausimano.
1132 3872 1144 3883 .
1180 3870 1192 3883 .
1232 3869 1245 3883 .
1282 3870 1294 3882 .
1323 3827 1383 3883 in
1413 3831 1691 3886 comitatu
1733 3836 2006 3908 Senogal-

347 3913 541 3991 liensi.
578 3955 592 3971 .
628 3957 643 3971 .
678 3956 691 3971 .
728 3957 741 3970 .
779 3958 792 3971 .
822 3916 882 3972 in
941 3916 1223 3973 comitatu
1277 3917 1607 3976 Camerino.
1648 3964 1659 3975 .
1696 3964 1709 3976 .
1741 3963 1753 3975 .
1791 3964 1803 3977 .
1842 3966 1854 3978 .
1886 3964 1902 3980 .
1939 3926 2001 3981 in

345 4004 627 4063 comitatu
657 4005 949 4062 Firmano.
985 4048 998 4060 .
1032 4050 1043 4061 .
1083 4048 1095 4061 .
1133 4047 1145 4061 .
1185 4051 1198 4062 .
1235 4049 1247 4061 .
1281 4006 1339 4061 in
1391 4008 1673 4065 comitatu
1714 4012 2000 4069 Asculano

345 4134 365 4152 .
398 4134 414 4153 .
450 4135 465 4151 .
501 4138 515 4151 .
552 4138 565 4151 .
600 4136 615 4151 .
649 4094 708 4151 in
738 4094 1017 4165 comitatu
1048 4095 1404 4168 Aprutiensit
1442 4140 1454 4151 .
1494 4140 1506 4152 .
1546 4140 1558 4152 .
1597 4139 1609 4152 .
1645 4141 1657 4153 .
1696 4142 1709 4154 .
1743 4099 1800 4154 in
1826 4103 2002 4156 comi-

341 4185 471 4239 tatu
500 4181 799 4239 Pinnensi.
828 4225 841 4239 .
880 4227 893 4239 .
930 4226 942 4239 .
980 4226 992 4239 .
1023 4223 1039 4239 .
1076 4185 1136 4240 in
1169 4185 1451 4240 comitatu
1500 4186 1793 4244 Balhensi.
1832 4231 1844 4243 .
1882 4232 1893 4243 .
1933 4233 1945 4245 .
1983 4233 1994 4245 .

342 4270 404 4327 in
440 4270 721 4327 comitatu
751 4272 1098 4328 Marsicano.
1138 4313 1150 4326 .
1188 4313 1202 4328 .
1241 4316 1254 4328 .
1294 4315 1307 4326 .
1343 4316 1355 4329 .
1394 4314 1406 4327 .
1444 4315 1457 4328 .
1495 4314 1508 4328 .
1536 4317 1548 4329 .
1586 4276 1740 4331 Infra
1787 4277 1994 4333 urbem

341 4362 588 4414 Romam
617 4358 924 4416 ecclesiam
972 4361 1195 4416 Sanctae
1236 4361 1447 4427 Mariae,
1472 4366 1529 4417 et
1576 4363 1774 4420 Sancti
1810 4370 1995 4422 Bene-

341 4445 482 4502 dicti
507 4462 642 4502 cum
672 4448 892 4520 cryptis
922 4453 977 4504 et
1007 4448 1215 4519 muris,
1241 4453 1298 4504 et
1326 4465 1461 4504 cum
1491 4450 1729 4507 introitu
1749 4457 1806 4509 et
1835 4456 1992 4511 exitu

2745 3270 2928 3340 (Anno
2963 3268 3146 3338 4027.)

2278 3360 2629 3430 [ΜυιὶΑνι-οιιι,
2659 3357 2755 3413 ubi
2782 3374 2972 3429 supra,
3001 3357 3188 3429 Antiq.
3228 3355 3355 3412 Ital.
3391 3356 3466 3423 II,
3495 3354 3613 3425 95.]

2188 3476 2251 3529 In
2282 3475 2517 3530 nomine
2549 3473 2971 3545 omnipotentis
3001 3472 3122 3540 Dei,
3146 3469 3771 3539 Chuonradus,aeterni

2117 3580 2361 3619 munere
2390 3562 2727 3635 Largitoris,
2763 3579 2879 3619 rex.

2118 3702 2123 3705 .
2184 3653 2241 3707 Si
2273 3652 2493 3725 aliquid
2514 3651 2657 3707 locis
2677 3651 2872 3706 divino
2893 3649 3072 3706 cultui
3099 3648 3447 3721 mancipatis
3478 3648 3773 3722 largitatis

2114 3746 2324 3797 nostris
2347 3757 2587 3797 munere
2610 3738 3079 3805 conferimus,vel
3096 3737 3769 3802 collataconﬁrmamus,

2111 3830 2184 3885 ad
2208 3835 2431 3885 aeternae
2464 3827 2868 3885 retributionis
2890 3828 3130 3900 praemia
3159 3825 3328 3883 nobis
3360 3827 3638 3899 prodesse
3667 3842 3770 3882 ne-

2112 3935 2409 3990 quaquam
2459 3918 2809 3973 difﬁdimus.
2841 3917 3119 3973 Omnium
3166 3915 3344 3989 igitur
3401 3919 3617 3970 sanctis
3662 3914 3768 3970 Dei

2110 4006 2377 4062 Ecclesia:
2409 4012 2743 4063 nostrorum
2774 4005 3151 4078 praesentium
3202 4009 3376 4076 atque
3428 4004 3764 4059 futurorum

2110 4096 2328 4151 notitiae
2359 4100 2551 4168 pateat
2582 4094 2837 4166 qualiter
2876 4094 3204 4150 interventu
3234 4093 3458 4149 dilectae
3489 4092 3767 4166 conjugis

2109 4188 2317 4239 nostra:
2349 4183 2540 4252 Gislae,
2576 4199 2678 4254 per
2707 4182 2858 4239 hanc
2909 4183 3095 4238 nostri
3137 4181 3407 4254 praecepti
3459 4179 3763 4253 paginam,

2107 4277 2279 4344 prout
2300 4273 2461 4344 juste
2482 4275 2539 4327 et
2576 4270 2838 4344 legaliter
2879 4287 3217 4343 possumus,
3248 4270 3673 4325 conﬁrmamus
3705 4275 3761 4324 et

2105 4362 2553 4416 corroboramus
2587 4361 2944 4415 monasterio
2976 4358 3208 4415 Domini
3238 4357 3575 4423 Salvatoris,
3600 4358 3763 4429 quod

2104 4455 2192 4505 est
2212 4451 2365 4505 intra
2387 4467 2593 4506 muros
2607 4449 2770 4505 urbis
2797 4450 2954 4504 Luca:
2972 4453 3395 4516 constructum,
3414 4451 3474 4502 et
3488 4446 3760 4517 ejusdem

338 4532 598 4603 illarum,
630 4537 688 4591 et
718 4551 922 4621 campo
952 4537 1022 4591 de
1051 4536 1371 4609 Agonis.In
1417 4537 1647 4596 civitate
1672 4541 1993 4614 Tyburtina
2021 4554 2069 4621 Ι)
2100 4537 2209 4594 loci
2248 4538 2578 4606 abbatissa,
2629 4555 2758 4611 quae
2814 4542 3055 4593 vocatur
3104 4536 3377 4611 Alperga,
3410 4535 3765 4607 cunctisque

338 4662 354 4679 .
390 4664 403 4677 .
442 4665 455 4679 .
491 4665 505 4679 .
541 4664 555 4678 .
599 4664 613 4679 .
651 4664 666 4679 .
699 4618 761 4679 in
810 4625 1091 4681 comitatu
1136 4625 1399 4682 Reatino.
1439 4668 1451 4682 .
1486 4671 1495 4681 .
1530 4668 1545 4685 .
1587 4671 1598 4683 .
1636 4670 1648 4683 .
1686 4672 1697 4685 .
1734 4630 1794 4686 in
1823 4633 1988 4688 Ami-

335 4713 524 4779 terno,
556 4709 616 4766 in
647 4710 930 4767 comitatu
962 4712 1309 4770 Furconino.
1349 4755 1361 4768 .
1400 4757 1411 4769 .
1450 4756 1461 4769 .
1501 4757 1512 4767 .
1544 4754 1559 4771 .
1600 4757 1612 4770 .
1633 4717 1832 4772 omnia
1861 4736 1989 4790 qua:

334 4798 397 4856 in
426 4796 724 4873 integrum
756 4800 828 4857 ad
861 4801 1201 4873 praedictum
1243 4803 1665 4859 monasterium
1698 4807 1988 4876 pertinere

332 4889 611 4945 videntur
629 4888 792 4961 juste
821 4894 877 4944 et
905 4888 1188 4962 legaliter,
1214 4895 1315 4946 aut
1344 4892 1417 4947 ab
1466 4892 1597 4948 aliis
1646 4893 1985 4951 hominibus

328 4977 515 5034 Deum
548 4977 898 5034 timentibus
923 4978 1279 5051 acquisierit,
1314 4983 1416 5034 aut
1458 4981 1531 5035 ab
1563 4980 1655 5037 his
1685 4982 1783 5053 qui
1815 4984 1985 5040 modo

328 5066 401 5124 de
433 5067 609 5123 rebus
633 5066 903 5124 Ecclesia:
924 5066 1143 5137 injuste
1166 5072 1386 5135 tenent,
1420 5073 1476 5124 et
1506 5086 1632 5140 quae
1668 5070 1723 5125 in
1755 5070 1985 5127 civitate

328 5152 612 5223 Romana,
647 5155 826 5211 autin
850 5154 1047 5227 aliqua
1068 5159 1231 5229 parte
1272 5156 1454 5212 nostri
1478 5157 1842 5228 regniltalici
1879 5160 1981 5215 ha-

324 5242 459 5300 bere
514 5244 766 5313 videtur,
830 5248 934 5299 aut
990 5243 1353 5315 acquisierit,
1389 5260 1493 5317 per
1552 5244 1658 5300 hoc
1714 5252 1981 5303 nostrum

323 5336 679 5403 prmceptum
729 5333 921 5389 eidem
967 5338 1169 5389 sancto
1219 5332 1342 5389 loco
1396 5332 1815 5389 conﬁrmamus
1863 5353 2017 5392 una-

324 5432 461 5473 cum
485 5420 673 5487 terris;
707 5420 911 5478 vineis.
946 5464 958 5477 .
997 5463 1011 5478 .
1046 5464 1059 5477 .
1088 5463 1102 5478 .
1140 5465 1153 5477 .
1190 5463 1203 5477 .
1236 5466 1250 5479 .
1285 5426 1459 5494 atque
1498 5439 1601 5494 pro
1632 5421 1734 5477 Dei
1760 5441 1975 5495 amore,

323 5508 640 5577 nostraque
691 5509 899 5564 anima:
951 5511 1137 5568 salute
1184 5509 1374 5566 eidem
1425 5511 1776 5568 monasterio
1808 5514 1978 5570 mini-

323 5594 647 5650 strantibus
678 5612 782 5667 per
811 5595 921 5653 hoc
979 5605 1246 5656 nostrum
1294 5604 1651 5673 praeceptum
1683 5604 1971 5674 perdona-

2101 4628 2499 4685 monachabus
2530 4627 2776 4683 Domino
2800 4627 2880 4683 ibi
2902 4624 3467 4682 famulantibus......
3500 4625 3634 4696 ejus
3663 4640 3760 4680 res

2101 4721 2158 4772 et
2188 4717 2568 4789 proprietates
2601 4720 2719 4770 tam
2743 4732 2889 4787 quas
2902 4731 3058 4771 nunc
3072 4715 3250 4771 habet
3273 4724 3452 4786 quam
3478 4713 3760 4786 imposta-

2100 4822 2229 4860 rum
2261 4805 2548 4871 habuerit,
2583 4821 2718 4859 cum
2740 4804 2912 4860 terris
2941 4804 3118 4860 cultis
3165 4806 3222 4860 et
3250 4802 3512 4868 incultis,
3548 4802 3753 4869 vineis,

2099 4894 2303 4965 pratis,
2338 4893 2593 4966 pascuis,
2628 4891 3453 4964 silvis,piscationibus,servis
3485 4898 3540 4947 et
3569 4890 3754 4947 ancil-

2097 4983 2193 5043 lis.
2252 4982 2423 5054 aquis
2476 4998 2883 5054 aquarumque
2939 4982 3310 5053 decursibus,
3368 4979 3751 5045 molendinis,

2096 5088 2448 5143 omnemque
2475 5071 2887 5140 substantiam,
2921 5087 3100 5142 quam
3138 5070 3302 5127 locus
3333 5069 3488 5125 idem
3519 5069 3755 5125 videtur

2096 5160 2328 5215 habere.
2382 5159 2707 5215 Statuimus
2755 5160 2931 5216 etiam
2977 5165 3041 5216 ut
3095 5160 3311 5216 abhinc
3339 5160 3399 5215 in
3443 5163 3749 5230 posterum

2098 5249 2382 5321 quidquid
2408 5249 2641 5319 praefato
2658 5250 3014 5305 monasterio
3051 5265 3154 5322 per
3183 5248 3478 5305 dationem
3511 5246 3750 5320 religim

2091 5353 2291 5392 eorum
2312 5335 2592 5402 virorum,
2606 5352 2709 5392 seu
2730 5338 3071 5393 devotarum
3090 5337 3441 5393 feminarum
3463 5333 3748 5392 collatum

2090 5424 2524 5492 exstiterit,sub
2555 5425 2738 5481 nostri
2769 5424 3209 5483 conﬁrmatione
3238 5424 3527 5499 praecepti.
3561 5423 3747 5481 Volu-

2089 5530 2224 5570 mus
2254 5514 2431 5569 etiam
2464 5518 2529 5569 ut
2575 5513 2915 5585 praedictum
2963 5518 3385 5572 monasterium
3434 5499 3658 5570 nostris
3684 5517 3749 5570 et

2088 5600 2300 5660 futuris
2329 5602 2694 5675 temporibus
2724 5618 2844 5659 una
2872 5619 3007 5661 cum
3052 5604 3328 5661 omnibus
3356 5603 3534 5660 rebus
3561 5606 3745 5674 atque
