3968 6126
162 339 324 409 1019

1456 330 1989 406 CHUONBADUS
2029 334 2085 400 II
2124 335 2281 403 1MP.

3402 314 3601 404 abso?

161 479 403 538 familiis
422 478 686 539 immune
700 478 981 539 consistat
998 478 1245 553 ab,omni
1259 477 1491 551 publica
1507 476 1804 533 iunctione
1834 470 1890 538 Α
1912 476 2030 529 Deo
2053 474 2427 530 servientium
2451 472 2509 530 in
2533 474 2795 532 futurum
2815 473 3174 534 sufﬁcienter
3197 474 3412 537 habere
3434 496 3554 537 me-

162 573 220 627 et
247 570 659 627 redhibitione.
685 572 753 627 Et
783 573 831 628 si
861 571 1097 644 quando
1130 569 1432 626 abbatissa
1472 565 1702 630 obierit,
1734 566 1805 620 de

163 659 385 716 eisdem
416 659 561 731 ipsis
591 660 829 732 eligant,
863 677 1041 732 quam
1071 659 1236 715 bonae
1265 658 1395 713 vita:
1454 654 1800 710 invenerint.

163 747 542 818 Praesipimus
573 753 768 803 autem
791 752 856 803 ut
881 747 1081 804 nullus
1103 748 1286 817 judex
1315 743 1587 817 publicus
1620 741 1704 797 vel
1739 759 1805 796 ex

157 835 476 907 judiciaria
498 840 782 907 potestate
812 835 1011 908 aliqua
1040 835 1193 890 infra
1212 834 1356 889 illud
1384 832 1805 888 monasterium

165 940 269 980 seu
300 924 598 990 ecclesias,
620 924 789 980 villas
812 929 912 979 aut
943 924 1197 997 reliquas
1229 923 1629 994 possessiones
1659 937 1806 994 quas

167 1028 328 1070 nunc
350 1012 543 1083 habet,
561 1012 649 1069 vel
668 1014 725 1068 in
750 1017 920 1069 antea
945 1012 1300 1085 acquisierit,
1317 1011 1806 1067 mansionaticum

166 1102 415 1175 exigere,
433 1106 536 1156 aut
559 1102 669 1157 {ide
682 1103 950 1173 jussores
978 1100 1197 1168 tollere,
1220 1105 1321 1155 aut
1342 1100 1807 1171 hominesipsius

171 1189 533 1256 monasterii,
566 1194 687 1245 tam
743 1190 1030 1263 ingenuos
1090 1207 1266 1261 quam
1325 1205 1541 1255 servos,
1593 1188 1809 1259 injuste

170 1276 660 1350 distringere,aut
688 1279 1065 1334 inconsuetas
1097 1276 1430 1334 occasiones
1462 1277 1812 1349 requirendo

171 1382 305 1423 eum
330 1366 555 1439 ingredi
579 1370 914 1438 praasumat.
939 1367 1049 1421 Sed
1073 1365 1243 1421 liceat
1274 1369 1608 1421 memoratae
1638 1366 1812 1421 abba-

168 1456 472 1522 tissts,seu
493 1460 552 1511 et
581 1454 676 1511 his
701 1472 827 1526 quae
843 1459 979 1526 post
1016 1471 1144 1510 eam
1175 1454 1439 1525 ejusdem
1470 1454 1812 1509 monasterii

172 1544 435 1618 regimen
467 1543 799 1610 habuerint,
833 1561 967 1599 cum
988 1543 1217 1599 ancillis
1240 1543 1335 1598 Dei
1358 1542 1436 1597 ibi
1463 1544 1811 1615 degentibus

171 1630 489 1704 tranquille
516 1631 725 1702 vivere,
757 1636 814 1687 et
844 1633 1178 1688 monasticis
1200 1634 1657 1689 conversationis
1687 1651 1815 1707 pro-

170 1722 455 1796 positum,
489 1721 683 1794 quiete
712 1738 961 1789 servare,
996 1739 1061 1778 ac
1085 1739 1188 1794 pro
1220 1721 1409 1777 salute
1463 1727 1662 1778 nostra
1710 1742 1811 1779 seu

1913 567 2169 618 reantur.
2219 564 2302 619 Ob
2358 582 2617 621 amorem
2676 566 2791 633 Dei,
2845 568 3287 640 remediumque
3344 570 3554 627 animae

1914 659 2143 719 nostrae,
2178 671 2241 709 ac
2272 672 2677 711 successorum
2711 661 3042 713 nostrorum
3073 676 3279 731 regum
3313 664 3413 715 aut
3440 659 3551 715 im-

1915 746 2268 814 peratorum,
2289 745 2641 800 conterimus
2664 745 2748 801 eis
2767 746 2836 801 ad
2869 746 3279 803 sufﬁcientiam
3314 765 3556 805 suorum

1914 831 2121 887 cellam
2142 833 2337 888 Sancti
2362 834 2649 889 Benedicti
2677 836 2732 889 in
2764 835 3001 897 Bucino,
3020 840 3238 891 curtem
3260 843 3315 892 et
3330 837 3555 908 plebem

1915 922 2137 976 Sanctae
2161 922 2353 977 Mariae
2373 922 2429 976 in
2460 923 2720 989 Lamule,
2748 930 2972 979 curtem
2993 924 3186 979 S‘ancti
3205 926 3481 997 Stephani
3499 927 3558 982 in

1916 1010 2226 1066 Monticolo
2287 1029 2420 1068 cum
2482 1017 2669 1067 castro
2719 1013 3178 1080 Montelatronis,
3211 1021 3456 1084 curtem,
3491 1017 3563 1073 de

1915 1100 2137 1155 Mustra
2162 1118 2294 1155 cum
2327 1106 2516 1157 castro
2550 1102 2946 1173 Montenegro,
2980 1108 3203 1158 curtem
3255 1105 3326 1160 de
3366 1106 3559 1161 Lami-

1922 1190 2115 1255 niana,
2152 1207 2283 1244 cum
2317 1192 2515 1245 Castro
2548 1190 3078 1261 Montepenzutulo.
3111 1192 3262 1247 sicut
3308 1193 3560 1250 Ubertus

1922 1278 1991 1331 ad
2028 1296 2267 1333 manum
2300 1296 2469 1334 suam
2504 1279 2775 1345 detinuit,
2810 1285 3034 1335 curtem
3067 1282 3263 1337 Sancti
3314 1282 3560 1351 Miniati,

1922 1372 2143 1423 curtem
2197 1368 2393 1423 Sancti
2452 1369 2665 1432 Quirici
2702 1369 2756 1423 in
2792 1369 3100 1433 Piscinule,
3133 1376 3189 1425 et
3220 1373 3415 1427 Sancti
3474 1373 3559 1428 Si-

1921 1456 2166 1522 meonis,
2216 1462 2271 1511 et
2328 1458 2520 1512 Sancti
2578 1456 2889 1529 Peregrini,
2945 1464 3002 1512 et
3057 1464 3279 1515 curtem
3338 1464 3561 1517 Sancta:

1921 1544 2112 1599 Maria:
2145 1546 2215 1600 de
2246 1546 2445 1601 Olfena
2475 1563 2609 1601 cum
2639 1563 2826 1609 rocca,
2859 1563 2984 1617 quae
3017 1551 3254 1602 vocatur
3301 1547 3558 1618 Sanime,

1922 1650 1990 1688 cu
2001 1637 2146 1688 rtem
2171 1635 2240 1689 de
2262 1635 2449 1701 Palea,
2471 1641 2528 1690 et
2542 1634 2737 1690 Sancti
2757 1635 3107 1701 Sebastiani,
3124 1640 3348 1692 curtem
3365 1638 3563 1695 Sancti

1924 1721 2199 1792 Stephani
2235 1722 2293 1777 in
2326 1724 2575 1790 Tutona,
2606 1729 2831 1779 curtem
2889 1724 3085 1780 Sancti
3144 1725 3458 1782 Clementis
3503 1727 3563 1782 in

172 1810 338 1885 regni
370 1809 689 1867 stabilitate
720 1810 820 1866 Dei
869 1811 1336 1867 misericordiam
1390 1811 1722 1883 implorare.
1756 1815 1810 1868 Si
1846 1841 1894 1905 Β
1925 1809 2219 1865 Titiniano
2242 1828 2372 1864 cum
2400 1811 2590 1879 terris,
2615 1817 2671 1865 et
2692 1812 3036 1883 angariales,
3065 1818 3288 1868 curtem
3311 1815 3383 1869 de
3404 1816 3566 1874 Mus-

174 1901 311 1972 quis
340 1899 521 1976 igitur
561 1900 743 1971 hujus
794 1900 1083 1972 praecepti,
1131 1899 1286 1971 quod
1335 1916 1449 1954 non
1499 1901 1812 1971 credimus,

172 1988 422 2046 violator
451 1987 892 2058 exstiterit,auri
925 1987 1130 2060 optimi
1164 1987 1346 2043 libras
1379 1988 1537 2044 mille
1566 2006 1627 2045 se
1659 2007 1813 2045 com-

173 2078 510 2151 positurum
541 2080 839 2149 agnoscat,
856 2076 1228 2131 medietatem
1248 2093 1489 2132 cameraa
1514 2083 1820 2148 nostrre,et

175 2166 551 2223 medietatem
583 2162 870 2237 praedictae
901 2162 1160 2235 Alpergte
1218 2164 1528 2221 abbatissa:
1589 2168 1818 2239 sibique

177 2252 1116 2319 succedentibus.Quod,utverius
1127 2253 1398 2308 credatur
1412 2259 1467 2309 et
1481 2256 1819 2328 diligentius

176 2345 534 2410 observetur,
560 2357 737 2397 manu
761 2342 994 2413 propria
1013 2342 1353 2398 roborantes
1384 2343 1576 2417 sigillo
1623 2352 1819 2404 nostro

169 2433 323 2505 jussi
333 2449 466 2488 mus
496 2430 785 2503 insigniri.

243 2521 478 2593 Signum
505 2520 694 2576 damni
725 2518 1040 2575 Chuonradi
1067 2522 1406 2575 sermn'ssimi
1433 2526 1593 2594 regis.

529 2610 695 2664 Locus
722 2608 902 2676 sigilli
932 2612 960 2672 ’r
994 2609 1135 2662 cerei
1162 2608 1448 2679 deperditz'.

245 2700 412 2773 Hugo
437 2695 815 2753 cancellarius
840 2695 967 2774 .vice
997 2696 1198 2751 domui
1235 2699 1475 2754 Ariboni
1534 2702 1815 2776 archiepi-

173 2787 335 2860 scopi
354 2791 413 2843 et
439 2783 934 2842 archicancellarii
960 2786 1307 2857 recognovit.

246 2881 456 2935 Datum
489 2890 641 2931 anno
670 2873 989 2929 Dominicaa
1012 2873 1438 2933 Incarnationis
1472 2878 1631 2948 4027,
1665 2883 1815 2939 indi-

176 2966 371 3025 ctione
395 2981 474 3032 ιι,
508 2962 671 3036 regni
700 2978 836 3018 vero
865 2962 1064 3017 domui
1096 2961 1425 3019 Chuonradi
1456 2970 1698 3024 secundi
1730 2988 1817 3026 re-

172 3054 411 3132 gnantis
440 3070 500 3109 ιι.

241 3148 450 3202 Actum
478 3142 736 3198 Veronae.

938 3239 1032 3293 VI.

176 3330 493 3416 Chuonradi
522 3329 784 3416 "Augusti
857 3328 1140 3416 diplomth
1179 3346 1281 3416 orto
1330 3335 1515 3416 omnia
1564 3336 1698 3416 jura
1755 3354 1819 3416 ac

248 3406 388 3460 bona
409 3399 695 3471 conﬁrmat
727 3399 1022 3455 Guinizoni
1049 3399 1237 3456 abbati
1276 3399 1599 3461 monasterii
1631 3407 1818 3465 Sancti

246 3474 543 3532 Saluatoris
572 3475 633 3528 in
660 3473 875 3528 Amiate
896 3471 1133 3527 Clusina:
1151 3471 1449 3530 ddecescos.

784 3571 971 3641 (Anno
1004 3571 1185 3641 1027).

490 3661 838 3727 [Mum-rom,
865 3660 1042 3731 Antio.
1076 3662 1226 3731 Ital.,
1258 3661 1320 3728 V,
1356 3663 1504 3737 449.]

233 3768 300 3825 In
323 3767 560 3824 nomine
579 3769 793 3823 sancta:
816 3766 1203 3823 etindividuas
1222 3766 1549 3837 Trinitatis,
1581 3773 1811 3829 Canos-

162 3855 812 3926 mnus,divinafavente
828 3854 1787 3931 clementia,imperatorAugustus

233 3945 490 4020 Dignum
519 3948 609 3999 est
635 3944 834 4015 ut,qui
867 3944 1184 4015 prudenter
1218 3946 1313 4000 Dei
1347 3947 1630 4020 obsequia
1659 3952 1812 4005 ordi-

161 4048 303 4088 nare
334 4036 670 4104 procurant,
698 4035 775 4100 et,
806 4032 916 4087 hoc
965 4032 1036 4086 ad
1091 4033 1472 4090 stabilitatem
1523 4042 1806 4108 nostram,

161 4121 631 4177 corroboratione
661 4119 1144 4175 confirmaremus
1174 4130 1516 4194 exposcunt,
1550 4132 1615 4181 ut
1647 4132 1805 4185 tanto

157 4209 442 4267 libentius
470 4207 795 4264 obaudiunt
814 4212 1035 4277 quanto
1058 4209 1173 4264 Deo
1196 4211 1405 4281 placita
1421 4214 1807 4288 intelligimus

155 4304 215 4356 et
244 4296 575 4369 prudentia,
609 4295 724 4350 Deo
756 4298 1112 4365 protegente,
1145 4297 1296 4352 bono
1328 4301 1520 4356 studio
1552 4305 1622 4357 ad
1669 4308 1804 4363 effe-

152 4392 318 4443 ctum
346 4384 660 4456 perducere
681 4383 1142 4454 procuravimus.
1168 4386 1352 4457 Igitur
1370 4390 1635 4446 omnium
1668 4394 1805 4450 {ide-

149 4474 302 4531 lium
320 4474 532 4527 sanctae
556 4470 657 4525 Dei
684 4469 952 4533 Ecclesiae
977 4488 1042 4527 ac
1064 4477 1419 4541 nostrorum,
1439 4481 1802 4547 praesertium

1927 1915 2071 1953 sona
2128 1915 2261 1953 cum
2319 1903 2473 1954 terra
2503 1901 2572 1955 de
2606 1899 2827 1955 Redula
2884 1903 3103 1972 majore
3128 1907 3185 1957 et
3207 1903 3477 1974 .minore,
3511 1910 3569 1962 et

1926 1986 2143 2050 Bitena,
2167 1991 2223 2041 et
2280 1987 2556 2053 Canneta,
2593 1991 2648 2042 et
2679 1987 3038 2051 Herminula,
3071 1990 3437 2049 medietatem
3497 1996 3568 2051 de

1925 2078 2087 2128 curte
2144 2075 2337 2129 Sancti
2393 2075 2586 2130 Lazari
2618 2092 2753 2130 cum
2784 2094 2893 2131 sua
2922 2076 3187 2144 ecclesia,
3221 2086 3440 2138 curtem
3494 2085 3567 2140 de

1926 2163 2263 2229 Feroniano,
2299 2168 2522 2219 curtem
2583 2165 2653 2219 de
2687 2164 2977 2234 Citiliano,
3010 2170 3067 2221 et
3095 2173 3318 2224 curtem
3372 2172 3568 2227 Sancti

1928 2250 2242 2306 Salvatoris
2299 2251 2357 2306 in
2412 2252 2778 2324 Vigugnano,
2837 2259 3063 2310 curtem
3120 2258 3317 2313 Sancti
3375 2260 3569 2317 Severi

1928 2357 2105 2411 super
2163 2340 2391 2407 Latum,
2425 2346 2479 2396 et
2537 2340 2895 2397 curticellam
2930 2344 3000 2398 de
3061 2344 3568 2415 Bisenzo,curtem

1927 2430 2123 2483 Sancti
2180 2430 2424 2485 Joannis
2458 2430 2515 2484 in
2549 2430 2841 2498 Val‘riano,
2875 2437 2933 2487 et
2984 2434 3177 2489 Sancti
3236 2439 3567 2508 Satenrani,

1928 2521 2151 2571 curtem
2187 2519 2381 2573 Sancti
2406 2517 2776 2585 Columbani,
2802 2524 2858 2574 et
2887 2525 3110 2577 curtem
3143 2524 3337 2581 Sancti
3371 2527 3566 2586 Salva-

1928 2605 2069 2661 toris
2094 2606 2148 2660 in
2172 2606 2311 2661 villa
2333 2607 2584 2668 Racana,
2608 2606 2813 2663 cellam
2850 2612 3070 2664 Sanctia
3094 2610 3284 2667 Maria:
3316 2615 3374 2670 in
3400 2616 3566 2673 Vale-

1926 2696 2111 2763 riano,
2148 2695 2446 2751 curticella
2476 2696 2535 2751 in
2568 2696 2865 2752 Cartutule
2915 2715 3048 2753 cum
3112 2705 3263 2757 terra
3288 2708 3345 2758 et
3402 2705 3571 2762 vinea

1926 2801 2057 2856 qua:
2090 2791 2179 2841 est
2202 2803 2380 2857 prepc
2404 2786 2575 2840 fluvio
2605 2786 2852 2853 Varano,
2878 2792 3100 2843 curtem
3141 2790 3337 2847 Sancti
3371 2793 3567 2851 Salva-

1925 2874 2068 2929 toris
2113 2875 2169 2928 in
2200 2874 2909 2947 Campagnatico,curtem
2935 2876 3131 2931 Sancti
3164 2878 3311 2935 Petri
3344 2881 3403 2937 in
3435 2882 3567 2939 Cer—

1924 2963 2102 3029 varia,
2120 2968 2176 3019 et
2194 2968 2416 3019 curtem
2434 2964 2625 3019 Sancti
2656 2964 2936 3035 Stephani
2968 2965 3027 3019 in
3058 2966 3567 3036 Viniano,curtem

1927 3052 2125 3107 Sancti
2184 3052 2376 3108 Severi
2404 3052 2464 3106 in
2496 3052 2743 3107 Paterna
2800 3069 2933 3107 cum
2992 3070 3197 3126 campo
3236 3056 3568 3135 Albiniono,

1926 3140 2223 3196 curticella
2253 3158 2378 3212 qua:
2413 3141 2750 3195 nominatur
2776 3141 3065 3209 Croscule,
3088 3148 3146 3198 et
3167 3144 3480 3205 Curticella
3508 3151 3567 3206 in

1846 3208 1888 3273 (εἶ
1926 3230 2271 3287 Cursiniano
2303 3246 2435 3284 cum
2466 3230 2742 3285 omnibus
2771 3230 3138 3300 pertinentiis
3153 3236 3207 3287 et
3224 3235 3565 3304 adjacentiis

1926 3320 2070 3385 suis,
2088 3318 2293 3375 cellam
2316 3306 2513 3373 Sancti
2538 3318 2689 3372 Petri
2712 3317 2770 3371 in
2793 3319 3015 3388 Latem,
3043 3323 3100 3375 et
3130 3321 3337 3378 cellam
3367 3325 3564 3381 Sancti

1926 3408 2075 3464 Petri
2104 3408 2160 3463 in
2197 3407 2526 3462 Garmarita
2554 3423 2686 3461 cum
2728 3408 2938 3461 Sancto
2994 3409 3326 3477 Anastasio,
3358 3412 3563 3471 cellam

1924 3498 2116 3553 Sancti
2143 3495 2358 3561 Savini,
2379 3501 2436 3552 et
2458 3497 2683 3552 Sanctae
2726 3496 3117 3564 Restitute,et
3144 3501 3337 3555 Sancti
3388 3501 3562 3571 Petri,

1923 3594 1979 3644 et
1998 3587 2193 3644 Sancti
2211 3586 2489 3659 Stephani
2512 3586 2571 3640 in
2593 3586 2908 3658 'I‘erquino,
2929 3586 3133 3643 cellam
3166 3589 3390 3645 Sanctis
3445 3595 3561 3648 Ma-

1921 3680 2017 3733 ria:
2049 3679 2109 3732 in
2140 3676 2385 3747 Cognito
2436 3692 2539 3747 per
2579 3675 2703 3730 loca
2754 3675 3077 3749 designata.
3112 3677 3191 3733 De
3242 3697 3359 3735 una
3403 3686 3565 3753 parte

1922 3769 2049 3840 ripa
2082 3782 2213 3820 cum
2240 3766 2425 3830 Petra,
2446 3781 2572 3835 qua:
2599 3763 2784 3819 divisa
2805 3770 2894 3819 est
2914 3782 2948 3819 a
2979 3765 3122 3834 ripa.
3146 3765 3226 3821 De
3257 3766 3370 3821 alia
3400 3772 3565 3838 parte

1918 3857 2035 3910 vita
2055 3853 2450 3926 publica,quaa
2494 3851 2651 3905 venit
2680 3868 2782 3922 per
2801 3857 3051 3922 portam,
3089 3856 3145 3907 et
3176 3858 3330 3908 terra
3351 3855 3563 3912 Azonis

1919 3944 2022 3999 ﬁlii
2056 3940 2227 3998 Benzi
2257 3956 2392 3995 cum
2426 3939 2552 3994 suis
2602 3939 2993 3994 consortibus.
3028 3945 3107 3995 De
3163 3945 3374 4011 quarta
3429 3959 3561 3998 vero

1919 4036 2082 4107 parte
2109 4035 2199 4087 est
2232 4034 2403 4097 terra,
2430 4027 2531 4081 filii
2562 4026 2783 4082 Alonis.
2803 4028 2883 4083 Ea
2914 4027 3183 4083 videlicet
3216 4029 3438 4085 ratione
3498 4036 3562 4086 ut

1919 4123 1990 4180 ab
2022 4119 2207 4176 hacin
2242 4119 2503 4172 futurum
2537 4115 2809 4188 prmdicta
2836 4120 3037 4172 saneta
3068 4118 3437 4189 congregatio
3470 4119 3560 4176 his

1917 4210 2191 4268 omnibus
2222 4206 2611 4261 denominatis
2643 4203 2870 4260 cellulis
2891 4209 2948 4259 et
2973 4206 3237 4260 curtibus
3269 4223 3402 4261 cum
3435 4208 3560 4264 suis

1917 4301 2189 4357 omnibus
2248 4293 2611 4368 pertinentiis
2653 4298 2709 4348 et
2752 4293 3116 4365 adjacentiis,
3150 4297 3557 4353 tantummodo

1916 4391 2039 4445 suis
2071 4386 2424 4443 utilitatibus
2454 4383 2755 4449 habentes,
2787 4383 3003 4438 victum
3034 4383 3432 4457 vestitumque
3463 4403 3556 4442 re-

1913 4477 2192 4549 gulariter
2221 4479 2521 4529 sumentes
2552 4474 2624 4527 ab
2675 4471 2794 4527 ulla
2842 4472 3139 4541 dilatione,
3177 4473 3556 4531 solummodo

152 4560 379 4619 scilicet
395 4563 452 4615 et
473 4560 827 4627 futurorum,
851 4561 1170 4632 comperiat
1199 4563 1435 4618 solertia
1465 4566 1622 4636 quia,
1658 4569 1799 4623 dum
1832 4577 1878 4640 D
1911 4564 2125 4621 divinis
2155 4563 2247 4617 die
2297 4567 2587 4632 noctuque
2634 4561 2949 4633 persistant
2996 4562 3313 4634 obsequiis,
3348 4581 3413 4619 ac
3449 4580 3554 4635 pro

148 4667 258 4705 nos
286 4649 498 4705 dilecto
528 4646 687 4704 ﬁdeli
717 4653 918 4704 nostro
951 4649 1256 4706 Guinizoni
1290 4652 1487 4707 abbati
1539 4653 1796 4710 Coenobii

153 4737 381 4793 Domini
402 4741 459 4793 et
478 4736 797 4794 Salvatoris
814 4737 872 4792 in
899 4743 1098 4793 monte
1128 4739 1355 4795 Amiate
1387 4746 1791 4799 constructum

147 4826 223 4882 ad
241 4826 564 4897 regendum
584 4825 1078 4893 commiserimus,
1103 4831 1161 4881 et
1182 4828 1397 4884 ibidem
1422 4831 1686 4903 neglecta
1702 4836 1797 4893 Dei

148 4913 433 4985 obsequia
443 4918 500 4970 et
511 4914 979 4987 procurationem
997 4921 1108 4971 Deo
1121 4915 1337 4972 ibidem
1355 4918 1793 4990 famulantium,

146 5002 644 5076 predecessorum
678 5020 920 5059 suorum
949 5003 1199 5071 incuria,
1234 5005 1434 5061 multis
1478 5009 1669 5064 modis
1706 5028 1794 5066 re-

145 5088 757 5163 petisset,studiosius
779 5090 1094 5147 decertavit
1128 5094 1637 5165 congregationem
1671 5115 1793 5154 mo-

143 5176 470 5235 nachorum
493 5182 607 5235 Deo
630 5179 849 5234 ibidem
872 5180 1251 5235 servientium
1288 5181 1635 5254 regulariter
1668 5204 1791 5242 cor-

141 5266 354 5339 rigere,
377 5271 437 5324 et
452 5266 822 5325 solummodo
844 5268 1058 5324 divinis
1081 5269 1380 5339 obsequiis
1395 5271 1787 5331 deditos.......

142 5354 218 5411 ad
244 5354 661 5412 sufﬁcientiam
682 5372 925 5411 suorum
947 5356 1317 5429 largiremus,
1338 5364 1629 5430 quatenus
1644 5380 1789 5435 pra)-

139 5441 245 5499 lati
261 5444 391 5515 jam
412 5443 517 5500 fati
539 5443 880 5499 monasterii
922 5443 1155 5500 Domini
1187 5446 1525 5518 Salvatoris,
1558 5450 1655 5522 qui
1687 5468 1791 5523 per

137 5533 409 5604 tempora
435 5530 670 5599 fuerint,
705 5548 773 5587 ac
803 5547 1173 5591 successores
1204 5534 1361 5592 illius
1417 5537 1656 5595 abbates
1697 5541 1787 5597 vel

137 5620 440 5694 propositi
463 5635 605 5683 cum,
629 5619 911 5687 subiectis
954 5623 1280 5693 monachis,
1310 5625 1527 5682 victum
1568 5628 1784 5687 ibidem

1908 4651 2226 4709 stabilitate
2283 4650 2461 4705 totius
2516 4651 2745 4721 imperii
2804 4650 3037 4707 nobisa
3077 4652 3193 4706 Deo
3250 4652 3551 4707 commissi

1906 4739 2182 4796 studeant
2213 4754 2465 4792 exorare.
2493 4739 2603 4792 Sed
2638 4740 2791 4809 quod
2838 4742 2985 4793 bono
3033 4740 3250 4807 studio,
3286 4741 3553 4810 bonaque

1906 4828 2204 4883 voluntate
2254 4825 2518 4891 fecimus,
2559 4842 2872 4895 perennem
2906 4827 3119 4881 habeat
3149 4827 3549 4894 stabilitatem,

1907 4915 2077 4990 petiit
2102 4913 2376 4986 pietatem
2408 4916 2668 4966 nostram
2702 4917 2766 4966 ut
2807 4914 3071 4967 eamdem
3118 4914 3550 4970 ordinationem

1907 5009 2110 5060 nostra
2140 5004 2620 5057 conﬁrmaremus
2659 5000 3101 5071 conscriptione,
3136 5003 3289 5058 sicut
3328 5007 3384 5058 et
3413 5002 3549 5059 feci-

1904 5111 2059 5150 mus.
2085 5090 2341 5161 Denique
2363 5087 2536 5143 etiam
2560 5088 2933 5144 concedimus
2956 5091 3227 5161 praedicto
3250 5095 3549 5147 monaste-

1904 5184 1987 5238 rio
2028 5196 2233 5237 omnes
2265 5177 2541 5244 decimas,
2562 5178 2684 5230 frea
2704 5182 2760 5230 et
2790 5178 3127 5247 judiciaria,
3168 5178 3253 5234 vel
3312 5197 3545 5237 omnem

1901 5270 2387 5342 compositionem
2420 5271 2476 5320 et
2497 5265 2909 5320 exhibitioncm
2939 5265 3234 5336 publicam
3265 5285 3332 5323 ex
3358 5270 3546 5325 omni-

1899 5362 2013 5417 bus
2031 5358 2407 5414 manentibus
2421 5355 2671 5427 desuper
2687 5354 3026 5412 memoratis
3054 5355 3277 5413 cellulis
3298 5360 3546 5414 etcurti-

1897 5451 2010 5505 bus
2021 5450 2094 5503 ob
2109 5445 2430 5502 remedium
2453 5443 2661 5517 animis
2677 5450 3437 5519 nostraz,successorumque
3452 5465 3547 5503 no-

1896 5542 2153 5594 strorum
2199 5552 2401 5608 regum
2439 5534 2526 5590 vel
2554 5534 2997 5605 imperatorum,
3023 5535 3126 5606 qui
3156 5552 3256 5607 per
3285 5539 3548 5609 tempora

1887 5627 2133 5707 .fuerint,
2170 5626 2242 5681 ad
2275 5628 2506 5699 portam
2538 5623 2722 5697 ipsius
2754 5625 3092 5680 monasterii
3134 5626 3544 5682 conferendam
