3968 6126
401 346 550 416 1051

1751 349 2066 418 MONUM.
2111 345 2432 418 DIPLOM‘.

3634 344 3840 412 1052-

395 504 625 561 semper
655 488 725 544 ad
759 505 903 546 usus
920 488 1355 562 peregrinorum
1388 487 1818 546 sustendandos
1848 490 1908 544 in
1931 484 2036 544 ali-
2061 485 2118 556 Α
2146 489 2301 561 quod
2361 487 2516 562 apud
2575 486 2841 544 eamdem
2875 489 3100 543 curtem
3131 482 3280 542 solet
3307 481 3530 551 haberi,
3554 487 3612 541 et
3648 500 3796 540 cum

395 579 655 635 moniam
677 583 733 635 et
753 584 1137 651 augmentum
1152 579 1360 633 animae
1384 582 1593 634 nostrae
1616 582 1848 651 propter
1860 578 2038 633 offen-

393 667 588 724 siones
601 667 888 723 malorum
904 683 967 722 ac
990 683 1300 738 pravorum
1314 666 1617 722 hominum
1629 684 1774 739 ,qure
1794 669 2036 723 sufferre

393 756 636 812 minime
684 760 1011 811 sustentare
1066 761 1395 827 potuerant.
1432 757 1795 828 QuaprOpter
1844 757 2032 812 eidem

393 848 593 901 sancto
624 844 749 900 loco
775 845 883 899 hoc
915 849 1180 900 nostrum
1204 850 1554 918 prmceptum
1580 845 2030 915 ﬁerijussimus,

388 952 496 1007 per
525 934 676 1005 quod
702 932 1175 1005 praecipimus,ut
1200 934 1271 988 ab
1305 933 1412 989 hac
1443 935 1502 988 in
1537 934 1798 988 futurum
1830 935 2031 989 eadem

390 1028 594 1083 sancta
623 1023 992 1096 congregatio
1042 1040 1173 1078 cum
1213 1023 1372 1077 omni
1430 1023 1772 1094 quietudine
1813 1024 2033 1094 absque

391 1112 510 1168 ullo
537 1111 767 1184 publico
799 1111 1059 1183 repetita,
1084 1128 1150 1165 ac
1172 1110 1410 1166 rectoris
1432 1111 1539 1165 loci
1583 1112 1767 1183 ipsius
1799 1113 2030 1167 subtra-

390 1207 484 1258 cta
543 1202 776 1258 easdem
835 1199 1074 1256 cellulas
1105 1203 1161 1255 et
1191 1205 1385 1255 curtes
1415 1200 1473 1255 in
1506 1201 1630 1256 suis
1671 1199 2028 1257 utilitatibus

388 1310 453 1348 ac
486 1290 930 1347 necessitatibus
988 1289 1259 1353 habeant,
1286 1294 1342 1343 et
1391 1289 1682 1357 ordinent,
1705 1291 1942 1356 faciant,
1975 1294 2030 1345 et

388 1381 721 1452 disponant,
757 1382 1045 1450 quatenus
1066 1377 1271 1433 exinde
1301 1377 1714 1432 sufﬁcientiam
1747 1378 2028 1434 habentes

385 1473 444 1526 in
469 1471 681 1527 divinis
704 1467 1022 1540 obsequiis,
1046 1473 1103 1522 et
1126 1467 1293 1524 nobis
1319 1485 1519 1523 eorum
1542 1467 2028 1540 famulatioperﬁ-

385 1561 500 1617 ciat
521 1557 930 1631 sempiternale
954 1556 1294 1612 remedium.
1330 1557 1388 1611 Si
1418 1573 1534 1627 qua
1571 1573 1724 1623 vero,
1755 1556 1910 1628 quod
1943 1557 2026 1610 l‘u-

382 1655 583 1705 turum
615 1647 856 1702 minime
885 1646 1430 1717 credimus,magna
1453 1662 1745 1717 parvaque
1776 1663 2027 1718 persona

385 1742 585 1793 contra
616 1736 724 1790 hoc
757 1739 1043 1799 nostrum,
1080 1739 1188 1787 etc.

456 1826 688 1894 Signum
716 1823 904 1878 damni
934 1822 1244 1876 Chuonradi
1275 1823 1628 1877 invictissimi
1676 1824 2023 1893 imperatoris
2057 1862 2103 1925 Β

382 1914 630 1982 Augusti.

454 2003 618 2075 Hugo
640 1999 1024 2056 cancellarius
1051 1998 1171 2052 vice
1198 1999 1422 2053 domini
1446 1999 1717 2054 Aribonis
1749 2000 2028 2072 archiepi-

383 2093 543 2164 scopi
577 2094 634 2145 et
661 2087 1155 2144 archicancellarii
1181 2089 1534 2160 recognovit.

451 2181 597 2236 Data
653 2195 805 2234 anno
859 2177 1169 2232 Dominicaz
1210 2177 1635 2232 Incarnationis
1669 2178 1826 2244 l027,
1862 2179 2021 2251 regni

377 2286 509 2325 vero
541 2267 738 2324 domni
761 2265 1093 2320 Chuonradi
1118 2265 1356 2319 secundi
1392 2265 1690 2336 regnantis
1721 2284 1803 2331 ιιι,
1836 2265 2020 2338 impe-

378 2358 447 2413 rii
478 2359 606 2429 ejus
640 2355 850 2428 primo,
884 2353 1201 2409 indictione
1235 2371 1288 2408 ιι.

446 2447 592 2502 Data
622 2447 679 2501 in
707 2443 937 2499 civitate
968 2443 1279 2510 Leoniana,
1315 2443 1492 2498 Nonis
1521 2444 1760 2516 Aprilis.

1148 2550 1270 2604 Vll.

375 2642 689 2700 Chuonradi
753 2642 885 2712 imp.
942 2641 1316 2765 privlilegium
1356 2656 1456 2710 pro
1515 2641 1752 2696 Ecclesia
1815 2643 2019 2697 Puder-

1092 2726 1333 2765 orncnsi.

1092 2726 1333 2766 orncnsi.

988 2800 1172 2869 (Anno
1215 2801 1397 2869 1027.)

585 2891 870 2962 [ΕιιιιΑιω,
904 2888 1025 2944 Cod.
1059 2889 1286 2960 diplom.
1327 2888 1583 2959 ii’cstph.,
1614 2906 1671 2960 p.
1700 2890 1813 2960 89.]

455 2981 518 3036 In
534 2979 770 3036 nomine
794 2982 1006 3033 sanctae
1030 2981 1086 3033 et
1124 2976 1437 3032 individuae
1463 2976 2019 3047 Trinitatis,CHUON-

372 3069 792 3137 RADUS,diVina
814 3066 1024 3139 gratia,
1048 3067 1444 3123 Romanorum
1477 3065 1794 3138 imperator
1824 3073 2018 3141 Augu-

371 3165 518 3217 stus.

2145 579 2303 634 omni
2323 578 2572 633 utilitate
2593 594 2722 649 quae
2746 577 2878 633 inde
2901 577 3111 650 poterit
3131 574 3447 648 pervenire.
3474 575 3541 629 Et
3570 578 3634 629 ut
3661 573 3797 630 haec

2146 672 2354 722 nostrae
2377 667 2708 722 traditionis
2725 665 3043 721 auctoritas
3075 665 3244 720 ﬁrma
3268 662 3427 719 omni
3447 666 3796 734 permaneat

2144 772 2280 821 aevo,
2301 755 2451 810 hanc
2479 755 2752 828 paginam
2776 754 2910 809 inde
2941 752 3333 826 conscriptam
3355 769 3535 807 manu
3551 751 3796 824 propria

2144 845 2482 900 roborantes
2503 844 2798 914 jussimus
2830 841 3098 915 insigniri
3128 841 3342 914 sigillo.

2214 934 2444 1003 Signum
2471 934 2659 990 damni
2689 932 3004 988 Chuonradi
3032 932 3382 986 invictissimi
3421 931 3798 986 Romanorum

2144 1023 2486 1093 imperatoris
2516 1023 2742 1092 Augusti
2762 1021 2846 1094 (L.
2881 1021 2982 1088 M.)

2212 1110 2514 1167 Odalricus
2542 1110 2928 1166 cancellarius
2959 1109 3308 1182 recognovit.
3653 1165 3658 1170 ,

2211 1203 2354 1255 Data
2381 1218 2454 1255 v11
2479 1200 2614 1256 ldus
2637 1198 2878 1271 Aprilis,
2903 1197 3216 1254 indictione
3229 1213 3444 1263 x,annc
3465 1196 3788 1252 Dominicze

2138 1288 2557 1344 Incarnationis
2589 1289 2745 1356 l027,
2763 1304 2914 1343 anno
2940 1291 3138 1343 autem
3186 1285 3389 1342 domui
3441 1285 3781 1342 Chuorandi

2138 1377 2186 1432 II
2218 1382 2512 1449 regnantis
2545 1393 2631 1443 ιιι,
2666 1376 2893 1450 imperii
2925 1393 3058 1433 vero
3090 1391 3124 1432 ι.

2207 1470 2414 1522 Actum
2448 1468 2663 1523 Romae.

2885 1556 3031 1609 VIII.

2885 1556 2930 1608 ν
3019 1597 3031 1609 .

2136 1645 2452 1701 Chuonradi
2527 1647 2916 1772 privilegiumlv
2939 1556 3049 1716 [liis
3116 1643 3446 1700 monasterio
3538 1642 3784 1699 Corbeiae

2915 1731 3048 1772 ουκ,

2867 1731 3048 1773 [γουᾶ

2749 1807 2931 1876 (Anno
2970 1805 3154 1877 1028.)

2315 1897 2597 1968 [ΕΒΗΑΗΒ,
2632 1896 2754 1951 Cod.
2779 1895 3001 1966 diplom.
3044 1893 3297 1964 Westph.,
3329 1909 3460 1965 pag.
3488 1892 3603 1962 90.]

2206 2007 2263 2056 C.
2291 2003 2352 2056 In
2415 2001 2650 2056 nomine
2707 2004 2920 2056 sanctas
2975 2002 3033 2055 et
3086 1998 3400 2054 individua:
3452 1997 3780 2054 Trinitatis.

2135 2091 2542 2153 Chuonradus.
2564 2090 2759 2145 divina
2771 2090 2994 2144 favente
3027 2087 3356 2155 clementia,
3381 2087 3781 2144 Romanorum

2134 2180 2452 2251 imperator
2479 2181 2799 2251 Augustus.

2202 2268 2260 2324 Si
2293 2269 2404 2341 piis
2436 2267 2813 2340 petitionibus
2838 2267 3097 2322 ﬁdelium
3129 2272 3486 2332 nostrorum,
3522 2267 3778 2323 maxime

2133 2376 2282 2431 quas
2313 2375 2416 2430 pro
2449 2356 2720 2412 Ecclesiis
2750 2356 2859 2412 sibi
2891 2355 3225 2412 commissis
3264 2356 3505 2412 auribus
3562 2355 3780 2413 nostris

2132 2447 2473 2510 infuderint,
2505 2447 2826 2517 benignum
2877 2445 3299 2516 przebuerimus
3348 2445 3638 2513 auditum,
3671 2445 3781 2502 hoc

2132 2536 2333 2608 procul
2363 2535 2541 2590 dubio
2571 2539 2629 2590 et
2651 2534 2721 2590 ad
2751 2533 3302 2606 praesentisimperii
3326 2534 3508 2590 nostri
3531 2539 3777 2602 statum,

2131 2632 2188 2681 et
2225 2626 2294 2681 ad
2327 2629 2553 2680 aeternae
2601 2622 2982 2679 beatitudinis
3037 2623 3344 2695 praemium
3405 2623 3779 2695 profuturum

2132 2714 2449 2770 credimus.
2484 2713 2648 2768 Unde
2676 2713 2942 2768 omnium
2974 2711 3234 2768 ﬁdelium
3270 2716 3606 2768 nostrorum
3658 2718 3780 2769 tam

2131 2803 2506 2875 praesentium
2537 2819 2714 2874 quam
2745 2806 2804 2857 et
2835 2803 3166 2858 futurorum
3216 2802 3440 2858 noverit
3469 2801 3656 2858 solers
3686 2803 3781 2858 in-

2130 2891 2378 2957 dustria,
2411 2890 2550 2962 quia
2579 2891 2783 2946 adiens
2813 2889 3213 2946 excellentiam
3259 2890 3442 2946 nostri
3475 2889 3778 2958 culminis,

2129 2979 2518 3035 Druthmarus
2539 2977 2886 3035 venerabilis
2920 2995 3076 3034 novae
3109 2979 3365 3035 Corbeiae
3407 2979 3610 3043 abbas,
3642 2997 3777 3036 cur-

2127 3073 2245 3124 tem
2265 3068 2582 3140 quamdam
2597 3066 3065 3140 Godelevesheim
3089 3071 3486 3139 nuncupatam
3499 3069 3777 3125 anteriori

2130 3163 2391 3230 tempore
2421 3156 2608 3212 eidem
2643 3156 2996 3212 monasterio
3017 3160 3262 3228 questus
3291 3161 3382 3212 est
3411 3156 3632 3228 injuste
3657 3159 3777 3214 fore

445 3246 864 3320 Perpendimus
896 3249 1069 3317 atque
1101 3245 1601 3300 consideravimus
1634 3246 1860 3302 animas
1911 3263 2013 3302 no-
2044 3227 2088 3293 (ἶ
2128 3227 2443 3303 sublatam.
2465 3245 2676 3301 Detulit
2699 3249 2975 3318 praeterea
3003 3227 3202 3301 secum
3229 3244 3444 3301 Arnolﬁ
3479 3245 3597 3300 divi
3638 3265 3778 3320 pro-

374 3341 526 3394 stras
584 3340 952 3409 peccatorum
998 3333 1246 3390 maculis
1276 3335 1588 3390 oll‘uscatas
1621 3334 1729 3390 hoc
1761 3334 2014 3390 multum

370 3427 777 3500 possejuvare,
804 3441 910 3479 nos
933 3423 1002 3478 ad
1027 3423 1206 3478 divini
1237 3422 1475 3478 honoris
1507 3428 1564 3478 et
1587 3424 1784 3495 gloriae
1834 3425 2012 3496 maje-

373 3518 583 3569 statem
613 3513 902 3568 Ecclesias
933 3511 1146 3567 Christi
1177 3511 1523 3579 sublimare,
1546 3512 1855 3578 aediﬁcare,
1869 3518 1926 3568 et
1943 3515 2014 3568 de

372 3601 591 3658 nostris
613 3602 786 3656 rebus
819 3601 1022 3666 ditare,
1053 3600 1385 3671 pariterque
1403 3600 1670 3656 novimus
1697 3601 1767 3655 ad
1802 3605 2012 3656 nostra;

371 3689 693 3762 imperialis
725 3687 993 3760 potentiae
1025 3688 1371 3760 dignitatem
1430 3689 1745 3760 pertinere,
1776 3690 1861 3746 eis
1911 3690 2012 3761 qui

369 3778 540 3834 nobis
570 3776 728 3832 domi
758 3776 845 3832 vel
889 3775 1108 3831 militiae
1141 3777 1285 3831 bene
1325 3776 1632 3832 servierint
1660 3779 2011 3851 condignam

370 3866 667 3924 servitutis
698 3865 1230 3921 renumerationem
1256 3864 1544 3920 exhibere.
1572 3865 1817 3922 Proinde
1840 3885 2008 3923 nove-

367 3957 484 4011 rint
503 3954 717 4011 Christi
741 3953 1042 4026 nostrique
1065 3953 1266 4010 ﬁdeles
1291 3954 1566 4022 universi,
1595 3955 1848 4027 qualiter
1880 3975 2010 4024 nos,

368 4062 471 4118 per
496 4046 883 4100 interventum
897 4043 1288 4100 dilectissimae
1305 4045 1573 4116 conjugis
1592 4049 1801 4100 nostras
1817 4045 2008 4112 Gislze,

368 4151 474 4191 nec
505 4151 617 4190 non
652 4133 759 4188 ﬁlii
793 4132 1239 4189 nostriHeinrici
1265 4133 1489 4204 regiset
1511 4133 1799 4188 Brunonis
1821 4135 2012 4207 Augu-

367 4221 582 4278 stensis
614 4221 867 4293 episcopi
903 4226 958 4277 et
989 4221 1331 4276 Herimanni
1367 4221 1727 4276 marchionis
1759 4225 1815 4275 et
1853 4222 2011 4292 Egil-

366 4311 535 4366 hardi
570 4309 764 4365 fratris
796 4311 906 4376 sui,
941 4311 1014 4364 ad
1046 4309 1299 4366 divinam
1333 4309 1583 4381 gratiam
1642 4313 1700 4363 et
1738 4308 2004 4380 gloriam,

367 4415 470 4470 pro
502 4399 756 4453 remedio
788 4403 997 4453 nostra:
1017 4399 1245 4464 animae,
1280 4396 1790 4452 Paderbrunnensi
1821 4398 2010 4455 Eccle-

367 4486 465 4541 siae
484 4485 542 4539 in
559 4484 839 4541 honorem
854 4491 1067 4540 sanctae
1088 4485 1278 4541 Mariae.
1300 4485 1396 4540 Dei
1413 4484 1722 4541 Genitricis
1738 4490 1793 4540 et
1819 4489 2007 4544 sancti

2128 3335 2412 3408 genitoris
2461 3333 2645 3389 nostri
2691 3333 2992 3406 imperiale
3029 3334 3348 3402 decretum,
3380 3335 3473 3390 cui
3506 3335 3776 3406 ejusdem

2126 3423 2309 3479 curtis
2331 3423 2519 3477 inerat
2537 3421 2896 3490 concambia,
2911 3421 3062 3477 inter
3072 3423 3344 3478 eumdem
3359 3423 3774 3495 imperatorem

2125 3516 2300 3584 atque
2323 3512 2611 3566 Bovonem
2637 3510 2893 3581 praedicti
2914 3510 3247 3567 monasterii
3278 3516 3509 3568 Patrem
3540 3520 3777 3585 peracta

2123 3603 2300 3673 Cujus
2323 3599 2683 3673 suggestioni
2707 3600 2880 3656 ﬁdem
2911 3601 3774 3669 accommodantes,matronam

2124 3690 2444 3763 quamdam
2504 3689 2745 3744 Alvered
2794 3694 3080 3756 vocatam,
3113 3707 3240 3761 quae
3297 3690 3488 3762 ipsam
3545 3694 3774 3748 curtem

2121 3779 2280 3835 velut
2303 3776 2666 3834 haereditario
2709 3778 2848 3848 jure
2907 3782 3047 3833 tunc
3076 3779 3357 3850 temporis
3389 3778 3672 3851 possedit,
3707 3797 3772 3837 ac

2122 3867 2406 3939 palatium
2437 3871 2704 3922 nostrum
2733 3869 2958 3922 evocari
2991 3866 3398 3939 praecepimus.
3433 3868 3593 3934 Quae,
3628 3869 3772 3925 dum

2125 3955 2350 4027 prolata
2372 3953 2632 4010 refellere
2657 3955 3033 4026 nequivisset,
3061 3956 3359 4027 praefatam
3378 3960 3606 4012 curtem
3637 3973 3774 4012 cum

2122 4045 2400 4100 omnibus
2430 4043 2813 4116 appendiciis,
2839 4043 3242 4100 adnitentibus
3272 4044 3384 4100 sibi
3406 4044 3526 4100 ﬁlio
3540 4045 3773 4118 Osdago

2120 4139 2482 4206 patronoque
2506 4147 2612 4187 suo
2645 4131 2855 4187 comite
2885 4131 3268 4202 Frithericho,
3297 4134 3575 4205 praedicto
3607 4151 3775 4192 venep

2121 4221 2290 4278 rabili
2351 4221 2547 4276 abbati
2603 4221 2827 4292 absque
2885 4220 3006 4277 ulla
3047 4223 3438 4278 controversia
3493 4222 3770 4291 reddidit,

2121 4316 2296 4382 atque
2319 4311 2469 4366 hanc
2489 4308 2660 4364 Hiddi
2684 4311 3026 4366 monasterii
3049 4311 3363 4367 advocatus
3374 4311 3552 4383 jussu
3568 4318 3771 4369 nostro

2121 4399 2355 4471 recepit.
2383 4399 2518 4453 Post
2547 4415 2678 4454 vero
2713 4399 2894 4455 abbas
2952 4398 3261 4456 clementia
3312 4405 3515 4457 nostra
3561 4417 3772 4472 provo-

2119 4492 2284 4544 catus
2298 4487 2385 4544 eid
2393 4504 2484 4544 em
2498 4491 2776 4542 matronae
2789 4487 3160 4560 szepedictam
3174 4493 3396 4544 curtem
3409 4488 3775 4562 alteramque

366 4573 629 4646 Chyliani
651 4574 926 4646 martyris
955 4577 1011 4628 et
1041 4572 1227 4628 sancti
1260 4571 1474 4628 Lihorii
1504 4574 1855 4631 confessoris
1877 4593 2010 4633 con-
2038 4595 2087 4659 D
2118 4577 2496 4634 Gimundiam
2528 4581 2792 4632 vocatam
2835 4592 2902 4632 ac
2932 4576 3190 4634 familias
3221 4578 3511 4649 quasdam
3543 4578 3604 4633 in
3634 4578 3774 4635 villa

366 4665 626 4732 sacratae,
657 4662 903 4734 ejusque
959 4660 1242 4734 provisori
1300 4661 1672 4729 Meinwerco,
1709 4663 1808 4734 qui
1838 4665 2009 4721 nobis

364 4768 516 4824 saepe
562 4755 618 4806 et
677 4751 928 4806 multum
977 4752 1312 4822 frequenter
1341 4757 1396 4806 et
1443 4749 1693 4807 ﬁdeliter
1749 4754 2002 4820 servivit,

365 4840 682 4912 quamdam
706 4844 929 4895 curtem
954 4840 1189 4895 nomine
1207 4839 1423 4895 Ervitte
1445 4840 1515 4894 ad
1535 4844 1802 4895 nostrum
1825 4841 2005 4915 impe-

363 4928 505 4984 riale
529 4929 630 5000 jus
661 4929 1072 5000 pertinentem,
1106 4928 1165 4982 in
1196 4945 1344 5000 pago
1374 4929 1615 5000 Engere,
1645 4929 1703 4982 in
1726 4930 2004 4986 comitatu

362 5021 557 5073 autem
591 5017 938 5072 Marcwardi
978 5018 1174 5081 sitam,
1208 5016 1625 5089 perpetualiter
1673 5017 2004 5074 habendam

363 5105 732 5172 tradidimus,
750 5123 882 5161 cum
909 5105 1212 5177 mancipiis
1231 5105 1533 5176 utriusque
1549 5122 1719 5161 sexus
1732 5106 2006 5161 onmibus

363 5192 434 5246 ad
468 5192 618 5248 hanc
640 5195 777 5265 jure
821 5194 1269 5266 pertinentibus,
1303 5211 1436 5248 cum
1496 5192 1716 5248 caeteris
1774 5211 2006 5267 quoque

364 5280 652 5337 universis
674 5283 1058 5354 appendiciis,
1076 5282 1295 5338 scilicet
1327 5281 1496 5346 arcis,
1521 5280 1802 5344 aediﬁciis,
1833 5284 2006 5339 terris

365 5363 535 5420 cultis
565 5372 623 5422 et
656 5369 916 5438 incultis,
952 5371 1154 5442 pratis,
1188 5369 1442 5442 pascuis,
1476 5367 1662 5435 silvis,
1685 5370 2006 5427 venationi-

365 5452 498 5516 bus,
523 5454 633 5508 viis
650 5461 707 5510 et
728 5457 920 5524 inviis,
945 5460 1195 5514 exitibus
1225 5462 1281 5513 et
1308 5455 1613 5522 reditibus,
1647 5457 1814 5527 aquis
1837 5476 2010 5532 aqua-

367 5555 570 5595 rumve
592 5541 958 5612 decursibus,
984 5547 1427 5618 piscationibus,
1463 5544 2006 5620 molendinis,quae-

368 5623 494 5682 sitis
527 5631 584 5683 et
613 5626 1000 5702 inquirendis,
1036 5652 1171 5692 cum
1229 5637 1423 5693 banno
1453 5640 1509 5691 et
1547 5639 1799 5693 mercato
1831 5639 2007 5696 etiam

2121 4665 2677 4737 Brumerinohthorp
2729 4681 2798 4720 ea
2841 4666 3174 4722 conditione
3206 4666 3590 4736 beneﬁciavit,
3626 4672 3692 4724 ut
3721 4667 3772 4723 si

2117 4755 2260 4826 quid
2291 4758 2421 4826 post
2441 4753 2668 4809 obitum
2697 4754 2825 4825 ejus
2843 4755 2901 4809 in
2933 4755 3142 4811 iisdem
3174 4755 3651 4827 possessionibus
3685 4773 3775 4812 re-

2117 4843 2395 4915 periatur,
2415 4841 2645 4897 abbatis
2667 4841 2906 4898 arbitrio
2929 4843 3294 4916 disponatur.
3320 4843 3464 4900 Filio
3493 4861 3630 4901 vero
3641 4846 3773 4917 ejus

2117 4937 2340 4987 curtem
2373 4931 2610 4987 nomine
2630 4930 3105 5004 Imminghusum
3134 4950 3201 4988 eo
3251 4937 3418 5005 pacto
3478 4934 3774 4992 concessit

2117 5025 2406 5093 quatenus
2428 5021 2569 5075 dum
2591 5018 2744 5075 vivat
2774 5020 2925 5076 hanc
2959 5025 3173 5088 teneat,
3196 5022 3307 5078 nisi
3341 5023 3498 5078 hunc
3531 5024 3773 5080 muniﬁ-

2117 5109 2306 5165 centia
2359 5115 2559 5164 nostra
2617 5107 2831 5164 alicubi
2865 5110 3029 5181 prius
3086 5110 3413 5182 promoveri
3442 5111 3769 5185 contingat.

2118 5197 2253 5252 Post
2297 5214 2430 5252 vero
2491 5197 2548 5252 in
2591 5198 2693 5267 jus
2727 5198 3066 5254 monasterii
3099 5199 3316 5255 redeat.
3357 5200 3427 5254 Et
3475 5205 3542 5256 ut
3584 5200 3770 5272 hujus

2117 5285 2506 5342 restitutionis
2537 5285 2855 5342 auctoritas
2887 5286 3113 5343 ﬁrmior
3154 5287 3437 5360 perpelim
3495 5288 3775 5346 credatur

2117 5392 2298 5430 manu
2328 5373 2565 5447 propria
2589 5375 2799 5430 subtus
2852 5376 3182 5432 roboratam
3227 5375 3403 5450 sigilli
3436 5377 3624 5434 nostri
3656 5378 3772 5434 im-

2118 5463 2415 5536 pressione
2436 5463 2736 5535 jussimus
2768 5463 3057 5537 insigniri.

2187 5552 2409 5620 Testes,
2441 5551 2766 5609 Hunl‘ridus
2825 5552 3338 5627 archiepiscopus;
3376 5554 3775 5612 Meinwercus

2117 5641 2466 5716 episcopus;
2499 5640 2881 5700 Godehardus
2910 5641 3257 5716 episcopus;
3290 5642 3606 5717 Sigifridus
3645 5644 3775 5718 spi-
