3968 6126
140 374 302 442 1063

1418 377 1954 445 CHUONRADUS
1995 380 2050 445 Il
2089 378 2257 447 IMP.

3386 373 3543 444 1054

141 526 394 583 soopus;
428 506 735 568 Odalricus
765 509 1185 581 cancellarius;
1220 510 1510 580 Asculfus;
1537 512 1788 585 Sigiber—
1814 512 1871 580 Α
1898 514 2319 573 Incarnationis
2352 516 2510 584 1028,
2542 532 2695 574 anno
2726 518 2921 573 autem
2953 513 3155 572 domui
3209 512 3539 571 Chuonradi

142 603 264 666 tus;
298 598 674 656 Bernhardus
704 601 843 669 dux;
865 601 1152 658 Adalbero
1183 602 1624 669 dux;Ernastus
1647 603 1787 670 dux;

137 687 454 745 Liudulfus
487 705 683 745 comes
713 694 771 746 et
800 690 1106 762 privignus
1130 691 1523 764 imperatoris;
1568 691 1738 746 Hiddi
1776 710 1790 760 ;

135 775 512 851 Amulungus
524 782 804 844 comes,et
818 780 1026 835 fratres
1039 781 1167 851 ejus
1191 781 1493 849 Ecbertus;
1528 780 1788 853 Wigger;

138 865 346 934 Gerlo;
382 866 548 935 Uli‘o;
580 867 885 937 Tiammo;
920 868 1113 942 Peppo
1142 888 1154 938 ;
1190 870 1375 936 Bern;
1424 870 1746 925 Thiathard
1775 888 1789 936 ;

139 956 300 1012 Brun
326 974 340 1023 ;
376 955 554 1013 Gsbo.
1619 962 1623 966 ’

208 1044 443 1114 Signum
471 1044 660 1101 domui
689 1045 1002 1102 Chao/eradi
1044 1049 1400 1104 invictissimi
1428 1050 1795 1103 Romanorum

142 1132 230 1204 (L.
262 1133 366 1203 M.)
398 1134 749 1206 imperatoris
780 1136 1027 1207 Augusti.

213 1220 523 1278 Odalricus
552 1223 934 1280 cancellarius
962 1225 1083 1282 vice
1103 1225 1374 1281 Aribonis
1406 1226 1794 1284 archicancel-

140 1308 274 1367 larii
307 1311 657 1384 recognovit.

213 1397 360 1454 Data
403 1399 532 1457 Kal.
590 1400 730 1466 Jul.,
780 1402 1098 1460 indictione
1153 1422 1231 1472 x1,
1282 1422 1435 1461 anno
1486 1405 1794 1461 Dominica:

144 1488 573 1545 Incarnationis
607 1490 766 1558 1028,
790 1506 943 1547 anno
974 1497 1171 1549 autem
1212 1494 1411 1549 domui
1461 1493 1795 1551 Chuonradi

147 1575 196 1632 II
228 1577 531 1649 regnantis
561 1595 636 1647 IV,
670 1578 903 1651 imperii
933 1599 1069 1638 vero
1102 1600 1139 1637 ι.

216 1665 426 1721 Actum
460 1666 855 1741 Magdeburch
890 1668 1151 1727 feliciter.
1186 1676 1392 1727 Amen.

220 1842 539 1902 Chuonradi
560 1849 924 1919 privilegium
950 1866 1049 1921 pro
1078 1852 1318 1905 Ecclesia
1349 1851 1403 1905 S.
1432 1853 1719 1923 Gargonii.

772 1938 963 2009 (Anno
996 1941 1179 2011 1028.)

355 2025 643 2096 [ERHABD,
677 2026 803 2082 Cod.
836 2028 1065 2099 diplom.
1105 2030 1358 2101 Weslph.,
1394 2047 1447 2100 p.
1480 2030 1593 2101 90.]

221 2112 284 2168 C.
334 2113 398 2167 In
455 2113 693 2170 nomine
752 2120 965 2171 sanctae
997 2120 1055 2171 et
1111 2118 1423 2173 individuis
1475 2119 1798 2184 Trinitatis,

150 2203 549 2270 Gnuoumnus,
581 2202 891 2260 clementia
913 2204 1108 2261 divina
1127 2207 1371 2275 favente,
1405 2208 1800 2264 Romanorum

151 2289 473 2362 imperator
501 2294 821 2365 Augustus.

222 2379 458 2435 Noverit
486 2380 752 2438 omnium
785 2387 997 2439 sancta:
1029 2384 1131 2441 Dei
1152 2384 1805 2443 Ecclesiaelideliumno-

152 2471 529 2540 strorumque
558 2473 932 2542 praesentium
962 2472 1261 2530 scilicetac
1282 2475 1614 2532 futurorum
1638 2477 1804 2534 indu-

153 2557 318 2624 stria,
352 2557 606 2630 qualiter
634 2576 741 2615 nos
772 2561 845 2616 ob
904 2562 1296 2619 interventum
1333 2581 1399 2621 ac
1458 2566 1801 2638 petitionem

156 2644 378 2702 dilectae
392 2648 663 2721 conjugis
677 2654 893 2706 nostris
915 2650 1085 2707 Gislze
1099 2651 1112 2705 i
1122 2654 1487 2725 mperatricis
1506 2657 1803 2729 Augustae,

159 2739 219 2791 et
248 2735 669 2792 amantissima:
698 2743 908 2794 nostra;
961 2740 1139 2811 prolis
1188 2742 1441 2798 Heinrici
1495 2746 1669 2817 regis,
1702 2763 1805 2801 nec

159 2840 277 2880 non
302 2826 590 2882 Brunonis
602 2828 1805 2907 AugustensisvenerabilisepiscOpi,fideli

160 2917 363 2969 nostro
386 2911 675 2987 Siglberto
706 2916 996 2973 Mindensi
1028 2919 1299 2992 episcopo
1330 2926 1387 2976 et
1425 2922 1681 2978 ecclesiae
1714 2925 1805 2979 cui

164 3002 313 3075 ipse,
348 3007 461 3058 Deo
490 3003 763 3071 donante,
797 3008 1087 3078 praesidet,
1108 3009 1167 3063 in
1197 3008 1416 3066 honore
1448 3014 1634 3067 sancti
1657 3012 1808 3068 Petri

164 3090 450 3164 principis
482 3092 878 3166 apostolorum
911 3100 966 3152 et
997 3097 1181 3153 sancti
1214 3098 1487 3171 Gorgonii
1536 3102 1810 3174 martyris

163 3179 383 3236 Christi
413 3185 780 3251 constructas,
798 3187 1117 3256 quamdam
1143 3186 1349 3242 silvam
1364 3187 1535 3244 sitam
1561 3190 1814 3263 singula-

163 3268 306 3325 riter
332 3268 393 3324 in
424 3270 776 3343 proprietate
809 3274 1160 3345 praediorum
1191 3276 1454 3347 ejusdem
1488 3279 1808 3337 Mindensis

161 3357 452 3426 Ecclesiae,
482 3363 540 3416 et
566 3360 627 3414 in
656 3376 805 3433 pago
853 3363 1207 3437 Entergowi,
1257 3365 1314 3420 in
1349 3367 1627 3425 comitatu
1675 3386 1808 3426 vero

166 3446 492 3503 Bernhardi
524 3447 714 3519 ducis,
767 3466 903 3505 cum
961 3468 1250 3509 consensu
1282 3459 1339 3510 et
1382 3456 1811 3516 collaudatione

166 3535 394 3609 prafati
425 3536 599 3593 ducis
625 3538 689 3593 B.
721 3542 780 3594 et
802 3540 893 3595 sui
925 3540 1120 3597 fratris
1141 3545 1412 3611 Detmari,
1446 3550 1811 3605 ceterorum-

165 3638 285 3697 que
313 3623 525 3680 civium
557 3625 616 3681 in
638 3627 841 3682 eadem
870 3627 1016 3685 silva
1036 3635 1216 3702 utque
1248 3634 1419 3688 modo
1451 3634 1812 3693 cOmmunio-

164 3728 303 3769 nem
327 3714 579 3770 venandi
612 3714 977 3786 habentium,
1013 3719 1071 3773 in
1104 3718 1289 3787 silvis,
1324 3723 1548 3795 campis
1570 3729 1626 3779 et
1644 3725 1808 3796 palu-

166 3801 366 3870 dibus,
397 3803 553 3860 infer
576 3804 820 3861 ﬂumina
836 3806 1189 3865 Ossembeke
1219 3814 1278 3865 et
1306 3809 1606 3879 Alerbeke,
1625 3830 1813 3887 usque

164 3888 228 3945 in
258 3890 518 3948 medium
549 3891 765 3949 flumen
821 3894 1202 3965 Wermonon,
1234 3903 1291 3953 ct
1321 3898 1455 3955 inde
1503 3917 1691 3973 usque
1740 3903 1812 3958 ad

164 3979 817 4054 Northsulerecampon,
852 3984 921 4040 ad
953 3990 1169 4041 cortem
1228 3988 1526 4059 pertinens
1557 3989 1813 4063 Sulegon

164 4069 533 4125 nominatam
564 4070 830 4126 lorestari
874 4075 1273 4130 concessimus
1321 4080 1379 4132 et
1424 4077 1602 4134 banni
1630 4080 1812 4135 nostri

162 4154 434 4212 districtu
464 4157 1058 4230 circumvallavimus,
1094 4179 1161 4217 ea
1189 4164 1459 4221 videlicet
1495 4168 1721 4223 ratione
1752 4172 1816 4223 ut

158 4258 338 4301 nemo
362 4243 607 4301 ulterius
635 4246 697 4300 in
729 4247 934 4303 eodem
986 4249 1201 4305 foresto
1260 4253 1482 4324 absque
1529 4257 1813 4327 praelibati

153 4330 792 4405 opiseopisuorumque
803 4338 1814 4412 successorumlicentiapotestatem

154 4419 378 4477 habeat
404 4420 677 4492 venandi,
710 4422 1048 4492 sagittandi,
1096 4425 1242 4481 retia
1290 4431 1394 4481 aut
1439 4428 1679 4499 laqueos
1710 4449 1812 4503 po-

156 4506 369 4576 nendi,
389 4511 492 4562 aut
512 4506 631 4564 ullo
657 4509 892 4582 ingenio
914 4511 1066 4567 feras
1082 4513 1432 4586 decipiendi,
1457 4532 1583 4587 quae
1608 4520 1813 4576 merito

164 4595 278 4653 sub
298 4596 434 4668 jure
462 4596 643 4653 banni
674 4599 1069 4656 continentur.
1103 4600 1161 4655 Si
1194 4602 1328 4674 quis
1386 4608 1583 4660 autem
1633 4605 1813 4678 hujus
1842 4615 1889 4678 D

159 4684 350 4741 nostri
372 4684 698 4758 imperialis
709 4689 980 4762 praecepti
1005 4691 1355 4749 temerarius
1374 4692 1622 4750 violator
1646 4695 1815 4751 exsti-

156 4773 319 4841 terit,
350 4773 498 4832 sciat
529 4792 591 4834 se
619 4779 891 4852 episcopo
922 4783 979 4835 et
1005 4797 1111 4836 suo
1142 4781 1418 4838 advocato
1432 4783 1610 4839 banni
1629 4785 1813 4840 nostri

159 4876 459 4920 summam
475 4866 960 4939 compositurum.
976 4870 1045 4925 Et
1057 4868 1090 4924 h
1102 4886 1171 4925 uc
1187 4869 1296 4925 hoc
1326 4870 1521 4927 verius
1544 4872 1815 4928 credatur

157 4948 737 5027 diligentiusque'per
755 4957 1255 5014 futuraannorum
1288 4959 1579 5016 curricula
1611 4962 1810 5017 obser-

155 5039 348 5107 vetur,
380 5039 533 5097 hanc
562 5043 825 5101 chartam
855 5045 993 5102 inde
1041 5046 1433 5119 conscriptam
1484 5050 1813 5122 subtusque

158 5141 345 5183 manu
373 5132 608 5203 propria
635 5133 967 5191 roboratam
999 5135 1175 5208 sigilli
1206 5137 1391 5192 nostri
1423 5137 1810 5210 impressione

150 5214 452 5286 jussimus
482 5218 778 5294 insigniri.

233 5303 471 5374 Signum
494 5309 686 5366 domui
712 5310 1031 5368 Chuonradi
1058 5312 1405 5367 invictissimi
1443 5313 1810 5371 Romanorum

159 5394 513 5465 imperatori:
542 5398 629 5469 (L.
662 5400 763 5471 M.)
791 5401 1040 5472 Augusti.

231 5480 539 5540 Odalricus
569 5486 951 5544 cancellarius
980 5487 1102 5544 vice
1133 5486 1404 5543 Aribonis
1426 5488 1585 5545 archi
1608 5493 1806 5565 capel-

157 5568 281 5626 lani
299 5574 669 5644 recognovit.

1828 1880 1876 1945 B

1899 605 2142 660 secundi
2172 606 2476 678 regnantis
2505 624 2561 674 v,
2594 605 2823 679 imperii
2851 622 2986 661 vero
3018 622 3056 660 ι.

1970 696 2179 748 Actum
2215 694 2550 766 Ratispone.

1951 870 2265 928 Chuonradi
2286 883 2622 947 praeceptum
2649 891 2746 947 pro
2779 874 3105 930 monasterio
3135 872 3190 927 S.
3225 871 3491 928 Chiliaui.

2521 965 2707 1031 (Anno
2737 963 2924 1035 1030.)

2127 1050 2406 1122 (Eamne,
2441 1051 2565 1106 Cod.
2598 1051 2822 1121 diplom.
2860 1051 3093 1123 Vestph.,
3128 1067 3184 1123 p.
3216 1051 3331 1122 91.]

1975 1137 2035 1193 C.
2066 1141 2126 1194 In
2188 1140 2424 1195 nomine
2481 1144 2693 1196 sancta
2743 1144 2799 1196 et
2853 1140 3163 1195 individua:
3220 1138 3542 1207 Trinitatis,

1903 1231 2315 1295 Cuuouaaous,
2348 1228 2545 1285 divina
2565 1229 2788 1286 favente
2803 1228 3131 1295 clementia,
3147 1232 3545 1285 Romanorum

1904 1314 2221 1387 imperator
2243 1319 2564 1389 Augustus.

1972 1404 2185 1460 Notum
2219 1406 2295 1460 sit
2324 1406 2597 1462 omnibus
2628 1405 2845 1462 Christi
2877 1405 3148 1462 ﬁdelibus
3166 1406 3548 1479 praesentibus

1904 1491 2128 1549 scilicet
2158 1498 2332 1566 atque
2362 1495 2598 1562 futuris,
2630 1495 2881 1567 qualiter
2909 1512 3017 1551 nos
3041 1496 3113 1550 ob
3156 1496 3546 1551 interventum

1905 1597 1972 1636 ac
2002 1582 2334 1654 petitionem
2369 1589 2579 1641 nostra
2610 1584 2830 1641 dilecta
2863 1584 3130 1657 conjugis
3163 1584 3331 1640 Gislte
3362 1583 3547 1657 impe-

1906 1671 2135 1726 ratricis
2160 1672 2425 1729 videlicet
2441 1676 2736 1747 Augustae,
2770 1677 2827 1729 et
2875 1673 3292 1729 amantissimis
3336 1677 3551 1728 nostra;

1907 1757 2088 1831 prolis
2118 1760 2372 1815 Heinrici
2403 1762 2579 1835 regis,
2614 1779 2718 1817 nec
2750 1779 2863 1817 non
2917 1761 3298 1817 Meinwerchi
3350 1761 3550 1816 Pater-

1907 1848 2221 1905 brunensis
2252 1850 2515 1905 Ecclesiae
2537 1850 2816 1923 episcopi,
2850 1851 3148 1922 quoddam
3194 1849 3548 1906 Berenhardi

1908 1937 2137 1993 comitis
2171 1939 2476 2010 prandium,
2509 1940 2807 2013 Badperch
2839 1940 3085 2007 dictum,
3140 1956 3273 1994 cum
3324 1938 3552 1994 mensis

1908 2025 2109 2082 decem
2139 2028 2294 2083 circa
2309 2030 2581 2085 eumdem
2600 2034 2858 2085 montem
2876 2028 3301 2099 adjacentibus,
3320 2028 3379 2083 in
3402 2044 3552 2101 pago

1909 2114 2221 2188 Nichterga
2251 2122 2307 2173 et
2335 2117 2393 2172 in
2436 2118 2714 2173 comitatu
2763 2116 3011 2173 Haholdi
3060 2117 3293 2173 comitis
3346 2116 3551 2185 situm,

1911 2205 2063 2275 quod
2094 2204 2223 2261 ideo
2245 2206 2611 2262 haereditario
2634 2207 2767 2277 jure
2794 2206 2852 2261 in
2900 2211 3161 2262 nostram
3207 2210 3552 2278 potestatem

1912 2294 2217 2364 successit,
2250 2294 2386 2366 quia
2407 2295 2561 2350 idem
2614 2295 2739 2366 ipse
2769 2296 2830 2350 B.
2883 2310 3077 2350 comes
3110 2295 3349 2365 spurius
3407 2298 3551 2362 erat,

1914 2382 2068 2453 quod
2101 2381 2274 2455 vulgo
2316 2383 2703 2439 Wanburtich
2755 2383 2976 2449 dicunt,
3033 2384 3103 2439 ad
3153 2383 3556 2440 Paterbrunne

1911 2471 2237 2542 praescripti
2269 2471 2526 2544 episcopi
2549 2471 2971 2528 monasterium
3006 2472 3065 2526 in
3092 2470 3311 2526 honore
3335 2476 3551 2528 sanctae

1912 2559 2105 2615 Mariae
2130 2564 2187 2614 et
2216 2561 2401 2615 sancti
2432 2559 2681 2616 Chiliani
2708 2561 2981 2633 martyris
3013 2560 3318 2632 sanctique
3340 2559 3557 2616 Liborii

1913 2649 2263 2705 confessoris
2277 2653 2683 2705 consecratum
2699 2649 3074 2716 tradidimus,
3095 2665 3226 2704 cum
3249 2648 3558 2721 mancipiis

1914 2737 2220 2810 utriusque
2252 2737 2633 2804 sexus,villis,
2668 2738 2840 2806 areis,
2865 2736 3147 2803 aediﬁciis,
3181 2736 3361 2810 agris,
3383 2736 3557 2794 terris

1914 2826 2088 2882 cultis
2118 2832 2175 2882 et
2232 2826 2490 2893 incultis,
2548 2827 2658 2882 viis
2682 2830 2739 2883 et
2787 2825 2979 2893 inviis,
3040 2825 3245 2897 pratis,
3300 2825 3554 2897 pascuis,

1916 2915 2104 2983 silvis,
2132 2915 2562 2980 venationibus,
2597 2932 2765 2986 aquis
2808 2930 3163 2986 aquarumve
3212 2914 3560 2969 decursibus

1917 3003 2360 3077 piscationibus,
2430 3003 2806 3069 molendinis,
2865 3001 3113 3058 exilibus
3170 3005 3227 3056 et
3276 3002 3559 3058 reditibus

1917 3092 2258 3165 qumsitiset
2312 3091 2700 3163 inquirendis,
2756 3107 2860 3146 ncc
2917 3107 3032 3145 non
3087 3106 3221 3144 cum
3280 3089 3559 3145 omnibus

1920 3180 2281 3253 appendiciis
2313 3180 2385 3235 ad
2404 3180 2558 3236 idem
2572 3179 2993 3252 praediumjure
3018 3176 3468 3249 pertinentibus,
3493 3194 3562 3234 ea

1920 3268 2189 3325 videlicet
2217 3268 2438 3324 ratione
2470 3272 2534 3323 ut
2562 3269 2621 3323 in
2654 3266 2973 3340 przsscripti
3022 3265 3360 3321 monasterii
3394 3269 3558 3338 pote—

1915 3361 2065 3413 state
2097 3356 2511 3430 pcrpetualiter
2539 3356 2766 3412 existat.
2801 3355 2870 3410 Et
2900 3359 2964 3409 ut
2994 3353 3114 3408 haec
3160 3356 3359 3408 nostra
3378 3351 3561 3408 tradi-

1914 3446 1996 3502 tio
2027 3445 2255 3503 stabilis
2282 3445 2692 3503 etinconvulsa
2723 3443 2882 3500 omni
2892 3446 3232 3517 permaneat
3252 3458 3389 3509 aevo,
3412 3441 3563 3497 hanc

1919 3537 2193 3612 paginam
2209 3536 2344 3591 inde
2356 3535 2746 3606 conscriptam
2774 3533 3125 3605 propriaque
3149 3548 3323 3586 manu
3349 3531 3563 3587 subtus

1920 3630 2247 3685 roboratam
2279 3624 2457 3698 sigilli
2489 3623 2673 3680 nostri
2696 3622 3080 3696 impressione
3094 3621 3387 3693 jussimus
3420 3619 3559 3676 insi-

1961 3735 2093 3773 nll‘l.

1961 3735 2093 3773 nm.

1920 3735 1957 3792 g
1992 3808 2224 3875 Signum
2252 3806 2442 3861 domui
2472 3802 2788 3859 Chuonradi
2816 3805 3181 3876 Romanorum
3218 3801 3563 3872 impcraloris

1924 3897 2003 3968 (L.
2036 3895 2134 3967 M.)
2165 3893 2530 3949 invictissimi.

1993 3983 2298 4040 Odalricus
2329 3978 2714 4035 cancellarius
2744 3977 2865 4031 vice
2893 3975 3165 4031 Aribonis
3213 3971 3566 4045 arphicapel-

1921 4073 2040 4130 lani
2073 4069 2398 4144 recognovi.

1994 4163 2137 4216 Data
2189 4157 2313 4214 Kal.
2366 4156 2546 4222 Junii,
2581 4170 2732 4211 anno
2779 4151 3091 4208 Dominicze
3133 4149 3563 4206 lncarnationis

1921 4251 2081 4317 1030,
2115 4247 2431 4304 indictione
2484 4262 2607 4311 xm,
2660 4259 2812 4298 anno
2860 4241 3062 4296 domni
3110 4237 3443 4295 Chuonradi
3472 4254 3563 4294 re‘

1921 4341 2156 4415 gnantis
2185 4355 2262 4404 v1,
2295 4334 2525 4408 imperii
2554 4349 2687 4389 vero
2716 4349 2792 4387 1v.

1990 4432 2198 4485 Actum
2229 4423 2560 4483 Mersibuch
2580 4421 2841 4478 feliciter.
2870 4421 3074 4475 Amen.

2302 4608 2410 4658 Pro
2440 4602 2678 4657 Ecclesia
2706 4599 3182 4655 Padcrbornensi.

2546 4689 2731 4759 (Anno
2764 4688 2948 4758 4031.)

2124 4780 2407 4850 [ERHARD,
2441 4775 2566 4832 Cod.
2598 4776 2823 4847 diplom.
2865 4775 3122 4846 Westph.,
3156 4789 3212 4844 p.
3243 4771 3359 4841 91.]

1994 4869 2053 4924 C.
2104 4868 2169 4924 In
2228 4866 2463 4921 nomine
2521 4869 2736 4919 sanctae
2795 4868 2850 4918 et
2893 4862 3206 4917 individua:
3263 4858 3566 4915 Trinitatis

1921 4958 2327 5022 Cnuouasnus,
2351 4954 2547 5009 divina
2575 4952 2919 5024 disponente
2931 4950 3138 5023 gratia,
3170 4950 3566 5004 Romanorum

1920 5046 2238 5118 imperator
2265 5045 2585 5115 Augustus.
3254 5076 3261 5079 .

1992 5134 2269 5191 Omnium
2298 5131 2396 5186 Dei
2427 5129 2729 5200 nostrique
2758 5127 3020 5183 fidelium
3054 5121 3420 5182 universitati
3463 5137 3565 5176 no-

1921 5230 2044 5281 tum
2079 5240 2206 5279 esse
2236 5221 2526 5284 volumus,
2559 5216 2808 5290 qualiter
2845 5233 2972 5282 nos,
3024 5218 3258 5287 propter
3306 5226 3566 5266 amorem

1919 5313 2169 5370 caelestis
2202 5312 2398 5384 patria:
2429 5312 2603 5379 atque
2632 5305 3112 5362 obinterventum
3144 5318 3210 5358 ac
3227 5300 3565 5373 petitionem

1918 5402 2141 5458 dilectae
2163 5397 2435 5471 conjugis
2448 5398 2658 5451 nostrae
2676 5394 2848 5451 Gislae
2863 5390 3251 5465 imperatricis
3265 5391 3562 5461 Augustis,

1916 5488 2168 5548 necnon
2201 5487 2363 5545 chari
2396 5484 2499 5540 lilii
2532 5484 2717 5539 nostri
2753 5481 3006 5538 Heinrici
3036 5479 3212 5552 regis,
3233 5480 3290 5533 et
3330 5479 3566 5549 propter

1909 5583 2053 5654 juge
2083 5579 2475 5647 devotumque
2488 5572 2657 5628 nobis
2679 5571 2980 5628 servitium
2996 5566 3407 5643 Mcginwerchi
3428 5581 3563 5654 san-

229 5658 379 5716 Data
407 5649 623 5718 m‘Kal.
654 5664 1154 5737 Apr.,indictione
1178 5682 1276 5723 xu.
1307 5682 1460 5724 anno
1490 5666 1807 5727 Dominicis
1910 5649 2020 5729 etas
2079 5661 2581 5725 Paderbrunensis
2642 5660 2797 5718 sedis
2861 5656 3206 5719 venerabilis
3280 5652 3561 5729 episcopi,
