3968 6126
373 358 529 423 1055

1727 354 2038 425 MONUM.
2088 357 2412 424 DIPLOM.

3615 362 3791 429 ωδε

369 491 626 549 ecclesiae
659 491 751 548 cui
786 492 933 566 ipse,
957 493 1071 550 Deo
1095 492 1677 567 donante,praesidet,
1702 493 1762 550 in
1789 492 2010 551 honore
2039 493 2094 559 Α
2122 493 2339 559 dimus,
2372 510 2439 550 ea
2467 491 2735 551 videlicet
2759 493 3004 567 ratione,
3034 498 3099 552 ut
3140 495 3607 570 praenominatus
3645 498 3786 571 epi-

370 589 585 641 sanctaa
618 586 717 641 Dei
741 586 1037 659 genitricis
1061 587 1252 641 Mariae
1277 588 1547 660 beatique
1571 587 1835 657 beliani
1858 598 2011 641 mar-

368 675 534 748 tyris,
571 692 675 730 nec
707 692 818 730 non
850 676 1200 731 confessoris
1237 675 1451 731 Christi
1489 677 1706 731 Liborii
1746 681 2010 732 constru-

370 769 494 830 ctae,
528 762 627 819 illa
658 764 869 834 praedia
900 781 1025 835 qua:
1057 763 1391 819 habuerunt
1423 765 1708 820 Bernhart
1752 770 1809 820 et
1850 782 2014 819 soror

368 854 495 922 ejus
527 851 787 907 Hazecba
804 850 863 905 in
883 851 1025 908 locis
1039 852 1260 908 Alflaan
1280 859 1335 908 et
1362 853 1617 908 Etlinum
1634 854 1766 920 sita,
1790 852 1846 906 in
1865 869 2011 924 pago

364 941 642 1012 Paderga.
670 939 726 994 in
754 942 1033 996 comitatu
1063 941 1404 1015 Amulungi,
1425 960 1558 997 cum
1584 943 1715 997 aliis
1737 942 2012 998 omnibus

364 1028 500 1084 illuc
533 1027 981 1100 pertinentibus,
1013 1037 1067 1085 et
1099 1048 1228 1086 cum
1264 1032 1421 1086 omni
1478 1031 1724 1087 utilitate
1768 1049 1893 1104 quae
1923 1030 2010 1086 vel

362 1117 536 1173 scribi
568 1122 669 1172 aut
699 1118 989 1172 nominari
1013 1119 1131 1174 ullo
1165 1121 1518 1185 modovalet,
1544 1137 1676 1175 cum
1702 1119 2011 1191 mancipiis

360 1206 669 1279 utriusque
698 1224 891 1272 sexus,
922 1224 1055 1263 cum
1089 1210 1261 1276 areis,
1296 1209 1571 1277 aediﬁciis,
1625 1210 1801 1281 agris,
1849 1226 2007 1263 cam-

358 1294 469 1367 pis,
502 1295 674 1351 terris
702 1294 874 1350 cultis
907 1300 961 1350 et
991 1295 1250 1363 incultis,
1282 1299 1488 1369 pratis,
1522 1297 1775 1369 pascuis,
1826 1297 2008 1362 silvis,

357 1383 787 1449 venationibus,
822 1384 992 1454 aquis
1028 1402 1385 1456 aquarumve
1417 1386 1782 1453 decursibus,
1816 1386 2010 1456 pisca-

357 1471 640 1537 tionibus,
676 1471 873 1541 molis,
903 1472 1277 1539 malendinis,
1312 1474 1420 1528 viis
1449 1473 1719 1538 etinviis,
1758 1474 2011 1528 exitibus

357 1567 414 1618 et
442 1561 751 1627 reditibus,
788 1562 1050 1633 quaesitis
1077 1567 1132 1617 et
1162 1562 1548 1634 inquirendis,
1596 1564 2012 1635 perpetualiter

355 1650 628 1706 habenda
657 1650 1027 1719 donavimus,
1061 1668 1128 1706 ea
1152 1652 1374 1707 ratione
1404 1656 1467 1706 ut
1485 1653 1760 1723 praefatus
1791 1652 2011 1723 episco-

356 1757 469 1813 pus
499 1740 710 1811 suique
739 1756 1113 1796 successores
1163 1742 1234 1795 de
1293 1741 1513 1796 eisdem
1574 1740 1809 1812 praediis
1842 1741 2011 1796 nobis

353 1827 645 1902 imperiali
667 1830 803 1899 jure
835 1828 1193 1886 hereditatis
1222 1829 1465 1884 liberam
1499 1829 1710 1884 dehinc
1755 1829 2010 1885 habeant

349 1920 701 1990 potestatem
752 1916 1039 1989 quidquid
1099 1916 1212 1972 sibi
1271 1917 1553 1989 placuerit
1614 1918 1888 1982 faciendi,
1932 1919 2004 1973 ad

349 2006 663 2062 utilitatem
690 2010 888 2062 tamen
929 2006 1209 2077 ecclesiae.
1232 2024 1350 2063 suae
1383 2006 1647 2062 omnium
1708 2008 1999 2062 contradi-

351 2096 539 2152 ctione
568 2099 811 2151 remota.
848 2096 913 2150 Et
946 2100 1008 2150 ut
1042 2095 1162 2152 haec
1194 2101 1408 2152 nostra:
1440 2095 1773 2151 traditionis
1803 2101 2001 2152 aucto-

347 2185 489 2240 ritas
537 2183 766 2239 stabilis
799 2187 856 2239 et
886 2184 1232 2241 inconvulsa
1263 2185 1425 2241 omni
1486 2189 1831 2257 permaneat
1860 2202 1997 2250 aevo,

348 2273 501 2329 hanc
532 2272 807 2345 paginam
839 2273 972 2328 inde
1004 2274 1397 2346 conscriptam
1429 2292 1607 2329 manu
1644 2274 1877 2347 propria
1903 2292 1998 2330 ro-

347 2362 642 2428 borantes,
676 2359 868 2433 sigillo
904 2366 1098 2417 nostro
1130 2362 1399 2435 insigniri
1417 2364 1727 2434 jussimus.

414 2452 648 2522 Signum
675 2448 864 2506 damni
897 2450 1223 2506 Chuonradi
1251 2454 1607 2508 invictissimi
1638 2454 2000 2507 Romanorum

344 2539 428 2610 (L.
463 2539 564 2608 M.)
596 2539 943 2610 imperatoris
973 2540 1227 2609 Augusti.

414 2626 719 2683 Odalricus
749 2626 1134 2683 cancellarius
1167 2627 1288 2683 vice
1319 2629 1591 2684 Aribonis
1641 2627 1993 2700 archicapel-

339 2716 459 2772 lani
490 2716 850 2791 recognovit.

410 2805 555 2861 Data
610 2822 713 2860 xm
774 2804 903 2860 Kal.
983 2805 1172 2871 Febr.,
1252 2803 1570 2859 indictione
1643 2821 1757 2872 xxv,
1838 2823 1990 2863 anno

340 2894 651 2950 Dominicze
712 2893 1136 2949 Incarnationis
1196 2893 1354 2963 1031,
1388 2908 1541 2947 anno
1596 2909 1728 2947 vero
1787 2894 1989 2950 domni

340 2982 668 3039 Chuonradi
703 2982 752 3037 Il
784 2980 1082 3054 regnantis
1112 2998 1225 3049 v11;
1260 2979 1489 3054 imperii
1519 2984 1713 3036 autem
1746 2999 1822 3036 1v.

409 3073 616 3127 Actum
642 3070 904 3128 Altstete.

1101 3158 1217 3213 XII.

736 3253 844 3303 Pro
872 3247 1111 3302 Ecclesia
1136 3245 1590 3301 Paderbornensi.

958 3335 1357 3407 (AnnoiO3L)

542 3428 817 3492 [ERHARD,
849 3425 974 3480 Cod.
1007 3425 1232 3495 diplom.
1276 3424 1532 3496 West-1211.,
1568 3442 1623 3497 p.
1652 3426 1770 3496 92.]

402 3514 463 3568 C.
512 3515 576 3567 In
629 3512 865 3568 nomine
914 3517 1126 3567 sanctae
1179 3516 1236 3568 et
1282 3512 1593 3568 individere
1645 3512 1973 3572 Trinitatis.

331 3603 739 3667 Cauoxmnus,
759 3601 1177 3657 Deiordinante
1209 3601 1534 3669 clementia,
1570 3602 1975 3659 Romanorum

332 3689 649 3761 imperator
678 3694 1002 3762 Augustus.

403 3777 679 3835 Omnium
706 3779 807 3835 Dei
838 3781 1140 3852 nostrique
1167 3779 1427 3842 ﬁdelium
1464 3778 1824 3856 universitati
1870 3799 1976 3836 no-

329 3872 455 3923 tum
486 3884 615 3924 esse
643 3868 935 3937 volumus,
953 3868 1203 3941 qualiter
1220 3885 1344 3936 nos,
1370 3867 1577 3923 divinae
1602 3869 1889 3925 mercedis
1902 3870 1974 3941 ob

327 3956 629 4025 intuitum,
665 3974 769 4014 nec
818 3975 933 4013 non
989 3975 1091 4030 per
1145 3957 1532 4012 interventum
1582 3956 1975 4013 dilectissime:

327 4046 665 4103 contectalis
724 4050 936 4102 nostrae
993 4045 1164 4102 Gisia:
1239 4045 1630 4118 imperatricis
1704 4048 1973 4119 Augustae

327 4134 504 4191 simul
534 4135 710 4191 etiam
733 4134 928 4191 dilecti
947 4134 1046 4189 filii
1080 4134 1263 4190 nostri
1283 4135 1436 4207 regis
1466 4135 1738 4201 Heinriei,
1773 4138 1974 4209 etjuge

325 4223 628 4279 servitium
690 4223 1105 4295 Meginwerchi
1170 4223 1652 4278 Paterburnensis
1711 4223 1973 4279 Ecclesiae

326 4312 580 4382 episcopi
600 4311 923 4383 saepissime
955 4311 1124 4365 nobis
1140 4309 1756 4382 ﬁdeliterimpensum,
1782 4311 1970 4367 eidem

326 4398 582 4454 ecclesia:
612 4398 674 4452 in
720 4399 939 4454 honore
990 4404 1204 4454 sanctas
1270 4397 1368 4452 Dei
1421 4398 1722 4469 genitricis
1779 4400 1971 4456 Mariae

326 4503 392 4543 ac
427 4486 615 4542 sancti
654 4487 916 4559 Chyliani
949 4487 1224 4559 martyris
1254 4491 1311 4541 et
1358 4486 1547 4542 sancti
1601 4486 1816 4543 Liborii
1848 4490 1972 4561 epi-

2124 598 2335 653 scopus
2365 584 2610 654 ejusque
2641 600 3007 641 successores
3036 586 3106 642 de
3136 585 3340 642 eodem
3372 586 3589 657 predio
3621 586 3787 643 libe-

2127 687 2252 725 ram
2288 671 2531 742 posthac
2563 676 2910 743 potestatem
2942 672 3196 730 habeant
3224 675 3482 741 tenendi,
3504 691 3785 733 commu-

2124 761 2289 813 tandi
2321 759 2407 815 vel
2438 761 2723 833 quidquid
2758 761 2869 818 sibi
2903 762 3167 819 utilitatis
3191 762 3460 820 Ecclesiae
3493 764 3791 836 placuerit

2122 847 2393 916 faciendi,
2423 850 2690 906 omnium
2722 851 3028 907 hominum
3045 854 3506 911 contradictione
3531 859 3784 912 remota.

2122 938 2211 1002 Et,
2246 938 2876 995 utnostraatraditionis
2892 942 3209 996 auctoritas
3236 942 3470 1000 stabilis
3499 946 3559 998 et
3580 942 3792 1001 incon-

2122 1024 2288 1080 vulsa
2318 1043 2421 1098 per
2452 1028 2697 1099 antiqua
2723 1027 3071 1084 saeculorum
3095 1029 3392 1086 curricula
3407 1036 3781 1102 permaneat,

2122 1111 2274 1168 hanc
2331 1114 2606 1186 paginam
2658 1115 2793 1170 inde
2849 1115 3239 1189 conscriptam
3298 1133 3479 1173 manu
3540 1117 3783 1190 propria

2120 1203 2480 1273 roborantes,
2514 1203 2693 1276 sigilli
2724 1205 2909 1260 nostri
2939 1203 3323 1277 impressione
3365 1207 3665 1278 jussimus
3694 1209 3776 1265 si-

2119 1290 2330 1362 gillari.

2190 1381 2424 1451 Signum
2454 1382 2641 1437 domui
2670 1382 2983 1439 Chuonradi
3028 1385 3379 1442 invictissimi
3407 1385 3778 1442 humanorum

2087 1529 2090 1532 ,
2121 1470 2472 1541 imperatoris
2503 1472 2593 1539 (L.
2627 1473 2729 1543 M.)
2760 1472 3010 1542 Augusti.

2191 1558 2498 1615 Odalricus
2524 1554 2911 1615 cancellarins~
2939 1560 3062 1616 vice
3092 1561 3365 1618 Aribonis
3410 1561 3775 1636 archieapel-

2123 1644 2241 1700 lani
2275 1649 2602 1722 recognovi.

2192 1740 2336 1791 Data
2367 1754 2423 1791 x1
2456 1736 2573 1792 Kal.
2608 1736 2821 1807 Martii,
2855 1736 3053 1795 indict.
3104 1755 3217 1805 xxv,
3253 1755 3406 1794 anno
3454 1738 3773 1795 Dominicaa

2122 1825 2548 1881 Incarnationis
2580 1827 2739 1893 1031,
2798 1842 2952 1882 anno
2996 1843 3128 1882 vero
3181 1827 3385 1885 domui
3433 1826 3773 1886 Cbuonradi

2120 1912 2167 1967 Il
2202 1915 2500 1985 regnantis
2533 1932 2630 1981 vn,
2665 1914 2896 1986 imperii
2928 1918 3125 1971 autem
3157 1933 3231 1971 ιν.

2187 2004 2397 2058 Actum
2429 2004 2686 2060 Goslare.

2860 2092 3009 2147 XIII.

2510 2183 2619 2237 Pro
2642 2184 2866 2238 ecclesia
2896 2182 3353 2239 Puderbornensi.

2735 2272 2917 2341 (Anno
2951 2271 3149 2342 1031.)

2325 2358 2602 2433 [ERHARD,
2625 2359 2754 2416 Cod.
2782 2359 3007 2430 diplom.
3050 2359 3306 2431 Westph.,
3342 2376 3398 2431 p.
3428 2359 3546 2430 93.]

2182 2448 2243 2502 In
2271 2448 2509 2503 nomine
2537 2452 2751 2503 sanctae
2764 2450 2821 2503 et
2846 2446 3161 2503 individuae
3184 2447 3511 2515 Trinitatis,
3538 2448 3767 2506 Canon-

2109 2552 2314 2602 amus,
2347 2535 2544 2592 divina
2564 2536 2789 2593 favente
2807 2534 3138 2602 clementia,
3163 2537 3563 2595 Romanorum
3576 2537 3764 2610 impe-

2107 2630 2264 2681 rator
2292 2628 2616 2699 Augustus.

2175 2714 2234 2770 Si
2264 2713 2367 2770 ulli
2398 2731 2467 2770 ex
2503 2715 2725 2771 nostris
2756 2715 3136 2787 pontiﬁcibus
3167 2715 3258 2773 sui
3309 2714 3502 2773 ﬁdelis
3565 2716 3765 2773 ser-viti

2103 2819 2220 2860 non
2252 2803 2629 2860 immemores
2681 2802 2904 2875 aliquid
2954 2821 3024 2860 ex
3074 2803 3149 2860 iis
3178 2821 3307 2876 quae
3365 2805 3554 2861 nostri
3600 2806 3762 2877 juris

2100 2893 2458 2964 deputantur
2476 2891 2729 2963 benigno
2756 2890 2953 2947 animo
2970 2891 3391 2963 impendimus,
3404 2902 3541 2955 eum
3554 2897 3760 2964 postea

2096 2981 2157 3035 in
2188 2985 2386 3036 nostro
2443 2980 2704 3037 oramine
2753 2984 2811 3035 et
2838 2980 3153 3036 servimine
3205 2980 3625 3052 promptiorem
3687 2988 3747 3039 et

2095 3069 2279 3124 multo
2308 3069 2718 3126 studiosiorem
2732 3068 2978 3126 existere
2995 3068 3195 3140 procul
3217 3068 3397 3127 dubio
3418 3070 3742 3130 credimus.

2092 3159 2455 3230 Quapropter
2483 3158 2757 3214 omnibus
2789 3156 3006 3213 Christi
3037 3157 3341 3230 nostrique
3381 3159 3759 3223 amatoribus.

2015 3234 2057 3301 C
2091 3247 2477 3320 praesentibus
2534 3246 2757 3304 scilicet
2811 3262 2878 3304 ac
2910 3246 3124 3302 futuris
3180 3246 3575 3319 perspicuum
3614 3265 3744 3309 esse

2089 3336 2383 3403 volumus,
2409 3334 2658 3407 qualiter
2680 3334 2893 3390 Wicilo
2910 3339 3172 3392 nostram
3189 3335 3741 3407 adiitseranitatem,

2088 3423 2391 3481 humiliter
2421 3439 2636 3495 rogans
2667 3427 2733 3478 ut
2763 3422 3047 3495 praedium
3071 3423 3741 3494 Sannanabikidiotum,

2088 3512 2151 3568 in
2204 3514 2333 3569 istis
2400 3513 2559 3567 vitiis
2616 3512 2872 3567 Hornan.
2951 3511 3358 3584 Frodinctorp.
3434 3511 3741 3573 Vinesbiki

2089 3601 2327 3658 Rafseti.
2357 3599 2827 3657 Knechtabusen.
2846 3600 3111 3656 Buckinh
3121 3618 3285 3658 usen.
3307 3601 3740 3663 Bennanbusen

2087 3690 2287 3746 Scuni.
2323 3688 2624 3746 Berchem.
2658 3688 2925 3745 Romam.
2987 3688 3339 3746 Holthusen.»
3380 3690 3589 3758 situm,
3636 3709 3743 3749 sua

2088 3779 2406 3851 uxorisque
2435 3795 2555 3833 suae
2586 3776 2723 3832 Odaa
2753 3776 3001 3849 ﬁliaeque
3059 3795 3179 3835 suae
3232 3779 3459 3843 Cecilia
3483 3796 3595 3843 nec
3622 3797 3740 3838 non

2084 3868 2382 3924 Gerburch
2415 3866 2638 3939 ﬁliique
2670 3867 2800 3936 ejus
2830 3867 3050 3923 Odonis
3079 3868 3358 3940 petitione
3404 3885 3470 3931 ac
3526 3868 3743 3931 cellam

2088 3958 2339 4027 datione,
2374 3958 2445 4013 ad
2476 3962 2739 4012 nostram
2772 3955 3137 4029 imperialem
3193 3974 3437 4014 manum
3482 3957 3741 4031 recipere

2086 4064 2450 4114 curaremus,
2481 4046 2763 4118 praedium
2793 4044 2981 4102 Zurici
3014 4046 3169 4117 quod
3201 4048 3430 4103 nostrae,
3459 4046 3735 4119 fuitpro-

2085 4137 2349 4210 prielatis
2378 4134 2613 4191 illorum
2645 4139 2883 4190 econtra
2911 4134 3298 4207 subjugantea
3343 4134 3570 4197 ditioni.
3621 4135 3740 4197 Ho-

2084 4241 2217 4280 rum
2247 4223 2428 4296 igitur
2455 4222 2741 4278 desiderio
2763 4222 3084 4294 primatum
3117 4226 3449 4283 nostrorum
3500 4223 3739 4287 satisfa-

2084 4314 2303 4375 cientes
2333 4311 2598 4380 consilio,
2629 4312 2688 4366 id
2747 4312 2903 4383 quod
2935 4311 3168 4367 illorum
3218 4312 3325 4382 jus
3350 4311 3509 4383 quod
3549 4312 3734 4371 nostri

2083 4407 2207 4457 erat
2217 4403 2376 4474 juris
2403 4400 2789 4457 amicabi-liter
2801 4400 3510 4463 remisimus.Traasaetis
3530 4405 3737 4461 autem

2081 4490 2165 4548 ita
2189 4491 2301 4547 viis
2327 4488 3280 4561 omnibus,praedictumpraadium
3306 4488 3734 4555 Sanusnabiki,

326 4576 485 4648 scopi
543 4580 599 4631 et
654 4576 1007 4632 contessoris
1063 4578 1431 4667 constructae,
1483 4576 1765 4667 praedium
1824 4578 1969 4667 Ben-
2001 4600 2051 4667 Ι)
2080 4580 2236 4652 quod
2267 4584 2409 4635 tunc
2438 4583 2651 4637 nostra:
2675 4578 3057 4649 judicabatur
3083 4576 3642 4667 esse‘pmpridaﬁs,
3672 4577 3737 4633 in

325 4664 663 4733 nanhusun,
697 4664 1043 4732 Ualabroch,
1069 4663 1476 4732 Dadanbroch,
1510 4665 1691 4720 situm
1722 4665 1781 4720 in
1804 4666 1972 4739 pagis

323 4754 558 4826 Wetiga
612 4757 670 4809 et
704 4752 903 4808 Tilithi
958 4752 1017 4807 in
1074 4753 1357 4808 comitatu
1414 4753 1778 4822 Widukindi,
1839 4772 1972 4811 curn

323 4830 599 4899 omnibus
629 4843 702 4897 ad
735 4842 929 4913 ipsum
952 4843 1235 4915 praedium
1260 4844 1396 4914 jure
1426 4860 1492 4898 ac
1508 4842 1777 4917 legaliter
1801 4845 1973 4917 perti-

322 4931 764 4996 nentibus,cum
782 4929 1091 5003 mancipiis
1106 4930 1411 5003 utriusque
1425 4949 1619 5001 sexus,
1644 4948 1777 4987 cum
1798 4934 1969 5001 areis,

322 5020 606 5087 aediﬁciis,
660 5019 839 5090 agris,
893 5020 1137 5090 campis,
1170 5019 1343 5074 terris
1400 5020 1572 5077 cultis
1620 5026 1678 5077 et
1710 5021 1970 5091 incultis,

321 5109 526 5181 pratis,
559 5108 818 5181 pascuis,
875 5107 1058 5176 silvis,
1091 5108 1521 5177 venationibus,
1573 5111 1744 5182 aquis
1793 5128 1969 5182 aqua-

320 5215 523 5254 rumve
536 5197 903 5264 decursibus,
936 5196 1375 5269 piscationihus,
1395 5197 1970 5267 molis,molendinis,

321 5285 431 5340 viis
463 5290 519 5341 et
573 5285 770 5355 inviis,
829 5285 1082 5341 exitibus
1114 5290 1170 5340 et
1228 5286 1534 5351 reditibus,
1594 5287 1859 5357 qumsitis
1915 5292 1971 5343 et

320 5372 713 5443 inquirendis,
748 5390 849 5429 seu
883 5390 1016 5429 cum
1048 5372 1207 5428 omni
1226 5372 1498 5438 utilitate,
1531 5390 1658 5444 quae
1678 5374 1767 5430 vel
1792 5376 1970 5432 scribi

320 5462 426 5515 aut
456 5458 746 5514 nominari
788 5460 905 5516 ullo
963 5462 1137 5517 modo
1193 5465 1403 5534 potest,
1439 5461 1497 5514 in
1557 5462 1969 5533 proprietatem

321 5546 807 5616 condonavimus,
868 5554 925 5605 et
954 5551 1025 5606 de
1082 5554 1284 5606 nostro
1332 5550 1465 5620 jure
1495 5565 1559 5604 ac
1618 5549 1877 5608 dominio
1912 5553 1972 5609 in

318 5634 583 5731 edusdem
596 5635 970 5709 Ecclesiaejus
982 5655 1047 5694 ac
1059 5637 1387 5694 dominium
1398 5637 1639 5696 omnino
1661 5640 1964 5699 transfun-

2086 4670 2369 4726 comitalu
2425 4666 2734 4724 Widukini
2781 4667 2839 4723 in
2901 4683 3050 4740 pago
3079 4665 3316 4738 Wetiga.
3366 4665 3570 4735 situm,
3599 4682 3739 4729 cum

2084 4759 2361 4817 omnibus
2392 4755 2746 4813 utilitatibus
2772 4757 2845 4812 ad
2876 4756 3031 4811 idem
3062 4754 3517 4827 pertinentibus,
3558 4755 3737 4820 areis,

2083 4847 2367 4913 aediﬁciis,
2397 4845 2576 4918 agris,
2631 4843 2805 4900 terris
2862 4844 3037 4900 cultis
3086 4848 3146 4899 et
3208 4842 3739 4914 incultis,,pmtis.

2080 4934 2339 5010 pascuis,
2368 4931 3336 5005 campis,silvis,venatibus,&qu13,
3366 4948 3743 5004 squarumvo

2079 5024 2457 5091 decursibus,
2485 5021 2931 5094 piscationibus,
2966 5021 3162 5089 molis,
3190 5020 3573 5087 molendinis.
3622 5021 3741 5079 viis

2080 5118 2138 5170 et
2167 5112 2359 5179 inviis,
2391 5111 2644 5167 exitibus
2660 5114 2717 5166 et
2748 5110 3052 5179 reditibus,
3073 5108 3745 5188 quasitisoetinquiran-

2080 5202 2192 5258 dis:
2227 5201 2300 5255 ob
2333 5198 2643 5254 amabilem
2677 5198 2944 5270 conjugis
2975 5204 3188 5254 nostrae
3210 5197 3746 5271 Gislaeaimperatri-

2081 5289 2165 5346 cis
2196 5292 2468 5360 Augustae
2499 5287 2917 5352 interventum,
2953 5291 3011 5343 et
3040 5288 3125 5343 ob
3143 5287 3390 5351 minime
3437 5287 3744 5361 deum.

2080 5377 2217 5432 dam
2248 5373 2642 5432 dilectissime:
2674 5374 2852 5447 prolis
2881 5379 3097 5432 nostris
3128 5375 3380 5437 Heinrici
3411 5374 3746 5448 regispeti-

2077 5465 2318 5528 tionem,
2351 5480 2458 5520 nec
2477 5480 2594 5521 non
2624 5462 3747 5530 Herimannimarebionis,Meinvverco

2077 5551 2426 5611 venerabilis
2454 5552 2584 5606 vitae
2616 5550 2889 5624 episcopo
2920 5568 3157 5625 suasque
3205 5549 3463 5617 ecclesias
3511 5550 3573 5607 in
3601 5567 3757 5611 san-

2080 5643 2359 5701 ctissima;
2418 5640 2516 5698 Dei
2572 5639 2873 5711 genitricis
2952 5640 3143 5701 Maria
3211 5644 3273 5697 et
3313 5638 3746 5713 pretiosissimi
