3968 6126
256 212 422 277 4057

260 433 479 490 Liborii
503 433 783 490 honorem
811 439 1177 504 constructae,
1210 453 1276 492 eo
1298 441 1495 494 tenore
1516 439 1576 494 in
1610 442 1911 513 proprium

258 522 642 588 tradidimus,
671 527 738 577 ut
788 523 912 595 ipse
937 524 1178 596 suisque
1208 541 1577 582 successores
1607 528 1678 583 de
1710 529 1912 584 eodem

259 610 508 667 liberam
533 612 808 683 deinceps
835 612 1087 668 habeant
1130 617 1475 685 potestatem
1509 616 1762 685 tenendi,
1796 621 1911 672 tra-

258 701 459 769 dendi,
482 701 1336 770 vendendi,commutandi,vel
1368 704 1654 777 quidquid
1689 704 1917 777 placue-

260 791 343 846 rit
361 790 474 846 sibi
499 790 771 856 faciendi,
804 792 876 846 ad
909 791 1223 847 utilitatem
1256 796 1453 848 tamen
1502 794 1915 865 prmdictorum

260 884 604 937 sanctorum
636 878 927 936 Ecclesia).
952 881 1268 953 'Becordati
1290 899 1501 938 sumus
1514 900 1770 955 namque
1801 901 1916 939 non

262 969 325 1024 in
357 968 466 1025 hoc
494 972 747 1036 tantum,
780 969 879 1025 sed
903 970 960 1025 in
985 969 1117 1026 aliis
1137 970 1249 1026 sibi
1271 971 1485 1041 adhuc,
1524 979 1634 1029 L‘eo
1664 971 1915 1040 volente,

252 1074 299 1114 ‘a
324 1058 496 1114 nobis
551 1059 854 1115 tradendis
913 1059 1169 1131 praediis,
1202 1062 1358 1132 quod
1401 1079 1576 1118 suum
1608 1063 1914 1118 assiduum

262 1147 569 1203 servitium
626 1148 891 1204 devotius
942 1154 1001 1204 et
1028 1150 1251 1206 czeteris
1280 1152 1500 1207 nostris
1530 1151 1907 1224 pontiﬁcibus

254 1237 653 1310 frequentius,
706 1254 821 1292 non
842 1237 1014 1309 quasi
1036 1254 1172 1306 uno,
1193 1239 1294 1295 sed
1326 1241 1442 1297 fere
1474 1242 1532 1296 in
1574 1242 1733 1297 omni
1764 1246 1914 1296 tem-

262 1342 404 1398 pore
425 1329 648 1383 certum
671 1325 1009 1382 habuimus.
1024 1327 1094 1381 Et.
1124 1331 1187 1382 ut
1209 1327 1330 1383 haec
1348 1333 1558 1385 nostrae
1582 1330 1915 1386 traditionis

264 1414 585 1471 auctoritas
623 1415 854 1472 stabilis
876 1420 932 1471 et
953 1415 1295 1472 inconvulsa
1318 1417 1915 1490 perlabentiatempo-

263 1520 398 1560 rum
430 1503 719 1560 curricula
735 1504 1211 1571 observetur,hoc
1226 1511 1577 1579 prrsceptum
1595 1507 1729 1562 inde
1752 1524 1915 1563 cons-

261 1593 518 1665 criptum
547 1594 759 1649 subtus
810 1611 988 1649 manu
1050 1595 1285 1666 propria
1333 1596 1809 1652 confirmavimus
1857 1599 1915 1651 et

1554 212 2086 281 CHUONRADUS
2128 214 2182 278 II
2225 214 2391 280 IMP.

262 345 543 419 martyris
561 340 829 415 Chyliani
852 358 958 401 nec
980 362 1093 401 non
1118 346 1525 420 gloriosissimi
1555 351 1905 408 confessoris
1933 351 1989 418 Α

3512 218 3711 307 1058,

2090 351 2319 422 Signum
2364 351 2574 407 domini
2623 350 2935 409 Chuonradi
2949 354 3289 412 serenissimi
3316 358 3658 429 imperatoris

2022 442 2268 511 Augusti.

2096 530 2289 584 Bruno
2309 530 2689 588 cancellarius
2737 534 2807 587 ad
2831 533 3010 588 vicem
3048 534 3315 590 Aribonis
3347 536 3667 610 Magontini

2025 617 2440 691 archiepiscopi
2464 625 2521 675 et
2567 622 3059 677 archicancellarii
3092 625 3417 696 recognovi.

2101 707 2307 761 Datum
2340 725 2400 762 III
2434 709 2720 765 Kalendas
2754 710 3124 775 Martii,anno
3149 713 3460 769 Dominicm
3484 716 3670 772 Incar-

2026 795 2279 850 nationis
2314 798 2471 861 1031,
2506 797 2824 854 indictione
2872 817 2985 859 XIV,
3037 817 3189 855 anno
3243 807 3435 858 autem
3469 806 3669 860 domui

2026 884 2357 938 Chuonradi
2378 904 2431 940 γι
2458 888 2778 958 regnantis.
2812 888 3156 958 imperantis
3185 908 3316 946 vero
3349 909 3418 946 IV.

2093 975 2301 1028 Actum
2336 974 2573 1030 Goslare
2605 975 2863 1031 feliciter.
2900 981 3098 1033 Anien.

2789 1083 2901 1137 XV.

2027 1168 2380 1223 Chuonradus
2406 1171 2457 1225 II
2486 1186 2605 1238 rex,
2646 1173 2942 1242 imperator
2971 1174 3013 1239 1,
3068 1174 3315 1229 [Iubalth
3349 1176 3673 1234 Cremonen-

2093 1242 2142 1321 si
2172 1243 2434 1321 episcolip,
2469 1242 2691 1321 ejusque
2729 1245 3013 1311 Ecclesia:
3071 1247 3255 1301 omnia
3298 1249 3591 1321 privilegia
3621 1256 3673 1306 ct

2095 1313 2234 1367 bona
2263 1313 2570 1381 conﬁrmat.

2642 1403 2829 1474 (Anno
2864 1364 3046 1473 103i.)

2343 1492 2685 1560 [lilunxronn
2732 1494 2916 1564 Antig.
2962 1495 3082 1548 Ital.
3120 1495 3160 1559 Ι,
3202 1496 3345 1563 417.]

2095 1597 2156 1652 In
2190 1598 2426 1654 nomine
2452 1605 2665 1656 sancta:
2695 1599 3079 1656 etindividuae
3097 1603 3419 1673 Trinitatis,
3441 1605 3667 1661 CHUON-

264 1682 767 1739 corroboravimus
798 1699 864 1738 ac
915 1682 1093 1754 sigilli
1144 1684 1329 1739 nostri
1355 1684 1739 1756 impressione
1781 1685 1913 1739 dili-
1944 1723 1992 1788 B
2023 1703 2231 1753 nanus,
2263 1686 2461 1743 divina
2493 1690 2713 1745 favente
2741 1689 3072 1758 clementia,
3104 1690 3501 1749 Romanorum
3559 1694 3668 1750 im-

264 1770 501 1844 gentius
532 1771 802 1843 insigniri
833 1772 1237 1844 praecepimus.

335 1861 568 1931 Signum
595 1861 784 1916 domui
808 1862 1128 1918 Chuonrudi
1156 1864 1507 1919 invictissimi
1550 1865 1915 1920 Romanorum

264 1952 617 2021 imperatoris
644 1951 892 2022 Augusti.
929 1951 1014 2022 (L.
1049 1951 1150 2022 M.)
1780 1966 1785 1975 ‘

333 2038 640 2095 Odalricus
671 2039 1057 2097 cancellarius
1098 2043 1448 2113 recognovit.

335 2128 481 2184 Data
535 2146 598 2183 1n
654 2129 800 2185 Non.
868 2130 1139 2202 Augusti,
1205 2131 1524 2187 indictione
1580 2149 1695 2197 xw,
1762 2149 1913 2187 anno

263 2218 581 2274 Dominicis
615 2218 1039 2273 Incarnationis
1097 2220 1255 2285 1031,
1288 2236 1441 2274 anno
1483 2223 1679 2274 autem
1713 2221 1912 2276 domni

258 2306 591 2362 Chuonradi
625 2307 675 2362 II
705 2307 1005 2379 regnantis
1032 2324 1133 2374 vn,
1164 2308 1397 2380 imperii
1418 2325 1550 2364 vero
1572 2327 1624 2364 v.

333 2398 540 2451 Actum
558 2396 1055 2452 Immeteshusun.

1019 2510 1164 2566 XIV.

272 2600 631 2663 Chuonradus
689 2602 713 2655 I
772 2601 1069 2672 imperator
1107 2600 1347 2654 Habaldo
1397 2601 1744 2655 Cremonensi
1798 2604 1916 2673 rpi-

339 2688 495 2813 ἧσορο
525 2673 651 2733 iura
682 2674 859 2739 varia,
892 2676 944 2727 et
972 2672 1289 2726 comitatum
1319 2673 1492 2742 ipsius
1520 2674 1753 2729 civitatis
1790 2672 1916 2728 cen-

381 2752 543 2800 rmat.

381 2752 543 2800 rmat.

890 2834 1076 2902 (Anno
1110 2832 1293 2903 1031.)

587 2921 942 2992 [ΜυιιΑτοΒῃ
990 2924 1172 2994 Antig.
1216 2922 1339 2977 Ital.
1374 2922 1443 2989 ΙΙ,
1478 2923 1591 2992 73.]

338 3019 401 3073 In
434 3017 668 3074 nomine
695 3023 909 3074 sancta”:
936 3023 994 3073 et
1022 3018 1333 3074 individua:
1356 3018 1915 3084 Trinitatis,Chuon-

2025 1779 2254 1846 perator
2277 1778 2598 1850 Augustus.

2096 1865 2153 1919 Si
2174 1866 2800 1921 sanctactvenerabilia
2832 1866 3093 1933 loca,etc.
3112 1870 3668 1933 Quocircaomnium

2026 1958 2239 2008 sanctae
2273 1954 2368 2007 Dei
2408 1954 2673 2009 Ecclesia:
2718 1956 3004 2024 ﬁdelium,
3038 1962 3491 2032 nostrorumque
3523 1977 3668 2033 prte-

2025 2042 2276 2097 sentium
2311 2042 2529 2098 scilicet
2558 2061 2623 2098 ac
2682 2045 3013 2101 futurorum
3058 2048 3281 2102 noverit
3319 2049 3670 2107 universitas

2025 2130 2778 2199 Hubaldum,venerabilcm
2799 2133 3022 2188 Sanctae
3041 2134 3449 2193 Cremonensis
3480 2138 3668 2194 Eccle-

2023 2220 2120 2274 size
2153 2218 2494 2283 antistitem,
2529 2219 2767 2274 obtentu
2821 2220 3040 2276 dilectae
3070 2222 3296 2294 imperii
3323 2226 3504 2281 nostri
3531 2244 3666 2283 con-

2024 2308 2200 2364 sortis
2231 2307 2400 2364 Gislze
2449 2307 2838 2379 imperatricis
2896 2311 3267 2381 gratissimae,
3301 2312 3669 2373 celsitudinis

2024 2402 2234 2452 nostra:
2265 2396 2636 2452 clementiam
2670 2398 2876 2453 obnixe
2898 2398 3316 2472 humiliterque
3338 2403 3669 2474 postulasse

2023 2490 2315 2558 quatenus
2360 2503 2462 2557 pro
2488 2486 2581 2541 Dei
2608 2502 2822 2554 amore,
2860 2488 3165 2559 nostrique
3197 2489 3426 2562 imperii
3457 2492 3664 2561 salute,

2024 2580 2228 2630 nostra
2260 2574 2546 2646 imperiali
2589 2575 2931 2631 auctoritate
2962 2581 3251 2649 praecepta
3283 2596 3316 2633 a
3347 2580 3666 2636 decessori-

2026 2665 2136 2720 bus
2167 2664 2382 2720 nostris
2410 2664 2671 2736 regibus,
2705 2668 2878 2736 atque
2910 2665 3383 2738 imperatoribus,
3415 2670 3666 2725 maxime

2026 2753 2391 2825 Berengario,
2410 2752 2738 2824 Rodulpho,
2758 2769 2859 2808 nec
2883 2772 2996 2809 non
3023 2754 3165 2809 divae
3190 2756 3481 2811 memoriae
3504 2756 3666 2814 Otto-

2026 2842 2220 2908 nibus,
2246 2857 2313 2896 ac
2334 2841 2600 2908 Henrico,
2636 2841 2961 2914 magniﬁcis
2984 2842 3435 2914 imperatoribus
3465 2851 3665 2920 Augu-

2027 2930 2156 2997 stis,
2190 2947 2308 2984 suae
2340 2929 2604 2984 Ecclesia:
2619 2946 2893 2985 concessa
2907 2932 3391 2990 conﬁrmaremus
3418 2940 3475 2990 et
3496 2936 3664 2992 robo-

2027 3018 2421 3089 raremus.Cuj
2433 3035 2500 3073 us
2526 3018 2719 3089 dignis
2742 3017 3120 3088 petitionibus
3141 3027 3667 3095 annuentes,prout

264 3107 467 3175 radus,
488 3106 683 3163 divina
713 3107 941 3163 favente
973 3106 1709 3174 clementia,Romanorum
1728 3110 1910 3182 impe-
1942 3091 1984 3156 (ἶ
2016 3109 2177 3179 justo
2201 3111 2258 3162 et
2278 3106 3130 3178 legaliter,etc.,conﬁrmamus
3152 3091 3663 3167 etcorroboramus

228 3221 232 3225 θ
264 3200 424 3253 rator
447 3198 769 3268 Augustus.

333 3286 388 3340 Si
408 3290 613 3341 sancta
633 3302 699 3341 ac
718 3285 1075 3341 venerabilia
1096 3285 1221 3341 loca
1242 3286 1561 3342 sublimare
1611 3304 1675 3343 ac
1706 3289 1908 3344 defen-

258 3392 393 3432 sare
415 3374 819 3431 studuerimus
839 3375 911 3429 ad
938 3374 1099 3447 regni
1124 3374 1311 3430 nostri
1340 3378 1559 3430 statum
1591 3374 1700 3431 hoc
1734 3379 1908 3449 perti-

260 3480 401 3521 nere
421 3463 622 3537 procul
641 3464 821 3520 dubio
839 3480 955 3520 non
1002 3464 1379 3536 ambigimus.
1415 3464 1776 3537 Quapropter
1806 3483 1908 3522 n0-

260 3557 519 3610 strorum
542 3552 804 3610 ﬁdelium
838 3552 1213 3625 praesentium
1246 3551 1471 3608 scilicet
1492 3570 1557 3608 ac
1576 3554 1907 3611 futurorum

258 3647 467 3699 noscat
484 3638 860 3707 universitas,
886 3640 1244 3709 Hubaldum,
1264 3647 1478 3698 sancta:
1504 3644 1909 3700 Cremonensis

259 3729 529 3787 Ecclesia:
558 3730 948 3787 venerabilem
997 3730 1341 3795 antistitem,
1389 3730 1713 3787 interventu
1761 3731 1908 3787 dile-

261 3819 536 3876 ctissime:
569 3820 836 3893 conjugis
868 3825 1080 3876 nostra:
1112 3819 1283 3875 Gislze
1344 3819 1750 3893 imperatricis,
1805 3839 1906 3877 no-

259 3914 442 3966 stram
474 3909 776 3965 humiliter
802 3909 1019 3966 adiisse
1051 3909 1446 3978 clementiam,
1498 3910 1801 3983 postulans
1846 3916 1909 3966 ut

257 4014 362 4071 pro
394 4003 507 4056 Deo
530 4002 591 4054 et
644 3998 855 4054 anima:
887 4003 1097 4054 nostris
1129 3999 1384 4055 remedio
1424 4002 1713 4072 praecepta
1742 4016 1776 4054 a
1807 4000 1904 4055 de-

255 4087 590 4144 cessoribus
614 4085 832 4141 nostris
862 4103 981 4141 suis
1021 4086 1287 4142 Ecclesia
1299 4104 1578 4145 concessa
1599 4088 1906 4143 conﬁrma-

257 4190 457 4230 remus
488 4190 554 4231 ac
584 4175 1014 4230 roboraremus.
1048 4175 1229 4244 Cujus
1267 4176 1465 4247 dignis
1521 4176 1904 4248 petitionibus

252 4265 604 4326 annuentes,
664 4265 836 4332 prout
881 4262 1045 4331 justo
1083 4267 1141 4316 et
1171 4261 1434 4334 legaliter
1462 4280 1799 4334 possumus,
1833 4281 1902 4321 ea

256 4350 566 4405 firmamus
591 4354 650 4403 et
678 4350 1147 4404 corroboramus.
1204 4350 1291 4404 Ita
1321 4355 1385 4404 ut
1414 4351 1699 4422 quidquid
1731 4369 1900 4409 cura-

2018 3196 2207 3251 eidem
2240 3200 2449 3250 sanctm
2479 3193 2853 3249 Cremonensi
2884 3193 3152 3249 Ecclesiae
3185 3196 3470 3269 quidquid
3501 3215 3665 3255 cura-

2018 3289 2180 3352 turae,
2216 3283 2453 3351 telonei,
2483 3288 2657 3354 atque
2687 3282 2977 3354 portatici,
3011 3300 3111 3338 seu
3170 3284 3415 3355 ripatici,
3464 3287 3661 3359 aliquo

2018 3374 2252 3447 ingenio
2279 3373 2348 3427 de
2390 3373 2516 3443 jam
2546 3372 2665 3426 fata
2694 3371 3069 3427 Cremonensi
3100 3372 3331 3428 civitate
3362 3374 3434 3428 ad
3466 3376 3658 3447 publi-

2018 3478 2147 3516 cam
2170 3459 2527 3515 t'unctionem
2569 3458 2850 3530 pertinuit
2871 3463 2991 3514 tam
3037 3460 3106 3515 de
3130 3463 3291 3532 parte
3313 3460 3500 3533 ipsius
3522 3464 3659 3518 civi-

2017 3549 2156 3605 tatis
2185 3548 2703 3619 comitatus,quam
2736 3547 2805 3602 dc
2837 3553 2999 3620 parte
3030 3550 3206 3605 cortis
3238 3549 3520 3621 Sexpilas,
3557 3568 3662 3608 nec

2018 3656 2131 3694 non
2163 3639 2321 3711 ripas
2341 3641 2397 3693 et
2418 3636 2702 3709 piscarias
2722 3654 2757 3691 a
2795 3636 3128 3708 Vulpariolo
3170 3655 3356 3711 usque
3385 3640 3457 3694 ad
3489 3645 3665 3712 caput

2015 3728 2216 3782 Abdue
2236 3743 2367 3781 cum
2394 3725 2744 3781 molendinis
2765 3729 2821 3780 et
2843 3726 3132 3781 molatura
3182 3744 3406 3794 eorum,
3441 3729 3665 3786 scilicet

2018 3832 2120 3888 per
2149 3830 2631 3886 unumquemque
2661 3813 3066 3869 molendinum
3092 3816 3257 3887 grani
3286 3817 3514 3873 modios
3534 3818 3665 3874 Cre-

2017 3920 2325 3961 monenses
2342 3904 2618 3975 quinque,
2648 3906 2824 3973 atque
2851 3919 2985 3957 cum
3010 3903 3474 3975 uniuscujusque
3498 3906 3661 3962 navis

2015 3993 2184 4049 solito
2207 4009 2408 4056 censu,
2435 4008 2537 4062 per
2558 4007 2977 4062 unamquaque
3021 3992 3215 4046 navim
3236 3991 3503 4048 videlicet
3520 3993 3661 4050 salis

2014 4082 2202 4139 orales
2218 4084 2490 4153 quatuor,
2523 4078 2674 4134 sicut
2689 4078 3021 4134 continetur
3038 4079 3093 4134 in
3111 4079 3336 4135 notitiis
3360 4084 3494 4136 ante
3516 4098 3659 4153 prie-

2013 4172 2262 4229 sentiam
2283 4168 2553 4226 Cessonis
2583 4167 2835 4231 diaconi,
2862 4172 2919 4223 et
2942 4168 3140 4223 domni
3165 4169 3393 4224 Ottonis
3416 4169 3662 4242 impera-

2012 4264 2156 4319 toris
2189 4260 2439 4328 missi,et
2453 4256 2737 4313 Heriberti
2756 4256 3109 4325 cancellarii,
3133 4259 3413 4314 Cremone
3444 4258 3503 4314 in
3534 4259 3657 4331 pla-

2011 4353 2124 4408 cito
2155 4349 2538 4406 residentium
2572 4345 2758 4415 factis,
2791 4350 2848 4401 et
2901 4347 3249 4403 auctoritate
3300 4364 3365 4404 ac
3387 4348 3657 4420 jussione

251 4443 422 4507 turis,
451 4435 686 4505 telonei,
714 4437 1008 4510 portatici,
1042 4453 1145 4493 seu
1181 4437 1433 4510 ripatici,
1466 4443 1522 4493 et
1550 4440 1895 4496 comitatum
1927 4457 1974 4521 D
2006 4440 2290 4514 prmlibati
2322 4437 2519 4493 domni
2554 4435 2778 4492 Ottonis
2815 4435 3185 4507 imperatoris
3213 4434 3480 4509 legaliter
3498 4438 3659 4495 robo-

252 4527 407 4583 infra
426 4527 910 4599 praenominatam
928 4526 1245 4593 civitatem,
1271 4542 1374 4581 seu
1405 4530 1565 4581 extra
1596 4544 1697 4598 per
1727 4529 1897 4599 quin-

252 4632 365 4688 que
386 4615 797 4672 milliariorum
819 4615 1029 4689 spatia,
1065 4616 1218 4671 sicut
1260 4615 1318 4670 in
1340 4616 1607 4686 ejusdem
1631 4616 1894 4672 Ecclesiae

252 4703 556 4776 praeceptis
587 4704 935 4771 continetur,
995 4707 1207 4770 teneat,
1266 4703 1498 4771 habeat,
1539 4702 1902 4776 ﬁrmiterque

252 4792 553 4863 possideat
590 4797 710 4849 tam
742 4791 867 4865 ipse
897 4809 1075 4864 quam
1102 4796 1159 4848 et
1185 4791 1276 4848 sui
1309 4807 1698 4848 successores.
1750 4797 1900 4848 Prie-

248 4884 408 4937 terea
429 4881 576 4938 alias
600 4882 1072 4950 consuetudines,
1099 4898 1246 4954 quas
1277 4882 1367 4936 sui
1401 4886 1797 4938 antecessores
1828 4884 1900 4938 ad

250 4967 410 5026 illam
435 4974 780 5043 potestatem
814 4970 1265 5042 pertinentes,et
1300 4970 1570 5043 angarias
1601 4972 1899 5042 quondam

250 5056 603 5126 habuerunt,
637 5060 932 5115 ettotrum
964 5060 1035 5116 de
1066 5059 1197 5132 ipsa
1222 5058 1471 5124 civitate,
1504 5060 1659 5130 quod
1692 5061 1763 5115 ad
1797 5078 1899 5116 no-

249 5149 436 5202 strum
469 5146 772 5204 servitium
824 5148 1017 5220 colligi
1066 5165 1212 5205 usus
1262 5147 1392 5213 fuit,
1442 5152 1500 5203 ot
1535 5165 1740 5221 porcos
1768 5151 1896 5205 Ari-

247 5251 623 5304 mannorum,
658 5241 714 5292 et
772 5238 1166 5309 albergarias;
1210 5236 1485 5293 similiter
1526 5239 1899 5311 praecipimus

253 5329 315 5381 ut
345 5325 491 5397 ipse,
526 5326 737 5398 suique
768 5342 1139 5382 successores
1196 5325 1494 5399 perpetuis
1534 5329 1897 5400 temporibus

245 5412 497 5486 exigant.
531 5414 911 5485 Praccipimus
941 5412 1139 5489 itaque
1170 5419 1343 5488 atque
1364 5415 1647 5489 jubemus
1678 5424 1743 5475 ut
1772 5418 1899 5475 nul-

248 5501 344 5569 lus
361 5502 500 5581 dux,
533 5516 749 5578 comes,
780 5504 891 5561 etc.

2009 4532 2184 4593 ratis;
2207 4533 2263 4584 et
2294 4526 2635 4598 paliﬁcturae
2663 4524 2921 4581 denariis
2955 4528 3339 4597 quatuor,seu
3366 4543 3501 4582 cum
3534 4542 3657 4599 per-

2011 4617 2297 4673 solutione
2313 4615 2576 4668 omnium
2609 4613 2927 4683 navium,et
2948 4632 3081 4669 cum
3100 4620 3375 4670 curatura
3391 4615 3656 4670 omnium

2012 4704 2399 4777 negotiorum,
2434 4700 2535 4773 qui
2564 4703 2714 4756 ﬁunt
2746 4703 2802 4756 in
2834 4703 3113 4774 prazdicta
3156 4704 3283 4775 ripa
3313 4708 3431 4758 tam
3462 4703 3535 4757 ab
3564 4702 3654 4757 in-

2013 4793 2154 4849 colis
2186 4790 2436 4847 civitatis
2469 4807 2643 4862 quam
2676 4791 2749 4845 ab
2781 4790 2912 4845 aliis
2973 4791 3209 4846 aliunde
3248 4792 3317 4845 ad
3358 4790 3653 4863 negotium

2010 4880 2506 4945 venientibus,seu
2537 4896 2670 4932 cum
2693 4880 2970 4934 omnibus
3001 4878 3265 4934 Ecclesiae
3290 4878 3653 4934 rectitudini-

2010 4972 2120 5028 bus
2153 4986 2218 5025 ac
2250 4965 3248 5023 consuetudinibus.Distrietionem
3281 4983 3415 5022 vero
3446 4966 3651 5022 civita-

2009 5062 2086 5116 tis
2098 5061 2258 5115 intus
2279 5062 2335 5113 et
2347 5063 2608 5127 exlraper
2628 5073 2701 5126 qu
2713 5054 2887 5126 inque
2902 5053 3310 5110 milliariorum
3326 5054 3649 5126 spatia,etc.

2009 5149 2066 5205 Si
2097 5150 2232 5221 quis
2266 5146 2463 5220 igitur,
2494 5149 2602 5199 etc.

2080 5240 2309 5310 Signum
2336 5235 2547 5292 domini
2579 5233 2893 5290 Chuonradi
2920 5234 3265 5289 serenissimi
3300 5234 3649 5305 imperatoris

2005 5329 2257 5400 Augusti.

2079 5418 2270 5473 Bruno
2301 5413 2686 5472 cancellarius
2714 5412 2785 5468 ad
2818 5413 3003 5468 vicem
3026 5411 3297 5469 Aribonis
3324 5413 3648 5489 Magontini

2007 5506 2427 5583 archiepiscopi
2443 5509 2500 5564 et
2518 5501 3016 5563 archicancellarii
3036 5501 3362 5583 recognovi,
