3968 6126
367 205 524 267 1059

1729 197 2040 263 ΜΟΝΠΜ;
2085 194 2405 263 DIPLOM.

3606 197 3799 263 1060

435 334 647 390 Datum
679 348 742 389 ni
772 330 1062 389 Kalendas
1093 325 1306 399 Martii,
1342 346 1517 387 anno
1551 330 1858 386 Dominicze
1912 332 2001 386 In-
2033 334 2088 400 Α
2118 332 2459 402 nostrojure
2479 347 2546 387 ac
2561 329 2819 386 dominio
2842 329 2901 386 in
2925 330 3216 402 suumjus
3230 333 3409 404 atque
3428 330 3791 390 dominium

363 423 719 480 carnationis
747 422 1232 491 1031,indictione
1260 438 1376 487 xxv,
1406 437 1558 476 anno
1577 424 1769 475 autem
1804 421 2004 476 domni
2110 421 2347 476 omnino
2380 420 2911 487 trasfundimus,eo
2929 436 3160 492 quoque
3195 424 3486 486 tenore,ut
3510 419 3780 492 pradic-

360 512 691 569 Chuonradi
726 511 1101 584 ll‘regnantis
1134 514 1314 579 sexto,
1349 509 1582 583 imperii
1620 525 1755 565 vero
1784 527 1858 565 1v.

432 607 645 659 Actum
674 600 910 658 Goslare
943 600 1200 656 feliciter.
1228 601 1434 654 Amen.

1108 704 1253 760 XVI.

360 802 585 856 Litterae
615 796 932 853 Chuonradi
959 797 985 851 l
1010 796 1355 867 imperatoris
1406 794 1477 850 ad
1506 796 1643 867 cives
1675 795 2003 867 Cremonen-

429 887 529 939 ses,
561 878 620 925 ut
642 872 886 940 episcopo
919 865 1268 924 Cremonensi
1295 867 1359 922 de
1412 865 1737 937 quibusdam
1764 866 2001 936 querelis

429 943 793 1014 satisfiwiant.

813 1027 1071 1101 (Circiter
1112 1043 1333 1082 annum
1367 1025 1549 1095 1031.)

680 1120 1031 1190 [Mnemon],
1063 1117 1246 1186 Antig.
1288 1115 1412 1171 Ital.
1451 1115 1538 1181 VI,
1570 1114 1685 1183 53.]

428 1210 838 1273 Cnuonmnus,
869 1205 1059 1279 gratia
1088 1205 1185 1261 Dei
1251 1205 1648 1260 Romanorum
1682 1202 2002 1275 imperator

357 1297 963 1372 Augustus,omnibus
980 1295 1205 1351 civibus
1224 1292 1716 1349 Cremonensibus
1729 1290 1999 1347 salutem.

427 1388 716 1445 Volumus
746 1384 1347 1456 etﬁrmiterjubemus
1363 1387 1427 1436 ut
1468 1380 1797 1454 pecuniam,
1824 1397 2001 1451 quam

358 1477 713 1552 promisistis
742 1478 930 1531 vestro
990 1473 1204 1529 seniori
1236 1471 1508 1543 episcopo
1539 1487 1642 1542 pro
1675 1468 1916 1525 scaccho
1947 1472 2003 1523 et

360 1567 628 1625 incendio
644 1570 700 1621 et
720 1565 915 1637 praatla
934 1580 1109 1634 quam
1134 1561 1355 1618 fecistis
1368 1577 1544 1632 super
1560 1559 1719 1615 illius
1742 1556 1999 1624 castella,

360 1654 753 1727 adimpleatis,
805 1652 854 1707 si
913 1652 981 1706 de
1014 1654 1212 1705 nostra
1268 1649 1456 1721 gratia
1484 1647 1722 1703 curatis.
1765 1648 1997 1701 Terram

359 1762 494 1801 vero
511 1742 801 1809 Ecclesiae,
838 1740 989 1796 sicut
1020 1737 1348 1794 Landulfus
1395 1736 1701 1808 episcopus
1742 1738 2001 1807 tempore

359 1832 561 1889 domni
592 1828 960 1902 imperatoris
987 1826 1214 1882 Henrici
1246 1825 1454 1891 tenuit,
1472 1824 1763 1891 volumus,
1799 1827 1862 1879 ut
1893 1824 2000 1880 iste

358 1926 549 1978 vester
567 1919 761 1976 senior
782 1914 1052 1972 similiter
1072 1915 1264 1986 quiete
1286 1917 1497 1969 teneat.
1516 1919 1590 1969 De
1613 1912 1772 1968 silvis
1805 1915 1999 1967 autem

359 2009 628 2068 Ecclesiae
650 2024 777 2079 quae
799 2005 855 2061 in
871 2003 1114 2060 circuitu
1137 2002 1455 2071 sunt,unde
1476 2000 1560 2056 illi
1581 2001 1841 2073 quotidie
1863 2017 1997 2055 con-

360 2099 611 2156 trarium
645 2096 859 2165 facitis,
881 2098 936 2149 et
966 2091 1196 2148 utimini
1229 2095 1431 2147 contra
1461 2091 1588 2163 ejus
1617 2090 1996 2159 voluntatem,

353 2190 729 2261 jubemus,ut
750 2201 864 2239 non
889 2200 991 2239 vos
1006 2181 1262 2255 amplius
1285 2180 1711 2246 intromittatis,
1743 2179 1792 2234 si
1827 2178 1998 2234 talem

360 2294 601 2336 censum
632 2275 681 2331 ei
706 2292 820 2329 non
852 2272 1096 2336 dederit,
1129 2270 1282 2326 sicut
1313 2270 1707 2326 Mediolanum
1739 2273 1795 2325 et
1823 2266 2001 2340 Papia

358 2372 533 2440 atque
555 2362 1400 2431 Placentia.Osbertum,neque
1422 2358 1579 2415 illius
1606 2361 2001 2431 pares,contra

363 2456 717 2513 voluntatem
754 2451 931 2507 vestri
965 2449 1233 2515 senioris,
1284 2448 1445 2504 nullo
1503 2448 1675 2503 modo
1730 2446 1996 2512 teneatis,

363 2546 410 2603 si
436 2560 697 2616 unquam
722 2540 969 2615 gratiam
994 2542 1250 2594 nostram
1276 2537 1488 2592 habere
1508 2534 2000 2607 cupitis.llomici-

362 2637 469 2691 das
489 2638 546 2689 et
567 2632 843 2697 latrones,
878 2627 977 2700 qui
1011 2626 1161 2681 infra
1193 2625 1481 2681 civitatem
1504 2630 1661 2690 sunt,
1694 2625 1764 2679 de
1786 2625 2002 2695 quibus

363 2723 673 2795 episcOpus
703 2718 891 2791 legem
914 2721 970 2772 et
977 2717 1001 2786 j
1012 2715 1274 2771 ustitiam
1296 2715 1482 2769 facere
1502 2712 1642 2779 vult,
1668 2729 1769 2784 per
1784 2718 1999 2768 rectam

362 2814 538 2869 ﬁdem
561 2816 692 2866 ante
715 2805 1082 2881 praesentiam
1113 2805 1240 2875 ejus
1265 2803 1689 2872 conducatis,et
1717 2817 1815 2857 eos
1847 2801 2001 2874 lega-

360 2902 493 2957 liter
512 2898 778 2971 judicare
807 2893 1112 2967 adjuvetis.

1100 3000 1269 3055 XVII.

758 3094 866 3147 Pro
896 3089 1137 3147 Ecclesia
1156 3088 1608 3144 Paderborncnsi.

985 3180 1171 3248 (Anno
1206 3178 1386 3245 1032.)

573 3275 855 3347 [ERHARD,
905 3268 1272 3340 Cod.diplom.
1304 3267 1548 3337 lt’estph.,
1582 3282 1636 3337 p.
1678 3266 1793 3336 92.]

431 3367 495 3420 In
526 3364 763 3419 nomine
782 3364 999 3415 sanctae
1016 3356 1396 3413 etindividuae
1419 3356 1747 3422 Trinitatis,
1771 3355 2007 3410 CHUON-

363 3451 778 3520 nanus,divina
798 3450 1023 3503 favente
1040 3444 1369 3508 clementia,
1406 3445 1802 3500 Romanorum
1826 3445 2006 3515 impe-

302 3576 307 3581 ι
362 3548 522 3597 rator
549 3541 870 3609 Augustus.

431 3626 665 3682 Noverit
708 3624 971 3678 omnium
1016 3622 1115 3677 Dei
1144 3622 1445 3694 nostrique
1468 3620 1729 3677 ﬁdelium
1753 3639 2006 3693 praesen-

358 3717 504 3773 tium
530 3713 754 3771 scilicet
774 3700 851 3768 ac“
889 3712 1222 3767 futurorum
1271 3712 1582 3777 industria,
1617 3712 1869 3783 qualiter
1899 3729 2006 3768 nos

360 3804 518 3862 fideli
536 3808 734 3859 nostro
758 3801 1146 3874 Meginwerco
1169 3801 1633 3857 Paderburnensi
1655 3801 1925 3873 episcopo
1948 3806 2005 3857 et

358 3892 625 3950 Ecclesiae
676 3891 771 3946 cui
850 3888 994 3961 ipse,
1056 3892 1170 3944 Deo
1229 3888 1507 3959 donante,
1582 3889 1872 3960 praesidet,
1934 3890 2004 3945 ob

360 3982 754 4038 interventum
784 3983 841 4034 et
873 3978 1212 4051 petitionem
1242 3977 1465 4035 dilecta:
1496 3978 1764 4050 conjugis
1797 3983 2006 4034 nostras

360 4067 528 4127 Gislaa
556 4067 943 4141 imperatricis
966 4068 1237 4139 Augusta:
1259 4070 1316 4123 et
1349 4066 1771 4122 amantissima:
1792 4071 2005 4122 nostra:

360 4158 540 4232 prolis
565 4156 818 4213 Heinrici
852 4156 1012 4228 regia
1043 4161 1099 4211 et
1145 4155 1427 4226 Egilberti
1478 4154 1868 4226 Frisingensis
1901 4154 2004 4209 Ec-

362 4246 548 4303 clesiae
580 4244 929 4302 venerabilis
960 4244 1239 4316 episcOpi,
1299 4260 1403 4298 nec
1434 4260 1549 4298 non
1581 4243 1653 4298 ob
1686 4259 1861 4298 suum
1894 4242 2006 4297 fre-

361 4351 547 4406 quens
603 4338 659 4388 ct
716 4335 987 4389 devotum
1042 4331 1364 4398 servitium,
1416 4331 1733 4402 quamdam
1793 4335 2005 4385 nostrae

364 4420 739 4494 preprietatis
764 4417 1396 4484 curtemGardenebiki
1425 4418 2004 4488 nominatam,situm

364 4511 424 4565 in
456 4525 603 4582 pago
637 4508 810 4564 Lacni
836 4508 895 4562 in
927 4507 1204 4562 comitatu
1234 4506 1572 4562 Herimanni
1603 4507 2008 4572 comitis,cum

364 4597 524 4653 omni
547 4614 655 4653 sua
676 4597 1027 4668 integritate,
1051 4594 1137 4651 vel
1161 4594 1444 4667 quidquid
1469 4594 1668 4667 praadii
1691 4595 2008 4652 habuimus

364 4688 424 4742 in
450 4686 603 4742 villis
649 4684 980 4751 meadal,
1031 4683 1439 4755 Mold'uggane,
1475 4683 2005 4753 Liudulveshusun,

366 4777 545 4833 situm
575 4776 633 4832 in
664 4776 867 4831 eodem
902 4791 1048 4847 pago
1100 4780 1157 4829 et
1185 4774 1244 4828 in
1279 4774 1556 4829 comitatu
1603 4774 2010 4846 praenominati

366 4866 432 4922 H.
466 4866 720 4936 comitis,
753 4881 886 4919 cum
921 4864 1198 4919 omnibus
1256 4864 1326 4918 ad
1370 4863 1525 4918 idem
1557 4863 2006 4934 pertinentibus,

366 4970 500 5009 cum
532 4952 1309 5024 areis,aediticiis,mancipiis
1332 4952 1638 5024 utriusque
1661 4968 1833 5007 sexus
1864 4951 2009 5007 inibi

365 5042 793 5107 habitantibus,
828 5043 1006 5113 agris,
1041 5040 1212 5096 terris
1241 5039 1417 5095 cultis
1432 5045 1488 5094 et
1516 5039 1771 5105 incultis,
1806 5039 2009 5111 pratis,

368 5132 622 5203 pascuis,
656 5132 899 5204 campis,
930 5130 1114 5197 silvis,
1145 5129 1572 5197 venationibus,
1628 5130 1800 5202 aquis
1831 5146 2011 5200 aqua-

369 5236 570 5275 rumve
596 5220 965 5286 decursibus,
993 5218 1436 5291 piscationibus,
1463 5217 2011 5282 molis,molendinis

370 5306 477 5360 viis
535 5312 591 5361 et
647 5309 838 5377 inviis,
902 5308 1154 5365 exitibus
1211 5313 1268 5363 et
1300 5306 1603 5374 reditibus,
1665 5305 1926 5377 quaesitis
1957 5311 2014 5363 et

368 5392 870 5464 inquirendis,seu
904 5414 1038 5453 cum
1069 5397 1229 5453 omni
1263 5395 1514 5451 utilitate
1545 5411 1673 5466 quae
1706 5399 1805 5449 aut
1835 5395 2012 5451 scribi

371 5484 472 5545 aut
503 5482 792 5547 nominari
816 5489 1027 5562 potest,
1044 5487 1106 5546 in
1137 5483 1443 5563 proprium
1473 5482 1826 5556 tradidimus
1855 5488 1913 5545 et
1942 5485 2013 5545 de

2032 1706 2079 1771 B

2111 513 2208 564 tus
2242 508 2430 564 ﬁdelis
2461 514 2661 565 noster
2716 508 2792 563 M.
2848 509 3180 581 episcopus,
3238 508 3359 565 sive
3418 508 3592 581 longe
3648 508 3790 563 sive

2113 613 2292 670 prope
2325 597 2538 666 sit,nos
2570 615 2688 653 suae
2740 597 3039 653 servitutis
3070 614 3186 653 non
3227 596 3603 653 immemores
3636 613 3787 655 esse

2111 691 2570 760 recognoscat,et
2594 691 2658 742 ut
2685 687 2808 757 ipse
2830 685 3038 758 suique
3069 702 3437 743 successores
3465 686 3537 742 de
3557 703 3782 759 supra,

2111 776 2429 833 nominatis
2459 776 2692 848 prsidiis
2722 774 2964 831 liberam
2995 774 3268 847 deinceps
3298 778 3649 848 potestatem
3671 775 3785 832 ha-

2110 865 2288 920 beant
2314 865 2865 936 tenendi,tradendi,
2900 865 3207 936 vendendi,
3222 865 3648 934 commutandi,
3675 864 3777 922 vel

2112 956 2401 1027 quidquid
2432 953 2717 1028 placuerit
2740 954 2988 1011 faciendi
3011 956 3082 1011 ad
3106 972 3280 1011 usum
3302 958 3498 1012 tamen
3531 972 3775 1027 prauo-

2112 1045 2345 1099 minatae
2391 1060 2512 1101 suae
2532 1043 2803 1100 Ecclesiae
2835 1044 2896 1099 in
2919 1043 3136 1100 honore
3158 1043 3346 1100 sancti
3380 1043 3598 1101 Liborii
3623 1060 3771 1100 con-

2111 1137 2346 1188 structze
2375 1136 2431 1188 et
2460 1136 2828 1189 consecratae.
2863 1133 2949 1202 Et,
2965 1139 3029 1188 ut
3049 1133 3171 1189 haec
3202 1131 3770 1190 nostratraditionis

2110 1221 2454 1278 auctoritate
2509 1221 2737 1277 stabilis
2794 1225 2851 1276 et
2908 1221 3248 1278 inconvulsa
3303 1222 3767 1295 omnitempore

2110 1314 2454 1383 perseveret,
2475 1310 2585 1366 hoc
2616 1315 2969 1383 praeceptum
3003 1311 3137 1368 inde
3170 1310 3568 1383 conscriptum
3618 1312 3765 1367 sub-

2112 1404 2324 1472 tusque
2355 1417 2532 1456 manu
2566 1399 2801 1472 prepria
2830 1401 3164 1456 roboratum
3213 1398 3397 1472 sigilli
3427 1400 3611 1456 nostri
3641 1401 3760 1455 im-

2111 1488 2409 1562 pressione
2438 1488 2705 1562 insigniri
2721 1490 3039 1559 jussimus.

2179 1579 2409 1649 Signum
2437 1578 2627 1633 damni
2653 1578 2971 1634 Chuonradi
3000 1579 3352 1633 invictissimi
3387 1578 3759 1634 Romanorum

2110 1668 2456 1738 imperatoris
2477 1668 2726 1737 Augusti.
2750 1668 2836 1736 (L.
2870 1667 2972 1738 M.)

2180 1753 2484 1811 Odalricus
2514 1754 2896 1811 cancellarius
2928 1756 2998 1811 ad
3033 1756 3215 1813 vicem
3245 1756 3532 1812 Bardonis
3562 1756 3758 1811 archi-

2108 1843 2364 1916 episcopi
2397 1844 2745 1917 recognovit.

2181 1938 2322 1987 Data
2343 1950 2411 1987 xv
2429 1932 2554 1989 Kal.
2609 1934 2795 2000 Febr.,
2840 1934 3160 1990 indictione
3179 1952 3271 2003 xv,
3305 1950 3458 1991 anno
3490 1933 3757 1991 Domini-

2109 2039 2188 2078 cae
2220 2022 2642 2078 Incarnationis
2675 2023 2849 2090 1032;
2876 2040 3029 2079 anno
3061 2027 3254 2080 autem
3288 2024 3492 2080 domui
3519 2023 3756 2080 Gbuon-

2108 2112 2231 2167 radi
2266 2114 2313 2168 II
2341 2112 2639 2185 regnantis
2667 2129 2790 2178 vni,
2822 2111 3052 2183 imperii
3082 2128 3215 2168 vero
3242 2129 3297 2168 ν.

2177 2202 2382 2256 Actum
2418 2200 2987 2257 Hiltiwardeshusun
3018 2199 3279 2257 feliciter.
3309 2202 3514 2257 Amen.

2824 2289 3024 2344 XVIII.

2515 2380 2623 2435 Pro
2652 2380 2888 2436 Ecclesia
2917 2379 3341 2436 Paderbonensi.

2725 2468 2914 2541 (Anno
2949 2468 3131 2541 1032.)

2328 2558 2598 2628 [ERHAIID,
2633 2557 2757 2613 Cod.
2789 2557 3013 2629 diplom.
3055 2557 3305 2629 Westph.,
3335 2574 3392 2630 p.
3422 2556 3541 2627 9-6.]

2182 2647 2338 2703 C.1n
2398 2647 2633 2702 nomine
2692 2652 2903 2702 sancta;
2960 2651 3018 2701 et
3074 2646 3387 2702 individuze
3426 2645 3755 2710 Trinitatis,

2112 2735 2728 2803 Cnuosmnusﬁivina
2759 2735 2985 2791 favente
3014 2734 3341 2803 clementia,
3357 2735 3757 2791 Romanorum

2112 2825 2431 2896 imperator
2458 2825 2781 2896 Augustus.

2185 2912 2331 2978 Quia
2363 2930 2490 2979 nos,
2550 2913 2750 2968 divina
2794 2912 3138 2985 disponente
3166 2912 3497 2981 clementia,
3530 2912 3756 2968 caeteris

2115 3002 2622 3075 supereminemus
2644 3000 3759 3074 mortalibus,oportetutcujusmunere

2117 3090 2659 3164 praecellimus,ejus
2687 3107 2921 3163 quoque
2947 3090 3235 3147 voluntati
3267 3091 3545 3147 omnibus
3588 3090 3758 3146 nobis

2117 3198 2316 3253 parere
2337 3181 3072 3252 studeamus.0uapropter
3099 3178 3375 3235 omnibus
3400 3178 3615 3235 Christi
3649 3196 3756 3234 no-

2115 3269 2372 3341 strisque
2401 3269 2674 3325 fidelibus
2726 3268 3114 3340 praesentibus
3168 3268 3393 3325 scilicet
3446 3284 3513 3324 ac
3543 3268 3757 3324 futuris

2115 3363 2317 3414 notum
2348 3373 2475 3414 esse
2503 3357 2795 3425 volumus,
2849 3357 3099 3429 qualiter
3128 3374 3235 3414 nos
3260 3358 3332 3414 ob
3364 3357 3757 3413 interventum

2116 3464 2181 3502 ac
2205 3448 2540 3519 petitionem
2564 3446 2786 3503 dilectae
2834 3447 3101 3520 conjugis
3122 3451 3333 3503 nostra:
3354 3445 3525 3503 Gislae
3574 3445 3759 3519 impe-

2115 3537 2341 3592 ratricis
2388 3539 2661 3609 Augustae
2720 3540 2778 3591 et
2825 3535 2932 3591 filii
2974 3535 3157 3592 nostri
3209 3534 3459 3591 Heinrici
3489 3535 3669 3608 regis,
3704 3539 3761 3591 et

2116 3624 2391 3698 Egilberti
2421 3624 2811 3697 Frisingensis
2840 3624 3109 3680 Ecclesia;
3152 3624 3433 3697 episcopi,
3467 3622 3624 3680 ﬁdeli
3656 3640 3760 3679 no-

2116 3719 2236 3770 stro
2269 3714 2669 3785 Meginvercho
2700 3713 3214 3769 Bodrebrunnensi
3267 3712 3589 3769 venerabili
3637 3712 3760 3785 epi-

2114 3819 2310 3875 scopo,
2363 3808 2421 3858 et
2450 3801 2704 3858 ecclesiae
2735 3802 2793 3857 in
2826 3802 3044 3859 honore
3092 3806 3307 3858 sanctae
3338 3800 3437 3858 Dei
3457 3800 3761 3874 genitricis

2115 3892 2307 3947 Marias
2329 3895 2387 3946 et
2408 3890 2595 3946 sancti
2618 3890 2879 3964 Chyliani
2919 3891 3194 3963 martyris
3224 3896 3282 3946 et
3309 3892 3498 3946 sancti
3540 3889 3759 3945 Liborii

2113 3979 2465 4037 confessoris
2491 3983 2838 4035 constructa:
2866 3984 2922 4035 et
2943 3984 3310 4049 consecratae,
3343 3978 3435 4034 cui
3466 3978 3613 4050 ipse,
3646 3982 3760 4033 Deo

2114 4069 2388 4136 donante,
2434 4068 2726 4140 praesidet,
2777 4085 3013 4125 omnem
3045 4072 3392 4140 potestatem
3423 4066 3759 4133 comitatus,

2116 4174 2293 4229 quam
2315 4157 2709 4213 Herimannus
2726 4174 2920 4213 comes
2941 4158 3000 4213 in
3021 4157 3151 4213 istis
3173 4156 3363 4213 tribus
3380 4156 3757 4229 pagis,Auga,

2114 4247 2353 4319 Netega,
2386 4247 2629 4319 Hessiga
2657 4246 3007 4314 habet,cum
3038 4245 3197 4302 omni
3220 4246 3356 4317 jure
3384 4245 3456 4300 ad
3488 4244 3761 4301 eumdem

2116 4335 2457 4391 comitatum
2482 4336 2641 4405 juste
2671 4352 2737 4390 ac
2795 4333 3062 4407 legaliter
3090 4333 3436 4407 pertinente,
3481 4337 3539 4389 et
3567 4331 3764 4389 omnia

2037 4441 2085 4507 D
2117 4422 2408 4495 praidiain
2428 4423 2650 4479 eisdem
2680 4423 2845 4496 pagis
2871 4423 2944 4479 ad
2974 4427 3205 4480 nostras
3234 4432 3449 4478 manus
3477 4421 3686 4478 habita
3710 4425 3766 4476 et

2119 4512 2498 4584 postmodum
2555 4512 2929 4583 acquirenda,
2961 4528 3098 4567 cum
3131 4511 3406 4568 omnibus
3453 4511 3526 4566 ad
3557 4510 3761 4566 eadem

2119 4599 2327 4656 merito
2351 4600 2790 4671 aspicientibus,
2824 4617 2956 4656 cum
2999 4600 3171 4666 areis,
3224 4599 3505 4666 aedificiis,
3540 4595 3764 4655 manci-

2119 4690 2252 4761 piis,
2286 4689 2461 4761 agris,
2484 4688 2654 4745 terris
2684 4688 2855 4744 cultis
2886 4693 2942 4744 et
2972 4688 3233 4755 incultis,
3266 4689 3474 4761 pratis,
3506 4686 3761 4760 pascuis,

2119 4778 2361 4848 campis,
2386 4776 2571 4847 silvis,
2613 4777 3042 4844 venationibus,
3074 4776 3245 4851 aquis
3274 4792 3638 4849 aquarumve
3664 4775 3763 4831 de-

2119 4866 2414 4930 cursibus,
2449 4865 2897 4936 piscationibus,
2929 4865 3122 4932 molis,
3163 4865 3537 4931 molendinis,
3567 4864 3681 4918 viis
3709 4865 3766 4918 et

2119 4954 2314 5021 inviis,
2349 4953 2599 5010 exitibus
2627 4959 2685 5009 et
2714 4955 3018 5021 reditibus,
3077 4954 3341 5026 quesitis
3370 4958 3429 5009 et
3460 4953 3765 5025 inquiren-

2119 5044 2231 5109 dis,
2267 5059 2370 5099 seu
2400 5059 2532 5097 cum
2565 5042 2725 5098 omni
2759 5041 3011 5099 utilitate
3069 5060 3194 5115 qua:
3247 5041 3370 5098 ullo
3425 5041 3598 5097 modo
3629 5040 3764 5095 inde

2120 5132 2421 5205 provenire
2441 5132 2670 5204 poterit,
2719 5147 2822 5203 per
2843 5131 2953 5187 hoc
2978 5136 3249 5188 nostrum
3289 5129 3593 5203 imperiale
3615 5145 3765 5202 prae-

2121 5225 2350 5293 ceptum
2369 5221 2427 5275 in
2450 5220 2752 5292 proprium
2774 5220 3119 5277 donavimus
3131 5225 3305 5292 atque
3324 5218 3522 5292 largiti
3533 5234 3767 5284 sumus,

2120 5310 2384 5366 omnium
2414 5309 2722 5365 hominum
2755 5309 3211 5365 contradictione
3245 5311 3487 5376 remota,
3521 5323 3587 5364 eo
3621 5322 3769 5379 quo-

2122 5415 2235 5471 que
2262 5402 2459 5454 tenore
2478 5402 2543 5453 ut
2562 5396 2875 5470 prtedictus
2896 5396 3087 5454 ﬁdelis
3101 5402 3298 5455 noster
3320 5397 3396 5452 M.
3430 5397 3772 5469 episcopus,

2122 5488 2243 5547 sive
2294 5487 2465 5563 longe
2520 5486 2639 5546 sive
2696 5501 2874 5561 prope
2907 5485 3003 5558 sit,
3037 5503 3144 5549 nos
3169 5502 3289 5547 suae
3319 5483 3622 5567 servitutis
3650 5498 3777 5547 non
