3968 6126
175 299 180 304 .
208 251 362 315 1061

211 493 582 534 successores
614 477 684 532 de
738 475 956 532 eisdem
1006 475 1241 548 prmdiis
1298 475 1542 531 liberam
1588 476 1862 548 deinceps

207 569 558 638 potestatem
607 565 860 621 habeant
903 564 1160 632 tenendi,
1213 564 1502 634 tradendi,
1552 563 1860 630 vendendi,

207 654 636 724 commutandi,
674 653 764 710 vel
818 653 1108 726 quidquid
1158 653 1442 726 placuerit
1490 651 1756 720 faciendi,
1791 652 1862 707 ad

209 759 389 800 usum
421 747 618 799 tamen
661 743 1094 816 praenominatae
1124 741 1414 798 Ecclesiae.
1440 743 1570 797 Haec
1599 757 1731 796 vero
1761 741 1862 795 do-

209 831 470 889 nationis
503 833 823 888 auctoritas
856 838 920 887 ut
951 833 1008 887 in
1049 831 1150 887 Dei
1181 831 1418 887 nomine
1449 830 1736 902 pleniores
1768 830 1865 884 ob-

205 923 394 978 tineat
423 923 754 990 ﬁrmitates,
777 939 952 977 manu
1000 921 1234 994 propria
1264 921 1473 976 subtus
1505 937 1632 976 eam
1668 921 1863 974 ﬁrma-

207 1010 426 1078 vimus,
459 1009 771 1083 sigilloque
799 1015 1000 1067 nostro
1033 1010 1302 1084 insigniri
1327 1011 1640 1081 jussimus.

282 1101 516 1171 Signum
544 1101 742 1156 Domni
772 1100 1087 1155 Chuonradi
1123 1101 1472 1155 invictissimi
1502 1101 1867 1154 Romanorum

207 1191 558 1261 imperatoris
587 1190 672 1260 (L.
707 1189 810 1259 M.)
844 1191 1090 1258 Augusti.

282 1277 587 1334 Odalricus
619 1277 999 1334 cancellarius
1032 1279 1103 1335 ad
1132 1277 1315 1334 vicem
1363 1276 1645 1333 Bardonis
1677 1277 1864 1331 archi-

207 1366 468 1438 episcopi
502 1367 854 1436 recognovit.

284 1457 428 1511 Data
454 1472 527 1510 xv
549 1455 672 1510 Kal.
702 1457 860 1521 Feb.,
894 1456 1210 1513 indictione
1239 1474 1332 1523 xv,
1367 1473 1519 1512 anno
1552 1455 1865 1510 Dominicis

206 1544 644 1601 Incarnationis
678 1546 834 1613 1032,
871 1563 1022 1600 anno
1067 1551 1260 1602 autem
1305 1545 1503 1600 domni
1535 1545 1864 1600 Chuonradi

209 1632 262 1688 ΙΙ
296 1633 597 1704 regnantis
626 1650 746 1698 vm,
779 1634 1006 1706 imperii
1038 1653 1170 1690 vero
1200 1655 1251 1689 v.

283 1723 494 1778 Actum
531 1721 822 1778 Fritislare
855 1723 1114 1778 feliciter.
1147 1727 1352 1779 Amen.

967 1813 1103 1868 XIX.

608 1903 713 1956 Pro
744 1903 982 1957 Ecclesia
1019 1901 1472 1957 Paderbomensi.

843 1992 1030 2060 (Anno
1065 1989 1246 2060 1032.)

445 2078 726 2148 [ΕιυιΑιω,
761 2079 885 2134 Cod.
919 2080 1141 2150 diplom.
1187 2080 1432 2151 Westph.,
1468 2098 1521 2151 p.
1553 2082 1666 2151 95)

287 2167 350 2221 C.
396 2165 460 2222 In
511 2167 747 2222 nomine
795 2172 1006 2222 sancta:
1059 2173 1117 2222 et
1176 2167 1489 2222 individua:
1549 2167 1872 2230 Trinitatis,

221 2253 635 2322 Csuomunus,
661 2256 857 2312 divina
883 2256 1104 2311 favente
1126 2255 1452 2323 clementia,
1478 2257 1873 2312 Romanorum

219 2343 544 2416 imperator
569 2346 893 2417 Augustus.

287 2433 452 2488 Sicut
473 2449 581 2489 nos
598 2450 664 2489 ex
688 2434 974 2505 promptis
991 2438 1047 2490 et
1064 2433 1320 2490 assiduis
1343 2434 1593 2490 servitiis
1612 2434 1874 2489 ﬁdelium

219 2526 557 2578 nostrorum
581 2523 928 2595 gaudemus.
950 2524 1030 2578 ita
1054 2540 1285 2595 quoque
1306 2524 1548 2595 dignum
1573 2524 1875 2594 etjustum

212 2626 347 2665 esse
383 2609 554 2666 nobis
575 2610 804 2666 videtur
826 2616 889 2665 ut
918 2627 1015 2666 eos
1039 2613 1110 2666 de
1140 2612 1444 2685 condignis
1467 2612 1590 2667 suis
1621 2612 1876 2683 praemiis

224 2699 483 2770 gaudere
525 2698 829 2755 faciamus.
857 2703 1218 2772 Quapropter
1247 2702 1566 2773 comperiat
1612 2702 1874 2756 omnium

219 2787 327 2843 Dei
358 2787 663 2860 nostrique
685 2789 945 2844 ﬁdelium
981 2789 1356 2860 priesentium
1389 2789 1608 2844 scilicet
1633 2806 1697 2844 ac
1729 2790 1878 2844 futu-

217 2892 424 2931 rorum
457 2876 768 2942 industria,
786 2877 1035 2948 qualiter
1059 2895 1164 2933 nos
1184 2879 1256 2932 ob
1280 2877 1756 2934 interventum'ac
1777 2895 1877 2950 pe-

215 2964 490 3021 titionem
515 2964 738 3021 dilectae
761 2966 1029 3039 conjugis
1053 2972 1262 3022 nostra:
1289 2967 1456 3022 Gislae
1489 2967 1875 3038 imperatricis

213 3055 521 3125 Augustae,
547 3059 604 3110 et
625 3055 956 3110 charissimi
984 3055 1083 3109 ﬁlii
1119 3056 1298 3111 nostri
1325 3055 1575 3111 Heinrici
1609 3057 1782 3129 regis,
1811 3057 1875 3110 ﬁ-

1498 249 2030 316 CHUONRADUS
2073 247 2129 314 II
2171 237 2338 312 IMP.

207 389 586 444 immemores
635 402 764 443 esse
812 388 1206 458 recognoscat,
1254 391 1309 441 et
1361 391 1425 440 ut
1481 387 1602 456 ipse
1651 386 1860 458 suique
1888 387 1944 451 Α

3461 235 3618 303 1062

2741 377 2852 434 XX.

1976 487 2290 544 Chuonra'ii
2320 489 2452 558 imp.
2483 485 2841 610 privilegium
2873 499 2973 555 pro
3023 484 3346 537 monasterio
3392 482 3444 537 S.
3476 481 3620 538 Μαν-

2759 573 2860 610 im.
3545 575 3550 578 ·

2759 573 2860 610 ιηι.
3545 575 3550 578 ’

2599 665 2785 731 (Anno
2821 663 3000 728 1033.)

2182 790 2460 860 [Enumu
2505 789 2629 844 Cod.
2663 787 2886 859 diplom.
2930 785 3179 857 ll'estph.,
3215 804 3270 858 p.
3305 787 3415 852 96.]

2047 917 2104 970 Ο.
2142 915 2203 970 In
2253 914 2490 969 nomine
2546 917 2756 968 sancta:
2815 918 2872 967 et
2931 911 3240 965 individua:
3294 911 3624 980 Trinitatis,

1974 1004 2390 1068 Csuounsnus,
2407 1002 2604 1056 divina
2625 1002 2848 1057 favente
2871 1000 3198 1066 clementia,
3228 1000 3624 1055 Romanorum

1976 1093 2292 1164 imperator
2320 1093 2640 1162 Augustus.

2048 1182 2106 1237 Si
2139 1182 2194 1236 in
2231 1179 2602 1235 monasteriis
2629 1179 3036 1234 construendis
3065 1180 3328 1234 studium
3363 1179 3628 1235 habueri-

1978 1288 2109 1324 mus
2131 1275 2233 1325 aut
2250 1269 2382 1325 aliis
2405 1269 2464 1323 in
2490 1269 2640 1324 idem
2667 1267 3139 1339 conspirantibus
3157 1274 3350 1323 votum
3376 1270 3628 1340 praebue-

1977 1359 2161 1413 rimus
2193 1375 2523 1425 assensum,
2551 1375 2667 1412 non
2712 1358 2901 1412 solum
2936 1357 3003 1410 ad
3037 1357 3394 1429 temporalis,
3428 1375 3628 1413 verum

1976 1447 2150 1503 etiam
2177 1449 2247 1503 ad
2275 1447 2468 1502 aeterni
2498 1447 2658 1519 regni
2688 1447 3061 1500 commodum
3096 1447 3204 1500 hoc
3233 1447 3398 1500 nobis
3431 1447 3628 1517 profu-

1978 1541 2176 1591 turum
2207 1554 2333 1592 esse
2361 1554 2474 1591 non
2517 1535 2894 1606 ambigimus.
2918 1537 3280 1606 Quapropter
3325 1546 3527 1590 notum
3555 1535 3630 1588 sit

1977 1625 2253 1680 omnibus
2277 1624 2616 1679 Christianae
2653 1622 2969 1693 religionis,
2999 1624 3378 1694 praisentibus
3412 1623 3633 1679 scilicet

1978 1719 2151 1784 atque
2184 1713 2421 1778 futuris,
2443 1711 2694 1782 qualiter
2724 1728 2828 1764 nos
2861 1713 2933 1764 ob
2969 1712 3357 1765 interventum
3390 1729 3455 1766 ac
3486 1712 3630 1782 peti-

1988 1802 2204 1857 tionem
2225 1801 2444 1856 dilectae
2457 1800 2723 1871 conjugis
2747 1805 2955 1853 nostra:
2968 1798 3136 1853 Gisla:
3154 1799 3538 1871 imperatricis
3554 1801 3639 1855 νὶπ

1988 1890 2199 1944 delicet
2218 1891 2506 1961 Augustae,
2522 1893 2577 1943 et
2599 1887 3016 1942 amantissimae
3034 1892 3243 1941 nostris
3267 1886 3446 1959 prolis
3469 1888 3635 1944 Hein-

1988 1978 2089 2031 rici
2115 1977 2287 2049 regis,
2312 1994 2416 2032 nec
2442 1994 2553 2032 non
2591 1975 2861 2030 Aribonis
2887 1975 3346 2046 Mogontinensis
3368 1976 3633 2032 Ecclesia:

1987 2065 2405 2136 archiepiscopi
2448 2072 2503 2120 et
2539 2065 2817 2134 Piligrimi
2842 2064 3205 2119 Culoniensis
3243 2064 3506 2121 Ecclesia:
3539 2083 3634 2121 ar-

1985 2153 2362 2226 chiepiscopi,
2387 2153 2564 2207 simul
2583 2153 2756 2206 etiam
2781 2170 2914 2206 cum
2938 2169 3226 2208 consensu
3249 2155 3513 2208 omnium
3537 2171 3637 2210 no-

1987 2247 2242 2297 strorum
2265 2241 2528 2296 ﬁdelium
2566 2241 2662 2312 qui
2715 2247 2852 2294 tunc
2884 2241 3164 2312 temporis
3194 2241 3270 2296 ibi
3304 2243 3632 2310 adfuerunt,

1986 2331 2285 2402 Sigeberto
2309 2329 2714 2384 Mindunensis
2736 2329 3000 2384 Ecclesiae
3025 2330 3316 2402 episcopo,
3339 2329 3482 2386 inibi
3506 2349 3638 2387 con-

1987 2418 2248 2473 struendi
2275 2417 2616 2472 monasterii
2650 2417 2707 2471 in
2744 2416 2960 2472 honore
2986 2417 3170 2472 sancti
3197 2418 3428 2472 Martini
3459 2419 3638 2474 licen-

1985 2507 2126 2562 tiam
2178 2505 2602 2561 concessimus.
2639 2506 2882 2576 Insuper
2921 2505 3181 2559 omnium
3218 2506 3439 2561 noverit
3466 2507 3637 2562 indu-

1985 2593 2149 2659 stria,
2177 2594 2430 2664 qualiter
2455 2594 2719 2664 ejusdem
2745 2594 2903 2648 sedis
2928 2593 3238 2665 episcopus
3259 2594 3597 2650 curtiferum
3622 2614 3638 2651 ι

1986 2683 2042 2736 in
2077 2700 2192 2754 quo
2226 2683 2378 2737 idem
2436 2682 2856 2737 monasterium
2901 2686 2956 2736 et
2999 2681 3321 2738 claustrum
3371 2689 3638 2740 cmmete-

1985 2772 2256 2843 riumque
2307 2774 2446 2826 sunt
2494 2776 2847 2834 constructa,
2881 2775 2938 2825 et
2967 2771 3242 2827 curtifera
3267 2789 3319 2827 vn
3361 2789 3428 2828 ex
3481 2779 3637 2829 utra-

1984 2876 2096 2931 que
2130 2865 2292 2931 parte
2326 2859 2685 2925 monasterii,
2719 2864 2777 2914 et
2822 2858 2999 2915 salice
3052 2859 3277 2915 telluris
3310 2879 3370 2915 ιιι
3403 2879 3639 2919 mansos

1985 2966 2119 3004 cum
2154 2948 2243 3004 sui
2272 2949 2428 3019 juris
2459 2949 2694 3020 praedio,
2729 2949 2786 3002 id
2838 2951 2927 3003 est
2973 2950 3197 3004 mansis
3229 2967 3300 3006 xu
3333 2951 3404 3006 de
3437 2969 3640 3008 mona-

1986 3037 2145 3091 sterii
2178 3037 2372 3092 Sancti
2406 3037 2555 3092 Petri
2588 3036 2940 3107 proprietate
2970 3035 3029 3090 in
3057 3037 3228 3092 istius
3258 3039 3451 3093 Sancti
3486 3039 3638 3094 Mar-

215 3140 339 3196 deli
364 3146 562 3197 nostro
589 3142 1021 3215 Meginwercho
1051 3143 1364 3199 venerabili
1393 3145 1662 3216 episcopo
1693 3149 1748 3200 et
1779 3161 1872 3200 ec-

2003 3126 2092 3181 .ini
2134 3127 2470 3181 monasterii
2514 3127 2618 3195 jus
2657 3142 2722 3179 ac
2772 3128 3115 3195 potestatem
3165 3131 3642 3195 commutaverat,

225 3230 419 3286 clesias
451 3231 545 3286 cui
591 3231 736 3304 ipse,
764 3236 877 3286 Deo
926 3233 1199 3298 donante,
1236 3233 1526 3305 praesidet,
1559 3234 1615 3288 in
1667 3233 1886 3289 honore

223 3324 442 3375 sancte
465 3319 563 3375 Dei
589 3321 890 3393 genitricis
913 3321 1109 3376 Maria:
1134 3327 1191 3376 et
1220 3322 1405 3377 sancti
1429 3321 1692 3394 Chyliani
1733 3339 1886 3376 mar-

217 3407 370 3480 tyris
404 3409 709 3481 sanctique
741 3409 954 3465 Liborii
986 3409 1201 3482 egregii
1236 3410 1586 3466 confessoris
1618 3415 1883 3466 constru-

224 3501 354 3562 ctae,
379 3513 479 3553 sex
499 3498 811 3569 mancipia,
837 3515 1088 3570 quorum
1112 3497 1232 3552 haec
1253 3503 1394 3554 sunt
1420 3499 1659 3554 nomina
1683 3517 1694 3554 :
1720 3499 1886 3555 'l‘hie-

222 3583 478 3640 thardus
499 3585 649 3658 pbr..
673 3587 865 3654 Liuza,
883 3587 1201 3659 Hercgrim,
1223 3587 1481 3652 Ethilier,
1500 3587 1883 3655 Athaluuard,

228 3672 572 3741 Wicburch,
600 3691 734 3730 cum
765 3676 1042 3731 omnibus
1093 3677 1218 3732 suis
1269 3677 1616 3732 substantiis
1649 3694 1748 3749 per
1779 3677 1886 3732 hoc

233 3765 503 3817 nostrum
532 3763 833 3835 imperiale
865 3770 1218 3836 praeceptum
1243 3765 1654 3837 perpetualiter
1677 3766 1732 3820 in
1756 3783 1886 3838 pro-

218 3849 417 3922 prium
451 3852 808 3906 tradidimus
853 3859 908 3908 et
949 3853 1020 3908 de
1053 3859 1250 3909 nostro
1275 3855 1410 3925 jure
1442 3870 1506 3908 ac
1537 3853 1795 3910 dominio
1828 3855 1885 3908 in

219 3955 398 3994 suum
438 3940 540 4010 jus
584 3947 758 4011 atque
791 3941 1123 3996 dominium
1175 3943 1413 3998 omnino
1459 3942 1888 3998 transfudimus

221 4032 402 4099 atque
431 4027 622 4100 largiti
648 4047 876 4095 sumus,
899 4047 965 4085 eo
990 4047 1228 4102 quoque
1252 4037 1468 4101 tenore,
1496 4037 1557 4086 ut
1577 4033 1888 4104 praedictus

220 4116 415 4172 ﬁdelis
447 4121 644 4173 noster
691 4118 1159 4190 Meginwerchus
1188 4121 1498 4191 episcopus
1523 4121 1733 4192 suique
1765 4139 1892 4178 suc-

223 4219 495 4260 cessores
527 4206 598 4260 de
622 4206 841 4260 eisdem
878 4206 1186 4276 mancipiis
1213 4207 1761 4282 1iberam,deinceps
1790 4229 1889 4283 po-

225 4295 500 4348 testatem
526 4292 779 4347 habeant
817 4294 1124 4360 vendendi,
1151 4295 1438 4362 tradendi,
1466 4301 1888 4357 commutandi,

227 4377 320 4433 vel
349 4377 639 4450 quidquid
667 4378 775 4433 sibi
797 4378 1078 4450 placuerit
1111 4381 1380 4446 faciendi,
1405 4383 1474 4435 ad
1503 4401 1673 4438 usum
1701 4391 1891 4442 tamen

1996 3215 2055 3269 In
2093 3214 2215 3270 loco
2258 3215 2412 3270 enim
2447 3213 3108 3282 Hildiwardingahusun
3153 3215 3306 3270 dicto
3337 3219 3394 3270 et
3425 3217 3482 3271 in
3512 3218 3644 3274 aliis

1993 3303 2147 3358 villis
2178 3305 2248 3358 ad
2283 3305 2553 3358 eumdem
2587 3303 2778 3357 locum
2805 3303 2938 3372 jure
2978 3303 3402 3374 pertinentibus
3432 3323 3510 3360 vu
3541 3324 3644 3379 pro

1996 3392 2452 3448 commutatione
2503 3392 2664 3447 dedit
2712 3408 2972 3459 mansos,
2999 3396 3054 3446 et
3104 3392 3163 3446 in
3213 3392 3584 3450 Chizzindorf
3607 3415 3644 3451 ιι

1996 3498 2264 3548 mansos;
2299 3481 2354 3535 in
2391 3481 2544 3536 Lohe
2576 3499 2590 3535 ι
2623 3497 2726 3549 m.;
2772 3481 2829 3535 in
2873 3480 3306 3537 Westirbracha
3335 3501 3349 3538 ι
3382 3500 3460 3539 m.
3493 3485 3557 3540 Et
3584 3486 3642 3542 in

1997 3569 2087 3624 his
2121 3588 2176 3624 ιν
2206 3569 2347 3625 locis
2373 3587 2478 3624 xxv
2501 3570 2811 3641 mancipia.
2839 3570 3134 3626 Fratribus
3160 3576 3354 3627 autem
3385 3574 3455 3628 ad
3489 3573 3643 3630 idem

1995 3659 2370 3730 saepedictum
2405 3659 2825 3715 monasterium
2865 3665 2978 3714 Deo
3022 3660 3408 3718 servientibus
3439 3663 3498 3718 in
3531 3664 3642 3719 uti-

1998 3745 2220 3801 litatem
2252 3749 2490 3803 tradidit
2520 3749 2815 3819 quoddam
2849 3750 3130 3819 przedium
3179 3749 3641 3808 Chemmin'dic-

1995 3839 2144 3902 tum,
2174 3836 2328 3905 quod
2361 3837 2432 3891 ob
2467 3836 2853 3891 interventum
2888 3842 3093 3892 nostrae
3126 3837 3344 3893 dilectae
3375 3842 3642 3913 conjugis

1998 3924 2064 3978 G.
2117 3929 2443 3996 nostraeque
2487 3924 2666 3995 prolis
2715 3926 2781 3980 H.
2835 3927 2987 3997 regis
3035 3927 3105 3980 de
3155 3931 3352 3982 nostro
3400 3929 3533 3998 jure
3583 3929 3641 3983 in

1999 4031 2173 4068 suum
2235 4014 2337 4084 jus
2395 4019 2570 4084 atque
2641 4018 2983 4085 potestatem
3059 4015 3337 4086 suscepit.
3399 4016 3644 4088 Insuper

1999 4103 2170 4159 etiam
2207 4103 2277 4158 ad
2322 4101 2758 4158 Rotherisdorfa
2800 4101 2918 4156 vini
2967 4103 3433 4171 decimationem,
3466 4121 3644 4176 quam

2000 4195 2070 4248 de
2102 4193 2270 4250 nobis
2319 4191 2646 4264 acquisivit,
2681 4191 2737 4246 in
2789 4192 3124 4246 eorumdem
3176 4192 3421 4248 fratrum
3469 4211 3645 4249 usum

2001 4285 2305 4339 concessit.
2329 4282 2499 4337 Aliud
2533 4287 2726 4337 autem
2761 4281 2816 4335 in
2850 4281 3050 4336 eodem
3083 4279 3208 4336 loco
3237 4281 3497 4338 vinetum
3523 4283 3648 4340 suis

2003 4373 2062 4426 in
2107 4372 2418 4427 utilitatem
2470 4371 2722 4426 decrevit
2776 4370 3232 4439 successoribus,
3266 4388 3334 4427 ea
3382 4372 3650 4428 videlicet

232 4483 352 4523 sum
386 4465 651 4523 Ecclesia;
682 4468 1197 4524 Bodrabrunnensi
1231 4470 1563 4524 ηοωίηειίίε,
1597 4472 1660 4525 Et
1691 4479 1754 4526 υι
1774 4473 1894 4530 haec
1924 4495 1970 4558 Β
2003 4463 2244 4526 ratione,
2280 4467 2342 4514 ut
2383 4463 2438 4515 in
2474 4460 2587 4514 vini
2627 4460 3009 4516 decimatione
3041 4461 3261 4517 nullam
3295 4461 3648 4533 injustitiam

231 4560 448 4611 nostra?
480 4556 809 4612 traditionis
841 4555 1156 4612 auctoritas
1199 4556 1401 4628 plenas
1434 4558 1491 4611 in
1526 4559 1623 4613 Dei
1658 4561 1892 4617 nomine

233 4643 448 4699 habeat
475 4643 803 4714 ﬁrmitates,
828 4644 976 4700 hanc
1007 4645 1267 4700 chartam
1312 4646 1448 4700 inde
1499 4648 1889 4719 conscriptam

235 4733 564 4806 subtusque
595 4751 773 4790 manu
806 4733 1039 4807 propria
1081 4736 1432 4807 roboratam,
1466 4735 1659 4809 sigillo
1694 4741 1890 4792 nostro

237 4821 508 4893 insigniri
531 4823 846 4894 jussimus.

308 4909 540 4980 Signum
568 4913 755 4967 damni
786 4913 1102 4968 Chuonradi
1147 4915 1498 4969 invictissimi
1527 4917 1891 4971 Ilomannrum

240 4999 588 5070 imperatoris
617 5001 702 5068 (L.
741 5001 842 5070 M.)
876 5002 1124 5070 Augusti.

315 5087 618 5145 Odalricus
666 5088 1051 5144 cancellarius
1103 5090 1225 5145 vice
1270 5091 1554 5147 Bardonis
1603 5093 1892 5165 archiepi-

241 5176 405 5248 scopi
437 5178 789 5250 recognovit.

318 5265 462 5321 Data
489 5281 567 5323 xu
598 5267 725 5322 Kal.
758 5268 940 5339 Sept.,
973 5266 1287 5322 indictione
1317 5285 1409 5335 xv,
1448 5285 1598 5324 anno
1631 5269 1894 5326 Domini-

245 5370 324 5409 cae
355 5353 779 5410 Incarnationis
809 5357 975 5422 1031;
1009 5371 1162 5411 anno
1202 5360 1396 5412 autem
1435 5358 1633 5413 domni
1664 5359 1893 5416 Chuon-

243 5440 372 5498 radi
403 5441 644 5498 secundi
677 5443 974 5515 regnantis
1005 5460 1123 5511 vm,
1159 5443 1389 5518 imperii
1421 5462 1552 5502 vero
1585 5462 1660 5504 vx.

314 5532 524 5596 Actum
554 5532 960 5612 Magadeburc.

2003 4555 2102 4602 aut
2131 4550 2457 4603 molestiam
2495 4550 2747 4603 inferant
2777 4549 3074 4619 fratribus,
3097 4555 3153 4604 et
3183 4551 3418 4621 quando
3450 4551 3520 4606 de
3548 4551 3647 4605 illo

2001 4636 2206 4690 bibant
2235 4637 2365 4689 vino
2407 4637 2513 4691 hoc
2565 4638 2887 4705 intendant,
2922 4638 3058 4709 quia
3090 4639 3252 4709 prius
3295 4639 3365 4692 ad
3417 4655 3648 4694 omnem

2001 4724 2399 4795 episcopatum
2420 4741 2591 4777 suum
2610 4730 2839 4779 tantum
2861 4743 2976 4780 non
2996 4725 3652 4798 habueruntviniquan-

2001 4817 2125 4866 tum
2160 4811 2414 4883 scyphus
2445 4828 2647 4882 capere
2700 4818 2907 4884 potest,
2940 4813 3182 4883 ideoque
3228 4815 3650 4884 frequentiores

2001 4902 2120 4955 sint
2151 4900 2217 4954 ad
2263 4899 2440 4953 Deum
2484 4898 2898 4956 intercessores
2929 4900 3110 4954 nostri
3145 4901 3482 4971 dilectzeque
3513 4919 3649 4956 con-

1993 4989 2156 5062 jugis
2190 4993 2396 5044 nostris
2431 4987 2496 5041 G.
2532 4992 2588 5042 et
2617 4989 2796 5059 prolis
2845 4995 3054 5044 nostra:
3096 4989 3161 5043 Η.
3194 4989 3368 5060 regis,
3402 5007 3650 5061 quorum

2004 5080 2278 5152 petitione
2306 5078 2427 5132 11830
2459 5076 2585 5148 ipsa
2606 5077 2794 5132 vineta
2826 5079 2880 5132 S.
2909 5078 3219 5149 praelibatae
3244 5078 3399 5132 sedis
3430 5079 3651 5150 episco-

2005 5187 2076 5242 po
2111 5171 2168 5223 in
2215 5154 2624 5240 proprietatem
2674 5167 3043 5222 tradidimus.
3070 5167 3218 5230 Quin
3266 5167 3443 5222 etiam
3497 5168 3650 5226 idem

2003 5259 2308 5331 episcopus
2340 5256 2410 5310 ad
2445 5255 2848 5328 praescriptum
2873 5255 3066 5310 Sancti
3104 5257 3331 5312 Martini
3367 5264 3650 5315 monaste-

2005 5350 2156 5403 rium
2191 5345 2304 5401 alia
2333 5362 2459 5416 quae
2489 5345 2580 5399 sui
2603 5346 2759 5417 juris
2811 5348 2975 5399 erant
3008 5343 3133 5400 loca
3181 5347 3442 5416 tradidit,
3478 5347 3534 5403 id
3565 5353 3654 5405 est

2006 5433 2996 5508 Egisbern,Wolgatingahusum,in
3017 5435 3436 5494 Diotanhusam
3458 5457 3475 5495 ι
3494 5456 3656 5494 man-

2008 5541 2140 5585 sum
2191 5529 2248 5585 et
2302 5523 2614 5586 utilitatem
2673 5523 2850 5599 silvae,
2886 5529 2943 5584 et
2997 5525 3112 5588 tale
3166 5529 3449 5606 praedium
3481 5529 3654 5610 quale
