3968 6126
408 241 433 298 l
446 234 564 300 063

1772 228 2088 297 MONUM.
2133 226 2453 296 DIPLOM.

3606 234 3840 302 ,1064

401 370 607 427 habuit
638 368 707 423 ad
739 366 1059 439 Nianburg.
1084 365 1329 440 Insuper
1359 366 1532 422 etiam
1567 367 1636 420 ad
1683 366 1955 420 Ubhuscn
1990 383 2048 421 111
2079 373 2131 438 Α
2167 366 2419 422 dictione
2440 367 2810 439 proprietatis
2825 368 2960 438 jure
2983 367 3190 423 tenuit.
3211 366 3654 440 Idcircosiquis
3672 370 3846 441 ejus‘

403 477 489 527 In;
517 459 573 512 in
598 458 789 512 Lobal
817 473 905 523 1n;
938 454 993 509 in
1030 472 1177 526 pago
1211 456 1387 510 etiam
1418 455 1635 526 Lainga
1668 455 1724 509 in
1754 454 1908 510 villis
1931 455 2054 508 Tri-

401 548 598 614 burin,
616 546 930 610 Stocheim,
951 544 1503 613 Ilclingaburstalla,
1532 543 2054 607 Ilolinbcke,v1m;

402 639 461 693 in
497 653 643 709 pago
675 650 905 706 quoque
933 634 1204 686 Marstcin
1240 632 1295 686 in
1328 632 1464 687 villa
1496 649 1620 703 quze
1643 632 1857 686 dicitur
1878 632 2059 685 Brun-

404 726 699 782 hildisfort
728 740 769 777 11
803 740 881 787 1n,
906 722 1037 777 etin
1066 722 1293 792 limpida
1328 740 1338 775 ι
1371 738 1449 789 1n,
1475 727 1529 776 et
1556 722 1612 775 in
1636 722 1804 776 Oribe
1826 739 1864 774 11
1900 737 1976 787 m,
2003 725 2058 774 et

406 817 466 871 in
498 813 889 869 Volkeressun
914 828 951 865 ιι
976 827 1057 876 ιιι,
1084 810 1139 864 in
1172 827 1319 880 pago
1341 810 1557 871 Cizidc;
1595 810 1648 863 in
1682 808 1817 863 villa
1848 809 2058 863 Hcrisi-

400 905 577 960 vroda
600 921 637 957 11
662 919 717 955 1n
739 919 752 967 ;
777 900 835 954 in
862 900 1142 953 Munnere
1163 916 1179 953 1
1204 916 1284 963 ιιι,
1305 915 1436 953 cum
1462 898 1713 952 utilitate
1736 898 1892 952 salis.
1914 899 2055 951 Item

402 996 461 1049 in
491 994 771 1048 Munnere
803 988 1140 1044 curtil'erum
1168 1006 1183 1042 1
1216 988 1630 1059 cumjutilitatc
1659 988 1827 1053 salis;
1863 988 1919 1041 in
1955 987 2057 1041 Bo-

400 1085 603 1139 dukun
637 1098 652 1135 1
686 1097 777 1147 1n;
814 1078 873 1132 in
906 1078 1171 1132 Bcddure
1204 1096 1219 1130 1
1256 1094 1342 1144 1n;
1378 1077 1435 1131 in
1468 1076 2056 1147 Hemezungahusum

392 1191 416 1228 1
439 1190 495 1227 ιιι
518 1190 531 1239 ;
561 1171 617 1224 in
640 1168 823 1224 Helan
840 1184 874 1221 v
895 1183 981 1233 m;
1006 1166 1061 1220 in
1084 1166 1389 1221 Uanebeke
1408 1184 1425 1220 1
1446 1182 1498 1219 m
1522 1184 1533 1234 ;
1558 1165 1613 1219 in
1638 1165 2055 1236 Fridegerssun

396 1280 413 1317 1
451 1279 540 1327 m;
576 1260 635 1314 in
663 1257 933 1312 Nisinum
966 1273 1008 1309 11
1039 1273 1116 1322 1n,
1146 1254 1203 1309 in
1236 1256 1511 1310 Lieberke
1533 1273 1549 1309 1
1574 1271 1658 1321 n1;
1694 1255 1764 1307 ad
1797 1253 2057 1308 Folchar-

400 1348 644 1406 desdorf
669 1346 980 1401 utilitatem
1034 1345 1189 1400 silvae
1239 1361 1372 1399 cum
1424 1344 1617 1399 tribus
1657 1342 1964 1410 curtifcris,
1999 1343 2057 1396 in

398 1438 643 1496 Hervide
674 1454 692 1491 I
723 1453 778 1490 ιιι
800 1453 812 1503 ;
838 1434 896 1489 in
921 1433 1427 1489 Hemmincburun
1450 1450 1504 1487 1v
1536 1450 1622 1500 1n;
1657 1432 1713 1486 in
1748 1430 2056 1488 L'voluara-

398 1527 780 1599 dingabusun
805 1523 1345 1579 curtiferum1cum
1384 1521 1635 1577 utilitate
1657 1520 1832 1575 silvae.
1858 1520 1917 1574 In
1951 1518 2061 1574 Eil-

395 1618 607 1672 dissun
642 1614 981 1669 curtiferum
1008 1630 1024 1666 ι
1050 1628 1181 1667 eum
1206 1612 1461 1666 utilitate
1484 1610 1668 1677 silvae;
1704 1611 1757 1664 in
1791 1609 2058 1663 Hadden-

397 1706 595 1761 husuu
639 1702 950 1757 dimidium
999 1718 1300 1768 mansum;
1337 1701 1394 1753 in
1429 1699 1770 1755 Ekishusun
1804 1716 1842 1752 ιι
1875 1714 1962 1766 1n;
1998 1698 2057 1752 in

394 1792 700 1849 Nitalstete
736 1808 863 1857 1m;
898 1790 954 1843 in
989 1789 1215 1843 Rodum
1249 1807 1263 1844 1
1297 1805 1390 1854 m;
1427 1789 1483 1841 in
1516 1787 1851 1842 IIolzhusun
1875 1802 1935 1841 111
1967 1803 2052 1863 1n;

393 1882 451 1936 in
482 1881 739 1952 Lippeke
763 1878 1145 1934 curtiferumi
1176 1893 1309 1931 cum
1341 1876 1589 1931 utilitate
1620 1875 1794 1930 silva).
1821 1877 1882 1929 In
1916 1876 2047 1930 Itet-

395 1971 531 2025 bere
555 1969 868 2024 dimidium
903 1984 991 2034 1n;
1027 1966 1083 2020 in
1107 1966 1443 2021 Sueverdun
1470 1983 1524 2018 1v
1546 1982 1625 2029 ιιι,
1649 1972 1705 2020 et
1735 1963 1926 2020 salicaa
1948 1963 2053 2018 tel-

396 2059 541 2114 luris
574 2076 614 2113 11
648 2076 725 2125 1n,
753 2060 809 2112 et
831 2055 1058 2122 dimid.;
1084 2055 1142 2109 in
1183 2056 1509 2109 Honredere
1538 2072 1589 2108 v1
1622 2072 1700 2120 m,
1732 2059 1789 2108 et
1820 2049 2050 2107 dimidi

394 2149 454 2202 in
479 2145 955 2201 Eddorunhusun
978 2159 1017 2198 ιι
1042 2160 1131 2211 1n;
1157 2144 1214 2197 in
1235 2142 1508 2198 Morsilen
1536 2159 1719 2197 unum
1744 2154 2044 2202 mansum;

390 2237 449 2291 in
475 2234 783 2290 Nitalstcte
804 2251 839 2287 x
861 2249 949 2300 m;
978 2248 1109 2286 cum
1134 2231 1290 2285 omni
1325 2231 1575 2286 utilitate
1597 2230 1733 2287 illuc
1756 2231 2046 2302 pertinen-

386 2326 459 2391 ti;
484 2324 543 2379 in
567 2322 810 2379 Weluen
855 2339 908 2375 ιν
942 2338 1029 2389 1n;
1065 2321 1136 2375 ad
1170 2321 1290 2374 hinc
1328 2324 1649 2392 praenotata
1679 2320 1805 2375 loca
1850 2319 2047 2375 omnia

384 2414 604 2485 praedia
633 2429 760 2483 qua:
791 2414 933 2465 tunc
971 2409 1250 2480 temporis
1273 2409 1384 2464 sub
1416 2426 1522 2464 suo
1546 2410 1680 2479 jure
1712 2408 1917 2463 habuit
1946 2412 2047 2463 aut

387 2509 589 2576 postea
610 2499 1041 2572 acquisivit,vel
1073 2500 1244 2553 etiam
1271 2499 1433 2569 justo
1463 2498 1803 2553 concambio
1834 2497 2042 2552 horum

384 2592 790 2666 praedictorum
834 2588 1094 2643 locorum
1125 2587 1606 2656 commutatione,
1630 2586 1715 2641 vel
1751 2586 1865 2641 alia
1887 2585 2043 2655 juris

385 2681 767 2745 ordinatione,
793 2677 1011 2749 recepit
1042 2680 1250 2748 praeter
1286 2675 1387 2730 illa
1418 2693 1542 2746 qua}
1574 2676 1646 2729 ad
1677 2674 1792 2729 alia
1822 2674 2043 2747 delega-

383 2774 544 2826 verat
574 2765 947 2832 monasteria,
974 2766 1045 2819 ad
1081 2765 1384 2836 prtefatum
1415 2764 1609 2819 Sancti
1644 2764 1720 2817 M.
1758 2768 2043 2819 monaste-

385 2860 559 2925 rium,
589 2872 722 2912 cum
774 2853 1101 2925 mancipiis,
1123 2852 1300 2920 villis,
1329 2853 1504 2915 arcis,
1548 2852 1828 2919 aediliciis,
1862 2853 2039 2923 agris,

383 2948 555 3004 terris
578 2946 751 3003 cultis
773 2949 830 2999 et
850 2942 1223 3009 incultis,viis
1245 2947 1303 2997 et
1326 2942 1517 3003 inviis,
1540 2941 1789 2996 exitibus
1815 2945 1871 2995 et
1892 2940 2039 2995 redi-

383 3038 563 3101 tibus,
581 3034 840 3107 quzesitis
863 3038 919 3088 et
940 3031 1326 3103 inquirendis,
1346 3032 1546 3102 pratis,
1573 3031 1827 3102 pascuis,
1854 3029 2036 3097 silvis,

2167 456 2298 511 dem
2323 457 2648 512 destructor
2666 462 2755 512 est
2776 456 3114 512 monasterii
3139 461 3243 512 aut
3267 456 3678 529 praedictorum
3700 456 3841 512 dis-

2168 545 2388 617 sipator
2413 546 2867 609 bonorum,vere
2899 545 3046 600 sciat
3079 546 3218 619 quia
3244 545 3433 602 eidem
3464 546 3840 602 monasterio

2168 634 2564 705 fratribusque
2612 634 2829 690 ibidem
2858 634 2976 690 Deo
3007 635 3393 691 servientibus
3418 635 3478 691 in
3510 635 3689 690 nobis
3717 651 3837 691 no-

2167 722 2418 794 strisque
2451 722 2889 779 successoribus
2932 727 3155 778 certum
3186 726 3274 778 est
3319 722 3453 778 inde
3497 724 3833 796 refugium.

2168 811 2251 878 Et,
2270 817 2332 865 ut
2357 811 2464 867 hoc
2490 816 2701 867 nostrae
2723 811 3114 868 concessionis
3144 817 3497 883 praeceptum
3522 829 3625 885 per
3646 830 3834 870 omne

2164 902 2399 971 tempus
2448 899 2653 955 stabile
2700 904 3037 971 permaneat
3087 905 3143 955 et
3193 899 3625 968 inconvulsum,
3671 902 3831 957 hanc

2166 988 2440 1059 paginam
2464 989 2595 1044 inde
2617 990 3007 1061 conscriptam
3033 989 3362 1062 subtusque
3380 1006 3559 1047 manu
3586 990 3831 1063 propria

2165 1078 2620 1149 corroboratam,
2654 1078 2831 1151 sigilli
2878 1078 3062 1133 nostri
3104 1078 3489 1150 impressione
3522 1079 3826 1151 juSsimus

2166 1164 2455 1238 insigniri.

2238 1254 2468 1323 Signum
2495 1257 2684 1312 damni
2715 1256 3026 1312 Chuonradi
3065 1258 3434 1312 Romanorum
3469 1259 3824 1329 imperatori:

2167 1343 2250 1413 (L.
2286 1344 2385 1415 M.)
2417 1346 2784 1401 invictissimi.

2237 1432 2609 1489 Burchardus
2649 1433 3028 1489 cancellarius
3058 1433 3180 1490 vice
3226 1436 3507 1492 Pardonis
3556 1437 3817 1494 archica-

2166 1520 2380 1592 pellani
2414 1522 2761 1595 recognovit.

2239 1614 2382 1665 Data
2411 1626 2465 1667 v1
2498 1610 2641 1666 Non.
2670 1611 2813 1677 Jul.,
2845 1630 2998 1667 anno
3039 1612 3349 1669 Dominicze
3396 1615 3817 1672 Incarnationis

2170 1698 2326 1765 1033,
2364 1699 2678 1755 indictione
2701 1717 2746 1766 1;
2776 1717 2927 1756 anno
2951 1706 3147 1757 autem
3177 1702 3377 1758 domni
3408 1703 3743 1760 Chuonradi
3768 1704 3815 1761 II

2166 1789 2463 1859 regnantis
2494 1805 2569 1857 1x,
2604 1788 2946 1860 imperantis
2977 1807 3111 1845 vero
3145 1807 3220 1845 vn.

2233 1879 2439 1931 Actum
2468 1876 2826 1933 Mersiburch
2861 1878 3124 1934 feliciter.
3158 1882 3361 1935 Amen.

2918 1966 3055 2022 XXI.

2213 2054 2529 2110 Chuonradz
2560 2060 2889 2127 prazceptum
2905 2072 3006 2129 pro
3031 2056 3267 2111 Ecclesia
3294 2057 3751 2114 Paderbomensi.

2773 2147 2962 2215 (Anno
2996 2146 3174 2216 1033.)

2352 2234 2632 2303 [ERHARD,
2668 2233 2793 2289 Cod.
2828 2233 3053 2305 diplom.
3086 2234 3368 2306 Westph.,
3401 2252 3456 2308 p.
3488 2234 3606 2306 98.]

2230 2327 2254 2388 ῒ
2289 2322 2347 2376 (3.
2384 2322 2445 2376 In
2477 2323 2713 2377 nomine
2753 2327 2966 2378 sanctae
3011 2327 3069 2378 et
3116 2322 3427 2378 individuze
3476 2323 3805 2391 Trinitatis,

2153 2410 2552 2481 Cuuoxmnus,
2581 2410 2777 2465 divina
2800 2412 3023 2467 favente
3045 2410 3371 2481 clementia,
3405 2412 3804 2469 Romanorum

2154 2498 2468 2570 imperator
2500 2501 2817 2571 Augustus.

2222 2589 2435 2643 Notum
2469 2589 2545 2643 sit
2593 2589 2869 2645 omnibus
2898 2589 3110 2645 Christi
3161 2590 3462 2662 nostrique
3492 2590 3805 2660 ﬁdelibus,

2152 2677 2534 2748 praesentibus
2568 2694 2631 2732 ac
2682 2678 2914 2747 futuris,
2941 2678 3196 2751 qualiter
3244 2682 3579 2735 antecessor
3607 2684 3809 2736 noster

2152 2766 2327 2820 beatis
2361 2767 2653 2822 memoriae
2680 2766 2985 2822 IIeinricus
3013 2768 3349 2839 imperator,
3370 2769 3545 2839 cujus
3574 2780 3811 2841 semper

2150 2854 2385 2910 animus
2402 2855 2462 2909 in
2481 2856 2581 2911 Dei
2605 2854 2874 2911 Ecclesiis
2895 2856 3271 2912 mcliorandis
3292 2861 3350 2913 et
3372 2856 3810 2929 ampliﬁcandis

2150 2943 2261 2997 invi
2270 2942 2495 3015 gilavit,
2510 2944 3052 3000 Paderbrunnensis
3069 2949 3472 3017 paupertatem
3486 2945 3809 3001 miseratus

2148 3030 2440 3100 Ecclesiae,
2456 3032 2643 3088 multa
2665 3034 2715 3089 ei
2738 3034 2890 3089 bona
2912 3035 3106 3089 tamin
3131 3034 3365 3106 praediis
3385 3044 3564 3107 quam
3585 3035 3646 3090 in
3670 3034 3807 3091 aliis

330 3177 337 3183 .
381 3120 1373 3192 venationibus,aquisaquarumve
1392 3119 2040 3191 dccursibus,piscatio-
2070 3109 2111 3175 C
2149 3120 2522 3177 facultatibus
2567 3122 2727 3194 larga
2758 3139 2936 3178 manu
2970 3140 3074 3195 pro
3104 3123 3205 3178 Dei
3255 3138 3454 3179 amore
3492 3123 3805 3195 dilectique

385 3214 579 3279 nibus,
602 3209 955 3267 molendinis
977 3214 1033 3263 et
1054 3208 1302 3264 utilitate
1325 3208 1741 3276 silvarum,ncc
1765 3226 1878 3263 non
1904 3226 2037 3264 cum

385 3302 660 3359 omnibus
681 3299 1046 3371 appendiciis
1063 3316 1188 3369 qua:
1208 3297 1319 3352 dici
1339 3301 1440 3352 aut
1458 3299 1747 3353 nominari
1771 3303 2038 3369 possunt,

384 3389 625 3449 tradidit
646 3387 1064 3461 perpetualiter
1085 3387 1161 3441 ibi
1187 3387 1507 3441 existenda.
1526 3388 1633 3441 Sed
1660 3390 1723 3440 ut
1746 3387 1896 3441 idem
1922 3404 2040 3442 mo-

386 3479 707 3536 nasterium
740 3478 798 3531 in
826 3476 1034 3547 majori
1066 3476 1376 3530 securitate
1400 3479 1553 3531 esset
1573 3476 1852 3546 positum,
1885 3481 1943 3530 ct
1976 3480 2039 3530 ut

386 3571 537 3626 bona
566 3566 703 3621 illuc
733 3566 871 3620 data
904 3564 1100 3619 minus
1126 3565 1197 3618 ab
1228 3565 1357 3634 ejus
1389 3563 1827 3619 successoribus
1849 3563 1933 3618 vel
1965 3564 2036 3618 ab

385 3658 515 3714 aliis
529 3653 1040 3727 dissiparentur,in
1057 3653 1475 3707 mundiburdio
1493 3651 1824 3707 monasterii
1842 3654 2037 3713 Sancti

384 3746 536 3803 Petri
558 3742 877 3808 collocavit,
895 3746 949 3798 et
974 3746 1036 3797 ut
1068 3758 1168 3813 per
1198 3741 1462 3814 singulos
1484 3759 1668 3796 annos
1690 3741 1880 3797 eidem
1908 3758 2035 3797 mo-

386 3835 637 3892 nasterio
668 3849 929 3897 censum,
964 3832 1021 3886 id
1064 3835 1153 3886 est
1182 3848 1216 3885 v
1246 3830 1485 3896 solidos,
1519 3830 1728 3899 solvas,
1764 3830 2032 3886 decrevit.

385 3925 533 3992 Quin
551 3924 724 3981 etiam
749 3920 1053 3978 constituit
1078 3924 1143 3974 ut
1174 3936 1405 3991 semper
1435 3920 1492 3974 in
1520 3919 1825 3975 festivitate
1848 3919 2033 3975 sancti

385 4015 461 4069 M.
486 4013 749 4085 ejusdem
773 4010 928 4067 sedis
951 4010 1261 4081 episcopus
1282 4025 1416 4064 cum
1442 4009 1718 4065 fratribus
1742 4013 2035 4064 monaste-

386 4102 456 4158 rii
472 4102 665 4158 Sancti
688 4105 748 4155 P.
767 4102 836 4155 ad
856 4099 1199 4171 praedictum
1218 4097 1853 4168 monasteriumjveniat
1873 4103 1934 4153 ut
1950 4115 2037 4152 so-

386 4191 604 4246 lemnia
636 4191 952 4244 missarum
986 4186 1238 4243 celebret
1258 4192 1313 4243 et
1335 4186 1449 4241 alia
1469 4188 1825 4242 ostendendo
1856 4185 2037 4240 chari-

386 4284 561 4333 tatem
596 4277 928 4348 adimpleat.
954 4278 1023 4330 At
1054 4277 1101 4331 si
1135 4274 1355 4345 aliquid
1403 4274 1559 4329 aliud
1604 4276 1795 4345 ipsum
1830 4275 2036 4330 adesse

390 4364 689 4435 impediat,
730 4366 935 4418 fratres
983 4363 1061 4417 ibi
1113 4363 1454 4417 conveniant
1502 4366 1557 4416 et
1604 4363 1806 4417 eadem
1857 4361 2033 4417 simul

2148 3209 2261 3264 sibi
2292 3210 2560 3282 praesulis
2606 3211 2979 3285 Meginwerci
3011 3212 3247 3267 assiduo
3295 3216 3353 3283 et
3397 3211 3802 3268 devotissimo-

2148 3298 2426 3370 obsequio
2460 3300 2726 3355 contulit.
2754 3301 2910 3356 Inter
2940 3317 3070 3372 quae
3090 3301 3267 3356 etiam
3293 3299 3637 3357 comitatum
3658 3300 3806 3356 Duo-

2148 3387 2373 3442 diconis
2404 3389 2701 3460 quondam
2734 3388 2964 3443 cornitis
2990 3388 3178 3445 eidem
3210 3388 3477 3445 Ecclesiae
3506 3387 3803 3461 imperiali

2149 3477 2550 3532 munificentia
2592 3475 2848 3548 legitime
2896 3477 3150 3546 donavit,
3183 3477 3444 3545 tradidit,
3486 3476 3797 3549 delegavit.

2148 3564 2252 3620 Illo
2279 3570 2471 3620 autem
2492 3570 2855 3622 antecessore
2880 3571 3078 3621 nostro
3102 3566 3396 3633 defuncto,
3420 3582 3529 3621 nos
3548 3566 3655 3638 qui
3676 3565 3801 3622 loco

2146 3652 2304 3709 illius
2336 3654 2396 3709 in
2423 3671 2666 3726 regnum
2691 3655 3078 3721 surreximus,
3102 3672 3203 3728 per
3224 3655 3661 3727 suggestionem
3686 3651 3804 3711 Ma-

2145 3742 2368 3814 gontini
2401 3743 2684 3814 praesulis,
2709 3744 2981 3798 eumdem
3004 3742 3347 3799 comitatum
3373 3760 3408 3799 a
3435 3744 3683 3816 praefata
3701 3744 3804 3799 Eoo

2145 3830 2323 3887 clesia
2353 3831 2619 3900 tulimus,
2643 3836 2701 3887 et
2731 3830 2787 3886 in
2811 3833 2914 3903 jus
2938 3832 3284 3904 Magontinae
3309 3830 3599 3900 Ecclesia,
3621 3832 3803 3888 rudes

2145 3919 2335 3975 adhuc
2366 3920 2425 3975 in
2457 3936 2653 3992 regno,
2682 3920 2900 3991 injusto
2934 3921 3197 3992 persuasi
3220 3920 3460 3976 consilio
3488 3920 3801 3983 irrationale

2144 4007 2341 4063 biliter
2369 4007 2781 4064 transtulimus
2818 4012 2874 4064 et
2917 4008 3463 4065 transmutavimus.
3500 4007 3800 4081 Imperiali

2145 4101 2341 4152 autem
2364 4102 2564 4153 nostra
2589 4101 2895 4170 potestate,
2914 4098 3015 4154 Dei
3046 4098 3254 4171 gratia,
3279 4098 3466 4171 magis
3488 4098 3802 4171 magisque

2147 4187 2205 4240 in
2239 4202 2415 4259 regno
2461 4188 2804 4243 confirmata
2831 4192 2889 4243 et
2917 4188 3309 4258 corroborata,
3363 4186 3800 4259 Meginwercus

2145 4275 2357 4347 praesul
2385 4276 2803 4348 imperatorum
2835 4276 3251 4331 devotissimus
3282 4274 3529 4331 servitor
3546 4277 3607 4331 et
3635 4290 3798 4331 ama-

2144 4370 2253 4433 tor,
2269 4364 2505 4420 Martbae
2530 4364 2748 4421 sedulis
2765 4370 3040 4438 satagens
3057 4364 3375 4437 obsequiis,
3391 4381 3506 4421 non
3525 4364 3798 4431 cessavit,

390 4452 627 4516 faciant,
649 4456 713 4505 ut
735 4450 841 4504 hoc
864 4451 1034 4504 modo
1056 4449 1364 4504 concordia
1379 4453 1435 4505 et
1457 4449 1713 4505 amicitia
1733 4451 1884 4506 inter
1906 4450 2037 4506 illos
2067 4476 2113 4540 D
2147 4470 2261 4508 non
2281 4453 3652 4527 quievitsupplicando,serviendo,quoadusque
3671 4469 3800 4516 nos.

390 4539 694 4596 s'olidetur.
713 4539 778 4593 Et
798 4555 900 4610 per
921 4538 1068 4592 hanc
1093 4542 1311 4593 mutum
1332 4538 1597 4593 charitati
1622 4538 2035 4596 exhibitionem

391 4631 449 4685 in
477 4628 576 4685 Dei
607 4627 838 4683 servitio
856 4627 1162 4683 unanimes
1187 4631 1546 4700 coaptentur.
1566 4629 1652 4684 Ad
1683 4628 1803 4685 haec
1835 4634 2036 4685 notum

390 4716 1097 4788 sitomnibus,qualiterid
1116 4716 1306 4787 ipsum
1323 4718 1518 4772 Sancti
1536 4719 2035 4775 M.monasterium

389 4813 445 4865 et
476 4810 682 4864 fratres
717 4806 856 4860 inibi
880 4806 995 4861 Deo
1029 4804 1344 4861 servientes
1377 4807 1487 4860 sub
1521 4813 1717 4862 nostra
1750 4808 2034 4878 imperiali

390 4899 612 4971 filiique
629 4896 811 4951 nostri
828 4894 1082 4950 H.alioru
1093 4911 1265 4966 mque
1282 4899 1613 4950 nostrorum
1632 4913 1967 4951 successoru
1980 4914 2036 4950 ιιι

388 4988 638 5043 tuitione
666 4984 895 5040 defendi
920 4983 1211 5045 volumus,
1234 4984 1315 5038 sic
1345 4983 1567 5039 scilicet
1599 4990 1661 5039 ut
1691 4985 1889 5040 nullus
1909 4986 2036 5055 ejus

392 5092 695 5132 successor
724 5076 1069 5146 potestatem
1104 5073 1334 5140 habeat,
1356 5074 1508 5129 bona
1539 5075 1801 5146 ejusdem
1835 5091 2035 5129 mona-

392 5165 550 5219 sterii
578 5163 774 5235 aliquo
806 5163 978 5217 modo
1018 5163 1314 5218 destruere
1361 5167 1461 5218 aut
1510 5163 1731 5234 aliquid
1764 5164 1833 5217 de
1866 5163 2035 5217 bonis

391 5252 610 5307 eisdem
643 5252 1046 5323 auferre,quia
1072 5252 1442 5322 praescriptus
1473 5253 1782 5324 episcopus
1802 5255 1856 5306 Β.
1882 5251 2035 5307 idem

395 5338 809 5393 monasterium
836 5356 869 5394 a
891 5339 1268 5393 fundamento
1291 5339 1561 5393 zediﬁcari
1595 5341 1765 5410 ccepit
1791 5344 1847 5394 et
1878 5340 2038 5396 nulla

394 5423 507 5479 alia
528 5426 742 5495 priedia
762 5426 899 5481 illuc
920 5427 1178 5494 tradidit,
1195 5426 1307 5483 nisi
1329 5444 1455 5499 quis
1483 5428 1553 5482 de
1574 5433 1773 5483 nostro
1795 5430 1944 5485 dono
1975 5429 2035 5484 in

391 5512 691 5589 suumjus
719 5514 1025 5593 acquisivit
1053 5520 1156 5575 aut
1184 5531 1288 5593 per
1316 5532 1378 5576 se
1410 5516 1631 5596 absque
1661 5516 1779 5576 ulla
1807 5523 2036 5579 contra-

2148 4543 2564 4615 omnipotentis
2598 4544 2692 4599 Dei
2724 4543 2782 4597 in
2814 4543 2983 4614 cujus
3009 4560 3188 4598 manu
3218 4542 3394 4598 corda
3424 4546 3565 4598 sunt
3592 4557 3802 4615 regum

2149 4631 2487 4688 commoniti
2537 4632 2844 4701 instinctu,
2882 4631 3221 4704 dilectaque
3268 4628 3537 4704 conjugis
3586 4635 3800 4687 nostra

2148 4720 2317 4776 Gislze
2353 4738 2456 4776 nec
2489 4738 2601 4775 non
2632 4720 2887 4776 Heinrici
2937 4720 3038 4774 ﬁlii
3079 4721 3262 4777 nostri
3292 4720 3591 4794 magniﬁci
3643 4719 3799 4793 regis

2146 4808 2782 4875 intcrventu,Ecclesize
2827 4827 2944 4865 sua:
2993 4810 3215 4866 scilicet
3263 4808 3795 4876 Paderbrunnensi,

2146 4902 2330 4953 totum
2364 4897 2685 4953 Bernhardi
2712 4899 2943 4953 comitis
2975 4899 3271 4970 quondam
3303 4899 3669 4963 comitatum,
3696 4897 3796 4970 qui

2145 4987 2295 5041 situs
2325 4991 2407 5041 est
2442 4985 2499 5040 in
2546 4986 2686 5041 locis
2718 4988 2915 5055 Hesse,
2936 4988 3190 5059 Nitergo,
3225 4988 3432 5060 Netgo,
3453 4987 3793 5060 Ohteresgo,

2145 5075 2405 5147 legitima
2421 5074 2731 5131 traditione
2749 5077 3133 5144 reddidimus,
3150 5076 3537 5145 restituimus,
3553 5077 3797 5130 redona-

2144 5163 2357 5218 vimus.
2385 5164 2773 5220 Praecaventes
2820 5170 3015 5221 autem
3068 5183 3173 5223 nos
3222 5171 3278 5221 et
3330 5163 3791 5237 praecogitantes,

2148 5269 2219 5307 ne
2250 5252 2443 5323 aliqua
2474 5254 2846 5324 postmodum
2887 5253 3039 5309 inter
3075 5254 3237 5326 ipsas
3267 5254 3553 5310 Ecclesiae
3585 5252 3656 5308 de
3686 5252 3796 5308 hac

2146 5357 2207 5396 re
2238 5342 2628 5398 controversia
2673 5343 2838 5398 ﬁeret
2866 5348 2923 5398 et
2958 5342 3269 5409 discordia,
3312 5342 3660 5416 Magontinas
3691 5341 3798 5397 Ec-

2146 5429 2332 5485 clesiae
2360 5432 2842 5503 comitatum,qui
2872 5432 3024 5487 situs
3051 5436 3140 5487 est
3168 5432 3231 5490 in.
3250 5430 3532 5504 Cluvinga
3558 5434 3805 5503 propter

2146 5519 2306 5597 pacis
2336 5521 2842 5581 conﬁrmationem
2863 5520 3152 5599 imperiali
3178 5525 3380 5581 nostra
3401 5520 3539 5598 jure
3567 5535 3806 5585 concea-
