3950 6144
137 309 304 374 4665

1426 316 1954 392 CHUONR'ADUS
1995 325 2051 390 II
2091 323 2255 392 IMP.

3389 333 3550 414 τοις

139 446 358 536 simus,
380 449 436 502 et
461 444 567 503 hec
592 451 790 506 nostra
811 455 970 523 parte
995 452 1074 508 ita
1094 459 1182 510 est
1203 461 1571 528 compactum
1594 460 1793 532 sicque
1820 463 1877 530 Α
1905 479 2033 534 qua:
2065 479 2411 536 quocunque
2433 465 2604 526 modo
2625 465 2768 524 inibi
2792 467 3062 526 laboratae
3083 468 3236 526 ﬁunt
3257 485 3272 536 ;
3295 471 3352 526 et
3372 467 3550 534 eccle-

137 535 474 604 deﬁnitum,
497 543 563 593 ut
583 544 789 595 neutra
807 541 1195 598 Ecclesiarum
1222 544 1459 600 illarum
1473 547 1709 620 aliquod
1723 551 1794 605 de

134 624 434 695 przedictis
463 628 640 682 rebus
671 628 783 684 sibi
815 629 1114 703 inquisitis
1135 633 1509 705 aliquemede
1535 638 1797 709 patiatur

132 713 578 771 detrimentum.
611 716 668 772 Si
702 719 834 790 quis
862 726 1079 787 autem,
1100 722 1382 779 diabolica
1403 726 1679 781 suasione
1703 744 1791 783 se-

131 801 373 871 ductus,
409 803 560 860 hanc
589 811 850 863 nostram
884 809 1259 866 traditionem
1284 811 1342 866 in
1365 813 1560 887 alique
1585 814 1790 870 infrin-

125 893 302 964 gerit,
329 893 477 949 sciat
499 911 560 951 se
584 896 784 952 odium
813 898 906 953 Dei
931 905 1387 972 sanctorumque
1414 904 1542 973 ejus
1565 904 1793 960 habitu-

129 1010 294 1062 rum,
325 999 382 1048 et
408 974 488 1046 Ῑῦἷ
523 987 623 1042 lib.
659 989 797 1058 auri;
819 988 948 1058 puri
983 992 1474 1061 compositurum,
1509 994 1787 1050 medieta-

131 1087 258 1137 tem
279 1097 516 1136 camerrze
543 1083 776 1145 nostrae,
801 1082 858 1132 et
881 1078 1249 1134 medietatem
1276 1081 1560 1152 praedictis
1574 1083 1789 1138 Pader-

131 1170 496 1226 brunnensis
510 1167 779 1224 Ecclesia;
805 1167 1033 1223 rectori.
1049 1168 1210 1231 Quod
1231 1169 1500 1225 utverius
1516 1171 1787 1226 credatur

128 1265 192 1316 et
215 1258 666 1331 diligentissime
689 1257 760 1312 ab
775 1255 1051 1311 omnibus
1065 1256 1122 1310 in
1139 1262 1484 1329 perpetuum
1500 1263 1780 1325 servetur,

129 1353 494 1420 praeceptum
527 1347 637 1401 hoc
685 1345 818 1401 inde
869 1345 1266 1418 conscriptum
1320 1364 1499 1403 manu
1547 1349 1783 1421 propria

125 1437 350 1493 subtus
380 1435 746 1492 firmavimus
777 1438 832 1489 et
860 1433 1049 1506 sigillo
1099 1441 1298 1491 nostro
1348 1437 1616 1510 insigniri
1652 1440 1780 1509 jus-

123 1526 342 1582 simus.

203 1615 440 1684 Signum
469 1615 656 1669 damni
674 1614 994 1670 Chuonradi
1024 1617 1384 1669 Romanorum
1434 1617 1780 1687 imperatoris

119 1705 212 1776 (L.
247 1705 346 1776 M.)
379 1704 747 1759 invictissimi.

1907 551 2055 607 siam
2088 570 2213 624 quae
2245 553 2302 608 in
2328 552 2546 610 honore
2578 556 2762 612 sancti
2791 557 3103 630 Augustini
3137 573 3252 614 non
3299 556 3472 631 longe
3513 574 3550 614 a

1903 640 2184 696 Januensi
2207 643 2435 699 civitate
2458 649 2794 702 constructa
2814 651 2902 702 est
2918 647 2990 702 ab
3003 646 3130 718 ipse
3148 646 3544 718 Liudprando,

1904 729 2159 801 prmdicti
2179 732 2771 803 ceenebiii‘undatore;
2791 734 2935 790 alias
2948 752 3180 807 quoque
3193 739 3401 806 certes,
3417 753 3547 809 qua:

1905 819 2272 875 Lardiriacus
2302 825 2358 875 et
2387 821 2706 879 Villarasca
2734 823 3027 892 dicuntur,
3060 828 3118 880 et
3155 841 3365 886 mansa
3413 842 3544 897 qua

1899 906 1959 962 in
1995 909 2233 964 Revorri
2257 910 2477 979 jacent,
2508 915 2566 966 et
2594 916 2749 968 certe
2790 912 3102 982 Cressiani,
3155 913 3392 984 Turine,
3435 915 3543 972 Ge-

1899 997 2184 1064 rentiane,
2219 1004 2275 1053 et
2302 998 2359 1053 in
2384 1000 2650 1057 Cartiano
2673 1001 2977 1058 ecclesiam
2996 1018 3176 1060 unam
3199 1003 3422 1063 Sancta:
3442 1001 3543 1064 Ju-

1896 1085 2063 1141 lianae
2095 1104 2228 1142 cum
2255 1087 2415 1142 omni
2445 1089 2684 1145 honore.
2717 1091 3123 1148 Possessienes
3169 1089 3346 1153 etiam
3395 1107 3544 1162 quas

1895 1173 2108 1230 habere
2129 1176 2357 1232 videtur
2377 1176 2435 1233 in
2458 1178 2743 1235 Laudensi
2761 1180 3041 1236 comitatu
3061 1184 3118 1236 et
3132 1180 3546 1253 Pergamensis

1891 1263 2156 1319 videlicet
2174 1267 2531 1339 Amfenengo
2549 1284 2684 1323 cum
2703 1272 2858 1325 certe
2881 1286 3009 1341 qua
3031 1268 3278 1336 Flumbo
3299 1268 3536 1340 dicitur,

1894 1368 2027 1407 cum
2047 1354 2320 1412 omnibus
2337 1357 2408 1411 ad
2431 1373 2560 1411 eam
2583 1356 3032 1428 pertinentibus,
3057 1362 3114 1413 et
3134 1357 3324 1418 casale
3343 1357 3540 1422 Sancti

1893 1442 2067 1510 Petri,
2101 1447 2157 1499 et
2187 1444 2377 1500 casale
2405 1444 2690 1513 Aribaldi,
2723 1451 2781 1502 et
2810 1445 3119 1504 castellum
3147 1446 3420 1506 Aichardi
3442 1445 3542 1507 in-

1893 1530 2170 1586 comitatu
2203 1534 2526 1603 Parmensi,
2562 1539 2618 1591 et
2649 1536 2806 1607 quod
2828 1534 3020 1592 casale
3041 1535 3273 1594 Sindesi
3297 1535 3532 1608 dicitur,

1891 1636 2025 1674 cum
2040 1621 2583 1680 emnibusrebusvel
2602 1640 2804 1680 earum
2819 1623 3351 1698 pertinentiis.lllas
3363 1624 3538 1684 etiam

1889 1711 2075 1766 terras
2105 1726 2232 1780 quae
2263 1710 2320 1765 in
2355 1713 2608 1768 Luciano
2638 1717 2696 1768 et
2724 1713 3030 1785 Spariano,
3073 1717 3130 1768 et
3186 1713 3246 1770 in
3293 1712 3540 1778 :Rosieni

205 1793 582 1849 Burchardus
613 1790 917 1847 cancellari
929 1809 995 1846 us
1026 1791 1149 1847 vice
1188 1792 1470 1848 Bardenis
1521 1792 1780 1848 archica-
1810 1834 1858 1898 B
1887 1797 2167 1867 possidet,
2193 1816 2324 1854 cum
2340 1800 2614 1857 omnibus
2629 1801 3538 1881 circumquaqueadjacentibus,

116 1882 348 1956 pellani
383 1881 712 1953 recognovit

201 1971 413 2025 Datum
438 1987 492 2024 1v
519 1969 664 2024 Non.
689 1972 856 2041 Aug.,
883 1969 1198 2024 indictione
1216 1987 1254 2034 ι,
1275 1986 1425 2025 anno
1462 1970 1773 2025 Dominicis

122 2058 954 2125 IncarnatienisiO33;aunne
981 2063 1177 2113 autem
1215 2059 1414 2113 demni
1445 2059 1775 2114 Chuenradi

115 2148 372 2204 secundi
403 2146 722 2219 regnantis,
759 2147 1121 2218 imperantis.
1145 2147 1238 2204 VII

194 2237 407 2291 Actum
442 2235 728 2308 Lintburg
756 2235 1017 2291 feliciter.
1048 2237 1252 2290 Amen.

863 2351 1024 2407 XXII.

122 2441 448 2498 Chuenradi
476 2443 498 2498 Ι
529 2442 874 2512 imperatoris
900 2442 1255 2511 privilegium
1300 2440 1774 2510 conﬂi-matorium

192 2515 440 2568 omnium
459 2513 678 2584 j-arium
706 2513 1028 2584 monasterii
1061 2514 1364 2567 Ticinensis
1391 2514 1577 2568 Sancti
1599 2515 1770 2578 Petri,

193 2585 334 2655 quod
354 2584 666 2657 appellatur
696 2585 754 2638 in
789 2583 929 2638 Crete
958 2585 1150 2638 Hareo.

737 2673 932 2744 (Anno
966 2673 1148 2741 1033.)

469 2763 795 2829 MURATORI,
829 2762 1004 2832 Antiq.
1041 2762 1187 2830 ltal.,
1223 2763 1266 2828 Ι,
1299 2762 1450 2832 595.]

189 2865 258 2919 In
295 2860 527 2918 nomine
549 2865 760 2916 sancta)
791 2865 848 2914 et
868 2859 1177 2914 individua:
1201 2859 1525 2925 Trinitatis,
1549 2861 1775 2916 CHUON-

111 2969 330 3018 nanus,
344 2950 542 3006 divina
555 2949 778 3004 favente
790 2948 1770 3022 clementia,imperatorAugustus.

185 3042 248 3098 Si
283 3041 435 3096 circa
462 3038 590 3095 loca
627 3038 742 3093 Dee
791 3037 986 3094 dicata
1043 3038 1508 3094 muniﬁcentiam
1561 3044 1771 3094 nostrae

112 3128 500 3202 benignitatis
532 3126 836 3200 largimur,
873 3126 1168 3181 credimus
1201 3125 1309 3182 hoc
1340 3128 1410 3182 ad
1456 3143 1771 3199 regnorum

1886 1890 1942 1941 et
1970 1887 2042 1941 ad
2056 1888 2257 1943 eadem
2281 1888 2407 1944 loca
2426 1890 2892 1962 respicientibus
2915 1890 3347 1948 Cenﬁrmamus
3361 1888 3533 1956 inau-

1882 1991 1986 2046 per
2014 1975 2312 2048 praelibate
2345 1979 2604 2035 coenobio
2634 1984 2810 2052 atque
2839 1979 3035 2036 abbati
3083 1982 3304 2036 certem
3352 1979 3535 2038 Pave-

1885 2079 2040 2130 nem,
2066 2081 2170 2120 nec
2184 2082 2296 2121 non
2319 2070 2375 2122 et
2401 2065 2561 2122 illam
2585 2083 2711 2138 qua:
2733 2067 2792 2122 in
2817 2067 3106 2124 Roboreto
3131 2065 3351 2130 dicitur
3368 2070 3534 2136 Certe

1883 2152 2080 2224 Regia,
2114 2157 2170 2208 et
2199 2153 2504 2210 ecclesiam
2534 2159 2754 2211 Sanctae
2787 2155 2982 2212 Maria:
3013 2157 3085 2212 de
3116 2154 3352 2228 Tergui,
3398 2171 3534 2212 cum

1883 2241 2158 2298 omnibus
2174 2243 2543 2314 pertinentiis
2567 2248 2623 2300 et
2641 2243 2984 2316 adjacentiis
3001 2244 3146 2312 suis,
3168 2242 3522 2304 melendinis

1883 2330 2306 2402 piscatienibus
2338 2333 2484 2400 suis,
2516 2334 2686 2406 aquis
2717 2349 3124 2406 aquarumque
3159 2331 3530 2398 decursibus,

1881 2418 2055 2476 cultis
2069 2420 2917 2495 etincultisrebus,ubicunque
2929 2420 3190 2480 locorum
3206 2421 3277 2476 ad
3291 2419 3530 2488 easdem

1881 2512 2068 2563 certes
2101 2508 2562 2580 pertinentibus:
2595 2515 2651 2565 et
2683 2510 2881 2566 omnia
2911 2527 3038 2582 quae
3059 2510 3119 2568 in
3151 2512 3349 2572 monte
3392 2510 3530 2576 Far-

1882 2600 2026 2661 rate,
2059 2600 2116 2650 et
2146 2614 2270 2668 quae
2302 2597 2360 2652 in
2391 2597 2670 2654 comitatu
2683 2597 3038 2655 Vercellensi
3053 2603 3111 2655 et
3124 2597 3527 2672 Yperegiensi,

1881 2689 1938 2739 et
1955 2701 2079 2756 qua:
2101 2685 2157 2760 in
2180 2686 2516 2742 Novariensi
2536 2689 2608 2742 ad
2631 2688 2904 2743 eumdem
2928 2686 3122 2744 locum
3145 2686 3458 2760 pertinent,
3468 2691 3532 2752 et

1882 2790 2010 2844 qua:
2039 2775 2098 2828 in
2129 2775 2349 2831 Caselle
2377 2780 2436 2830 et
2463 2775 2522 2830 in
2553 2780 2736 2831 Ponte
2759 2775 3012 2842 Carioni,
3037 2779 3094 2832 et
3135 2775 3194 2832 in
3239 2773 3528 2844 Salarielp

1881 2861 2035 2917 idem
2068 2864 2392 2919 coenobium
2423 2865 2722 2936 possidere
2749 2865 2942 2920 visum
2972 2868 3079 2920 est.
3107 2862 3540 2942 Certametiam.

1882 2967 2008 3022 qua:
2041 2951 2233 3008 Dianae
2264 2953 2500 3023 dicitur,
2531 2953 2592 3008 in
2622 2951 2903 3009 comitatu
2922 2951 3368 3025 Albinganensi,
3389 2955 3533 3020 etes

1881 3041 2081 3096 omnia
2109 3058 2237 3112 quin
2267 3041 2421 3096 infra
2449 3043 2636 3114 ipsam
2661 3040 3033 3098 civitatemet
3055 3044 3219 3098 extra
3231 3039 3305 3098 ad
3330 3039 3530 3110 ipsum

1883 3131 2305 3185 monasterium
2332 3131 2618 3202 pertinere
2642 3130 2935 3186 videntur.
2961 3131 3202 3186 Portum
3225 3127 3402 3192 etiam
3425 3126 3534 3194 Bos

111 3201 338 3276 statum
369 3221 724 3282 nostrorum,
755 3219 1084 3287 nostraeque
1111 3214 1319 3271 animae
1351 3215 1600 3272 salutem
1633 3233 1764 3288 pro-
1798 3201 1840 3269 C
1879 3217 2156 3273 sarielum
2189 3201 2360 3291 longe
2391 3223 2649 3290 tempore
2677 3220 2749 3274 ab
2777 3219 2906 3290 ipse
2927 3215 3280 3276 Monasterie
3297 3219 3523 3280 tantum

109 3309 308 3365 ficere.
341 3306 562 3361 Idcirco
592 3304 814 3360 noverit
833 3304 1096 3360 omnium
1126 3304 1387 3360 ﬁdelium
1411 3311 1626 3361 sanctae
1663 3305 1762 3360 Dei

107 3396 404 3462 Ecclesia,
429 3399 550 3449 tam
574 3393 946 3466 praesentium
963 3411 1144 3465 quam
1165 3395 1518 3460 futurorum,
1539 3395 1764 3449 univer-

110 3487 286 3552 sitas,
318 3482 539 3538 Gislam
573 3486 833 3538 nostram
865 3482 1272 3538 charissimam
1303 3483 1634 3555 cenjugem,
1661 3500 1762 3538 ne-

111 3578 300 3631 stram
322 3572 536 3628 adiisse
557 3571 920 3644 imperialem
945 3571 1335 3639 clementiam,
1361 3576 1648 3643 quatenus
1663 3589 1764 3643 pro

111 3663 778 3732 Deiamore,nestra3que'
791 3659 997 3715 animae
1011 3661 1556 3727 remedie,coznebie
1569 3660 1766 3716 Sancti

113 3750 296 3819 Petri,
332 3751 487 3822 quod
519 3750 732 3805 dicitur
760 3747 977 3804 leum
1030 3752 1308 3820 Aureum,
1338 3750 1666 3817 subvenire,
1713 3753 1769 3805 et

114 3847 322 3898 nostra
350 3838 664 3912 preceptali
696 3839 1040 3893 auctoritate
1083 3840 1428 3894 confirmare
1477 3843 1534 3894 et
1576 3856 1768 3895 cerre-

115 3931 325 3986 berare
346 3945 548 3984 omnes
578 3931 762 3983 certes
783 3932 839 3982 et
861 3927 1243 3998 proprietates
1259 3945 1406 3999 quas
1422 3927 1642 4000 pridem
1671 3945 1773 4000 per

118 4018 372 4092 quodvis
406 4017 706 4090 ingenium
738 4017 1104 4089 dignoscitur
1134 4017 1487 4088 possedisse,
1509 4021 1697 4072 terras
1717 4021 1774 4072 et

116 4115 310 4166 certes
343 4124 467 4180 qua:
518 4123 706 4178 usque
752 4107 924 4160 mede
986 4105 1373 4160 vassallerum
1406 4107 1768 4173 dicebantur,

116 4199 478 4268 Munesenge
505 4199 562 4251 et
589 4193 727 4249 villa
774 4198 944 4265 atque
993 4194 1322 4262 castellum,
1369 4196 1522 4265 quod
1575 4194 1770 4251 Sancti

117 4287 276 4342 Petri
295 4285 528 4351 dicitur,
545 4287 602 4338 et
626 4283 898 4338 abbatem
925 4283 1160 4338 nomine
1175 4283 1466 4354 Alpisum,
1485 4283 1771 4354 quimode

116 4375 167 4430 ei
194 4378 428 4447 praeest,
453 4389 520 4428 ex
557 4371 832 4427 omnibus
863 4370 1138 4426 investire
1173 4371 1565 4443 dignaremur.
1595 4373 1772 4442 Cujus

116 4462 501 4535 petitionibus
557 4477 728 4516 aures
784 4459 1205 4516 libentissime
1243 4461 1770 4526 accommodantes,

1872 3323 2224 3378 omnemque
2251 3312 2466 3362 terram
2497 3308 2556 3362 in
2589 3306 2897 3379 campania
2923 3305 3230 3378 Papiensis
3251 3303 3521 3376 urbisja-

1873 3399 2121 3464 centem,
2146 3397 2426 3468 justeque
2474 3396 2619 3450 inibi
2675 3395 3086 3468 pertinentem,
3136 3397 3193 3452 et
3237 3392 3518 3449 decimas.

1874 3485 2173 3540 Donamus
2203 3485 2379 3540 etiam
2409 3489 2466 3541 et
2495 3485 2941 3542 cerreberamus
2971 3483 3160 3542 eidem
3203 3480 3521 3549 venerabili

1875 3574 2002 3630 loco
2032 3578 2216 3630 terras
2238 3591 2384 3646 quas
2415 3573 2475 3628 in
2506 3573 2770 3646 partibus
2798 3573 3021 3630 Tusciae
3051 3572 3284 3634 videtur
3307 3570 3523 3640 habere

1876 3678 1979 3733 per
2009 3662 2268 3718 diversos
2297 3661 2612 3718 comitatus
2641 3666 2698 3718 et
2741 3661 2887 3720 loca.
2946 3663 3103 3718 Duas
3139 3660 3318 3726 etiam
3347 3657 3524 3716 certi-

1878 3747 2073 3815 cellas,
2095 3748 2397 3804 Maliacem
2421 3748 2642 3806 scilicet
2652 3755 2709 3806 et
2727 3750 3082 3808 Calavadum
3099 3744 3523 3817 cumSusselle,

1878 3843 1936 3893 et
1960 3838 2165 3903 Leuce,
2190 3843 2365 3909 atque
2393 3839 2647 3911 Capella,
2681 3857 2808 3912 qua:
2839 3844 2931 3894 est
2958 3839 3019 3894 in
3051 3837 3272 3896 honore
3302 3838 3524 3904 sancta

1878 3926 1976 3980 Dei
2009 3927 2318 3982 Genitricis
2353 3927 2569 3996 Mariae,
2601 3944 2728 3998 quae
2760 3927 2976 3983 dicitur
3025 3924 3346 3991 Primasca,
3395 3939 3524 3996 qua

1878 4019 2211 4072 constructa
2239 4020 2328 4071 est
2357 4015 2415 4069 in
2448 4015 2596 4070 valle
2625 4016 2931 4084 Belizena;
2963 4019 3020 4070 et
3040 4013 3170 4070 illas
3190 4017 3376 4068 terras
3397 4027 3526 4084 quae

1878 4104 2092 4160 habere
2122 4105 2312 4159 visum
2343 4109 2432 4160 est
2464 4105 2525 4160 in
2555 4104 2835 4177 Belingne
2865 4108 2924 4160 et
2951 4104 3011 4159 in
3043 4101 3526 4169 Liven_tina,.cum

1879 4193 2154 4249 omnibus
2176 4192 2299 4248 suis
2320 4191 2707 4264 pertinentiis.
2730 4195 2959 4248 (Sortem
2981 4191 3223 4263 insuper
3239 4206 3368 4262 quis
3391 4187 3530 4244 Ver-

1879 4286 2054 4355 gente
2085 4281 2318 4348 dicitur,
2346 4285 2402 4336 et
2432 4281 2752 4337 Piscariam
2781 4297 2910 4352 quae
2941 4283 3030 4338 est
3058 4280 3118 4336 in
3148 4280 3364 4336 Tauxa.

1950 4371 2279 4427 Statuimus
2309 4371 2573 4442 insuper,
2604 4375 2662 4426 et
2682 4370 2874 4427 modis
2897 4369 3176 4426 omnibus
3193 4382 3526 4436 censemus,

1880 4460 2252 4532 praecipimus
2273 4477 2340 4515 ac
2360 4460 2662 4530 jubemus,
2717 4465 2774 4516 et
2805 4461 2976 4531 juxta
3017 4463 3352 4516 nostrorum
3373 4459 3532 4522 ante-

123 4556 460 4622 nestraeque
493 4551 700 4605 anima:
735 4548 1125 4618 consulentes,
1154 4566 1256 4621 pro
1285 4549 1380 4603 Dei
1411 4565 1607 4604 amere
1623 4566 1771 4620 prae-
1802 4569 1848 4632 D
1883 4565 2182 4604 cesserum
2203 4565 2408 4622 regum
2430 4548 2518 4605 vel
2541 4550 2962 4622 imperatorum
2979 4546 3322 4606 auctoritate
3343 4543 3532 4616 ﬁrmi-

120 4641 277 4715 dicte
309 4638 623 4696 venerabili
657 4637 782 4694 loco
815 4643 989 4710 atque
1021 4639 1216 4694 abbati
1248 4637 1644 4704 concedimus,
1668 4638 1769 4694 de-

120 4747 359 4797 namus,
387 4729 695 4800 modisque
708 4729 983 4784 omnibus
1002 4727 1450 4783 cerreberamus
1464 4727 1666 4782 omnes
1681 4743 1770 4782 res

121 4824 179 4873 et
207 4819 608 4889 proprietates,
645 4816 1067 4889 possessiones,
1090 4833 1409 4888 omnesque
1432 4815 1561 4870 illas
1583 4820 1770 4871 certes

121 4924 155 4978 q
169 4923 275 4962 uas
289 4907 536 4979 quisque
554 4922 739 4978 usque
754 4906 927 4960 mede
945 4905 1266 4960 beneﬁciali
1285 4906 1486 4960 ordine
1506 4905 1772 4974 detinuit,

122 4999 180 5050 et
197 5013 326 5068 quae
349 4995 735 5052 vassallorum
761 4994 1129 5059 dicebantur,
1155 4997 1210 5048 et
1230 4994 1776 5065 quascunqueidem

124 5085 457 5140 coenobium
492 5083 666 5157 longe
701 5088 960 5154 tempore
982 5083 1347 5155 dignoscitur
1367 5083 1720 5154 possedisse,
1745 5099 1780 5137 a

125 5172 510 5245 Liudprando
541 5173 727 5245 ipsius
757 5171 867 5227 loci
899 5172 1207 5227 fundatere
1237 5187 1563 5227 concessas.
1588 5172 1650 5225 Id
1691 5175 1780 5226 est

129 5260 284 5317 inter
314 5267 550 5318 czeteras
579 5279 670 5317 res
693 5263 910 5316 certem
935 5259 1094 5314 illam
1119 5276 1245 5331 qua:
1272 5258 1412 5332 Alpe
1435 5259 1615 5314 Plana
1636 5258 1778 5314 dici-

131 5353 252 5418 tur,
277 5356 636 5424 cunctasque
658 5367 748 5406 res
767 5350 840 5406 ad
871 5350 1137 5405 eamdem
1161 5353 1376 5404 certem
1397 5348 1778 5419 pertinentes,

127 5439 218 5496 vel
245 5441 595 5513 aspicientes
609 5441 668 5496 in
684 5439 1134 5511 quibuscunque
1149 5437 1312 5505 locis,
1330 5453 1463 5492 cum
1478 5435 1782 5493 territoriis

130 5533 188 5583 et
220 5529 437 5586 finibus
460 5547 563 5602 per
583 5531 937 5608 preceptum
961 5526 1317 5599 Liudprandi
1340 5525 1514 5598 regis,
1540 5542 1642 5599 per
1661 5525 1780 5581 sin-

131 5616 269 5698 gula
287 5619 414 5679 loca
435 5617 816 5676 denuntiatis.
844 5614 934 5673 vel
955 5616 1294 5675 earumdem
1310 5631 1505 5674 rerum
1522 5614 1780 5674 decimas

452 5745 720 5814 PATROL.
760 5741 908 5810 GLI.

1880 4643 1968 4694 ter
1997 4637 2304 4703 edicimus,
2334 4642 2399 4692 ut
2423 4637 2623 4694 nullus
2655 4638 3152 4710 archiepiscopus,
3187 4634 3388 4694 nullus
3407 4630 3536 4706 epi-

1881 4743 2116 4798 scopus,
2147 4725 2346 4781 nullus
2381 4727 2662 4793 marchio,
2696 4727 2783 4783 vel
2817 4743 3034 4793 comes,
3067 4729 3170 4782 aut
3185 4725 3530 4788 vicecomes,

1884 4820 1987 4872 aut
2015 4813 2324 4888 gastaldio,
2358 4815 2479 4870 sive
2509 4816 2913 4887 cujuscunque
2944 4809 3373 4880 ministerialis,
3396 4808 3533 4866 nul-

1883 4902 2056 4974 laque
2077 4903 2395 4975 judiciaria
2426 4908 2704 4976 potestas,
2737 4902 2826 4959 vel
2864 4900 3198 4975 reipublicae
3241 4897 3532 4968 minister,

1883 4991 1943 5045 in
1978 4991 2269 5063 praedictis
2301 4993 2579 5059 certibus,
2613 4991 2868 5064 prsidiis,
2901 4987 3394 5064 possessionibus,
3425 5000 3532 5046 seu

1885 5079 1946 5134 in
1977 5080 2276 5152 aliquibus
2304 5079 2449 5135 locis
2471 5081 2708 5152 praefato
2737 5077 3055 5136 venerabili
3075 5077 3200 5134 loco
3247 5074 3536 5148 pertinen-

1886 5169 2065 5236 tibus,
2093 5168 2375 5240 placitum
2402 5173 2618 5236 tenere,
2645 5168 2734 5225 vel
2767 5169 3101 5225 districtum
3132 5166 3341 5232 facere,
3390 5162 3535 5237 sive-

1890 5257 2144 5324 fedrum,
2167 5261 2268 5314 aut
2291 5256 2550 5328 aliquam
2574 5258 2935 5314 functionem
2955 5253 3274 5329 publicam,
3295 5250 3385 5334 vel
3404 5251 3535 5320 red-

1890 5346 2102 5414 ditum,
2129 5363 2162 5401 a
2192 5345 2668 5418 supranictorum
2691 5345 2953 5402 locorum
2974 5341 3425 5408 habitatoribus,
3447 5338 3537 5418 vel

1890 5434 2318 5508 pertinentibus
2347 5435 2576 5508 exigere
2596 5435 2683 5490 vel
2707 5433 2924 5501 tollere,
2943 5435 3169 5488 remota
3191 5429 3352 5488 omni
3371 5445 3537 5496 ocea-

1891 5525 2076 5592 siene,
2095 5527 2432 5596 praesumat.
2451 5524 2610 5580 Inter
2637 5525 2842 5579 cetera
2860 5525 3058 5580 tamen
3077 5521 3187 5578 hoc
3207 5517 3542 5594 specialiter

1891 5613 2269 5674 statuendum
2299 5613 2641 5673 censuimus
2670 5615 2736 5668 ut
2763 5614 2983 5672 certem
3013 5610 3350 5689 praedictam
3407 5621 3540 5688 qus

3133 5737 3219 5810 ει
