3950 6144
396 255 559 330 ηδτ

1698 315 1700 318 μ
1769 263 2084 332 MONUM.
2126 264 2452 333 DIPLOM.’

3654 258 3806 328 1068

397 395 638 451 Maliace
669 395 902 466 dicitur,
924 397 1014 455 vel
1036 399 1322 472 quidquid
1341 416 1490 472 saepe
1511 399 1732 456 dictum
1752 406 2043 458 monaste-
2069 402 2126 470 Α
2157 403 2265 458 bus
2298 402 2471 458 rebus
2503 400 2585 456 rei
2615 399 2826 455 veritas
2858 397 3248 473 approbatur;
3282 400 3338 454 et
3396 397 3571 469 juxta
3601 398 3801 454 defini-

395 483 548 539 rium
579 484 639 540 in
674 485 820 542 valle
848 488 1104 558 Luvana,
1139 490 1282 544 etin
1313 489 1460 545 valle
1503 493 1665 563 Agno
1712 491 1926 548 habere
1967 491 2046 546 vi-

393 573 582 642 detur,
611 575 896 646 prmcipue
930 581 1220 646 tueamur,
1256 578 1531 651 quoniam
1558 579 1678 636 haec
1723 580 1851 636 loca
1893 581 2045 635 inter

393 666 597 720 catera
616 664 838 735 majora
859 669 916 721 et
937 666 1175 722 fortiora
1201 668 1522 723 infortunia
1542 673 1717 740 atque
1741 669 2042 724 molestias

392 752 818 809 sustinuerunt.
839 755 1094 828 Ideoque
1123 756 1498 829 przecipimus
1515 761 1570 812 et
1591 758 2040 829 quibuscunquo

389 840 968 900 interminationibus
995 844 1286 913 valemus,
1311 847 1522 917 jubere
1553 847 1942 913 decernimus,
1977 850 2040 901 ut

389 929 589 986 nullus
613 947 875 1003 unquam
903 937 1180 1004 potestas,
1206 933 1497 1003 minister,
1529 933 1617 988 vel
1649 933 1887 1000 missus,
1941 937 2040 988 aut

386 1019 664 1085 famulus,
695 1020 1105 1092 praedictorum
1154 1021 1414 1077 locorum
1467 1021 1894 1078 habitatoribus
1934 1038 2034 1076 seu

385 1109 818 1180 pertinentibus
843 1109 1100 1182 aliquam
1135 1111 1411 1183 deinceps
1445 1111 1776 1166 molestiam
1823 1108 2036 1166 inferre

385 1201 722 1270 praesumat,
755 1197 978 1254 nullam
1009 1198 1436 1254 districtionem
1471 1200 1555 1255 eis
1589 1201 1794 1267 facere,
1817 1199 1904 1254 vel
1951 1201 2032 1255 fo-

383 1286 557 1341 drum
587 1287 660 1342 ab
690 1287 775 1342 eis
805 1285 1027 1357 tollere,
1059 1292 1161 1342 aut
1190 1305 1393 1342 eorum
1427 1289 1666 1343 arbores
1711 1289 2030 1354 succidere,

377 1375 462 1430 vel
487 1376 721 1448 aliquod
741 1393 944 1432 eorum
964 1376 1387 1449 suppellectilis
1409 1377 1493 1432 vel
1513 1377 1722 1448 peculii
1737 1377 2029 1443 invadere,

379 1469 481 1520 aut
509 1465 581 1520 de
609 1481 809 1521 eorum
831 1466 1308 1538 possessionibus
1329 1465 1546 1538 aliquid
1573 1467 1913 1537 potestative
1939 1484 2031 1521 ra—

379 1570 513 1625 pere
544 1552 742 1626 aliqua
757 1555 1070 1610 temeraria
1087 1555 1543 1626 praesumptione
1563 1555 1790 1610 audeat.
1817 1556 1875 1609 Si
1898 1555 2030 1626 quis

377 1659 508 1697 vero
527 1642 789 1714 aliquam
811 1642 1109 1714 querelam
1125 1660 1307 1714 super
1327 1644 1583 1714 aliquem
1609 1661 1811 1698 eorum
1831 1644 2025 1712 habet,

378 1747 492 1784 non
524 1747 624 1802 per
654 1747 716 1786 se
743 1731 1060 1798 vindicare,
1092 1737 1192 1786 aut
1210 1749 1312 1802 per
1327 1732 1582 1803 aliquem
1614 1732 1802 1804 legem
1837 1734 2028 1805 requi-
2060 1769 2108 1834 B

380 1834 526 1884 rere,
559 1819 672 1874 nisi
703 1835 806 1891 per
838 1837 944 1874 nos
977 1824 1077 1874 aut
1127 1821 1398 1875 abbatem
1446 1821 1635 1893 ipsius
1692 1823 2024 1877 monasterii

382 1908 813 1980 pmsumat,vel
827 1925 930 1979 per
943 1913 1208 1964 nostrum
1222 1913 1322 1964 aut
1334 1909 1521 1981 ipsius
1535 1911 2024 1966 abbatismissum

381 1996 500 2052 Hac
531 1996 708 2069 igitur
737 2001 935 2051 nostra
951 1997 1279 2068 praeceptali
1295 1999 1645 2054 auctoritate
1667 2016 1872 2056 omnes
1889 2018 2028 2072 pra:-

375 2085 564 2140 dictas
595 2087 780 2140 cortes
797 2089 853 2140 et
869 2084 1012 2152 loca,
1029 2102 1163 2140 cum
1185 2087 1362 2141 rebus
1382 2091 1439 2142 et
1461 2087 1723 2155 familiis,
1763 2090 2027 2160 portibus

375 2177 721 2244 etmercato,
740 2173 1228 2242 districtionibus,
1248 2175 1606 2232 molendinis
1628 2177 2028 2248 etpiscationi-

377 2261 684 2334 bus,aquis
701 2278 1104 2334 aquarumque
1117 2264 1838 2338 dccursibus,cunctisque
1853 2269 2026 2323 rebus

377 2350 696 2406 mobilibus
726 2354 781 2407 et
813 2351 1216 2407 immobilibus
1249 2353 1319 2407 ad
1349 2354 1472 2423 jam
1495 2353 1746 2427 scriptas
1763 2361 1950 2412 cortes
1972 2361 2027 2412 et

369 2439 577 2495 locain
603 2441 899 2513 integrum
921 2440 1713 2512 aspicientibus,divinorum
1736 2462 2026 2501 memores

377 2532 821 2602 praeceptorum,
849 2530 976 2599 jam
1008 2528 1162 2582 dicto
1197 2529 1458 2584 coenobio
1490 2530 1874 2602 ejusdemque
1916 2533 2025 2587 loci

383 2617 602 2686 abbati,
627 2617 715 2672 vel
745 2617 1076 2688 cuicunque
1096 2634 1199 2688 pro
1219 2622 1478 2688 tempore
1501 2617 1643 2672 inibi
1669 2620 2022 2690 praesidenti,

378 2708 798 2763 confirmamus
829 2711 886 2761 et
915 2706 1615 2762 corroboramus.0mnes
1635 2705 2026 2780 insuperillos

375 2795 794 2868 carpentarios,
829 2811 975 2865 quos
1004 2793 1129 2866 ipse
1159 2798 1400 2850 sanctus
1429 2794 1590 2850 locus
1620 2813 1723 2868 per
1756 2800 2022 2870 prmcepti

373 2884 635 2958 possidet
655 2883 930 2956 paginam
945 2887 1205 2955 tempore
1227 2885 1614 2940 antecessoris
1640 2885 1822 2941 nostri
1847 2885 2021 2942 Liud-

375 2975 586 3048 prandi
619 2972 772 3046 regis
804 2973 860 3026 in
890 2971 1037 3028 valle
1058 2989 1186 3044 quae
1217 2972 1434 3028 dicitur
1461 2974 1783 3042 Anteiamo,
1818 2975 1902 3031 vel
1925 2993 2022 3032 eos

376 3063 477 3136 qui
508 3067 650 3118 sunt
681 3062 740 3116 in
772 3061 1068 3130 Besozolo,
1093 3079 1226 3116 cum
1263 3061 1400 3117 filiis
1433 3062 1802 3134 liliabusque,
1840 3082 2022 3137 agna-

2156 491 2370 547 tionem
2406 489 2793 546 antccessoris
2823 490 3006 544 nostri
3040 489 3395 562 Liudprandi
3425 487 3604 561 regis,
3639 486 3804 543 liceat

2153 581 2413 634 coenobio
2445 579 2517 635 de
2550 578 2783 651 propria
2800 578 3251 651 congregatione
3269 578 3542 634 abbatem
3567 576 3799 649 eligere,

2152 668 2230 722 ita
2253 675 2313 722 ut
2336 685 2511 740 super
2530 685 2628 723 eos
2650 666 2812 723 nulla
2825 683 3086 739 unquam
3109 666 3520 722 introducatur
3535 683 3800 739 persona.

2151 757 2479 812 Statuimus
2528 757 2706 812 etiam
2748 761 2814 812 ut
2865 755 3062 811 nullus
3108 755 3449 828 reipublicae
3515 755 3800 822 minister,

2151 863 2368 917 necque
2401 845 2618 918 aliquis
2664 863 2732 901 ex
2770 845 3086 916 judiciaria
3132 849 3417 918 potestate
3477 845 3538 898 in
3579 844 3801 898 cunctis

2148 935 2404 1006 praedicti
2442 933 2779 990 monasterii
2814 934 3098 1004 cortibus,
3128 932 3216 988 vel
3256 933 3421 1000 vicis,
3485 932 3704 988 liberos
3742 949 3799 986 ac

2148 1040 2344 1079 servos
2375 1024 2648 1096 deinceps
2665 1023 3009 1094 inquietare,
3031 1027 3132 1077 aut
3148 1023 3220 1078 ad
3242 1021 3527 1094 placitum
3551 1020 3796 1089 trahere,

2146 1118 2249 1166 aut
2276 1113 2334 1166 in
2363 1113 2659 1183 aliquibus
2689 1113 2906 1166 ﬁnibus
2936 1112 3066 1181 ejus
3097 1111 3380 1183 placitum
3429 1115 3649 1176 tenere,
3699 1115 3796 1166 aut

2145 1200 2402 1272 aliquem
2459 1202 2766 1274 pignorare
2827 1199 2909 1256 vel
2967 1199 3267 1255 detrahere
3328 1204 3666 1271 praesumat.
3738 1199 3796 1252 Et

2146 1288 2427 1361 quidquid
2456 1307 2590 1360 pars
2617 1288 2849 1362 publica
2866 1305 3099 1361 sperare
3122 1287 3356 1361 poterit,
3383 1288 3572 1343 eidem
3593 1304 3788 1342 mona-

2145 1379 2322 1432 sterio
2355 1385 2555 1432 sancto
2591 1379 2916 1432 secundum
2949 1376 3385 1433 concessionem
3417 1379 3472 1430 et
3489 1377 3782 1431 conﬁrma-

2143 1467 2360 1521 tionem
2416 1467 2774 1537 Liudprandi
2823 1467 2997 1538 regis,
3052 1466 3418 1537 aliorumque
3465 1482 3675 1538 regum
3717 1465 3787 1520 vel

2143 1555 2581 1626 imperatorum,
2617 1555 2862 1610 solemni
2885 1559 3242 1627 etperpetua
3263 1553 3583 1609 stabilitate
3609 1554 3790 1609 firma-

2140 1660 2292 1697 mus.
2332 1645 2400 1698 Et
2429 1645 2906 1715 quandocunque
2943 1643 3275 1699 necessitas
3309 1642 3602 1710 imminet,
3640 1660 3795 1699 naves

2141 1732 2327 1802 ipsius
2358 1733 2695 1788 monasterii
2729 1749 2832 1804 per
2870 1732 3058 1787 Ticini
3089 1736 3147 1788 et
3178 1731 3317 1788 Padi
3341 1736 3576 1804 portum
3602 1749 3794 1803 quam-

2139 1837 2250 1892 que
2283 1837 2383 1892 per
2413 1820 2724 1892 quodlibet
2754 1819 2912 1876 aliud
2929 1821 3263 1876 discurrant
3285 1821 3508 1892 absque
3537 1821 3783 1893 alicujus

2136 1908 2580 1981 impedimento,
2617 1909 2704 1963 vel
2737 1907 2947 1964 telonei
2978 1909 3292 1965 exactione.
3319 1910 3664 1966 Secundum
3683 1911 3790 1966 haec

2137 1997 2313 2052 etiam
2349 1997 2566 2068 regalia
2593 1997 2847 2068 scriptas
2881 1997 3216 2064 sancimus,
3234 2002 3290 2053 et
3310 1998 3502 2054 modis
3524 1999 3791 2054 omnibus

2137 2086 2464 2140 interdicim
2476 2104 2542 2140 us
2556 2104 2622 2140 cu
2635 2085 2782 2140 nctis
2799 2086 3116 2142 subnostra
3130 2091 3416 2158 potestate
3430 2088 3792 2160 degentibus.

2139 2179 2202 2228 ut
2219 2174 2438 2229 nullam
2457 2180 2804 2246 potestatem
2819 2175 2909 2231 dei
2918 2191 3064 2248 ncep
3081 2193 3109 2231 s
3123 2177 3495 2231 exerceantin
3511 2177 3796 2248 praedictis

2135 2263 2278 2318 locis
2311 2265 2382 2318 ad
2417 2267 2674 2318 nostram
2703 2264 3028 2319 mercedem
3055 2263 3378 2320 monachis
3395 2264 3793 2338 delegatis,vel

2137 2353 2406 2408 abbatem
2438 2353 2498 2406 in
2520 2352 2716 2424 aliquo
2739 2353 3107 2421 conturbent,
3135 2353 3234 2409 sed
3260 2352 3563 2426 liceatipsi
3593 2354 3789 2409 abbati

2136 2440 2377 2512 suisque
2411 2442 2851 2496 successoribus
2881 2442 2990 2496 sub
3023 2441 3226 2514 regula
3258 2442 3446 2496 sancti
3494 2443 3784 2499 Benedicti

2135 2531 2364 2602 degere,
2395 2536 2446 2584 et
2482 2529 2741 2602 quotidie
2772 2536 2879 2586 Deo
2913 2530 3115 2586 laudes
3164 2548 3268 2603 pro
3311 2531 3523 2587 anima:
3574 2538 3780 2589 nostra:

2135 2620 2410 2689 remedio,
2427 2620 2704 2691 regnique
2719 2620 2904 2674 nostri
2917 2623 3072 2674 statu
3087 2619 3228 2675 inibi
3245 2620 3472 2690 offerre,
3485 2624 3786 2677 etomnem

2135 2709 2642 2780 congregationem
2677 2707 2791 2762 sibi
2813 2708 3192 2763 commissam
3217 2708 3474 2765 assiduis
3492 2709 3786 2766 alimentis

2134 2813 2370 2868 pascere
2392 2803 2448 2851 et
2476 2798 2731 2851 enutrirc
2762 2796 3196 2868 pcrpetualiter.
3259 2797 3553 2854 Volumus
3599 2799 3794 2870 etiam,

2135 2885 2440 2957 modisque
2452 2886 2727 2940 omnibus
2746 2885 3180 2953 interdicimus,
3213 2885 3447 2942 utnulla
3464 2892 3787 2960 praepotens

2132 2990 2424 3046 parvaque
2437 2990 2684 3046 persona
2697 2975 3039 3046 praedictum
3053 2975 3382 3030 cmnobium
3402 2977 3782 3048 proprietario

2122 3065 2280 3134 jure,
2318 3066 2418 3118 aut
2449 3061 2770 3118 beneﬁciali
2803 3063 3025 3129 ordine,
3059 3068 3160 3118 aut
3190 3063 3523 3137 praeceptali
3577 3070 3774 3121 aucto-

373 3132 647 3224 tioneque
677 3155 886 3205 cuncta
905 3166 1129 3217 eorum,
1157 3155 1221 3204 ut
1243 3154 1505 3222 tempore
1528 3132 1856 3223 opportuno
1874 3132 2018 3208 inibi
2051 3132 2092 3198 C
2127 3132 2300 3208 ritate
2325 3132 3272 3224 nitaturinvadere.Precipientes
3289 3132 3778 3224 itaquojubemus

371 3241 704 3298 deserviant
734 3239 842 3312 ipsi
872 3243 929 3294 et
951 3238 1167 3310 posteri
1198 3255 1401 3294 eorum
1438 3239 1661 3311 absque
1694 3239 1814 3295 ulla
1835 3245 2013 3297 retra-

369 3329 623 3387 ctatione
655 3326 1098 3399 perpetualiter;
1136 3333 1193 3381 et
1221 3328 1368 3382 vada
1403 3328 1472 3382 ad
1507 3327 1854 3399 piscandum
1887 3347 2014 3402 quae

367 3424 509 3477 sunt
537 3420 598 3472 in
627 3416 849 3482 Ticino,
879 3414 937 3468 in
963 3414 1101 3469 Rivo
1125 3415 1348 3481 Poloni,
1370 3418 1649 3484 Morasca,
1676 3434 1776 3473 seu
1799 3419 2012 3474 vadum

366 3509 522 3582 quod
553 3505 770 3562 dicitur
797 3503 1182 3572 Landemarii,
1218 3508 1474 3572 Costam,
1521 3506 1896 3573 Teveredum,
1957 3512 2014 3563 et

367 3597 526 3652 aliud
557 3595 713 3668 quod
743 3593 956 3648 dicitur
985 3592 1446 3661 Sextemascum,
1494 3612 1626 3649 cum
1675 3594 1771 3649 illo
1820 3594 2012 3650 medio

369 3685 523 3760 quod
542 3685 613 3742 ad
627 3685 836 3756 Sepem
849 3681 1084 3749 dicitur,
1105 3683 1318 3738 etillud
1341 3683 1495 3754 quod
1513 3682 1761 3739 Aunella
1775 3684 2008 3750 dicitur,

368 3793 470 3833 seu
498 3774 672 3831 etiam
704 3770 805 3827 illa
831 3771 981 3826 vada
996 3787 1122 3842 quae
1144 3775 1284 3825 sunt
1303 3769 1362 3824 in
1383 3771 1539 3826 Pado
1560 3771 1834 3827 habentia
1856 3775 2008 3844 prio-

367 3882 490 3921 rem
512 3863 830 3920 terminum
845 3879 879 3915 υ.
898 3859 1022 3914 loco
1038 3859 1136 3930 qui
1161 3859 1498 3913 nominatur
1518 3858 1738 3931 POpuIO
1756 3865 2007 3933 Pagana,

364 3959 421 4012 et
449 3951 836 4027 pertingentia
868 3965 1053 4019 usque
1085 3948 1158 4002 ad
1189 3946 1383 4002 locum
1433 3948 1532 4019 qui
1565 3949 1783 4003 dicitur
1828 3949 2011 4022 Caput

363 4045 486 4111 Asi,
517 4060 586 4098 ex
616 4045 863 4110 utraque
896 4035 1230 4108 partePadi,
1256 4035 1616 4092 cuminsulis
1631 4038 2008 4109 positisjuxta

363 4131 700 4206 praedictam
731 4125 1133 4199 piscationem,
1163 4124 1249 4180 vel
1303 4124 1591 4196 quidquid
1643 4127 1716 4180 ab
1766 4126 2006 4198 antiquo

363 4227 623 4292 tempore
655 4233 758 4289 per
789 4214 1165 4284 antiquorum
1197 4229 1402 4285 regum
1435 4231 1537 4268 seu
1587 4214 2005 4286 imperatorum

360 4307 734 4364 donationem
767 4302 1021 4358 obtinuit
1049 4301 1135 4357 vel
1167 4302 1359 4356 Padus
1380 4302 1613 4368 invasit,
1645 4305 1820 4357 autin
1846 4306 2006 4360 futu-

360 4413 489 4466 rum
515 4393 811 4464 irruperit,
843 4391 1030 4446 eidem
1063 4394 1265 4444 sancto
1295 4389 1419 4444 loco
1440 4391 1859 4448 contraditnus.

2125 3245 2243 3296 tam
2278 3240 2665 3311 praesentibus
2696 3256 2874 3311 quam
2905 3245 2963 3296 et
2985 3240 3222 3306 futuris,
3249 3245 3304 3296 et
3330 3241 3480 3312 parti
3514 3243 3773 3314 praedicti

2124 3329 2392 3394 coenobii,
2427 3345 2556 3400 quae
2589 3345 2768 3400 supra
2797 3347 2830 3384 a
2853 3329 3024 3385 nobis
3054 3345 3337 3385 concessa
3364 3335 3421 3385 et
3441 3331 3778 3386 conﬁrmata

2123 3422 2284 3484 sunt,
2310 3415 2572 3488 quolibet
2593 3421 2850 3488 tempore
2868 3414 3069 3472 nullus
3091 3416 3642 3488 praesumatinferre
3665 3433 3779 3472 Ino-

2121 3504 2350 3561 lestiam
2364 3508 2465 3560 aut
2482 3504 2976 3571 contrarietatem,
2997 3503 3098 3559 sed
3118 3503 3229 3559 sub
3249 3503 3408 3558 omni
3425 3502 3776 3576 integritate.

2121 3595 2294 3649 sicuti
2345 3611 2378 3649 a
2411 3593 2580 3648 nobis
2609 3609 2888 3649 concessa
2938 3597 3076 3648 sunt
3124 3593 3196 3647 ad
3248 3591 3563 3648 utilitatem
3598 3591 3781 3666 ipsius

2121 3681 2457 3739 monasterii
2482 3683 2607 3737 sine
2638 3681 2836 3754 aliqua
2866 3681 3323 3737 diminoratione
3375 3686 3778 3752 permaneant.

2117 3774 2174 3827 Si
2207 3774 2337 3844 quis
2369 3771 2547 3844 igitur
2579 3769 2894 3841 aliquando
2926 3769 3216 3825 diabolica
3245 3770 3451 3825 fraude
3501 3771 3782 3843 deceptus

2119 3866 2322 3916 contra
2346 3860 2564 3914 dictam
2583 3859 2990 3914 auctoritatem
3017 3863 3074 3913 et
3094 3859 3524 3931 hanqnostram
3548 3875 3783 3917 conces-

2117 3950 2340 4006 sionem
2371 3953 2430 4004 et
2454 3948 2959 4004 confirmationem
2988 3947 3212 4020 aliquid
3236 3963 3406 4020 agere
3459 3951 3777 4006 tentaverit

2117 4044 2173 4094 et
2194 4039 2321 4110 jam
2356 4038 2576 4092 dictum
2600 4041 2871 4092 sanctum
2903 4035 3093 4092 locum
3141 4053 3208 4091 ex
3247 4035 3542 4108 praedictis
3573 4039 3778 4106 rebus,

2117 4127 2357 4199 fatigare
2388 4131 2632 4182 conatus
2663 4124 2858 4192 fuerit,
2887 4125 3034 4180 sciat
3065 4124 3608 4197 secompositurum
3651 4127 3780 4182 auri

2115 4216 2246 4288 puri
2280 4213 2459 4270 libras
2515 4211 2694 4280 mille,
2749 4214 3119 4269 medietatem
3167 4230 3410 4269 camerae
3458 4218 3681 4270 nostra:
3727 4221 3780 4271 et

2116 4304 2484 4359 medietatem
2519 4301 2778 4375 pradicti
2838 4303 3174 4358 monasterii
3233 4301 3320 4358 vel
3379 4303 3510 4374 ejus
3551 4303 3775 4360 abbati.

2113 4393 2276 4459 Quod
2308 4391 2576 4447 utverius
2591 4391 2879 4456 credatur,
2899 4390 3360 4464 diligentiusque
3381 4391 3454 4446 ab
3493 4393 3778 4449 omnibus

427 4483 715 4540 Volumus
745 4480 922 4536 etiam
944 4483 1001 4534 et
1016 4477 1414 4548 concedimus,
1442 4483 1504 4534 ut
1522 4479 1856 4536 molendina
1877 4500 2004 4555 qum
2035 4495 2081 4559 D
2114 4483 2498 4546 custodiatur,
2529 4496 2708 4536 manu
2738 4480 2974 4551 propria
2993 4480 3365 4547 roborantes,
3390 4479 3570 4552 sigilli
3589 4483 3778 4538 nostri

355 4579 413 4633 in
441 4575 742 4637 Caterona,
779 4568 955 4626 seuin
975 4566 1274 4638 aliquibus
1298 4568 1642 4625 ﬂuminibus
1661 4571 1999 4642 praedictum

354 4661 777 4724 monasterium
809 4657 1090 4732 possidet,
1119 4655 1328 4712 habeat
1348 4661 1466 4713 tam
1499 4659 1679 4714 abbas
1707 4677 2001 4732 quamque

356 4762 411 4813 et
439 4750 709 4811 monachi
753 4750 1100 4821 potestatem
1150 4745 1377 4800 levandi
1423 4753 1600 4818 atque
1643 4748 1994 4820 deponendi,

355 4857 662 4918 quousque
694 4838 782 4895 vel
813 4853 1047 4909 quoquo
1079 4835 1251 4890 modo
1283 4851 1485 4890 eorum
1535 4836 1853 4892 decreverit
1899 4855 1996 4893 vo-

355 4935 572 5001 luntas,
606 4935 664 4987 et
693 4927 1075 5000 aquaeductus
1105 4923 1206 4994 qui
1237 4925 1436 4996 Bauga
1465 4924 1523 4978 Li
1535 4925 1821 4996 udprandi
1851 4926 1998 4982 dice-

354 5024 547 5090 batur,
577 5021 635 5075 in
659 5033 860 5075 eorum
893 5015 970 5071 sit
1000 5017 1288 5084 potestate
1311 5013 1381 5066 ad
1417 5013 1741 5085 irrigandos
1799 5014 1997 5070 hortos

353 5111 542 5184 ipsius
571 5102 1178 5168 monasterii.Sintque
1206 5117 1409 5155 omnes
1433 5117 1522 5155 res
1554 5102 1741 5172 ipsius
1759 5119 1994 5158 monas-

352 5199 537 5270 sterii,
571 5198 752 5252 abbas
773 5209 1006 5266 quoque
1022 5196 1079 5246 et
1100 5188 1390 5253 monachi,
1417 5189 1798 5262 hominesque
1839 5191 1998 5248 libel-

349 5286 480 5342 larii
497 5292 555 5341 et
571 5286 716 5340 servi
739 5285 849 5340 sub
873 5285 1070 5337 nostra
1094 5277 1380 5350 imperiali
1403 5278 1736 5335 defensione
1758 5282 1996 5338 munitae

350 5379 526 5445 atque
543 5374 813 5428 defensaz.
842 5373 908 5427 Et
929 5370 978 5426 si
1002 5367 1319 5424 necessitas
1340 5367 1514 5421 fuerit
1530 5367 1600 5422 de
1621 5368 1792 5425 rebus
1810 5370 1996 5443 ipsius

351 5460 688 5516 monasterii
709 5478 812 5532 per
833 5458 1272 5530 inquisitionem
1292 5455 1748 5529 circumquaque
1762 5476 1996 5517 manen-

349 5541 500 5614 tium
515 5549 734 5605 bonoru
745 5565 812 5624 m.
826 5547 1154 5620 hominum,
1179 5545 1333 5602 sicut
1353 5545 1424 5600 de
1445 5544 1993 5623 nostrisimperiali-

2111 4571 2493 4642 impressione
2527 4569 2769 4624 inferius
2794 4568 3091 4640 jussimus
3121 4568 3426 4640 insigniri.

2183 4662 2414 4730 Signum
2443 4659 2654 4714 domini
2685 4658 3009 4714 Chuonradi
3028 4660 3396 4715 Romanorum
3417 4660 3777 4716 invictissimi

2107 4749 2451 4822 imperatoris
2479 4747 2728 4816 Augusti.

2825 4835 3024 4892 XXIII.

2179 4927 2248 4980 Ch
2259 4924 2490 4980 uonradi
2501 4925 2526 4979 I
2540 4925 2673 4995 imp.
2689 4926 3047 4996 privilegium
3063 4941 3163 4996 pro
3181 4927 3426 4981 Ecclesia
3458 4926 3768 4983 Bremensi.

2596 5015 2782 5085 (Anno
2817 5015 2975 5082 1035,
3007 5013 3130 5068 Oct.
3170 5015 3279 5082 16.)

2104 5106 2520 5177 [LAPPENBERG,
2555 5101 2988 5172 Hamburgische
3035 5102 3488 5169 Urkundenbuch,
3543 5121 3604 5176 p.
3654 5105 3768 5173 69.]

2175 5194 2237 5247 In
2272 5191 2507 5247 nomine
2540 5194 2752 5244 sancta:
2775 5195 2832 5245 et
2851 5189 3162 5246 individua:
3181 5190 3510 5262 Trinitatis,
3535 5192 3770 5248 Cnuox-

2109 5279 2530 5346 nanus,divina
2551 5279 2775 5334 favente
2803 5278 3132 5349 clementia,
3163 5280 3563 5336 Romanorum
3582 5281 3768 5354 impe-

2106 5375 2263 5426 rator
2291 5372 2616 5440 Augustus.

2176 5459 2462 5514 Omnibus
2473 5457 2656 5512 divini
2676 5457 2972 5529 nostrique
2986 5457 3242 5514 nominis
3255 5459 3767 5515 amatoribustam

2106 5548 2322 5607 futuris
2340 5561 2518 5625 quam
2537 5546 2923 5622 praesentibus
2944 5547 3322 5622 perspicuum
3336 5562 3467 5605 esse
3480 5547 3770 5626 cupimus
