3968 6126
111 279 277 381 ioca

1407 278 1939 350 CHUONRADUS
1981 282 2036 346 Il
2080 278 2245 349 IMP.

3369 286 3560 385 1070.

104 413 363 485 qualiter
399 425 505 469 nos
549 412 620 469 ob
670 409 911 469 minime
963 413 1366 487 denegandam
1423 416 1762 488 petitionem
1796 419 1852 486 Α
1880 418 2272 473 Concedentes
2304 416 2482 490 igitur
2513 415 2930 474 conﬁrmamus
2956 417 3274 476 Mantuano
3304 419 3529 493 episeo-

102 500 499 559 dilectissimae
556 503 825 575 conjugis
871 507 1082 559 nostrae
1127 503 1321 571 Gislae,
1380 504 1766 577 imperatricis

98 593 398 665 Augustae,
432 608 535 648 nec
559 608 674 648 non
697 593 769 649 ob
793 592 1106 649 amabilem
1133 593 1523 649 interventum
1546 594 1765 649 charis-

97 680 264 736 sima:
285 679 467 753 prolis
495 685 728 749 nostrae,
756 681 1010 738 Heinrici
1034 682 1210 755 regis,
1235 682 1525 749 Beeelino,
1550 688 1764 738 sancta

98 769 434 826 Bremensis
491 768 758 826 Ecclesia:
816 771 1133 827 venerabili
1195 771 1480 844 nobisque
1528 771 1765 827 amabili

98 857 560 931 archiepiscOpo,
598 861 923 915 mercatum
954 860 1014 914 in
1066 860 1268 915 eodem
1301 858 1426 915 loco
1456 876 1589 915 cum
1620 858 1765 915 telo-

98 964 232 1016 neo,
254 947 737 1015 nomismatibus,
759 965 865 1004 nec
882 965 999 1004 non
1021 948 1296 1004 omnibus
1315 948 1671 1004 utilitatibus
1692 948 1763 1004 ad

98 1042 426 1093 mercatum
482 1036 930 1110 pertinentibus,
980 1037 1193 1094 habere
1235 1038 1654 1094 concessimus.
1690 1039 1767 1094 Ea

97 1125 372 1182 videlicet
399 1124 525 1198 lege
557 1130 620 1180 ut
648 1125 739 1181 bis
768 1126 827 1181 in
862 1144 1013 1182 anno
1045 1144 1251 1183 omnes
1282 1126 1383 1199 qui
1415 1127 1555 1182 illuc
1589 1144 1768 1183 causa

101 1215 406 1270 mercandi
436 1214 694 1282 veniant,
727 1232 844 1269 una
873 1216 995 1271 vice
1024 1220 1247 1289 septem
1270 1217 1394 1272 dies
1416 1219 1550 1272 ante
1573 1217 1771 1279 Pente.

98 1309 323 1372 costen,
348 1304 602 1360 secunda
622 1303 743 1359 vice
766 1303 1036 1360 similiter
1056 1310 1277 1379 septem
1305 1306 1429 1362 dies
1450 1310 1585 1361 ante
1606 1306 1765 1361 festi-

96 1393 336 1450 vitatem
352 1393 536 1449 sancti
554 1393 863 1449 Willehadi
886 1394 1103 1450 ibidem
1122 1393 1501 1467 corporaliter
1514 1394 1767 1466 requies.

97 1483 307 1551 centis,
341 1482 655 1539 annualem
687 1488 1011 1539 mercatum
1043 1483 1160 1540 illic
1189 1484 1462 1539 habeant.
1498 1489 1766 1539 Bannum

96 1577 298 1629 autem
333 1578 600 1628 nostrum
635 1589 812 1644 super
843 1589 1050 1628 omnes
1072 1572 1179 1628 hos
1202 1573 1341 1628 illuc
1362 1573 1678 1638 venientes,
1705 1576 1769 1628 ut

96 1660 218 1716 illic
251 1662 444 1717 eundo
484 1667 541 1717 et
586 1661 881 1717 redeundo
932 1662 1188 1717 habeant
1238 1678 1461 1734 pacem,
1496 1661 1763 1726 facimus,

92 1750 492 1822 eumdemque
539 1750 800 1806 bannum
847 1755 1117 1806 nostrum
1167 1750 1438 1822 praedicto
1468 1748 1760 1822 archiepi-

94 1856 297 1911 scopo,
331 1839 403 1895 ob
435 1856 609 1894 suum
646 1837 814 1894 fidele
853 1839 1181 1907 servitium,
1216 1856 1284 1894 ea
1314 1839 1535 1894 ratione
1560 1855 1764 1894 conce-

94 1929 299 1985 dimus
330 1933 394 1984 ut
423 1928 471 1984 si
504 1929 560 1983 in
594 1928 703 1983 hoc
734 1931 952 1983 statuto
986 1932 1254 2000 tempore
1282 1927 1510 1982 exilluc
1539 1927 1769 1984 venien-

94 2018 260 2073 tibus
317 2016 517 2089 aliqua
574 2016 877 2072 temeritas
937 2016 1219 2086 evenerit,
1280 2016 1413 2071 inde
1472 2014 1766 2087 justitiam

92 2106 374 2174 faciendi,
408 2122 596 2178 neque
629 2105 767 2172 dux,
821 2121 1009 2176 neque
1064 2122 1281 2175 comes,
1334 2122 1522 2176 neque
1553 2103 1766 2176 aliquis

93 2194 435 2265 hominum,
464 2197 670 2266 praeter
700 2194 895 2265 ipsum
927 2199 982 2248 et
1013 2210 1152 2249 suos
1184 2210 1573 2261 successores,
1596 2192 1765 2248 licen-

90 2285 243 2341 tiam
275 2283 549 2340 habeant.
582 2283 653 2338 Et
702 2290 762 2338 ut
807 2282 930 2337 hac
970 2286 1171 2337 nostra
1208 2281 1505 2339 concessio
1535 2281 1766 2337 stabilis

91 2378 149 2429 et
180 2371 527 2428 inconvulsa
572 2372 732 2428 omni
764 2376 1106 2443 permaneat
1134 2388 1271 2439 azvo,
1305 2370 1456 2426 hanc
1489 2371 1763 2443 paginam

92 2462 235 2518 inde
285 2461 576 2517 conscribi
626 2476 871 2532 eamque
919 2459 1098 2531 sigilli
1144 2459 1330 2514 nostri
1377 2458 1763 2532 impressione

94 2549 486 2624 praecepimus
512 2548 800 2622 insigniri.
926 2620 929 2625 η

165 2641 404 2711 Signum
432 2639 621 2695 domui
652 2638 983 2704 Chuonradi,
1020 2640 1386 2695 Romanorum
1426 2638 1769 2709 imperatoris

93 2730 477 2801 invictissimi.
523 2728 626 2800 (S).

172 2816 553 2873 Burchardus
584 2816 971 2873 cancellarius
1017 2816 1138 2871 vice
1170 2815 1478 2871 Barthonis
1508 2814 1768 2870 archica-

93 2905 318 2980 pellani
351 2906 698 2978 recognovit.

167 2996 318 3052 Data
354 3012 471 3050 xvu
524 2993 811 3050 Kalendas
861 2994 1226 3063 Novembris,
1258 3011 1411 3050 anno
1456 2992 1767 3048 Dominicaa

94 3083 1033 3151 Inearnationis1035,indictione
1052 3100 1133 3149 ιιι,
1156 3100 1308 3138 anno
1327 3087 1524 3138 autem
1541 3080 1765 3137 domini

93 3173 435 3230 Chuonradi
468 3173 518 3228 ll
549 3172 711 3245 regni
743 3190 820 3239 χι,
856 3171 1084 3244 imperii
1118 3189 1250 3228 vero
1283 3189 1358 3226 Ix.

166 3266 379 3320 Actum
410 3261 834 3334 Magedeburch
846 3302 860 3317 .

91 3460 450 3530 Conﬁrmatio
479 3458 727 3530 omnium
745 3457 1064 3530 jurium_ac
1083 3456 1530 3530 privilegiorum
1558 3458 1706 3524 [acta
1735 3472 1770 3509 a

276 3528 598 3586 Chuonrado
623 3526 951 3600 imperatore
972 3526 1225 3581 Ecclesia
1247 3527 1584 3582 Mantuanae.

739 3616 923 3688 (Anno
958 3615 1143 3687 1037.)

459 3707 814 3778 [ΜυιιΑτοΒι,
832 3706 1014 3776 Anliq.
1037 3704 1186 3770 Ital.,
1210 3703 1414 3775 1,611.]

172 3799 236 3853 In
259 3795 495 3852 nomine
526 3800 739 3852 sancta
769 3799 828 3850 et
856 3793 1169 3849 individuae
1191 3792 1518 3861 Trinitatis,
1544 3792 1775 3867 CHUON_

97 3901 316 3951 nanus,
350 3885 550 3941 divina
570 3884 796 3940 favente
822 3882 1151 3951 clementia,
1176 3883 1571 3938 Romanorum
1594 3882 1770 3954 impe.

100 3978 268 4030 rator
297 3975 621 4046 Augustus.

175 4061 239 4117 Si
275 4061 332 4116 in
364 4062 608 4117 sacratis
633 4060 1019 4133 omnipotenti
1051 4060 1166 4117 Deo
1193 4049 1393 4117 1οοὶεέ
1414 4060 1777 4132 quibuslibet

98 4150 386 4208 desolatis
417 4153 803 4221 augmentum
835 4148 1294 4220 recuperationis
1315 4148 1411 4221 pio
1435 4148 1626 4205 favore
1658 4148 1773 4204 lar-

98 4238 325 4312 gimur,
357 4236 418 4291 id
450 4236 618 4291 nobis
639 4240 695 4291 et
711 4236 781 4290 ad
810 4235 1038 4306 imperii
1072 4236 1257 4291 nostri
1283 4236 1751 4294 stabilimentum

100 4332 285 4398 atque
317 4324 387 4379 ad
412 4326 637 4378 aeterna:
660 4322 1152 4379 remunerationis
1173 4323 1637 4381 emolumentum
1659 4316 1775 4385 ere:

98 4417 309 4472 dimus
340 4412 564 4483 absque
587 4411 763 4467 dubio
787 4410 1182 4483 profuturum.
1210 4412 1575 4484 Quapropter
1598 4430 1776 4486 agno-

99 4506 235 4560 scat
266 4498 460 4591 omnis
513 4497 1136 4591 Christi_anitas__quod
1194 4499 1389 4553 Bruno
1430 4500 1776 4591 venerabilis
1807 4527 1854 4591 D

100 4588 345 4666 praesul,
375 4592 549 4661 atque
569 4587 855 4645 Cadelous
880 4587 1127 4643 dilectus
1149 4593 1347 4644 noster
1368 4588 1698 4661 episcopus,
1724 4594 1780 4644 et

103 4679 302 4736 fidelis
333 4677 739 4745 cancellarius,
802 4681 1013 4734 nostra
1049 4676 1448 4752 magnitudini
1478 4678 1775 4751 significa-

104 4772 251 4826 runt
278 4768 435 4841 quod
467 4784 571 4841 pro
618 4767 875 4841 peccatis
923 4766 1252 4823 Mantuanae
1301 4766 1459 4823 sedis
1506 4765 1775 4823 Ecclesiae.

102 4873 247 4914 cum
280 4857 583 4928 praeceptis
616 4861 674 4914 et
711 4857 1045 4913 chartarum
1092 4856 1490 4925 ﬁrmitatibus,
1525 4874 1777 4929 quarum

104 4944 534 5016 scriptionibus
565 4962 658 5000 res
709 4950 767 5000 et
799 4944 1052 5001 familias
1080 4945 1191 5001 sibi
1225 4944 1465 5001 collatas
1494 4945 1778 5002 hactenus

106 5032 330 5090 meruit
355 5032 639 5099 obtinere,
673 5034 981 5090 combusta
1004 5033 1290 5101 videatur,
1325 5033 1596 5106 flagitans
1619 5040 1681 5090 ut
1704 5036 1777 5091 ad

106 5121 600 5179 restaurationem
631 5122 742 5177 hoc
762 5126 971 5177 nostrae
995 5121 1394 5177 miserationis
1424 5128 1778 5196 praeceptum
1800 5138 1815 5153 κ

107 5210 336 5268 Hitulfo
367 5208 638 5283 episcopo
660 5211 924 5289 ejusdem
947 5210 1277 5265 Mantuanae
1299 5209 1553 5266 ecclesiae
1584 5228 1782 5272 conce-

109 5302 253 5356 dere
284 5298 684 5371 dignaremur.
717 5299 901 5371 Cujus
945 5299 1217 5371 precibus
1267 5297 1517 5355 libenter
1546 5303 1779 5374 acquie-

110 5391 367 5453 scentes,
388 5393 445 5444 et
469 5389 748 5460 quoniam
780 5388 1025 5461 dignum
1046 5391 1152 5453 est,
1182 5403 1252 5442 ne
1275 5404 1367 5443 res
1389 5388 1779 5448 Ecclesiarum

110 5478 218 5535 Dei
250 5493 287 5533 a
316 5475 680 5548 quibuslibet
730 5476 1157 5548 depraadentur,
1200 5480 1300 5531 aut
1341 5476 1412 5530 ab
1459 5493 1659 5535 earum
1692 5480 1779 5535 di-

109 5563 272 5637 tione
302 5568 507 5627 contra
533 5563 722 5643 legem
755 5564 1094 5625 auferantur
1122 5564 1489 5627 decrevimus
1518 5565 1602 5626 ita
1628 5569 1774 5635 ﬁeri.

1876 506 2037 580 patui
2068 522 2272 562 omnes
2302 523 2397 562 res
2428 523 2573 579 quas
2604 506 2729 564 sine
2758 506 2885 582 lege
2905 507 3250 581 potestative
3275 508 3366 566 vel
3395 525 3532 566 cum

1873 596 2084 652 virtute
2139 595 2397 668 perditas
2451 596 2664 654 habere
2717 597 2969 665 videtur,
3024 615 3127 655 seu
3167 614 3314 671 quas
3343 615 3534 671 usque

1877 684 2050 739 modo
2072 685 2143 739 de
2174 685 2344 739 donis
2368 701 2569 757 regum
2593 702 2696 742 seu
2712 684 3134 757 imperatorum
3152 687 3537 760 praedecesso-

1876 790 2008 828 rum
2033 777 2366 829 nostrorum
2388 773 2616 843 habuit,
2643 773 2912 830 videlicet
2932 775 3355 830 monasterium
3376 774 3534 847 quod

1879 863 2095 918 factum
2127 865 2216 917 est
2244 861 2303 916 in
2335 861 2554 919 honore
2574 867 2913 920 sanctorum
2936 862 3234 931 Memoris,
3254 862 3447 933 Probi,
3479 867 3537 920 et

1877 950 2117 1017 Itufﬁni,
2145 950 2245 1006 ubi
2296 951 2548 1024 Reginzo
2579 951 2930 1009 venerabilis
2959 952 3141 1010 abbas
3169 968 3418 1027 praeesse
3447 950 3535 1008 di-

1875 1040 2197 1112 gnoscitur,
2221 1057 2355 1095 cum
2383 1040 2658 1096 omnibus
2680 1040 3047 1111 adjacentiis,
3075 1057 3206 1097 cum
3233 1058 3388 1115 aqua
3407 1057 3536 1114 quae

1876 1128 2091 1184 dicitur
2119 1127 2483 1197 Mulenellos,
2515 1146 2650 1184 cum
2674 1128 2798 1185 suis
2819 1128 3166 1187 decursibus
3189 1130 3260 1187 de
3284 1128 3409 1187 loco
3435 1127 3536 1186 illo

1878 1219 2032 1273 unde
2064 1235 2216 1291 aqua
2247 1217 2530 1290 originem
2563 1217 2764 1285 sumit,
2795 1217 2993 1291 ipsum
3016 1218 3234 1275 fontem
3264 1233 3454 1291 usque
3475 1216 3536 1273 in

1882 1306 2079 1362 Mincii
2133 1323 2367 1362 amnem
2399 1321 2469 1361 ex
2496 1310 2745 1379 utraque
2792 1305 2990 1361 lectuli
3031 1311 3198 1379 parte
3226 1304 3537 1362 duodecim

1875 1396 2072 1468 pedes,
2098 1395 2250 1450 sicut
2275 1395 2698 1451 monasterium
2721 1410 2953 1467 semper
2978 1394 3186 1465 tenuit,
3204 1411 3339 1451 eum
3356 1391 3540 1453 omni.

1876 1484 1989 1540 bus
2019 1484 2386 1556 pertinentiis
2417 1485 2682 1557 ejusdem
2711 1484 3078 1541 monasterii:
3113 1501 3248 1540 cum
3268 1482 3535 1540 curtibus

1875 1573 2052 1628 etiam
2072 1571 2132 1628 in
2155 1573 2497 1641 Veronensi,
2521 1574 2845 1644 Vicentino,
2880 1574 3218 1641 Mantuano,
3241 1572 3535 1640 Brixiano,

1876 1660 2232 1729 Placentino,
2266 1661 2607 1733 Mutinensi,
2636 1666 2812 1735 atque
2841 1662 3217 1718 Cremonensi
3248 1660 3536 1718 comitati-

1877 1751 1987 1807 bus
2018 1749 2169 1819 sitis,
2194 1766 2321 1822 quze
2344 1750 2426 1806 ita
2446 1749 2849 1817 nominantur,
2875 1748 3176 1823 Bagniolo,
3199 1749 3456 1818 Colonia,
3480 1753 3540 1805 et

1876 1840 1935 1893 in
1967 1838 2212 1894 circuitu
2244 1838 2527 1905 fluminis,
2552 1839 2707 1912 quod
2732 1839 3072 1895 nominatur
3091 1839 3277 1912 Caput
3302 1836 3541 1912 Alponis

1876 1926 2141 1995 Puliana,
2173 1927 2398 1997 Alonte,
2424 1927 2667 2000 Lonigo,
2689 1931 2863 2000 atque
2893 1927 3163 1996 Sablone,
3192 1943 3294 1983 seu
3316 1926 3377 1983 in
3397 1926 3540 1984 Gar-

1876 2016 2104 2073 dinensi
2121 2015 2458 2087 judiciaria,
2487 2033 2621 2072 cum
2644 2017 2827 2073 servis
2853 2022 2910 2073 et
2929 2015 3179 2087 ancillis,
3203 2020 3379 2089 atque
3403 2031 3541 2073 cum

1876 2106 2152 2162 omnibus
2182 2105 2398 2161 ibidem
2449 2104 2916 2178 pertinentibus;
2948 2110 3005 2161 et
3033 2122 3240 2163 omnes
3269 2104 3416 2163 alias
3446 2120 3541 2161 res

1874 2195 2139 2267 ejusdem
2172 2193 2591 2263 monasterioli,
2627 2211 2756 2267 qua:
2788 2199 2929 2250 sunt
2955 2194 3016 2250 in
3046 2193 3339 2267 praedictis
3357 2194 3539 2251 comi-

1873 2283 2119 2352 tatibus,
2151 2282 2241 2338 vel
2264 2282 2415 2337 infra
2434 2286 2702 2338 nostrum
2725 2282 2997 2339 Italicum
3019 2299 3288 2356 regnum,
3312 2299 3416 2340 seu
3437 2298 3542 2338 cae.

1873 2377 2133 2428 terorum
2163 2370 2472 2427 hominum
2502 2370 3001 2440 concessionibus,
3036 2376 3145 2427 etc.
3177 2372 3260 2444 (ut
3288 2374 3349 2429 in
3370 2370 3541 2444 diplo-

1877 2469 2022 2516 ma/e
2049 2461 2274 2516 Henrici
2302 2460 2377 2515 III
2400 2476 2503 2531 pro
2560 2459 2748 2516 eadem
2802 2461 3048 2528 ecclesia,
3100 2460 3172 2516 ad
3229 2478 3322 2517 an.
3376 2460 3536 2527 1045,

1879 2550 2072 2621 infra).
2107 2548 2494 2605 Concedimus
2544 2553 2740 2605 autem
2780 2547 2969 2604 eidem
3019 2548 3237 2605 Hitulfo
3266 2548 3540 2622 episcopo

1880 2638 2189 2694 advocatos
2221 2653 2603 2710 quoscunque
2631 2636 2869 2710 elegerit
2886 2641 3008 2694 tam
3028 2638 3098 2693 de
3119 2636 3245 2694 suis
3267 2652 3445 2710 quam
3466 2637 3538 2692 de

1879 2726 2086 2783 alienis
2118 2726 2318 2782 liberis
2349 2725 2711 2813 hominibus,
2736 2727 2837 2799 qui
2858 2726 3123 2799 ejusdem
3146 2742 3344 2783 rerum
3374 2725 3535 2782 utili-

1876 2820 2025 2872 tates
2055 2816 2313 2889 episcOpi
2344 2820 2683 2884 exerceant;
2716 2816 2798 2871 ita
2827 2821 2892 2872 ut
2919 2816 2992 2872 ab
3024 2816 3185 2873 omni
3206 2814 3537 2890 reipublicae

1878 2904 2176 2960 funetione
2197 2905 2317 2960 sint
2336 2904 2587 2960 absoluti
2606 2923 2624 2959 :
2642 2904 2722 2959 nil
2741 2905 2813 2961 ab
2831 2905 2915 2962 eis
2933 2905 3247 2979 quisquam
3263 2903 3539 2978 publicus

1879 2992 2147 3049 minister
2169 2993 2397 3064 exigere
2434 2997 2773 3064 praesumat,
2806 2996 2871 3047 ut
2899 2992 3164 3048 securius
3195 3007 3262 3047 ac
3289 2991 3538 3064 diligen-

1878 3082 1998 3137 tius
2029 3098 2237 3136 causas
2268 3080 2457 3153 ipsius
2510 3078 2777 3135 Ecclesiae
2828 3081 3104 3153 perﬁcere
3134 3078 3384 3153 possint,
3416 3079 3536 3135 sive

1792 3159 1835 3226 C
1876 3187 1979 3243 per
2008 3186 2292 3242 pugnam,
2327 3169 2448 3225 sive
2480 3186 2581 3241 per
2617 3167 2804 3241 legale
2844 3168 3160 3240 judicium.
3193 3166 3537 3225 Stabilimus

1873 3259 2051 3314 etiam
2085 3262 2150 3313 ut
2181 3259 2251 3313 de
2283 3257 2565 3313 omnibus
2589 3257 2764 3313 rebus
2787 3262 2844 3312 et
2866 3257 3100 3330 praediis
3120 3256 3309 3330 ipsius
3338 3256 3539 3313 Eccle-

1875 3348 1994 3414 siae,
2026 3347 2179 3401 sicut
2208 3346 2278 3402 de
2309 3346 2526 3402 nostris
2556 3345 2928 3419 domnicatis,
2959 3362 3064 3419 per
3093 3345 3315 3402 vicinos
3342 3345 3539 3419 inqui-

1875 3436 2009 3491 sitio
2042 3436 2161 3503 ﬁat,
2196 3439 2333 3507 ete.,
2364 3439 2423 3490 ut
2454 3437 2516 3491 in
2535 3435 2849 3507 supradicto
2867 3427 3179 3509 diplomate.

1946 3525 2190 3597 Signum
2221 3523 2443 3581 domini
2475 3523 2808 3581 Chuonradi
2839 3523 3217 3582 invictissimi
3248 3508 3538 3583 Romano-

1878 3631 2011 3670 rum
2042 3613 2410 3687 imperatoris
2438 3614 2711 3687 Augusti.

1950 3703 2280 3759 Chadelous
2310 3702 2693 3760 cancellarius
2714 3703 2836 3761 vice
2866 3703 3206 3762 Herimanni
3235 3705 3540 3764 archican-

1879 3791 2097 3849 cellarii
2127 3793 2453 3865 recognovi.

1952 3882 2081 3937 Dat.
2118 3881 2303 3953 pridie
2333 3882 2620 3938 Kalendas
2646 3882 2884 3955 Aprilis,
2918 3900 3071 3938 anno
3103 3883 3414 3940 Dominicaa
3446 3884 3540 3941 In-

1883 3970 2237 4026 carnationis
2268 3972 2425 4039 1037,
2460 3970 2777 4027 indictione
2803 3989 2863 4040 v,
2895 3988 3047 4027 anno
3088 3975 3285 4030 autem
3317 3971 3542 4029 domini

1882 4058 2218 4116 Chuonradi
2251 4060 2302 4114 Il
2333 4058 2495 4132 regni
2525 4076 2647 4126 xm,
2680 4058 2912 4132 imperii
2942 4077 2997 4115 x.

1953 4152 2161 4205 Actum
2192 4148 2252 4203 in
2284 4147 2578 4204 Canedulo
2612 4149 2785 4219 juxta
2832 4147 3052 4206 ﬂumen
3100 4149 3239 4207 Padi
3273 4148 3540 4208 feliciter.

1883 4241 2090 4295 Amen.

2631 4346 2793 4403 XXV.

1889 4412 2200 4512 Chuonradi
2228 4439 2256 4492 Ι
2292 4437 2640 4512 imperatoris
2691 4437 2953 4510 diploma,
3004 4454 3109 4512 quo
3154 4441 3548 4497 monasterium

1961 4508 2523 4585 Z'aruisin.um_Sancti
2553 4508 2833 4585 Theoaesti
2857 4508 3125 4585 martyris
3152 4513 3252 4569 sub
3281 4529 3385 4569 sua
3409 4527 3547 4585 pro-

1958 4581 2187 4634 lectione
2216 4582 2427 4650 recipit,
2459 4580 2680 4651 ejusque
2698 4582 2835 4653 jura
2862 4580 3171 4654 conﬁrmat.

2509 4670 2698 4737 (Anno
2730 4671 2914 4742 1037.)

2221 4754 2579 4825 [MURATORI,
2608 4756 2788 4829 Antiq.
2821 4761 2947 4815 Ital.
2975 4761 3046 4831 II,
3078 4761 3227 4832 877.]

1959 4860 2023 4916 In
2054 4860 2292 4916 nomine
2322 4865 2536 4917 sancta
2559 4867 2614 4917 et
2634 4863 2949 4921 individua;
2971 4865 3303 4935 Trinitatis,
3325 4868 3552 4922 Canos-

1887 4966 2096 5015 nanus,
2131 4948 2329 5005 divina
2352 4949 2578 5006 favente
2600 4949 2930 5022 clementia,
2953 4954 3350 5010 Romanorum
3371 4951 3552 5025 impe.

1886 5043 2046 5095 rator
2073 5040 2398 5111 Augustus.

1957 5126 2251 5200 Quidquid
2286 5126 2444 5183 enim
2470 5128 2815 5200 temporalis
2838 5130 3133 5188 commodi
3156 5130 3228 5188 ob
3255 5128 3435 5186 divini
3458 5146 3557 5190 no.

1889 5217 2069 5273 minis
2100 5233 2361 5273 amorem
2393 5214 2537 5272 locis
2567 5216 2765 5273 divino
2786 5216 2971 5275 cultui
2992 5218 3341 5292 mancipatis
3363 5220 3555 5277 confe-

1889 5305 2099 5377 rimus,
2132 5305 2242 5362 hoc
2273 5304 2444 5361 nobis
2478 5304 2679 5377 procul
2711 5306 2889 5363 dubio
2921 5308 2994 5363 ad
3035 5313 3326 5381 perpetuis
3357 5325 3559 5366 remu-

1890 5395 2213 5451 nerationis
2245 5393 2408 5450 lucra
2438 5396 2797 5467 capessenda
2819 5396 3098 5468 prodesse
3121 5396 3358 5455 omnino
3380 5398 3559 5455 conﬂ-

1890 5483 2108 5539 dimus.
2136 5482 2349 5539 Idcirco
2370 5482 2635 5539 omnium
2660 5489 2876 5541 sanctis
2898 5485 2999 5542 Dei
3022 5485 3313 5559 Ecclesiae,
3329 5491 3560 5550 nostro-
3604 5518 3619 5531 -

1889 5589 2141 5650 rumque
2161 5571 2447 5644 ﬁdelium,
2468 5574 2849 5648 praesentium
2870 5575 3095 5637 scilicet
3108 5593 3174 5640 ac
3199 5577 3559 5656 futurorum,
