3968 6126
418 310 573 373 {071

1775 306 2093 413 MONUM.
2134 302 2466 376 'DIPLOM.

3670 300 3847 376 1072

407 442 631 501 noverit
661 442 985 502 industria:
1019 462 1135 519 qua
1158 448 1356 501 nostra
1384 440 1765 499 dilectissima
1785 442 2059 516 conjuga-
2088 445 2141 511 Α
2172 448 2228 500 et
2248 444 2632 501 utilissimum
2655 444 2963 514 famulum,
2987 449 3044 502 et
3064 460 3239 519 quem
3265 460 3373 502 nos
3393 459 3530 501 cum
3552 441 3849 501 omnibus

406 532 481 590 lis
512 531 672 590 Gisla
700 537 960 590 nostram
991 533 1299 607 deprecata
1327 535 1416 588 est
1446 529 1838 600 serenitatem,
1874 536 1940 588 ut
1959 548 2064 588 nos

407 622 481 701 ob
512 620 770 678 amorem
798 622 901 678 Dei
933 626 989 678 et
1016 624 1197 678 beatae
1225 620 1484 693 Virginis
1514 620 1729 688 Mariae,
1762 620 2065 693 sanctique

405 710 620 769 Christi
677 711 1026 767 confessoris
1068 710 1336 779 Zenonis,
1394 710 1724 783 pariterque
1766 710 2066 766 Michaelis

404 797 658 869 abbatis,
691 802 865 872 atque
897 799 1321 856 monachorum
1354 800 1411 854 in
1444 800 1710 872 ejusdem
1734 798 1930 854 Sancti
1960 799 2063 854 Ze-

404 889 576 947 nonis
598 888 856 945 ozenobio
874 888 989 944 Deo
1010 889 1411 956 servientium,
1432 886 1913 943 monasteriolum
1934 904 2065 943 san-

403 978 480 1037 eti
511 977 812 1036 Theonisti
844 978 1119 1051 martyris
1135 978 1349 1034 Christi
1370 976 1634 1032 Tarvisio
1659 977 1859 1044 situm,
1887 975 2063 1049 perti-

404 1070 640 1126 nentem
670 1068 744 1123 ad
776 1067 1039 1141 praedicti
1091 1066 1290 1124 Sancti
1338 1066 1586 1122 Zenonis
1616 1065 2062 1134 monasterium,

403 1156 670 1215 unacum
689 1156 994 1214 monachis
1008 1156 1153 1212 inibi
1171 1156 1517 1229 degentibus
1537 1158 1594 1210 et
1610 1154 1871 1210 ecclesiis
1889 1158 2064 1227 atque

402 1242 647 1317 familia,
677 1244 766 1303 Vel
796 1246 1072 1303 omnibus
1103 1245 1297 1311 rebus,
1318 1245 1427 1300 sub
1459 1248 1671 1299 nostrae
1698 1242 2062 1299 auctoritatis

402 1330 687 1411 praecepto
718 1335 970 1408 recipere
1001 1338 1058 1391 et
1088 1335 1434 1390 confirmare
1457 1334 1860 1406 dignaremur.
1885 1332 2064 1404 Cujus

402 1424 509 1501 piae
542 1424 807 1500 petitioni
839 1441 1009 1481 aures
1057 1426 1266 1479 nostrae
1316 1422 1643 1494 majestatis
1690 1421 2060 1488 inclinantes,

402 1517 557 1575 idem
592 1514 1012 1572 monasterium
1065 1531 1184 1569 una
1223 1528 1355 1568 cum
1398 1511 1703 1568 monachis
1734 1515 1789 1567 et
1820 1510 2061 1576 familia,

402 1623 507 1664 seu
537 1595 713 1662 rebus
736 1604 807 1660 ad
830 1620 961 1660 eum
978 1603 1139 1675 juste
1156 1601 1588 1676 pertinentibus
1614 1601 1723 1657 sub
1746 1604 1944 1656 nostra
1964 1598 2063 1653 de-

402 1684 666 1753 fensione
698 1692 1089 1765 suscepimus,
1128 1696 1306 1763 atque
1333 1691 1393 1745 in
1418 1691 1610 1745 tuturo
1632 1690 1847 1745 habere
1869 1690 2062 1744 decre-

398 1784 614 1841 vimus.
654 1782 1039 1843 Concedimus
1070 1778 1248 1836 etiam
1281 1779 1398 1835 illis
1434 1778 1766 1835 annualiter
1786 1779 1857 1833 ad
1882 1776 2053 1833 eccle-

403 1872 555 1931 siam
585 1868 785 1929 Sancti
840 1869 1135 1927 Laurentii
1186 1869 1458 1942 martyris
1508 1867 1721 1923 Christi
1762 1868 1818 1922 in
1850 1866 2069 1921 Pendia

404 1965 727 2027 mercatum
758 1958 1060 2032 publicum
1092 1957 1331 2024 habere,
1361 1963 1417 2013 et
1437 1956 1817 2013 telonaticum
1838 1954 1974 2011 inde
1993 1955 2066 2010 ad

403 2050 660 2130 ecclesiae
690 2049 777 2106 vel
811 2066 951 2105 suos
983 2065 1126 2103 usus
1159 2048 1474 2119 suscipere.
1500 2045 1902 2117 Praccipientes
1932 2060 2068 2116 ergo

396 2139 702 2213 jubemus,
738 2144 913 2211 atque
945 2154 1048 2211 per
1078 2136 1229 2193 hanc
1260 2135 1447 2192 nostri
1485 2134 1758 2207 praecepti
1793 2133 2065 2206 paginam

404 2229 679 2287 omnibus
700 2226 1131 2293 interdicimus,
1154 2231 1220 2281 ut
1238 2225 1634 2297 nullusjudex
1654 2222 1943 2296 publicus,
1966 2228 2070 2278 aut

404 2317 686 2392 quislibet
714 2334 783 2374 ex
798 2316 1115 2389 judiciaria
1144 2318 1425 2388 potestate
1448 2315 1520 2370 ab
1543 2314 1680 2369 hinc
1710 2314 1769 2368 in
1802 2312 2067 2368 futurum

403 2410 465 2465 in
494 2408 657 2483 ipsas
685 2404 961 2462 ecclesias
992 2406 1188 2462 Sancti
1220 2403 1539 2473 Theonisti,
1589 2406 1646 2459 et
1688 2402 1883 2457 Sancti
1918 2402 2068 2456 Lau-

404 2497 745 2567 rentii,~sive
778 2494 1033 2568 reliquas
1065 2493 1467 2567 possessiones
1498 2492 1571 2546 ad
1597 2508 1806 2547 causas
1827 2489 2067 2546 audien-

405 2586 510 2643 das
529 2584 618 2641 vel
649 2584 811 2653 freda
839 2582 1142 2655 exigenda,
1167 2581 1286 2636 sive
1319 2578 1678 2648 mansiones,
1703 2594 1806 2632 seu
1833 2583 2067 2650 paratas

402 2675 719 2743 faciendas,
752 2676 853 2728 aut
881 2670 1119 2726 illicitas
1162 2668 1499 2725 occasiones
1532 2666 1934 2739 requirendas,
1968 2671 2070 2721 aut

401 2762 670 2820 homines
688 2779 868 2834 supra
883 2764 1097 2816 terram
1120 2757 1377 2832 praedicti
1397 2754 1797 2811 monasterioli
1816 2771 2069 2812 commaL

401 2840 610 2909 nentes
640 2849 1077 2923 distringendos
1107 2846 1325 2902 nostris
1355 2849 1412 2901 et
1459 2844 1672 2901 futuris
1700 2844 2069 2916 temporibus

400 2939 892 3015 ingrediﬁudeat,
925 2942 1027 2994 aut
1076 2953 1144 2992 ea
1183 2952 1309 3007 quae
1342 2951 1522 3007 supra
1553 2937 1874 2989 memorata
1904 2938 2061 3017 sunt,

400 3031 637 3105 penitus
663 3030 888 3104 exigere
911 3029 1247 3101 praesumat,
1273 3024 1370 3080 sed
1395 3022 1571 3079 liceat
1590 3022 1735 3095 ipsis
1765 3022 2069 3078 monachis

403 3120 598 3193 quiete
626 3120 815 3174 vivere
845 3121 902 3171 et
935 3116 1049 3171 Deo
1096 3129 1326 3180 vacare,
1372 3115 1547 3184 atque
1595 3129 1698 3184 pro
1730 3116 1933 3167 nostra
1963 3128 2067 3168 seu

2176 535 2300 590 suis
2332 535 2506 591 rebus
2525 534 2840 592 mebilibus
2860 538 2917 592 et
2936 534 3340 592 immobilibus
3363 534 3474 590 sub
3496 538 3707 590 nostra:
3722 546 3847 608 Ροδ-

2173 623 2400 679 testatis
2429 623 2677 681 tuitione
2701 626 3049 699 recepimus,
3081 629 3291 681 nostra:
3323 624 3650 696 maiestatis
3681 638 3850 679 reve-

2175 713 2423 768 rentiam
2480 712 2863 786 vilipendens,
2924 715 3294 770 innocentem
3352 712 3664 779 occiderat,
3705 712 3847 785 ejus

2175 804 2360 857 morte
2391 801 2666 871 ecclesiae,
2691 804 2861 875 cujus
2878 808 3000 861 erat
3024 802 3280 860 famulus
3302 802 3359 858 in
3384 801 3660 858 omnibus
3684 819 3847 859 com.

2175 891 2408 956 modus,
2438 896 2601 947 tanta
2616 893 2832 949 damna
2847 892 3151 949 conferens
3173 897 3394 965 quanta
3412 892 3697 947 extimare
3718 907 3841 947 non

2174 979 2522 1051 sufficimus.
2558 982 2920 1054 Quapropter
2949 981 3245 1050 omnibus,
3280 986 3414 1049 etc.,
3465 983 3676 1036 notum
3707 996 3843 1036 esse

2171 1067 2445 1124 volumus
2478 1070 2635 1141 quod
2678 1071 3007 1127 interventu
3048 1069 3271 1127 dilectae
3310 1070 3583 1142 conjugis
3620 1073 3837 1125 nostrae

2170 1155 2340 1212 Gislae
2374 1157 2453 1212 im
2461 1158 2787 1230 peratricis,
2822 1164 2885 1214 ut
2916 1158 3172 1216 Ecclesia
3193 1176 3260 1215 ex
3278 1164 3441 1231 parte
3464 1162 3835 1231 recuperaret

2173 1244 2388 1300 d‘amna
2421 1252 2603 1302 morte
2626 1247 2717 1302 sui
2740 1247 2943 1303 famuli
2964 1248 3075 1304 sibi
3102 1247 3280 1317 illata,
3309 1252 3366 1303 et
3385 1246 3532 1305 tanti
3553 1246 3832 1303 facinoris

2172 1335 2439 1407 contagio
2471 1352 2841 1408 nequaquam
2874 1336 2933 1391 in
2966 1336 3444 1393 consuetudinem
3466 1338 3830 1408 prorumpat,

2172 1424 2371 1478 omnia
2402 1424 2616 1495 praedia
2646 1442 2771 1497 quae
2802 1425 3077 1497 praefatus
3119 1426 3307 1482 Adam
3356 1424 3511 1481 infra
3537 1424 3829 1481 civitatem

2172 1516 2533 1579 Cremonam,
2569 1518 2624 1567 et
2656 1517 2818 1568 extra
2869 1532 2971 1587 per
3018 1514 3198 1571 totius
3242 1514 3616 1587 episcopatus
3648 1512 3833 1587 spatia

2173 1600 2386 1655 habere
2417 1600 2662 1665 videtur,
2695 1605 2752 1657 et
2775 1619 3008 1658 omnem
3036 1619 3158 1659 rem
3188 1602 3461 1660 mobilem
3484 1607 3542 1658 et
3562 1601 3831 1658 immobi-

2173 1688 2494 1760 lem,quam
2517 1690 2874 1762 possederat,
2891 1692 3203 1764 praelibatae
3223 1696 3436 1748 sanctae
3458 1690 3832 1748 Cremonensi

2172 1778 2459 1846 Ecclesiae,
2497 1796 2598 1851 per
2630 1779 2808 1851 hujus
2846 1781 3028 1836 nostri
3061 1781 3333 1854 praecepti
3364 1782 3668 1854 paginam,
3702 1792 3832 1852 pro-

2177 1867 2599 1939 prietariojure
2631 1869 2899 1925 habenda
2928 1876 2985 1926 et
3015 1870 3329 1926 detinenda
3349 1870 3750 1937 concedimus,
3783 1872 3835 1925 et

2175 1955 2235 2010 in
2255 1956 2356 2026 jus
2388 1972 2452 2010 ac
2482 1956 2789 2013 dominiun
2835 1959 3266 2030 praenominatae
3319 1957 3586 2015 Ecclesiae
3639 1962 3837 2014 nostra

2177 2044 2463 2116 imperiali
2519 2046 2864 2103 auctoritate
2920 2047 3418 2103 transfundimus:
3469 2064 3538 2103 ea
3573 2045 3838 2103 videlicet

2176 2134 2418 2201 ratione,
2465 2139 2528 2189 ut
2571 2138 2688 2190 tam
2737 2135 3037 2191 Hubaldus
3078 2136 3325 2192 dilectus
3374 2134 3563 2191 fidelis
3614 2139 3832 2201 noster,

2176 2223 2439 2294 ejusdem
2469 2222 2734 2280 Ecclesiae
2766 2224 3114 2281 venerabilis
3140 2225 3470 2298 episcopus,
3509 2240 3689 2296 quam
3708 2240 3837 2279 suc-

2177 2327 2437 2367 cessores
2470 2311 2585 2380 sui,
2618 2312 2689 2366 de
2721 2311 3012 2384 praedictis
3065 2312 3340 2368 omnibus
3372 2310 3546 2366 rebus
3574 2309 3835 2383 praedicti

2178 2398 2480 2455 homicidae
2513 2400 2797 2473 quidquid
2823 2401 2908 2457 eis
2935 2403 3087 2457 recte
3109 2400 3300 2456 visum
3325 2398 3498 2455 fuerit
3519 2399 3588 2454 ad
3617 2398 3834 2454 utilita-

2174 2494 2294 2544 tem
2342 2489 2605 2545 Ecclesiae
2653 2489 3067 2561 perpetualiter
3094 2484 3343 2545 faciant.
3385 2488 3631 2560 Insuper
3658 2487 3836 2543 etiam

2178 2577 2465 2650 imperiali
2499 2579 3044 2649 censurajubemus
3075 2583 3142 2633 ut
3171 2577 3370 2634 nullus
3390 2578 3531 2645 dux,
3552 2576 3834 2645 marchio,

2176 2683 2394 2731 comes,
2446 2668 2786 2736 vicecomes,
2833 2668 3033 2738 judex,
3081 2666 3431 2735 sculdascio,
3474 2666 3573 2722 sed
3626 2681 3841 2738 magna

2176 2772 2469 2828 parvaque
2487 2757 2649 2828 regni
2668 2757 2851 2812 nostri
2883 2772 3150 2830 persona,
3170 2757 3241 2813 de
3256 2754 3551 2828 praedictis
3563 2754 3841 2811 omnibus

2178 2845 2477 2918 praetaxati
2511 2844 2815 2900 homicidae
2856 2853 3122 2901 sanctam
3165 2846 3616 2901 Cremonensem
3646 2844 3844 2901 Eccle—

2178 2934 2327 2989 siam
2359 2938 2532 3006 atque
2587 2933 2917 2990 Hubaldum
2959 2934 3223 3006 ejusdem
3277 2934 3435 2990 sedis
3492 2933 3843 3001 antistitem,

2178 3023 2423 3095 ejusque
2449 3039 2816 3079 successores
2837 3023 3131 3091 divestire,
3165 3027 3265 3079 aut
3296 3023 3619 3096 inquietare
3640 3020 3843 3093 aliquo

2177 3113 2409 3185 ingenio
2442 3118 2542 3168 aut
2571 3112 2874 3169 occasione
2905 3116 3241 3186 praesumat.
3276 3110 3335 3167 Si
3377 3111 3512 3184 quis
3539 3127 3693 3178 vero,
3727 3116 3838 3165 etc.

407 3185 677 3281 conjugis
703 3210 916 3264 nostra
946 3203 1032 3260 vel
1065 3201 1246 3275 prole,
1279 3200 1398 3257 sive
1427 3201 1607 3256 totius
1630 3199 1857 3273 imperii
1882 3199 2065 3256 nostri
2096 3185 2139 3252 C
2248 3202 2481 3271 Signum
2508 3202 2697 3257 damni
2754 3185 3070 3258 Chaonradi
3111 3202 3452 3258 serenissimi
3492 3201 3840 3271 imperatoris

405 3297 744 3366 stabilitate,
798 3310 929 3350 cum
987 3290 1407 3364 tranquillitate
1459 3290 1553 3345 Dei
1606 3288 2067 3345 misericordiam

406 3384 741 3458 implorare.
777 3383 836 3440 Si
870 3380 1003 3454 quis
1025 3396 1178 3449 vero,
1207 3384 1315 3436 etc.

477 3475 711 3545 Signum
748 3472 935 3527 damni
986 3468 1304 3525 Chuonradi
1331 3469 1673 3524 serenisssmi
1705 3468 2065 3523 Romanorum

406 3554 763 3634 imperatoris
794 3554 1044 3631 Augusti.
1081 3590 1147 3600 —
1178 3559 1346 3614 Locus
1393 3562 1420 3622 ψ
1472 3556 1652 3626 sigilli
1692 3558 1833 3611 cerei
1873 3555 2066 3629 deper-

404 3650 532 3708 diti.

475 3737 810 3796 Kadelohus
841 3736 1224 3795 cancellarius
1250 3735 1372 3791 vice
1403 3735 1742 3791 Herimanni
1767 3733 2067 3791 archican-

404 3828 623 3913 cellarii
656 3827 983 3904 recognovi.

472 3912 687 3977 Datum
718 3937 753 3975 ιι
788 3918 925 3974 Idus
945 3915 1109 3984 Julii,
1135 3930 1286 3971 anno
1308 3913 1622 3970 Dominicae
1646 3912 2068 3970 Incarnationis

402 4008 563 4079 4037,
588 4007 906 4065 indictione
926 4024 980 4074 v,
1005 4005 1377 4063 anno‘hutem
1405 4002 1603 4058 domni
1630 4001 1961 4058 Chuonradi
1984 4019 2070 4058 se-

400 4098 579 4157 cundi
610 4097 774 4172 regni
803 4115 922 4165 xm,
956 4094 1185 4169 imperii
1216 4114 1295 4152 x1.

468 4190 679 4244 Actum
708 4186 947 4243 Veronae
990 4186 1064 4240 ad
1122 4185 1406 4240 Sanctum
1449 4182 1761 4248 Zenonem,
1797 4179 2064 4236 feliciter.

398 4280 604 4333 Amen.

1135 4360 1333 4415 XXVI.

400 4450 719 4509 Chuonradi
746 4453 797 4531 ῃ
851 4450 1017 4531 regis,
1079 4449 1435 4531 imperatoris.
1469 4447 1672 4531 .prinzi,
1729 4449 2065 4531 prsirceptum

474 4538 578 4593 quo
609 4524 796 4577 omnia
819 4520 1048 4594 praedia
1073 4517 1357 4594 cujusdam
1401 4517 1617 4594 Adami,
1646 4518 1743 4594 qui
1771 4518 2065 4594 Henricum

474 4590 767 4648 diaconum
795 4590 1137 4647 cardinalem
1169 4590 1544 4645 Cremonensis
1576 4590 1832 4645 Ecclesiae
1862 4590 2065 4657 iniuste

473 4664 761 4732 occiderat,
815 4662 989 4720 eidem
1047 4662 1311 4718 Ecclesiae
1338 4661 1409 4716 ad
1443 4664 1845 4733 reparationem
1875 4660 2067 4715 damni

473 4735 733 4793 concedit.

909 4805 1095 4877 (Circa
1123 4821 1343 4859 annum
1379 4804 1562 4875 1037.)

716 4896 1063 4969 [ΜυηΑτοιιι.
1097 4894 1279 4966 Antig.
1314 4893 1461 4959 Ital.,
1498 4892 1567 4960 Il,
1602 4893 1751 4962 327.]

472 4989 537 5045 In
567 4986 804 5044 nomine
835 4990 1045 5041 sanctae
1068 4988 1124 5040 et
1147 4981 1456 5038 individuae
1480 4982 1810 5044 Trinitatis,
1835 4982 2061 5035 (lucos-

401 5094 612 5144 mnus,
635 5075 832 5132 divina
856 5076 1080 5130 favente
1103 5071 1431 5138 clementia,
1459 5071 1854 5125 Romanorum
1879 5068 2062 5141 impe-

402 5171 561 5222 rator
588 5166 912 5239 Augustus.

474 5255 533 5311 Si
566 5258 777 5310 sanctae
809 5252 909 5309 Dei
942 5249 1232 5317 Ecclesiae,
1265 5254 1372 5305 etc.
1428 5249 1487 5303 In
1538 5248 1776 5305 veritate
1811 5262 2066 5318 namque

404 5342 797 5415 comperimus
826 5342 980 5414 quod
1014 5340 1254 5412 quidam
1287 5336 1694 5394 Cremonensis
1736 5335 1848 5402 vir,
1880 5336 2066 5390 Adam

406 5431 663 5497 nomine,
691 5431 976 5503 superbiae
1007 5429 1216 5501 spiritu
1268 5427 1526 5489 inflatus,
1557 5429 1614 5481 et
1644 5422 1934 5480 diabolica
1963 5441 2067 5479 au-

407 5518 574 5574 dacia
611 5520 955 5584 concitatus,
1003 5517 1320 5591 quemdam
1375 5514 1710 5582 diaconum,
1753 5512 2068 5569 Henricum

407 5602 663 5678 nomine,
696 5610 911 5666 sanctae
940 5605 1347 5665 Cremonensis
1384 5602 1652 5664 Ecclesiae
1686 5601 2064 5672 cardinalem,

2176 3292 2427 3361 Augusti.

2248 3377 2494 3451 Reliqua
2523 3379 2950 3436 desiderantur.

2901 3484 3117 3544 XXVII.

2175 3574 2496 3650 Chuonraali
2520 3577 2693 3650 primi
2714 3578 2946 3650 Augusti
2964 3577 3206 3650 diploma
3222 3593 3324 3650 per
3342 3575 3483 3648 quod
3504 3576 3837 3633 monasterio

2246 3647 2507 3721 Segusino
2540 3647 2594 3703 S.
2620 3650 2775 3721 justi
2823 3649 2962 3721 bona
3010 3647 3238 3704 collata‘
3259 3648 3327 3704 ab
3355 3647 3538 3704 Atriam
3571 3650 3835 3721 episcopo,

2244 3723 2297 3773 et
2327 3718 2664 3789 Maginfredo
2693 3719 3030 3787 marchione,
3063 3721 3480 3791 conﬁrmantur.

2805 3807 2991 3880 (Anno
3026 3809 3208 3881 1037.)

2502 3897 2853 3969 [Μωυτοιιῃ
2889 3899 3069 3971 Antig.
3104 3899 3253 3964 Ital.,
3287 3899 3330 3964 Ι,
3364 3897 3516 3968 347.]

2251 4006 2313 4059 In
2346 4004 2581 4060 nomine
2612 4009 2828 4061 sanctae
2859 4009 2914 4061 et
2943 4004 3257 4062 individuae
3285 4003 3587 4061 Trinitatis
3613 4002 3843 4061 Canon-

2178 4109 2386 4163 nanus,
2421 4092 2821 4149 Romanorum
2846 4094 3166 4167 imperator
3186 4097 3512 4167 Augustus,
3539 4092 3741 4149 divina
3764 4093 3843 4148 fa-

2176 4185 2343 4239 vente
2374 4180 2797 4239 misericordia.
3182 4233 3184 4237 ,

2248 4271 2309 4327 Si
2341 4270 2536 4327 divino
2561 4271 2917 4328 intrinsecus
2936 4270 3072 4328 tacti
3096 4271 3419 4345 spiramine
3441 4269 3610 4326 almae
3630 4275 3845 4327 sancte

2177 4361 2347 4416 matri
2380 4360 2671 4429 Ecclesiae,
2703 4361 3056 4434 Christoque
3087 4362 3264 4435 digne
3297 4358 3641 4425 servientes,
3678 4372 3844 4416 mun-

2175 4449 2346 4505 dialis
2386 4450 2566 4523 hujus
2625 4451 2910 4524 temporis
2958 4449 3175 4507 auxilia
3228 4449 3576 4523 praebentes,
3633 4454 3845 4506 nostra:

2096 4555 2141 4620 ι)
2178 4539 2450 4595 Romana
2504 4539 2836 4613 reipublicae
2886 4540 2955 4597 ad
3008 4541 3357 4613 profectum,
3389 4542 3567 4610 atque
3598 4537 3676 4593 ad
3708 4554 3846 4611 aug-

2178 4632 2440 4685 mentum
2476 4629 2784 4701 utriusque
2818 4629 2970 4698 vitae,
3001 4646 3117 4686 non
3148 4628 3422 4702 exiguum
3457 4627 3579 4683 fore
3603 4626 3849 4683 minime

2175 4717 2568 4790 ambigimus:
2603 4721 2657 4773 et
2687 4718 2737 4773 si
2768 4716 2882 4791 piis
2912 4710 3252 4774 nostrorum
3283 4715 3550 4772 ﬁdelium
3574 4716 3850 4787 precibus

2171 4809 2461 4861 Caesareas
2493 4822 2665 4861 aures
2692 4805 3012 4863 clementer
3036 4804 3418 4871 inclinamus,
3440 4801 3745 4859 ﬁdeliores
3768 4807 3845 4858 at-

2172 4910 2284 4965 que
2304 4894 2371 4948 ad
2396 4893 2697 4965 publicum
2715 4912 2819 4950 nec
2841 4912 2958 4951 non
2980 4895 3271 4968 privatum
3290 4891 3642 4963 obsequium
3660 4907 3850 4965 prom-

2173 4982 2390 5054 ptiores
2414 5000 2512 5038 eos
2536 4983 2744 5039 obnixe
2766 4985 3083 5039 credimus.
3109 4984 3474 5056 Quapropter
3495 4983 3847 5037 cunctorum

2173 5076 2343 5125 castae
2377 5070 2581 5126 matris
2612 5070 2882 5128 Ecclesiae
2910 5068 3447 5138 ﬁdelium’devotio,
3472 5068 3842 5125 animadver-

2175 5161 2262 5213 tat
2290 5158 2539 5230 qualiter
2570 5164 2770 5216 nostra
2813 5159 3137 5233 imperialis
3196 5160 3477 5232 majestas
3508 5158 3845 5217 interventu

2177 5246 2399 5302 domini
2432 5247 2723 5321 Popponis
2755 5247 3211 5320 archipraesulis,
3247 5264 3352 5305 nec
3385 5258 3501 5304 non
3534 5246 3722 5303 Bertae
3753 5262 3844 5303 co-

2177 5335 2442 5405 mitissae,
2473 5336 2757 5393 virtutum
2788 5336 3051 5394 moribus
3079 5335 3364 5410 expolitae,
3388 5334 3586 5410 dignis
3608 5333 3843 5409 petitio-

2177 5424 2353 5479 nibus
2384 5428 2536 5480 tacta
2566 5425 2963 5494 concedimus,
2994 5431 3169 5498 atque
3190 5442 3295 5499 per
3312 5423 3675 5483 hanc‘nostri
3696 5441 3844 5497 prae-

2178 5512 2325 5585 cepti
2349 5515 2624 5588 paginam
2646 5515 3087 5572 corroborantes
3109 5515 3311 5571 omnia
3330 5511 3550 5589 praedia
3569 5518 3852 5569 cunctas-

2179 5617 2292 5678 que
2325 5618 2416 5660 res
2446 5602 2577 5661 illas
2610 5620 2756 5680 quas
2786 5603 2928 5663 olim
2956 5604 3186 5664 Alricus
3228 5600 3581 5663 venarabilis
3612 5600 3855 5678 episco-
