3950 6144
402 373 560 440 4087

403 618 538 657 cum
560 601 806 658 decimis
829 605 884 656 et
905 599 1374 672 possessionibus
1398 598 1648 670 aliisque
1670 597 1742 653 ad
1765 613 1892 652 eam
1919 611 2047 668 per-

399 689 746 757 tinentibus,
781 693 837 744 et
865 688 1168 744 ecclesiam
1209 688 1514 754 Eresburc,
1583 703 1760 758 quam
1809 682 2050 740 Carolus

404 779 593 852 primo
624 781 970 834 construens
999 775 1059 830 in
1090 775 1340 832 Saxonia
1381 775 1625 831 decimis
1674 773 1893 828 dotavit
1938 772 2047 826 cir-

404 883 771 939 cumquaque
789 864 1182 920 habitantium
1205 881 1309 936 per
1333 865 1480 919 duas
1502 863 1818 918 Saxonicas
1841 865 2046 925 rastas,

403 956 675 1028 praefatus
698 954 1022 1009 Ludovicus
1046 954 1114 1008 ad
1139 971 1344 1008 novam
1365 953 1604 1008 tradidit
1621 952 1943 1007 Corbeiam.
1963 949 2047 1003 Ad

400 1043 824 1101 Herifordensis
856 1047 1051 1098 autem
1084 1042 1422 1098 monasterii
1455 1042 1862 1113 adjumentum
1885 1039 2050 1094 dedit

398 1136 458 1190 in
489 1134 825 1206 episcopatu
857 1131 1333 1203 Asnabruggensi
1374 1129 1693 1185 Ecclesium
1746 1127 2046 1200 Buginithi

399 1241 531 1281 cum
563 1222 844 1292 subjectis
877 1219 986 1276 sibi
1009 1219 1290 1285 ecclesiis,
1321 1219 1375 1272 in
1402 1217 1675 1291 parocbia
1697 1233 1829 1272 vero
1855 1215 2046 1272 Mimi-

397 1309 839 1388 gernafordensi
873 1307 1190 1364 Ecclesium
1224 1309 1366 1363 Reni
1398 1324 1530 1363 cum
1555 1308 1646 1362 his
1671 1325 1797 1379 quae
1822 1307 1892 1360 ad
1915 1323 2045 1361 eam

399 1402 693 1476 pertinent
711 1398 992 1465 ecclesiis,
1021 1399 1100 1453 ita
1120 1414 1280 1462 sane,
1300 1403 1364 1451 ut
1389 1397 1749 1453 decimarum
1774 1395 2048 1451 aliorum-

399 1508 512 1566 que
543 1489 881 1545 reddituum
916 1491 1230 1559 proventus
1262 1502 1466 1541 omnes
1491 1485 1746 1558 praifatis
1777 1485 2047 1540 cederent

399 1576 787 1643 monasteriis,
822 1581 878 1631 ct
908 1577 980 1630 ab
1011 1575 1103 1631 his
1128 1575 1385 1631 vicissim
1418 1579 1871 1646 procurarentur
1902 1574 2046 1628 sub-

389 1672 557 1743 jecta:
584 1667 785 1740 plebes
808 1665 866 1720 in
895 1664 1269 1736 baptismate,
1295 1663 1352 1718 in
1377 1663 1751 1730 eucharistia,
1777 1662 1833 1717 in
1858 1661 2048 1734 sepul-

397 1765 549 1826 tura,
582 1757 641 1811 in
672 1755 1035 1812 confessione
1069 1757 1438 1824 peccatorum
1471 1752 1781 1820 audienda,
1814 1756 1870 1807 et
1917 1767 2044 1824 pre-

399 1845 616 1920 sbyteri
638 1845 738 1916 qui
758 1842 1111 1916 principales
1132 1858 1200 1897 ex
1218 1841 1312 1897 his
1333 1841 1620 1896 Ecclesias
1641 1845 1924 1908 tenerent,
1949 1858 2046 1896 ar—
2074 1869 2122 1934 Β

399 1934 966 2006 chipresbyterorum
1011 1932 1202 1986 ofﬁcio
1251 1931 1652 2002 fungerentur,
1716 1930 1786 1985 ad
1847 1929 2045 1985 omnia

398 2023 664 2081 facienda
687 2038 812 2093 quze
837 2020 1024 2076 solent
1045 2019 1170 2076 ﬁeri
1193 2019 1263 2074 ab
1287 2018 1805 2090 arcliipresbytcris
1827 2019 2045 2091 episco-

397 2130 626 2189 porum.
661 2111 807 2167 Cum
835 2115 1028 2166 autem
1062 2109 1174 2182 ipsi
1206 2108 1464 2180 episcopi
1509 2108 1853 2164 circationes
1905 2126 2045 2164 suas

397 2205 478 2260 ibi
507 2216 678 2276 agere
708 2200 1004 2266 deberent,
1038 2198 1110 2253 ad
1137 2213 1338 2254 eorum
1361 2197 1790 2252 mansionatica
1807 2197 2046 2252 daretur

397 2293 552 2368 quod
569 2292 626 2347 in
645 2288 1066 2364 capitularibus
1089 2291 1525 2343 antecessorum
1552 2291 1884 2342 nostrorum
1909 2304 2047 2359 prae-

397 2384 681 2456 scriptum
704 2379 971 2435 habetur.
998 2377 1097 2432 Ille
1119 2377 1299 2449 igitur
1319 2381 1441 2432 rata
1464 2391 1592 2431 esse
1623 2376 1822 2431 volens
1840 2379 2048 2432 caetera

397 2471 614 2538 omnia,
648 2473 877 2525 tantum
907 2481 1193 2540 expensas
1222 2466 1294 2520 ad
1344 2465 1740 2522 ministerium
1788 2463 2046 2536 episcOpi

396 2564 635 2634 propter
650 2557 1056 2631 aegritudinem
1075 2559 1131 2610 et
1152 2557 1508 2609 senectutem
1523 2555 1571 2624 ej
1584 2571 1649 2609 us
1665 2553 1765 2626 qui
1785 2557 1924 2608 tunc
1939 2553 2048 2608 fuit

398 2648 704 2706 Gauzberti
719 2661 929 2717 augere
943 2644 1324 2714 debuit,quod
1334 2644 1505 2713 juxta
1517 2642 1858 2714 petitionem
1873 2641 2046 2714 primi

401 2737 667 2810 ejusdem
698 2734 806 2790 loci
827 2733 1057 2788 abbatis
1074 2731 1300 2787 Warini
1319 2731 1399 2787 ita
1417 2731 1703 2786 moderari
1724 2731 1962 2804 placuit,
1984 2735 2046 2786 ut

403 2825 694 2896 descripto
711 2825 994 2894 quantum
1010 2820 1154 2876 satis
1167 2819 1243 2875 sit
1255 2821 1326 2875 ad
1341 2820 1640 2876 servitium
1664 2820 1918 2892 episcopi
1939 2820 2048 2876 hoc

403 2914 564 2970 nullo
587 2912 759 2968 modo
790 2909 1191 2977 subtrahatur,
1221 2914 1279 2964 et
1307 2909 1617 2982 episcopus
1643 2909 1896 2965 vicissim
1923 2925 2046 2964 am—

404 3003 589 3078 pliora
619 3019 735 3057 non
768 3003 1008 3072 quaerat,
1044 3016 1148 3054 nec
1181 3015 1312 3054 cum
1346 2997 1616 3071 pluribus
1646 2998 1839 3054 veniat
1867 3016 2044 3070 quam

401 3098 466 3150 ut
485 3093 570 3148 eis
597 3090 864 3147 sufﬁcere
887 3087 1132 3162 possint.
1159 3089 1221 3143 In
1245 3088 1462 3160 quibus
1484 3088 1630 3145 satis
1650 3105 1778 3144 esse
1803 3105 2048 3145 consen-

401 3183 480 3240 sit
510 3181 786 3255 praefatus
828 3178 1136 3250 episcopus
1190 3193 1385 3233 coram
1437 3181 1800 3234 antecessore
1843 3183 2046 3234 nostro

1724 368 2081 464 _MONUM.
2126 367 2447 436 DIPLOM.

404 510 682 585 pleretur,
716 471 1022 568 ecclesiam
1045 507 1200 583 juris
1231 508 1321 567 sui
1354 525 1479 581 quae
1508 510 1748 564 vocatur
1791 504 2043 578 Meppia,
2075 505 2130 570 Α

3660 360 3838 432 1008

2365 596 2723 666 Privilegium
2748 609 2850 666 pro
2873 594 3112 650 Ecclesia
3142 589 3607 648 Paderbornensi.

2783 685 2969 755 (Anno
3006 682 3185 753 1039.)

2534 775 2816 844 [Eamnm
2848 773 2948 828 ubi
2973 789 3166 844 supra,
3195 788 3252 844 p.
3289 771 3436 842 103.]

2230 863 2288 917 Ο.
2342 867 2404 918 In
2462 862 2698 918 nomine
2747 866 2960 918 sancta:
3007 866 3065 917 et
3118 859 3428 916 individua:
3481 857 3832 925 Trinitatis,

2158 951 2492 1018 HEINRICUS,
2523 950 2720 1006 divina
2748 951 2972 1006 favente
3002 948 3331 1014 clementia,
3365 965 3483 1004 rex.

2228 1040 2516 1104 Quoniam
2549 1040 2760 1096 divinae
2785 1037 3189 1112 dispositionis
3223 1037 3589 1110 providentia
3618 1036 3698 1092 ad
3735 1053 3826 1092 re-

2157 1129 2408 1201 gendam
2424 1128 2600 1185 totius
2615 1128 2944 1201 reipublicae
2961 1126 3360 1184 monarchiam
3375 1143 3495 1181 suae
3509 1125 3827 1184 immensa:

2155 1219 2389 1291 pietatis
2421 1217 2858 1291 magniﬁcentia
2887 1234 2995 1273 nos
3018 1217 3296 1289 provexit,
3321 1220 3455 1272 ante
3477 1215 3685 1270 omnia
3709 1231 3818 1272 au-

2155 1311 2273 1363 tem
2305 1307 2412 1363 hoc
2441 1307 2704 1364 laborare
2734 1307 3037 1372 debemus,
3072 1310 3139 1362 ut
3167 1305 3264 1377 qui
3291 1320 3571 1360 coronam
3593 1304 3818 1360 terreni

2157 1397 2318 1469 regni
2355 1397 2662 1464 concessit,
2697 1400 2830 1468 post
2849 1411 3156 1452 emensum
3181 1394 3359 1466 hujus
3381 1393 3510 1448 vita:
3527 1391 3820 1464 spatium,

2156 1503 2225 1541 ea
2255 1485 2430 1541 etiam
2465 1485 2726 1541 coronari
2761 1485 3080 1556 permittat,
3130 1500 3258 1555 quae
3282 1499 3399 1538 non
3429 1481 3741 1538 auferatur
3760 1481 3820 1537 in

2160 1579 2464 1630 aeternum.
2491 1575 2651 1638 Quod
2677 1574 3054 1646 potissimum
3075 1572 3198 1628 fieri
3223 1588 3393 1645 posse
3418 1571 3819 1640 decernimus,

2157 1664 2204 1719 si
2240 1663 2367 1720 loca
2394 1662 2801 1720 ecclesiasticis
2833 1662 3136 1735 obsequiis
3166 1661 3441 1733 deputata
3471 1663 3682 1718 nostra
3712 1677 3820 1718 au-

2157 1751 2425 1808 ctoritate
2455 1753 2921 1818 corroborentur,
2954 1755 3038 1819 ut,
3067 1749 3230 1806 omni
3258 1749 3538 1806 exteriore
3577 1748 3821 1820 inquie-

2156 1841 2360 1898 tudine
2383 1846 2627 1909 remota,
2653 1841 2712 1897 in
2734 1839 3158 1911 tranquillitate
3179 1842 3581 1912 permaneant,
3607 1842 3816 1912 quate-

2157 1948 2482 1988 nuseorum
2498 1930 2770 2004 precibus
2783 1930 3149 1998 adjuvemur,
3174 1928 3275 2000 qui
3299 1927 3380 1984 ibi
3399 1927 3494 1984 die
3517 1930 3816 1998 noctuque

2155 2020 2518 2077 orationibus
2548 2019 2606 2074 in
2639 2019 2740 2075 Dei
2763 2018 2997 2076 servitio
3013 2033 3215 2074 vacare
3238 2017 3544 2083 debentur,
3568 2020 3628 2074 et
3649 2016 3808 2089 quod

2157 2125 2258 2184 per
2278 2126 2384 2164 nos
2405 2112 2605 2181 utpote
2627 2107 2988 2164 conscientia
3006 2105 3216 2178 trepidi
3239 2121 3496 2178 querere
3517 2121 3638 2164 non
3658 2122 3812 2178 prae-

2157 2199 2472 2265 sumimus,
2517 2201 2731 2253 sanctae
2785 2195 2886 2252 Dei
2945 2193 3213 2252 Ecclesia:
3273 2194 3654 2252 servientium
3713 2195 3811 2266 pia

2157 2285 2573 2343 intercessione
2602 2285 3007 2357 impetremus.
3035 2284 3398 2358 Quapropter
3436 2281 3811 2348 universitati

2156 2376 2418 2433 ﬁdelium
2451 2380 2786 2432 nostrorum
2818 2377 3014 2446 patere
3040 2372 3333 2440 volumus,
3376 2370 3627 2444 qualiter
3655 2371 3811 2429 Ruc-

2158 2466 2352 2523 dolfus
2384 2468 2597 2522 sanctis
2618 2461 3147 2521 Paterbrunnensis
3169 2460 3438 2518 Ecclesia:
3457 2459 3808 2518 venerabilis

2157 2556 2489 2627 episcopus,
2521 2570 2623 2626 pro
2654 2551 2922 2608 Ecclesiae
2949 2568 3071 2607 suae
3101 2549 3340 2618 honore,
3385 2548 3504 2604 imo
3553 2547 3809 2604 maxima

2158 2643 2428 2710 utilitate,
2465 2643 2573 2715 piae
2605 2640 2949 2697 intentionis
2979 2639 3283 2696 devotione
3315 2655 3422 2694 nos
3464 2637 3810 2710 suppliciter

2156 2733 2426 2789 aditurus
2445 2731 2719 2798 exoravit,
2745 2733 2810 2786 ut
2831 2728 3087 2785 Ecclesia
3107 2729 3198 2786 cui
3223 2729 3348 2801 ipse
3366 2726 3646 2800 pastorali
3667 2743 3810 2782 cura

2157 2821 2444 2894 praesidet,
2481 2825 2682 2877 nostra
2709 2817 2890 2892 regali
2919 2817 3264 2874 auctoritate
3310 2815 3807 2874 corroboraretur.

2156 2912 2336 2982 Cujus
2368 2910 2652 2983 petitioni,
2679 2909 2816 2981 quia
2844 2906 3214 2964 rationabilis
3241 2906 3496 2972 videtur,
3550 2904 3809 2978 gratuito

2157 2999 2563 3069 assentientes,
2585 2997 2871 3069 quidquid
2893 2997 3096 3053 eadem
3115 2994 3375 3051 Ecclesia
3396 2993 3807 3067 perjnstitiam

2157 3091 2417 3146 obtinere
2445 3089 2618 3143 debet.
2647 3091 3082 3144 antecessorum
3113 3089 3448 3140 nostrorum
3479 3098 3686 3155 regum
3717 3081 3806 3138 vel

2159 3179 2574 3251 imperatorum
2607 3175 2695 3232 vel
2727 3179 2934 3240 nostra,
2955 3173 3246 3230 oblatione
3277 3171 3616 3244 ceterisque
3664 3170 3806 3227 ﬁde-

399 3269 686 3342 Ludovico
711 3271 768 3323 et
795 3266 1229 3338 archiepiscopo
1260 3265 1518 3334 Rabano,
1552 3267 1891 3336 ceterisque
1911 3283 2043 3322 cum
2077 3238 2120 3305 δ
2159 3267 2316 3324 libus
2347 3266 2428 3322 ibi
2458 3264 2756 3331 collatum,
2791 3264 2851 3318 in
2872 3263 3069 3332 rebus,
3087 3260 3414 3330 territoriis,
3439 3257 3526 3314 vel
3549 3258 3614 3314 in
3633 3257 3810 3314 comi-

399 3377 466 3417 eo
497 3360 556 3415 in
583 3358 802 3432 synodo
825 3355 1154 3428 agentibus,
1179 3355 1236 3411 id
1265 3360 1350 3411 est
1375 3360 1438 3410 ut
1456 3355 1671 3411 dentur
1688 3357 1758 3412 ad
1781 3355 2046 3429 singulas

397 3447 676 3506 ecclesias
706 3445 865 3520 porci
897 3463 948 3500 IV
976 3443 1235 3506 valentes
1267 3444 1485 3517 singuli
1517 3445 1786 3501 denarios
1809 3463 1908 3512 xu,
1943 3450 2047 3501 aut

397 3555 497 3594 vm
525 3535 732 3593 arietes
763 3533 1130 3590 tantumdem
1162 3533 1442 3600 valentes,
1477 3533 1714 3606 porcelli
1755 3551 1831 3602 ιν,
1889 3550 2044 3589 aucaa

397 3645 472 3696 IV,
506 3624 650 3699 pulli
681 3641 801 3689 vm,
835 3621 1022 3678 situla:
1054 3640 1122 3677 xx
1147 3622 1218 3676 de
1250 3622 1517 3688 modone,
1550 3623 1620 3676 de
1652 3621 1873 3677 mellita
1922 3638 2044 3677 cer-

396 3715 543 3771 visia
571 3731 664 3780 xx,
695 3713 765 3768 de
791 3729 903 3766 non
924 3709 1162 3765 mellita.
1211 3753 1222 3764 .
1269 3753 1280 3764 .
1328 3753 1340 3764 .
1387 3753 1399 3778 ,
1425 3727 1607 3782 panes
1623 3728 1748 3778 cxx,
1769 3711 1839 3766 de
1865 3728 2046 3767 avena

399 3803 556 3860 modi
585 3820 636 3872 c,
673 3800 958 3873 manipuli
991 3817 1080 3866 oc,
1115 3799 1306 3870 sitque
1337 3798 1397 3853 in
1452 3803 1740 3870 potestate
1785 3799 2040 3873 cpiscOpi

397 3898 595 3950 utrum
628 3892 748 3948 haec
772 3906 872 3963 per
895 3888 1158 3962 singulas
1180 3887 1452 3944 ecclesias
1474 3888 1544 3943 ad
1571 3905 1752 3944 unum
1788 3892 2043 3947 mansio-

397 3982 655 4040 naticum
690 3999 760 4036 an
785 3980 856 4035 ad
879 3980 994 4034 duo
1011 3978 1146 4034 velit
1163 3977 1396 4033 habere.
1417 3977 1498 4032 Ne
1516 3982 1710 4034 autem
1733 3978 1790 4034 in
1811 3997 2046 4036 summa

398 4070 578 4129 debiti
608 4070 702 4125 his
732 4068 865 4141 plus
889 4068 1085 4123 minus
1113 4065 1521 4138 compleretur,
1550 4066 1658 4123 hoc
1681 4068 2044 4124 auctoritatis

400 4178 516 4216 suae
546 4158 797 4215 decrevit
828 4162 1000 4229 atque
1025 4156 1224 4228 jussit.
1261 4155 1362 4211 His
1385 4155 1560 4210 etiam
1586 4156 1904 4229 adjungere
1927 4157 2044 4230 pla-

400 4249 520 4305 cuit
549 4248 792 4303 liheram
814 4245 1044 4316 utrique
1067 4244 1189 4299 loco
1215 4244 1648 4301 concessionem
1673 4244 1952 4317 eligendae
1973 4246 2045 4302 de

395 4335 629 4410 propria
659 4334 1105 4406 congregatione
1137 4332 1194 4387 in
1229 4332 1494 4404 regimen
1549 4332 1639 4387 sui
1688 4350 1790 4405 per
1845 4335 2046 4391 futura

397 4441 628 4495 semper
652 4428 915 4494 tempora
944 4437 1212 4493 congruae
1243 4437 1504 4492 persona:
1526 4422 1680 4492 quod
1707 4426 1764 4476 et
1787 4438 1890 4478 nos
1907 4439 2043 4479 con-

397 4514 705 4570 ﬁrmamus
735 4516 788 4566 et
817 4511 1286 4576 corroboramus,
1309 4513 1364 4562 et
1388 4513 1451 4563 ut
1472 4510 1664 4565 omnis
1687 4509 1823 4566 hinc
1844 4512 2044 4570 dubie-

2155 3356 2374 3412 tatibus
2406 3372 2472 3411 ac
2502 3355 2794 3423 districtu,
2826 3351 2914 3408 vel
2946 3352 3400 3424 quibuscunque
3425 3346 3803 3418 utensilibus,

2155 3462 2221 3501 ac
2273 3444 2559 3517 quidquid
2607 3446 3041 3516 Megenwercus
3090 3439 3422 3512 episcopus,
3471 3440 3805 3494 antecessor

2155 3534 2374 3590 scilicet
2403 3532 2687 3606 praelibati
2718 3529 2984 3586 Buodolﬁ
3015 3529 3293 3602 episcopi,
3327 3529 3399 3584 de
3427 3543 3538 3584 sua
3560 3525 3806 3582 heredi-

2154 3627 2271 3678 tate
2302 3623 2382 3678 ibi
2404 3619 2670 3687 contulit,
2693 3618 2782 3674 vel
2800 3617 3035 3674 aliunde
3051 3634 3156 3690 per
3168 3615 3689 3673 commutationem
3707 3618 3808 3670 aut

2153 3711 2475 3784 precariam
2507 3708 2771 3782 legaliter
2800 3706 3127 3780 acquisivit,
3161 3706 3354 3762 denuo
3405 3703 3602 3760 stabili
3653 3704 3804 3759 dono

2153 3800 2530 3856 concedimus
2561 3803 2618 3855 et
2647 3797 2826 3870 regali
2858 3796 3204 3853 auctoritate
3243 3793 3686 3850 conﬁrmamus.
3742 3794 3802 3848 Si

2154 3891 2288 3963 quis
2317 3894 2513 3946 autem
2546 3891 2759 3944 nostrae
2788 3883 3252 3942 confirmationis
3273 3882 3531 3938 edictum
3555 3880 3803 3938 ulterius

2151 3979 2351 4052 aliqua
2382 3977 2833 4050 preesumptione
2863 3974 3178 4046 infringere
3209 3971 3539 4038 tentaverit,
3563 3975 3799 4027 centum

2152 4069 2437 4124 librarum
2457 4067 2582 4122 auri
2597 4067 2667 4122 ad
2691 4068 2954 4121 nostrum
2980 4063 3212 4136 pondus
3233 4060 3634 4134 conpositione
3655 4059 3800 4116 mul-

2152 4162 2326 4226 tetur,
2362 4162 2427 4212 ut
2457 4155 2767 4211 dimidium
2802 4169 3045 4210 camera:
3088 4155 3300 4208 nostra:
3353 4149 3665 4223 persolvat,
3717 4167 3804 4206 re—

2151 4246 2380 4319 liquum
2411 4261 2544 4301 vero
2573 4243 2760 4299 eidem
2812 4240 3080 4300 Ecclesia:
3129 4257 3308 4311 quam
3360 4237 3669 4294 temerarie
3715 4238 3804 4294 in-

2153 4336 2416 4408 quietare
2449 4331 2842 4406 praesumpsit.
2893 4332 2964 4386 Et
3011 4333 3078 4386 ut
3125 4329 3247 4385 hinc
3297 4327 3662 4384 conﬁrmatio
3710 4343 3806 4399 per

2152 4424 2553 4481 successiones
2585 4427 2914 4495 temporum
2945 4417 3175 4476 stabilis
3201 4422 3258 4472 et
3289 4415 3632 4474 ineonvulsa
3676 4433 3803 4488 per-

2153 4518 2408 4580 maneat,
2442 4512 2590 4568 hanc
2622 4509 2832 4584 regalis
2862 4508 3134 4582 praecepti
3169 4506 3446 4578 paginam
3485 4504 3625 4560 inde
3670 4521 3802 4560 con~

394 4608 486 4660 tas
501 4599 1189 4672 tollatur,manupropria
1203 4598 2057 4672 corroborantcs,sigillinostri
2085 4608 2133 4674 Ι)
2165 4602 2340 4658 scribi
2373 4618 2440 4658 ac
2472 4618 2649 4657 manu
2682 4597 2917 4673 propria
2945 4598 3364 4653 confirmantes
3393 4593 3586 4667 sigillo
3613 4599 3802 4650 nostro

396 4689 788 4763 impressione
818 4706 886 4744 ea
916 4687 1135 4759 signari
1154 4687 1471 4758 jussimus.

465 4781 701 4850 Signum
727 4778 916 4835 damni
963 4778 1212 4833 Heinrici
1256 4778 1410 4832 tertii
1457 4777 1542 4848 (L.
1580 4777 1681 4846 M.)
1731 4781 1873 4850 regis
1903 4783 2048 4837 invi-

392 4880 441 4928 cl
451 4871 633 4926 issimi
641 4911 653 4923 .

465 4957 858 5016 Theodericus
889 4954 1274 5012 cancellarius
1303 4955 1425 5011 vice
1457 4955 1741 5013 Bardonis
1784 4958 2044 5017 archica-

395 5047 614 5121 pellani
635 5045 982 5119 recognovit.

466 5138 612 5193 Data
632 5153 693 5191 ιιι
720 5136 864 5191 Non.
892 5135 1076 5206 Sept.,
1099 5132 1405 5190 indictioni
1433 5150 1530 5201 γιι,
1556 5151 1708 5191 anno
1730 5135 2045 5194 Dominica:

397 5224 820 5282 Incarnationis
867 5224 1041 5290 1039;
1092 5239 1244 5279 anno
1296 5227 1489 5279 autem
1541 5224 1742 5280 domni
1791 5225 2045 5284 Heinrici

394 5314 550 5371 tertii
581 5312 968 5369 ordinationis
998 5330 1096 5378 x11,
1132 5312 1291 5385 regni
1325 5329 1457 5367 vero
1490 5331 1526 5367 ι.

466 5402 674 5458 Actum
701 5402 938 5462 Goslare
969 5401 1231 5462 feliciter.
1263 5404 1466 5459 Amen.

2153 4691 2448 4763 j'ussimus
2477 4688 2770 4762 insigniri.

2225 4783 2456 4851 Signum
2486 4779 2674 4836 damni
2705 4777 2950 4832 Heinrici
2989 4773 3141 4830 tertii
3185 4773 3270 4845 (L.
3321 4771 3424 4844 M.)
3475 4771 3617 4844 regis

2155 4871 2405 4926 ctissimi.

2227 4956 2622 5014 Theodericus
2677 4950 3062 5011 cancellarius
3107 4950 3232 5007 vice
3280 4948 3562 5028 Pardoiiis
3613 4947 3797 5004 archi-

2155 5044 2482 5104 cancellarii
2515 5042 2864 5118 recognovit.

2226 5137 2372 5193 Data
2389 5150 2493 5192 xui
2517 5133 2641 5190 Kal.
2666 5133 2814 5202 Oct.,
2838 5131 3042 5187 indict.
3065 5145 3186 5199 νιιι,
3209 5145 3366 5186 anno
3381 5126 3691 5186 Dominice:
3712 5125 3796 5183 ln-

2154 5223 2511 5282 carnationis
2543 5223 2700 5290 1039;
2737 5237 2890 5277 anno
2921 5223 3119 5276 autem
3141 5218 3344 5274 domui
3365 5215 3622 5278 Heinrici
3646 5216 3797 5276 tertii

2152 5334 2251 5384 xu,
2285 5314 2447 5387 regni
2479 5332 2515 5370 1.

2219 5407 2431 5460 Actum
2463 5399 2780 5460 Botbtfelbt
2809 5398 3073 5458 feliciter.
3105 5399 3311 5458 Arnen.
