3950 6144
167 267 325 371 id
1495 260 1830 330 nam

2014 268 2015 325 ζ
2054 256 2223 327 ῘΜΡ.

166 472 541 550 Privilegium
560 486 664 549 pro
691 398 1368 550 monastagtiboroeiensi
1407 480 1459 529 et
1492 470 1831 544 parthenone

801 545 1206 618 Herifordensi.

805 635 992 708 (Anno
1022 634 1207 707 1040.)

550 725 837 800 [Eanum
866 724 965 780 ubi
991 740 1183 798 supra,
1214 740 1272 797 p.
1304 722 1456 793 403.]

245 841 303 894 ο.
334 834 402 892 In
449 831 690 891 nomine
747 836 964 888 sanctze
1020 836 1080 888 et
1136 828 1446 886 individere
1503 825 1828 894 Trinitatis,

169 927 510 993 Bmxaicvs,
531 920 729 979 divina
758 920 986 977 favente
1016 917 1349 985 clementia,
1383 932 1505 973 rex.

246 1014 309 1072 Si
335 1013 483 1071 locis
513 1011 710 1069 divino
739 1008 926 1067 cultui
957 1007 1309 1082 mancipatis
1354 1005 1612 1078 aliquam
1644 1002 1833 1059 muni-

170 1103 409 1162 ﬁcentia
439 1103 643 1158 nostra
672 1099 875 1173 adjicit
897 1099 1355 1167 immunitatem,
1388 1095 1544 1152 unde
1573 1108 1831 1151 commo-

172 1198 375 1250 rantes
403 1189 549 1248 inihi
580 1188 848 1247 securius
876 1191 934 1245 et
980 1186 1349 1245 commodius
1396 1184 1532 1241 vita)
1580 1179 1832 1238 caelestis

172 1278 509 1356 quietudini
536 1277 769 1336 valeant
794 1274 1513 1344 inservire,existimamus
1531 1271 1669 1328 hinc
1688 1286 1834 1343 pra:-

172 1369 447 1428 sentibus
492 1368 579 1427 uti
627 1365 856 1424 felicius
904 1382 971 1423 ac
1002 1364 1300 1421 mansuris
1331 1361 1550 1436 perfrui
1579 1358 1829 1416 beatius.

171 1458 459 1525 Quocirca
480 1455 986 1514 noveritomnium
1010 1454 1222 1512 Christi
1239 1451 1543 1524 nostrique
1568 1448 1831 1504 ﬁdelium

172 1547 427 1616 cautela,
457 1550 576 1602 tam
608 1543 985 1620 praesentium
1017 1559 1198 1617 quam
1220 1539 1831 1609 succedentium,qua-

169 1637 315 1695 liter
341 1653 449 1694 nos
480 1652 584 1709 pro
613 1633 869 1692 remedio
901 1633 1109 1690 animae
1152 1636 1363 1688 nostra:
1406 1632 1834 1702 parentumque

168 1731 539 1795 nostrorum,
572 1734 679 1781 nec
735 1740 853 1779 non
910 1739 1013 1796 pro
1066 1721 1344 1795 petitione
1399 1713 1833 1775 Herevortensis

174 1815 450 1873 Ecclesiae
470 1811 1013 1873 abbatissae'Gotesd
1024 1812 1073 1867 ie
1086 1810 1397 1867 nominatae
1412 1806 1595 1863 nostri
1613 1803 1834 1861 dilectas

172 1902 556 1962 traditidnem
590 1900 865 1958 Ludovici
895 1899 1266 1974 imperatoris
1290 1914 1467 1971 quam
1498 1893 1740 1953 tradidit
1760 1892 1833 1948 ad

174 1990 541 2051 monasteria
579 2006 832 2064 quorum
881 2006 1067 2046 unum
1115 1994 1206 2046 est
1234 1987 1656 2044 monachorum
1686 1998 1836 2038 nova

175 2081 425 2140 Corbeia
478 2083 910 2153 nuncupatum,
945 2078 1105 2135 aliud
1165 2081 1255 2134 est
1294 2071 1834 2133 sanctimonialium

170 2170 460 2229 Herivorti
491 2170 886 2237 nominatum,
919 2185 1047 2241 quae
1101 2167 1209 2240 pise
1261 2163 1557 2222 memoriae
1606 2160 1835 2235 genitor

174 2260 344 2318 illius
372 2259 704 2317 Ludovicus
734 2259 1056 2332 imperator
1099 2260 1172 2313 ad
1215 2270 1483 2313 normam
1513 2250 1833 2327 praecipuo-

178 2367 315 2407 rum
338 2350 398 2405 in
420 2346 606 2409 Gallia
626 2346 1117 2404 monasteriorum
1130 2344 1476 2411 construxit,
1489 2339 1835 2399 Corbeiense

173 2437 449 2496 videlicet
469 2436 1005 2494 adsimilitudinem
1026 2436 1280 2507 antiquae
1302 2426 1838 2496 Corbeize,Herivor.

175 2531 349 2585 tense
376 2543 510 2584 vero
540 2526 613 2582 ad
646 2524 981 2583 Suessionis
1008 2517 1679 2588 similitudinem,abbati
1706 2515 1835 2570 Cor-

179 2616 407 2676 heiensi
446 2612 1005 2685 commendavimus,
1029 2618 1097 2669 ut
1129 2614 1297 2685 juxta
1325 2604 1834 2671 consuetudinem,

183 2723 305 2780 qua
332 2704 676 2763 ancillarum
707 2703 808 2760 Dei
838 2701 1389 2777 congregationibus
1419 2692 1721 2771 procurari
1742 2708 1836 2749 so-

180 2794 307 2852 lent
327 2792 629 2869 praepositi
658 2809 730 2849 ex
758 2791 1164 2848 Ecclesiastico
1195 2789 1420 2856 ordine,
1452 2792 1572 2842 tam
1614 2784 1673 2839 in
1723 2781 1838 2837 dis-

185 2882 405 2958 ciplina
417 2899 595 2956 quam
616 2880 676 2936 in
697 2880 925 2937 cunctis
945 2878 1195 2953 negotiis
1215 2894 1344 2950 quae
1365 2873 1596 2932 famulae
1618 2869 1836 2939 Christi

182 2988 291 3045 pro
314 2980 457 3027 sexu
486 2973 544 3026 et
566 2969 930 3043 professione
959 2984 1068 3024 sua
1119 2964 1358 3037 exsequi
1405 2980 1522 3020 non
1573 2964 1834 3034 possent,

185 3061 452 3135 ipsarum
474 3058 740 3132 provisor
759 3062 817 3115 et
837 3061 1120 3131 patronus
1142 3055 1434 3112 existeret.
1451 3053 1558 3107 Pro
1586 3049 1833 3107 eleemo-

3427 264 3587 335 1090

1858 400 1911 469 Α
1942 397 2394 470 lentes,porcelli
2426 414 2659 466 maneas
2687 394 2915 472 ιν,ΡυίΙί
2942 396 3257 467 vm,situlaa
3276 417 3349 455 xx
3379 400 3451 456 de
3473 412 3588 457 me-

1937 487 2107 558 done,
2140 486 2210 542 de
2231 485 2486 543 mellicia
2513 486 2756 543 cervisia
2781 488 2954 556 xx,de
2984 505 3099 543 non
3132 488 3354 544 mellita
3383 507 3587 563 ιι,ρᾶ-

1938 592 2042 632 nes
2072 576 2279 645 cxx,de
2310 592 2492 632 avena
2521 575 2679 632 modi
2707 592 2760 643 c,
2792 576 3079 649 manipuli
3122 594 3211 645 nc,
3226 582 3496 651 essetque
3528 578 3585 634 in

1938 666 2227 738 potestate
2257 664 2889 738 episcoporum,utrum
2922 665 3043 722 haee
3074 682 3175 738 per
3202 666 3465 740 singulas
3495 684 3586 724 ec-

1941 753 2148 810 clesias
2178 753 2252 809 ad
2280 770 2462 809 unum
2494 754 2986 810 mansionaticum
3018 771 3091 810 an
3128 756 3198 809 ad
3230 756 3346 812 duo
3374 755 3591 812 vellent

1939 842 2175 899 habere.
2210 842 2425 897 Statuit
2482 859 2618 917 ergo
2667 843 2944 915 praefatus
3004 848 3338 900 antecesscr
3392 850 3591 901 noster

1938 931 2072 987 Otto
2104 930 2422 1003 imperator
2450 929 2697 987 liberam
2728 930 2961 1002 utrique
2988 930 3114 987 loco
3154 932 3587 989 concessionem

1938 1024 1996 1076 et
2019 1024 2368 1092 potestatem
2400 1019 2680 1093 eligenda:
2702 1021 2772 1077 de
2804 1019 3040 1092 propria
3061 1022 3507 1094 congregatione
3528 1020 3586 1077 in

1939 1108 2199 1182 regimen
2235 1108 2327 1165 sui
2357 1125 2462 1181 per
2510 1109 2709 1164 futura
2755 1125 2985 1181 semper
3026 1113 3291 1180 tempora
3320 1126 3589 1183 congrum

1939 1215 2221 1272 personae,
2254 1202 2312 1254 et
2336 1202 2403 1253 ut
2439 1196 2640 1253 nullus
2683 1198 2866 1269 judex
2898 1197 3170 1269 publicus
3203 1198 3495 1255 licentiam
3530 1199 3589 1255 in

1940 1287 2208 1343 homines
2251 1286 2322 1344 ad
2369 1288 2678 1360 praefatum
2730 1286 3155 1342 monasterium
3186 1287 3592 1345 Herivortense

1940 1376 2298 1449 pertinentes
2360 1376 2541 1431 ullam
2598 1375 2972 1448 judiciariam
3042 1376 3254 1432 habeat
3328 1394 3592 1434 exercere

1940 1470 2287 1538 potestatem
2315 1484 2327 1535 ;
2357 1466 2457 1522 sed
2490 1465 2683 1521 omnis
2712 1482 2912 1522 eorum
2945 1482 3037 1522 res
3081 1482 3276 1522 coram
3314 1466 3592 1524 advocato

1942 1555 2204 1628 ipsorum
2253 1555 2585 1620 deﬁniatur,
2619 1571 2794 1627 quam
2828 1555 3307 1612 constitutionem
3337 1560 3592 1612 anteces-

1940 1660 2141 1700 sorum
2175 1648 2509 1700 nostrorum
2532 1645 2757 1715 justam
2791 1649 2849 1698 et
2878 1642 3285 1699 rationabilem
3319 1661 3427 1701 nos
3446 1660 3590 1717 quo-

1942 1749 2055 1805 que
2111 1732 2385 1805 praedicto
2445 1733 2803 1789 monasterio
2860 1732 3247 1787 Herivortens’.
3307 1737 3592 1805 praecepto

1940 1826 2140 1877 nostro
2174 1820 2350 1895 regali
2383 1821 2805 1876 confirmamus
2838 1825 3011 1892 atque
3046 1822 3595 1878 corroboramus.Et

1942 1915 2008 1965 ut
2041 1909 2158 1965 haec
2188 1910 2653 1965 conﬁrmationis
2688 1914 2897 1964 nostrae
2929 1909 3247 1966 auctoritas
3278 1909 3506 1966 stabilis
3537 1914 3596 1967 et

1940 1999 2284 2055 inconvulsa
2333 1999 2493 2054 omni
2553 2004 2892 2071 permaneat
2946 2016 3085 2063 sevo,
3118 1999 3268 2055 hanc
3317 1999 3592 2073 paginam

1942 2088 2077 2144 inde
2106 2088 2495 2160 conscriptam
2530 2105 2708 2142 manu
2742 2087 2998 2160 propria,
3050 2092 3117 2143 ut
3163 2088 3315 2145 infra
3341 2088 3592 2157 videtur,

1942 2176 2407 2244 corroborantes,
2438 2175 2615 2249 sigilli
2646 2176 2830 2233 nostri
2884 2176 3269 2249 impressione
3300 2177 3594 2248 jussimus

1943 2264 2237 2338 insigniri.

2014 2354 2248 2423 Signum
2292 2352 2481 2410 domui
2522 2353 2770 2408 Ileinriei
2814 2355 2967 2408 tertii
3007 2354 3093 2425 (L.
3146 2352 3248 2425 M.)
3277 2355 3421 2425 regis
3450 2355 3591 2411 invi-

1942 2444 2191 2498 etissimi.

2014 2530 2387 2587 Eberhardus
2408 2530 2792 2588 cancellarius
2822 2531 2945 2588 vice
2974 2531 3257 2589 Bardonis
3296 2532 3594 2593 archican-

1944 2618 2166 2675 cellarii
2194 2620 2546 2692 recognovit.

2016 2709 2161 2764 Data
2190 2726 2247 2764 x1
2281 2708 2408 2765 Kal.
2442 2708 2711 2775 Januar.,
2744 2709 3063 2765 indictione
3086 2726 3367 2779 vnl,anno
3397 2710 3594 2767 Domi-

1945 2798 2088 2853 nicaa
2120 2797 2545 2854 Incarnationis
2568 2799 2708 2853 1040
2734 2817 2748 2867 ;
2773 2815 2924 2854 anno
2973 2802 3169 2855 autem
3199 2799 3401 2855 domui
3431 2799 3598 2856 Hein-

1945 2886 2048 2942 rici
2074 2887 2151 2943 Ill
2182 2886 2568 2943 ordinationis
2598 2888 2726 2959 ejus
2751 2905 2874 2955 xm,
2908 2888 3072 2961 regni
3105 2905 3235 2945 vero
3258 2905 3316 2944 ιι.

2015 2975 2224 3028 Actum
2258 2972 2555 3029 Herivorte
2584 2972 2843 3029 feliciter.
2866 2976 3069 3031 Amen.

2728 3069 2819 3125 IV.

183 3150 333 3227 έὶἮα
359 3148 552 3205 antem
576 3146 808 3221 εθιιθτίε
827 3146 917 3203 Sili
939 3144 1181 3202 tradidit
1207 3141 1417 3199 cenam
1451 3141 1836 3230 qua3_‘_’0°atm_‘
1865 3136 1909 3204 C
1945 3159 2225 3214 Decretum
2251 3158 2470 3214 Henriei
2498 3158 2643 3230 regis
2670 3158 2749 3214 III
2791 3174 2896 3230 quo
2943 3158 3222 3215 interdicit
3271 3160 3591 3217 Walderico

188 3225 439 3313 Meppia,
468 3253 601 3293 cum
628 3235 881 3309 decimis
908 3239 964 3291 et
993 3230 1465 3308 possessionibus
1487 3228 1746 3299 undique
1762 3225 1835 3281 ad

185 3342 321 3385 eam
343 3324 795 3401 pertinentibus,
814 3328 872 3380 et
898 3322 1203 3380 ecclesiam
1234 3318 1557 3376 Heresburc
1584 3315 1837 3372 circum-

190 3428 425 3490 quaque
444 3430 550 3487 per
577 3413 727 3469 duas
770 3411 1074 3470 saxonicas
1104 3414 1314 3475 rastas,
1347 3408 1418 3463 ad
1449 3420 1657 3462 novam
1696 3403 1835 3459 Cor-

184 3505 398 3562 beiam.
420 3503 506 3559 Ad
544 3502 951 3560 Herivortense
970 3516 1105 3555 vero
1138 3496 1560 3555 monasterium
1588 3496 1648 3551 in
1680 3494 1833 3569 epis-

183 3594 398 3666 copatu
415 3590 853 3666 Asnabrugensi
871 3587 1189 3649 Ecclesiam
1211 3587 1445 3645 Buinidi
1463 3602 1597 3643 cum
1610 3587 1837 3657 subjec-

180 3681 261 3739 tis
281 3681 394 3738 sibi
440 3680 724 3750 ecclesiis,
752 3681 809 3736 in
844 3679 1123 3752 parochia
1151 3676 1617 3735 Mimiernevordi
1651 3675 1833 3733 eccle-

183 3770 496 3827 siam'Reni
517 3786 653 3826 cum
691 3769 788 3826 his
826 3785 958 3841 quae
980 3768 1051 3825 ad
1074 3784 1204 3825 eam
1226 3767 1522 3841 pertinent
1546 3764 1830 3834 ecclesiis,

178 3861 264 3919 ita
291 3876 434 3918 sane
458 3863 524 3915 ut
553 3858 913 3915 decimarum
964 3857 1332 3930 aliorumque
1370 3855 1667 3912 redituum
1698 3871 1833 3928 pro-

174 3954 391 4011 ventus
412 3938 618 4005 om'nes
660 3946 917 4020 praefatis
948 3947 1222 4004 cederent
1248 3944 1641 4011 monasteriis,
1673 3948 1730 4000 et
1760 3945 1833 3999 ab

178 4038 328 4115 ipsis
355 4037 617 4096 vicissim
650 4042 710 4094 et
736 4040 1190 4110 procurarentur
1237 4035 1510 4106 subjectae
1550 4033 1748 4106 plebes
1774 4033 1832 4087 in

181 4126 622 4203 baptismateﬁn
650 4125 1023 4195 eucharistia,
1052 4125 1111 4181 in
1150 4123 1491 4198 sepulturis,
1523 4123 1582 4179 in
1614 4121 1836 4179 confes-

181 4218 348 4276 sione
373 4220 743 4291 peccatorum
777 4214 1160 4283 audienda,et
1188 4213 1509 4289 presbyteri
1539 4212 1640 4285 qui
1671 4211 1834 4285 prin-

182 4305 403 4381 cipales
422 4304 698 4363 ecclesias
710 4303 1619 4377 tenerentarchipresbyterorum
1641 4301 1833 4357 ofﬁcio

182 4396 590 4471 fungerentur,
621 4395 692 4451 ad
745 4394 970 4468 agenda
996 4393 1197 4450 omnia
1224 4409 1352 4464 quae
1382 4390 1574 4448 solent
1603 4390 1728 4446 ﬁeri
1760 4389 1832 4446 ab

183 4482 706 4558 archipresbyteris
739 4480 1257 4556 episcoporumet
1284 4495 1420 4536 cum
1442 4479 1555 4551 ipsi
1576 4477 1834 4551 episcopi

185 4573 535 4631 circationes
563 4588 704 4629 suas
732 4571 814 4627 ibi
844 4587 1016 4645 agere
1043 4568 1419 4635 deberent,ad
1450 4583 1652 4624 corum
1675 4584 1835 4622 man-

184 4661 474 4720 sionatica
502 4663 740 4720 daretur
771 4664 833 4717 ut
858 4661 916 4716 in
943 4657 1364 4735 capitularibus
1394 4660 1831 4713 antecessorum

186 4754 523 4808 nostrarum
536 4751 941 4824 praescriptum
965 4749 1232 4816 habetur,
1250 4746 1515 4804 videlicet
1544 4748 1827 4818 quantum

186 4837 334 4895 satis
361 4839 438 4896 sit
465 4840 551 4896 eis
574 4839 721 4909 dari,
754 4844 813 4897 et
839 4839 1097 4912 episcopi
1121 4855 1236 4895 non
1266 4836 1399 4910 plus
1431 4837 1715 4908 quaerant,
1730 4850 1835 4890 nec

186 4944 323 4985 cum
352 4927 624 5002 pluribus
652 4930 887 4986 veniant
914 4946 1093 5002 quam
1119 4927 1277 4985 uteis
1302 4927 1569 4984 sufﬁcere
1587 4922 1832 4998 possint.

184 5016 269 5075 Ne
288 5021 484 5077 autem
504 5018 564 5075 in
584 5034 825 5077 summa
835 5017 1014 5074 debiti
1030 5018 1438 5091 episcoporum
1460 5013 1678 5073 servitii
1700 5012 1835 5087 plus

188 5105 522 5181 exigeretur
566 5124 742 5181 quam
767 5124 915 5182 opus
952 5106 1047 5175 sit,
1070 5110 1401 5164 statuerunt
1427 5104 1837 5178 praedictarum

185 5194 566 5254 ecclesiarum
596 5196 854 5273 episcopi
893 5214 1027 5254 cum
1042 5212 1332 5254 consensu
1356 5193 1620 5269 synodali
1635 5209 1832 5249 coram

187 5289 555 5344 antecessore
571 5291 772 5345 nostro
788 5286 998 5344 Ottone
1014 5288 1365 5361 imperatore
1382 5289 1440 5340 et
1455 5281 1837 5355 archiepisco-

184 5389 263 5447 po
295 5375 887 5450 Rabanoeaaterisque
904 5375 1186 5433 cumeoin
1199 5374 1423 5449 synodo
1436 5370 1838 5446 agentibus,ut

183 5463 401 5521 dentur
423 5466 496 5524 ad
526 5465 795 5539 singulas
824 5464 1101 5524 ecclesias
1128 5464 1289 5538 porci
1319 5480 1397 5532 1v,
1426 5460 1688 5519 valentes
1720 5459 1836 5519 sin-

185 5552 312 5633 guli
340 5553 616 5616 denarios
643 5568 745 5627 xu,
777 5558 880 5616 aut
906 5554 1117 5616 arietes
1173 5569 1274 5615 VIII
1328 5550 1696 5613 tantumdem
1733 5566 1835 5610 va-

2014 3229 2201 3285 abbati
2218 3231 2542 3285 monasterii
2566 3228 2937 3287 Cremonensis
2949 3229 3137 3285 Sancti
3156 3232 3440 3286 Laurentii
3458 3233 3594 3289 alie-

2012 3303 2293 3356 nationem
2316 3304 2366 3355 et
2390 3302 2669 3371 precarios
2700 3300 2961 3356 bonorum
3001 3302 3175 3372 ipsius
3213 3304 3445 3358 eaznobii
3473 3305 3592 3359 abs-

2017 3388 2119 3443 que
2146 3388 2409 3428 consensu
2437 3373 2674 3443 episcopi
2702 3372 3097 3427 Cremonensis.

2566 3445 2753 3509 (Anno
2784 3442 2972 3512 4040.)

2249 3513 2595 3584 [Memnona
2626 3514 2812 3586 Antiq.
2846 3515 2995 3583 Ital.,
3021 3513 3115 3581 VI,
3137 3516 3290 3588 217.]

2016 3602 2080 3659 In
2114 3602 2354 3659 nomine
2382 3606 2593 3658 sanctae
2624 3606 2682 3658 et
2711 3602 3025 3659 individua;
3056 3603 3379 3673 Trinitatis,
3414 3607 3593 3661 Hum-

1943 3707 2126 3760 RICUS,
2175 3690 2372 3747 divina
2410 3690 2633 3747 favente
2682 3691 3104 3760 misericordia,
3140 3693 3493 3749 Francorum
3539 3696 3597 3748 et

1944 3779 2464 3853 Longobardorum
2496 3797 2617 3836 rex.

2014 3868 2071 3923 Si
2106 3872 2443 3924 sanctorum
2477 3868 2579 3924 Dei
2626 3867 3041 3935 Ecclesiarum,
3086 3872 3195 3925 etc.
3231 3870 3597 3943 Quapropter

1941 3960 2144 4013 notum
2177 3956 2257 4012 sit
2286 3957 2563 4012 omnibus
2594 3957 2809 4014 nostris
2836 3957 3130 4023 ﬁdelibus,
3156 3960 3276 4013 tam
3300 3957 3595 4030 praesenti-

1940 4046 2052 4102 bus
2084 4061 2262 4118 quam
2286 4044 2521 4111 futuris,
2547 4045 2703 4117 quod
2734 4046 2820 4100 vir
2864 4044 3213 4101 venerabilis
3264 4046 3593 4115 Hubaldus,

1942 4138 2156 4191 sanctae
2183 4133 2589 4190 Cremonensis
2611 4132 2882 4190 Ecclesia;
2911 4133 3244 4206 episcopus,
3266 4137 3324 4190 et
3352 4150 3456 4206 per
3473 4150 3598 4191 om-

1941 4223 2040 4280 nia
2084 4222 2171 4279 vir
2190 4221 2595 4288 ﬁdelissimus,
2624 4221 2924 4279 modestiae
2949 4226 3161 4278 nostrae
3183 4221 3405 4292 retulit,
3437 4225 3595 4296 quod

1941 4313 2207 4385 quaedam
2230 4311 2484 4377 abbatia,
2519 4329 2626 4368 suo
2675 4311 2971 4385 episcopio
3023 4311 3281 4380 subdita,
3313 4312 3459 4368 etin
3491 4311 3595 4369 ho-

1941 4418 2081 4457 nore
2114 4402 2302 4457 sancti
2347 4400 2647 4457 Laurentii
2695 4400 2964 4457 dedicata
3010 4403 3069 4456 et
3114 4399 3269 4455 infra
3303 4400 3595 4458 civitatem

1850 4502 1912 4568 ’Β
1944 4506 2115 4546 suam
2147 4489 2282 4559 sita,
2316 4506 2351 4545 a
2398 4490 2653 4561 quodam
2703 4489 2933 4557 abbate,
2974 4488 3306 4545 Walderico
3337 4489 3593 4562 nomine,

1942 4577 2374 4633 diminueretur
2403 4577 2461 4633 in
2493 4577 2843 4633 beneﬁcium
2872 4576 3152 4645 dando,et
3173 4575 3360 4632 malas
3388 4575 3597 4634 inscri-

1939 4665 2167 4737 ptiones
2206 4665 2489 4733 faciendo,
2519 4664 2744 4721 scilicet
2792 4665 3045 4737 injustas
3085 4665 3400 4734 precariae,
3439 4680 3598 4721 com-

1947 4752 2305 4808 mutationes
2336 4769 2402 4808 ac
2423 4752 2739 4810 libellarias
2764 4772 2777 4823 ;
2802 4758 2860 4808 et
2879 4753 2987 4808 hac
3004 4752 3307 4807 occasione
3323 4751 3599 4807 victualia

1947 4841 2193 4897 fratnum
2245 4841 2762 4908 subtrahebantur,
2812 4845 2869 4898 et
2915 4839 3267 4897 famulorum
3316 4841 3599 4898 beneﬁcia

1947 4929 2403 4999 minuebantur;
2427 4935 2483 4986 et
2510 4931 2595 4988 sic
2625 4931 2918 4988 orationes
2945 4933 3002 4987 et
3031 4928 3432 5002 eleemosynaa,
3467 4944 3596 5001 quae

1946 5035 2049 5090 pro
2080 5019 2278 5075 anima
2301 5018 2456 5074 illius
2478 5020 2577 5092 qui
2594 5036 2720 5076 eam
2735 5017 3144 5084 construxit,et
3162 5032 3266 5090 pro
3284 5015 3596 5073 animabus

1945 5105 2209 5163 omnium
2232 5107 2697 5165 Christianorum
2716 5107 2839 5164 ﬁeri
2862 5104 3601 5174 debebant,diminuivide-

1944 5196 2179 5252 bantur.
2207 5197 2388 5269 Cujus
2436 5196 2518 5253 rei
2549 5213 2728 5253 causa
2772 5195 2970 5252 dolore
3001 5195 3197 5251 cordis
3229 5194 3362 5251 tacti
3393 5194 3600 5251 intrin-

1945 5301 2138 5351 secus,
2165 5286 2320 5358 quod
2365 5285 2501 5342 inde
2545 5286 2726 5351 ﬁeret,
2758 5284 3012 5358 cogitare
3055 5283 3360 5356 ccepimus.
3393 5283 3599 5338 Divina

1944 5389 2201 5445 namque
2219 5374 2409 5447 gratia
2427 5374 2840 5448 inspirante,ct
2860 5371 3227 5428 dilectissimi
3259 5371 3441 5428 nostri
3465 5388 3599 5428 con-

1944 5460 2254 5533 sanguinei
2285 5462 2623 5519 Herimanni
2645 5460 3005 5518 Coloniensis
3031 5460 3476 5535 archiepisc0pi,
3511 5465 3595 5517 at-

1945 5566 2060 5629 que
2078 5550 2373 5635 Brunonis
2403 5552 2675 5614 similiter
2700 5549 2886 5609 nostri
2902 5550 3238 5613 charissimi
3260 5551 3598 5615 consobrini
