3968 6126
344 192 496 254 1091

1701 196 2017 263 MONUM.
2064 192 2392 263 DIPLOM.

3593 185 3763 251 1092

342 303 864 397 \Verzeburgensi‘s
879 326 1159 402 episcopi,
1193 347 1297 386 nec
1332 348 1443 387 non
1480 332 1716 388 Kadeloi
1741 332 1996 406 episcopi
2024 332 2081 398 Α
2109 331 2372 403 genitore
2402 331 2598 382 nostro
2630 322 2743 396 ipsi
2775 320 2883 378 fuit
2924 320 3261 379 restitutum
3294 338 3327 378 a
3358 321 3570 378 comite
3618 322 3761 379 Her-

342 418 515 487 atque
536 415 863 472 cancellarii
889 419 1094 487 nostri,
1119 420 1360 475 consilio
1400 418 1786 477 saluberrimo
1820 423 1991 476 inter-

336 503 625 569 veniente,
682 511 891 561 nostrzn
943 507 1155 578 regalis
1211 508 1572 564 auctoritatis
1617 514 1991 583 prmccptum.

339 594 494 665 quod
521 593 854 651 inviolabile
880 596 1295 667 perpetualiter
1324 602 1612 667 teneatur,
1646 599 1768 655 ﬁeri
1792 617 1995 671 praece-

338 682 555 755 pimus.
592 684 669 737 Ea
693 682 959 737 videlicet
978 684 1202 739 ratione
1234 690 1300 740 ut
1347 690 1466 741 tam
1510 705 1765 759 praesens
1811 688 1992 743 abbas

339 788 515 844 quam
541 770 720 826 futuri
763 771 986 827 nullam
1027 778 1372 844 potestatem
1413 775 1689 848 deinceps
1739 776 1994 832 habeant

337 862 409 916 de
442 860 615 915 rebus
646 861 717 914 ad
752 860 1086 943 praedictam
1117 863 1410 918 abbatiam
1456 865 1879 936 pertinentibus
1906 867 1990 922 di-

335 951 731 1017 minuere,nec
757 951 814 1004 in
851 951 1198 1007 beneﬁcium
1234 954 1557 1020 dando,nec
1586 956 1991 1011 commutatio-

340 1055 443 1095 nes
474 1055 575 1094 seu
601 1039 893 1109 precarias
925 1043 1099 1111 atque
1121 1039 1439 1097 libellarias
1472 1042 1897 1114 faciendo,sinc
1928 1044 1992 1099 li-

335 1128 523 1183 centia
569 1128 825 1198 praedicti
878 1128 1127 1183 Hubaldi
1175 1130 1431 1202 episc0pi
1465 1137 1521 1185 et
1578 1149 1987 1188 successorum

335 1218 463 1287 ejus
511 1216 611 1287 qui
664 1234 765 1288 pro
799 1221 1055 1289 tempore
1087 1218 1317 1272 fuerint.
1353 1218 1407 1271 Si
1455 1219 1588 1291 quis
1629 1238 1763 1276 vero
1808 1222 1988 1277 abbas

335 1309 539 1360 contra
570 1304 719 1360 hanc
752 1310 1010 1360 nostram
1063 1305 1467 1362 auctoritatem
1500 1309 1717 1376 fecerit,
1739 1310 1902 1365 irrita
1931 1317 1989 1366 et

335 1411 520 1448 vacua
548 1398 604 1449 et
635 1394 761 1448 sine
793 1394 995 1448 robore
1032 1401 1432 1466 permaneant,
1456 1400 1512 1452 et
1542 1398 1723 1454 abbas
1751 1400 1986 1471 proprio

334 1482 554 1537 honore
580 1485 637 1537 et
661 1481 943 1554 dignitate
970 1482 1312 1554 privetur,“
1343 1483 1425 1538 illi
1448 1486 1546 1557 qui
1580 1484 1985 1542 investit-uram

338 1575 441 1626 aut
470 1569 700 1643 aliquod
726 1571 1007 1642 scriptum
1024 1572 1322 1644 suscipere
1334 1576 1987 1646 praesumpserit,sciant

339 1673 400 1711 se
431 1657 860 1728 composituros
893 1658 1019 1712 auri
1051 1659 1255 1731 optimi
1288 1659 1469 1716 libras
1500 1667 1755 1729 centum,
1776 1664 1987 1719 medie-

339 1750 516 1800 tatem
552 1762 791 1801 camerze
825 1749 1056 1814 nostris,
1090 1753 1146 1801 et
1190 1748 1561 1805 medietatem
1595 1752 1858 1818 abbatim,
1893 1753 1986 1808 cui

338 1835 621 1889 damnum
655 1834 866 1890 inferre
896 1836 1223 1892 tentavcrit.
1249 1838 1409 1903 Quod
1453 1843 1516 1893 ut
1563 1841 1755 1895 verius
1795 1843 1989 1898 creda-

336 1929 453 1989 tur,
485 1928 595 1979 etc.

407 2012 637 2083 Signum
666 2011 855 2068 domui
882 2014 1126 2067 Heinrici
1153 2014 1544 2084 gloriosissimi
1569 2020 1619 2073 ct
1640 2019 1989 2074 invictissimi

337 2102 498 2171 regis.

409 2188 692 2245 Kadeolus
727 2188 1035 2262 episcopus
1067 2195 1124 2246 et
1173 2192 1575 2263 cancellarius,
1623 2196 1743 2252 vice
1787 2195 1987 2251 domni

337 2277 674 2334 Herimanni
707 2277 1126 2350 archiepiscopi
1175 2288 1229 2335 et
1269 2280 1763 2339 archicancellarii
1796 2301 1988 2357 recog-

338 2384 488 2422 DOVI.

406 2456 616 2511 Datum
666 2473 756 2510 xvi
808 2456 1092 2512 Kalendas
1151 2458 1468 2524 Februarii,
1522 2461 1833 2517 indictione
1886 2480 1982 2528 vu,

338 2561 490 2599 anno
529 2546 678 2610 1040,
713 2561 865 2599 anno
898 2562 1028 2599 vero
1050 2545 1249 2599 domui
1281 2547 1552 2604 Heinrici.
1594 2592 1603 2601 .
1642 2592 1654 2603 .
1692 2592 1703 2604 .

405 2634 612 2686 Actum
644 2634 917 2702 Augusta:
950 2631 1209 2687 feliciter.
1245 2636 1449 2689 Amen.

1136 2748 1201 2801 V.

336 2834 587 2913 Diploma
621 2834 875 2888 Ileinrici
902 2835 975 2888 III
1008 2836 1149 2913 regis
1198 2836 1557 2893 Romanorum
1604 2845 1849 2913 I’opponi
1889 2844 1983 2898 ab-

406 2906 521 2983 bati
558 2920 891 2983 concessum.
927 2906 1219 2983 —_‘0mncs
1266 2913 1584 2966 monasterii
1630 2906 1986 2983 possessiones

402 2985 454 3032 et
483 2977 858 3032 immunitates
882 2978 1187 3046 conﬁrmat.

955 3067 1139 3137 (Anno
1168 3068 1350 3139 1040.)

610 3153 930 3221 [MARTENE,
962 3156 1138 3226 Ampi.
1176 3156 1413 3225 ϐοηθοίη
1460 3159 1554 3228 ΙΙΙ,
1590 3163 1704 3233 50.]

405 3254 467 3307 In
503 3252 740 3307 nomine
771 3257 985 3309 sanctae
1008 3260 1065 3309 et
1086 3254 1397 3310 individuee
1422 3257 1726 3315 Trinitatis
1752 3261 1984 3317 Hamm-

332 3357 458 3409 cus,
492 3341 690 3397 divina
719 3342 943 3399 favente
971 3342 1299 3411 clementia,
1336 3362 1457 3401 rex.

404 3429 748 3484 Sublimitas
800 3429 1013 3502 regalis
1061 3433 1381 3503 prudentiae
1441 3434 1556 3490 Deo
1605 3438 1980 3494 servientium

331 3515 460 3587 paci
492 3531 558 3570 ac
593 3517 774 3587 quieti
822 3518 1178 3574 omnimodis
1221 3520 1391 3576 debet
1428 3523 1777 3595 prospicere.
1822 3526 1984 3584 Unde

334 3603 652 3674 comperiat
681 3606 948 3659 omnium
1002 3606 1263 3662 ﬁdelium
1319 3616 1654 3667 nostrorum
1685 3618 1807 3670 tam
1838 3633 1982 3687 pra:-

332 3693 589 3748 sentium
624 3711 801 3765 quam
842 3694 1175 3750 futurorum
1206 3698 1515 3767 industria,
1550 3704 1703 3772 quod
1748 3722 1981 3762 monas-

330 3782 460 3837 terii
492 3781 756 3838 Stabulai
807 3783 917 3839 sub
952 3788 1152 3839 nostra
1182 3784 1400 3842 ditione
1444 3788 1541 3843 siti
1573 3790 1649 3862 (7)
1684 3809 1983 3851 consecra-

330 3870 473 3925 tioni
504 3876 838 3943 prmsentes,
862 3872 918 3927 id
947 3878 1035 3927 est
1066 3874 1361 3931 obtinente
1392 3878 1546 3949 apud
1580 3886 1841 3939 nostram
1877 3884 1983 3940 cel-

330 3959 647 4015 situdinem
676 3959 905 4016 abbatis
937 3962 1201 4032 ejusdem
1252 3961 1383 4031 loci,
1417 3965 1638 4023 scilicet
1691 3970 1982 4044 Popponis

329 4048 907 4121 reverentia,petente
941 4051 1144 4106 eodem
1168 4053 1397 4123 abbate,
1415 4055 1586 4125 juxta
1608 4060 1980 4133 antiquorum

330 4153 534 4209 regum
578 4138 875 4211 Sigiberti.
922 4138 1254 4209 Childerici,
1313 4140 1598 4213 Clodovei,
1652 4149 1980 4221 Dagoberti,

326 4227 428 4297 qui
460 4231 895 4282 constructores
928 4227 1086 4282 fuere
1138 4230 1359 4300 praefati
1394 4231 1755 4299 loci,necnon
1785 4240 1841 4292 et
1870 4238 1979 4292 im-

327 4320 664 4385 peratorum
687 4313 893 4379 Caroli,
928 4314 1228 4382 Ludovici,
1263 4317 1539 4373 Ottonum
1585 4322 1788 4385 trium,
1818 4324 1984 4380 Hein-

2105 436 2320 474 manno
2352 435 2419 474 ex
2450 415 2676 471 haerede
2726 416 2955 468 mortuo
3002 428 3106 484 per
3143 411 3445 484 aliquanta
3490 415 3764 485 tempora

2101 507 2320 579 injuste
2348 508 2670 570 detentum,
2706 501 2957 560 Scaletin
2991 499 3260 557 videlicet
3287 505 3345 557 et
3374 500 3589 557 Palisol
3620 518 3759 557 cum

2101 597 2379 652 omnibus
2410 593 2762 667 appenditiis
2807 591 2951 659 suis,
3003 596 3061 647 et
3102 590 3389 663 quidquid
3440 590 3513 646 ad
3557 589 3759 663 ipsum

2100 685 2295 741 locum
2327 684 2718 752 emit,sextam
2751 680 2971 737 scilicet
2998 681 3068 735 de
3098 679 3380 735 Amblava
3410 682 3469 735 et
3506 679 3760 735 Tumbis

2101 790 2135 830 a
2165 773 2373 829 comite
2403 771 2716 828 Godet‘rido
2766 771 2836 825 de
2886 768 3138 842 Zingeis,
3168 767 3259 824 vel
3310 768 3468 840 quod
3498 769 3570 824 de
3601 767 3757 824 bono

2100 861 2353 919 ecclesiae
2380 861 2791 917 concambium
2820 856 3298 929 Wendengias,et
3316 857 3756 913 Corworonnon

2099 951 2327 1007 abbatis
2357 950 2552 1005 Sancti
2585 946 2887 1004 Maximini
2921 947 3055 1001 data
3084 942 3221 1001 villa
3248 943 3751 1002 Astebronnaloco

2099 1039 2424 1095 concambii
2457 1040 2582 1095 sine
2614 1037 2813 1109 aliqua
2840 1036 3165 1090 infractura
3194 1039 3428 1090 maneat
3454 1034 3753 1090 inconvul-

2099 1129 2551 1196 sum.Quoniam
2579 1144 2712 1182 vero
2745 1126 3199 1198 praedecessores
3235 1125 3417 1180 nostri
3468 1140 3632 1197 reges
3660 1123 3750 1179 vel

2098 1219 2481 1291 imperatores
2540 1235 2657 1272 sum
2718 1213 3082 1270 auctoritatis
3142 1213 3414 1268 ﬁrmitate
3464 1213 3575 1286 ipsi
3622 1212 3749 1268 loco

2097 1308 2484 1372 sancivere,ut
2505 1306 2818 1361 advocatus
2830 1302 3090 1375 ejusdem
3131 1300 3386 1357 ecclesiae
3408 1300 3467 1356 in
3490 1301 3751 1356 eortibus

2097 1396 2168 1451 ad
2205 1395 2397 1451 locum
2443 1393 2894 1466 respicientibus
2945 1408 3057 1446 non
3093 1394 3412 1462 praesumat
3440 1406 3752 1446 mansuras

2096 1489 2197 1539 aut
2228 1489 2536 1557 paraturas
2595 1484 2780 1538 facere
2834 1479 3232 1544 redibitiones,
3290 1479 3450 1534 freda
3501 1480 3750 1553 exigere,

2095 1578 2196 1629 aut
2228 1573 2505 1646 placitum
2530 1575 2853 1637 tenere,a'1t
2877 1568 3213 1642 parafredos
3235 1568 3347 1624 sibi
3370 1586 3606 1626 sumere
3626 1569 3754 1626 sine

2095 1662 2386 1735 permissu
2419 1662 2647 1718 abbatis
2686 1666 2744 1717 et
2782 1659 3082 1715 voluntate
3127 1658 3351 1723 eadem,
3402 1663 3459 1714 et
3490 1667 3599 1714 nos
3638 1657 3752 1730 ipsi

2096 1750 2291 1806 abbati
2350 1750 2637 1805 ﬁrmando
2696 1749 3162 1814 corroboramus,
3224 1747 3521 1819 bannique
3565 1747 3753 1803 nostri

2096 1839 2473 1912 impositione
2532 1857 2602 1895 nc
2659 1839 2933 1909 deinceps
2991 1837 3307 1909 quisquam
3362 1836 3484 1891 haec
3542 1835 3754 1891 audeat

2096 1927 2412 2000 infringere
2441 1928 2798 2000 vigoramus,
2824 1930 2881 1982 et
2928 1924 3217 1997 quidquid
3251 1941 3391 1981 sane
3440 1923 3754 1996 acquisivit

2097 2021 2198 2072 aut
2228 2016 2583 2089 acquisitum
2598 2015 2812 2088 reperit
2833 2014 2890 2068 in
2916 2013 3278 2086 quibuslibet
3290 2013 3465 2070 rebus
3486 2011 3749 2069 ecclesia

2097 2106 2404 2162 roboratur
2428 2111 2638 2161 nostrae
2669 2104 3031 2161 auctoritatis
3064 2107 3189 2158 rata
3210 2102 3613 2176 prmceptione,
3645 2101 3752 2158 ha-

2096 2195 2240 2250 bens
2263 2194 2644 2250 emunitatem
2662 2193 2732 2248 ab
2756 2192 3342 2248 omniadvocatorum
3358 2190 3750 2247 infestatione.

2098 2282 2163 2337 Et
2195 2283 2473 2355 quoniam
2510 2280 2814 2338 monachis
2848 2280 3086 2335 alterius
3119 2279 3454 2342 cmnobii.id
3494 2283 3583 2334 est
3614 2277 3758 2333 Mal-

2095 2371 2645 2442 mundarii,saneita
2673 2369 3046 2442 antiquorum
3079 2385 3283 2441 regum
3308 2367 3395 2424 vel
3435 2368 3752 2440 imperato-

2096 2477 2224 2515 rum
2260 2477 2374 2515 non
2408 2459 2782 2528 suffecerunt,
2808 2463 2865 2513 et
2896 2458 3005 2513 sub
3052 2458 3284 2513 duobus
3315 2456 3627 2512 abbatibus
3658 2473 3756 2512 re-

2096 2549 2359 2606 scindere
2398 2550 2599 2604 eadem
2652 2547 3008 2603 monasteria
3055 2546 3489 2617 laboraverunt,
3530 2545 3689 2618 quod
3718 2562 3756 2601 a

2094 2638 2457 2709 temporibus
2488 2636 2674 2693 sancti
2709 2635 2972 2709 Remagii
3002 2636 3195 2692 adhuc
3216 2639 3416 2691 manet
3443 2633 3749 2690 inconvul-

2095 2744 2225 2782 sum
2259 2732 2494 2799 propter
2524 2725 3009 2797 hazc,inquam,ut
3039 2741 3111 2779 ne
3142 2740 3259 2796 qua
3286 2723 3561 2795 deinceps
3593 2723 3748 2778 inter

2093 2833 2191 2871 eos
2251 2814 2644 2871 controversia
2694 2814 2815 2881 ﬁat,
2850 2814 3004 2886 quod
3066 2813 3326 2869 evenisse
3384 2812 3751 2884 temporibus

2093 2904 2291 2960 domni
2327 2904 2698 2976 imperatoris
2729 2903 2959 2959 Ottonis
2989 2901 3229 2959 secundi
3261 2906 3511 2970 constat,
3530 2900 3746 2957 statui-

2094 3010 2227 3048 mus
2254 2993 2580 3048 secundum
2613 2991 3087 3047 mansuetudinis
3118 2994 3330 3046 nostra:
3360 2989 3643 3054 edictum,
3676 2995 3747 3045 ut

2013 3068 2055 3135 C
2097 3083 2270 3137 unius
2328 3081 2556 3137 abbatis
2614 3080 2884 3154 regimini
2935 3080 3088 3135 sicut
3144 3077 3369 3152 jugiter
3424 3078 3748 3150 permansit

2092 3174 2407 3243 utrumque
2438 3170 2767 3242 subjectum
2798 3167 3147 3225 cmnobium.
3184 3168 3253 3223 Et
3284 3171 3349 3223 ut
3379 3167 3500 3222 haec
3532 3171 3747 3223 nostra

2091 3258 2486 3315 concessionis
2515 3275 2582 3315 ac
2613 3256 3076 3314 conﬁrmationis
3106 3257 3177 3311 de
3206 3256 3480 3311 omnibus
3511 3254 3605 3311 bis
3627 3255 3746 3328 ple-

2092 3348 2221 3403 nior
2251 3348 2537 3403 habeatur
2557 3346 2899 3415 auctoritas,
2931 3363 3108 3402 manu
3143 3344 3379 3418 propria
3398 3345 3507 3402 hoc
3541 3361 3752 3418 praece-

2091 3440 2257 3508 ptum
2286 3437 2489 3492 subter
2515 3436 2901 3503 ﬁrmavimus,
2924 3434 3220 3508 sigillique
3265 3434 3451 3490 nostri
3498 3433 3746 3508 impres-

2092 3525 2253 3581 sione
2282 3525 2550 3598 insigniri
2574 3526 2890 3596 jussimus.

2163 3614 2391 3685 Signum
2420 3615 2608 3670 damni
2638 3616 2884 3671 Heinrici
2913 3617 3059 3685 regis
3092 3615 3457 3670 invictissimi.

2164 3702 2557 3759 Theodericus
2588 3702 2971 3759 cancellarius
3011 3703 3133 3759 vice
3165 3702 3448 3759 Bardonis
3478 3702 3747 3759 archica-

2091 3792 2305 3865 pellani
2342 3792 2667 3866 recognovi.

2163 3881 2307 3936 Data
2331 3881 2476 3936 Non.
2509 3880 2688 3949 Junii,
2723 3881 3040 3937 indictione
3090 3899 3211 3948 vni,
3243 3898 3397 3937 anno
3428 3879 3745 3939 Dominicaa

2092 3970 2516 4025 Incarnationis
2561 3970 2872 4027 millesimo
2922 3970 3398 4044 quadragesimo,
3447 3987 3600 4026 anno
3647 3987 3747 4026 au-

2090 4062 2208 4114 tem
2264 4057 2464 4114 domni
2524 4059 2776 4115 Heinrici
2833 4060 2984 4132 regis
3040 4059 3115 4115 ΙΙΙ
3173 4058 3563 4116 ordinationis
3618 4076 3743 4129 xm,

2092 4147 2253 4219 regni
2287 4165 2342 4202 ιι.
3006 4188 3015 4199 .

2163 4238 2372 4291 Actum
2395 4235 2653 4292 Stabulai
2689 4237 2946 4294 feliciter.
2980 4238 3183 4293 Amen.

2861 4343 2954 4400 VI.

328 4400 561 4471 rici,sed
595 4405 650 4455 et
684 4401 1074 4457 serenissima:
1106 4405 1403 4461 memoriae
1431 4406 1763 4466 Chuonradi
1795 4411 1979 4486 impe-

2163 4432 2453 4503 ivilegium
2493 4449 2589 4505 pro
2624 4434 2959 4507 parthenone
2990 4433 3043 4488 S.
3078 4434 3266 4489 Maria
3296 4433 3744 4507 Mimigardefor-

327 4487 537 4543 ratoris
565 4490 848 4560 genitoris
881 4490 1063 4545 nostri
1111 4492 1355 4557 sancita,
1391 4497 1847 4567 appendentium
1891 4504 1979 4559 vel

324 4576 673 4632 traditarum
711 4594 904 4633 rerum
951 4578 1035 4633 illi
1090 4579 1346 4637 ecclesia:
1404 4599 1437 4637 a
1488 4589 1749 4658 tempore
1795 4598 1976 4658 sanet;

328 4666 588 4739 Remain
622 4683 723 4738 per
753 4668 1125 4724 succedentia
1158 4676 1419 4742 tempora
1442 4644 1631 4729 ratam
1651 4644 1984 4753 praeceptio:

327 4771 461 4810 nem
494 4755 862 4812 ﬁrmavimus
890 4756 1067 4830 regali
1102 4760 1444 4816 auctoritate
1475 4768 1696 4821 nostra.
1734 4767 1829 4822 Est
1872 4768 1980 4843 igi-

324 4848 421 4901 tur
453 4849 650 4901 nostra
678 4845 1016 4917 dignatione
1044 4847 1430 4915 sancitum,ut
1452 4851 1736 4924 quidquid
1761 4846 1981 4927 prcide-

325 4949 623 4989 cessorum
652 4951 894 4989 suorum
925 4936 1389 5008 temporibusilli
1423 4939 1548 4996 loco
1564 4942 1674 4998 fuit
1695 4946 1976 5002 traditum

325 5025 426 5076 aut
456 5023 873 5090 condonatum,
907 5025 1005 5079 sed
1048 5026 1200 5096 quod
1218 5024 1407 5081 eidem
1430 5029 1629 5085 abbati
1665 5033 1981 5106 imperator

324 5110 628 5166 Heinricus
675 5112 747 5167 ob
790 5129 908 5168 suae
939 5113 1146 5168 animae
1198 5116 1524 5173 mercedem
1572 5120 1643 5175 de
1686 5122 1978 5181 Hasbanio

325 5198 577 5253 reddidit
628 5200 1006 5269 beneﬁcium,
1036 5201 1155 5257 sive
1205 5204 1357 5274 quod
1414 5222 1446 5259 a
1492 5205 1634 5262 divae
1685 5213 1976 5268 memoriae

396 5322 473 5400 (7)
506 5322 653 5400 Hinc
700 5328 872 5400 patet
916 5326 1411 5384 consecrationem
1469 5332 1834 5391 Stabulensis
1890 5355 1978 5395 ec-

329 5389 987 5481 clLe'sizp‘facta'in‘fuisse.
1027 5399 1370 5481 anno_1040,
1430 5402 1540 5481 sub
1705 5389 1976 5481 Poppo'n'e

330 5460 559 5531 abbate,
613 5464 711 5537 qui
761 5467 1132 5545 disciplinam
1179 5469 1239 5529 in
1291 5460 1646 5535 monasterio
1695 5460 1973 5558 restituit,

2828 4504 2999 4561 diuisi.

2716 4594 2903 4664 (Anno
2938 4594 3120 4666 1040.)

2286 4681 2566 4754 [Ennanm
2599 4681 2723 4737 Cod.
2757 4682 2983 4754 diplom.
3017 4682 3270 4753 Westph.,
3302 4700 3360 4755 p.
3395 4683 3542 4754 107.]

2164 4769 2225 4824 C.
2260 4769 2319 4824 In
2378 4770 2612 4825 nomine
2672 4773 2882 4825 sanctae
2937 4774 2992 4826 et
3050 4769 3363 4826 individua:
3414 4768 3744 4843 Trinitatis,

2092 4858 2633 4926 Hsmmcus,divina
2659 4859 2885 4915 favente
2914 4859 3244 4931 clementia,
3271 4876 3391 4915 rex.

2162 4944 2436 5001 Omnium
2497 4947 2757 5003 ﬁdelium
2808 4951 3144 5003 nostrorum
3191 4951 3314 5004 tam
3363 4948 3743 5020 praesentium

2091 5051 2264 5106 quam
2297 5038 2354 5090 et
2374 5034 2701 5091 futurorum
2724 5036 2907 5093 solers
2930 5037 3151 5092 noverit
3171 5035 3750 5110 industria,qualiter

2089 5140 2195 5179 nos
2228 5122 2422 5178 divina
2452 5125 2847 5182 admonitione
2878 5126 3347 5199 compuncti,nec
3376 5142 3493 5182 non
3524 5124 3746 5184 ﬁdelis-

2088 5213 2236 5268 simo
2268 5229 2333 5267 ac
2368 5213 2838 5285 frequentissimo
2883 5215 3116 5271 servitio
3144 5214 3495 5271 Heremanni
3546 5212 3746 5271 Mimi-

2086 5339 2328 5413 aaditicia
2367 5338 2546 5413 etiam
2595 5339 2853 5413 collapsa
2891 5344 3065 5412 atque
3092 5341 3237 5395 adeo
3268 5338 3575 5413 ecclesiam
3625 5356 3750 5413 res-

2084 5409 2824 5485 t_auravit,quod_amplius
2873 5409 3034 5485 patet
3079 5409 3523 5485 canarratione
3552 5410 3751 5485 ipsius

2086 5479 2467 5542 dedicationis
2495 5479 2814 5556 (Mauram,
2846 5479 3025 5561 Ampi.
3062 5482 3303 5557 ϐοηθοίη
3336 5486 3410 5554 II,
3436 5482 3550 5560 60).
