3968 6126
156 249 321 314 1093

1505 245 1897 313 HENRICUS
1939 247 2025 312 III
2065 246 2228 315 IMP.

3412 250 3569 314 1094

159 381 611 459 gartewrtensis
642 380 909 438 Ecclesia?
964 381 1313 438 venerabilis
1379 384 1637 457 episcopi
1694 400 1808 439 non
1840 384 1896 450 Α
1926 386 2160 455 quando
2193 389 2293 440 aut
2321 386 2638 443 necessitas
2666 382 2865 460 exigit,
2896 389 2997 444 aut
3023 385 3249 442 utilitas
3292 385 3568 457 exposcit,

158 488 481 546 parumper
502 470 1072 544 incitati,quamdam
1087 474 1310 527 curtem
1332 476 1541 527 nostra:
1560 474 1811 545 proprie-

154 561 304 618 tatis
334 560 541 618 Harvia
570 561 809 627 dictam,
844 559 902 615 in
936 576 1086 633 pago
1117 559 1512 632 Livegowe,et
1542 561 1600 615 in
1632 562 1812 617 comi-

158 655 287 707 tatu
319 648 607 706 Dietbaldi
637 649 870 706 comitis
918 649 1115 717 sitam,
1148 666 1251 720 pro
1300 650 1556 706 remedio
1604 651 1812 707 animae

157 738 531 796 dilectissimi
559 738 840 812 genitoris
867 738 1051 793 nostri
1069 737 1401 794 Chuonradi
1423 737 1690 795 videlicet
1710 739 1816 794 im-

158 828 748 902 peratorisﬁugusti.
781 832 838 883 et
884 844 988 899 pro
1039 825 1136 899 pia
1183 828 1580 884 recordatione
1604 830 1815 885 animae

155 916 431 991 conjugis
462 920 674 973 nostra)
702 915 1082 973 Chunehildis
1114 916 1327 990 reginae
1367 916 1663 990 simulque
1712 935 1813 989 pro

158 1006 481 1063 stabilitate
498 1005 628 1062 vita
660 1011 869 1062 nostra;
896 1009 1226 1079 nostraeque
1257 1006 1463 1062 matris
1493 1006 1683 1063 Gisilze
1711 1008 1816 1063 im-

158 1094 465 1169 peratricis
491 1099 789 1169 Augustis,
826 1100 1003 1165 atque
1033 1111 1136 1167 pro
1167 1094 1459 1150 desiderio
1491 1096 1698 1151 divinae
1727 1114 1813 1152 re-

157 1183 609 1253 tributionis,ad
640 1184 792 1238 hanc
824 1182 1337 1255 ecclesiam,quam
1368 1184 1677 1255 praedictus
1706 1185 1814 1242 He-

157 1289 483 1330 remannus
503 1272 813 1345 episCOpus
828 1273 887 1327 in
904 1272 1481 1345 Mimigartewrtensi
1499 1273 1623 1329 loco
1642 1292 1675 1330 a
1692 1276 1816 1331 fun-

156 1362 436 1417 damento
454 1361 962 1434 incaepit,eamque
985 1362 1055 1416 ad
1083 1361 1257 1417 finem
1276 1362 1816 1433 perductam,nobis

157 1449 582 1519 astantibus,in
612 1450 894 1506 honorem
928 1455 1143 1506 sanctas
1173 1451 1268 1506 Dei
1293 1451 1600 1508 Genitricis
1623 1453 1815 1509 Mariae

152 1539 480 1596 honoriﬁce
511 1540 1032 1607 consecravit,cum
1067 1540 1344 1596 omnibus
1368 1541 1491 1596 suis
1526 1541 1813 1613 pertinen-

149 1629 281 1696 tiis,
314 1628 425 1685 hoc
445 1631 533 1684 est
562 1628 870 1701 utriusque
902 1645 1075 1684 sexus
1109 1628 1436 1701 mancipiis,
1458 1630 1815 1697 areis,aediﬁ-

152 1718 287 1787 ciis,
320 1716 496 1773 terris
528 1716 705 1774 cultis
734 1722 793 1772 et
825 1716 1083 1786 incultis,
1116 1717 1296 1790 agris,
1330 1718 1534 1790 pratis,
1558 1720 1813 1792 pascuis,
1848 1750 1897 1816 B

155 1806 410 1879 campis,
460 1805 644 1874 silvis,
694 1806 1125 1873 venationibus,
1180 1806 1348 1878 aquis
1412 1824 1818 1881 aquarumque

152 1898 263 1954 dec
275 1894 1818 1968 ursibus,molis,molendinis,piscationibus,exitibus

156 1990 224 2043 et
254 1983 675 2054 reditibus,viis
704 1988 761 2040 et
791 1984 986 2052 inviis,
1016 1984 1277 2057 quaesitis
1325 1989 1381 2041 et
1428 1986 1818 2058 inquirendis,

157 2090 270 2131 seu
309 2089 446 2129 cum
479 2074 640 2130 omni
668 2073 919 2129 utilitate
949 2090 1077 2146 quae
1110 2073 1287 2130 scribi
1319 2079 1421 2129 aut
1447 2075 1558 2130 diei
1583 2077 1814 2147 poterit.

157 2163 243 2220 Eo
259 2167 461 2220 tenore
482 2162 542 2218 in
565 2162 867 2236 proprium
888 2162 1160 2218 dedimus
1183 2167 1358 2235 atque
1378 2163 1821 2231 tradidimus,ut

158 2254 433 2325 ejusdem
486 2251 742 2309 ecclesia:
794 2250 1094 2307 abbatissa
1140 2256 1473 2324 czeteraeque
1536 2254 1822 2310 moniales

159 2342 266 2399 Dei
301 2346 629 2414 sancteque
654 2340 934 2414 gentricis
959 2340 1153 2395 Maria
1176 2340 1477 2397 servitium
1495 2342 1704 2399 abhinc
1728 2343 1821 2400 die

164 2432 467 2502 noctuque
484 2428 545 2485 in
561 2429 1174 2485 commemorationem
1192 2430 1377 2486 nostri
1392 2435 1822 2504 parentumque

164 2526 508 2575 nostrorum
541 2517 833 2589 copiosius
858 2518 1085 2590 possint
1111 2519 1823 2592 adimplere.Firmissime

166 2606 446 2664 autemin
475 2606 677 2663 eadem
710 2605 976 2662 facienda
1007 2607 1319 2663 traditione
1335 2607 1443 2665 hoc
1465 2609 1820 2682 excepimus,

167 2700 242 2752 ut
273 2710 463 2767 neque
484 2712 740 2768 praasens
764 2695 1168 2752 Heremannus
1199 2697 1722 2771 episcopus,neque
1744 2700 1825 2754 fu-

168 2785 292 2840 turi
309 2800 677 2841 successores
696 2783 787 2840 sui
803 2783 1075 2857 deinceps
1090 2784 1386 2857 praefatam
1401 2792 1624 2844 curtem
1642 2788 1821 2844 ullam

176 2875 527 2947 potestatem
556 2871 813 2928 habeant
855 2873 926 2928 de
972 2874 1175 2929 eadem
1222 2874 1466 2930 ecclesia
1496 2877 1827 2933 retrahendi

172 2961 266 3017 vel
296 2961 356 3017 in
388 2978 527 3018 suos
558 2978 704 3018 usus
732 2960 1090 3026 vindicandi,
1116 2962 1226 3017 nisi
1261 2980 1326 3018 eo
1358 2966 1698 3021 concambio
1728 2970 1830 3021 aut

170 3064 246 3104 ea
274 3048 799 3120 restitutione,quas
824 3048 1087 3119 ejusdem
1106 3049 1360 3105 ecclesia:
1378 3052 1687 3109 abbatissa:
1709 3071 1827 3109 om-

176 3136 473 3210 nibusque
503 3138 629 3194 suis
659 3138 1018 3194 monialibus
1050 3142 1149 3193 aut
1180 3156 1249 3194 ex
1279 3139 1570 3198 vicinitate
1609 3148 1711 3197 aut
1760 3160 1828 3198 ex

174 3224 452 3282 utilitatis
464 3226 873 3299 magnitudine
895 3226 1256 3283 commodior
1278 3227 1366 3282 vel
1390 3230 1585 3285 utilior
1605 3247 1732 3286 esse
1752 3232 1830 3287 vi-

174 3315 482 3371 deatur.Et
504 3317 568 3369 ut
588 3313 708 3370 haec
731 3319 944 3371 nostra
956 3316 1288 3371 traditionis
1307 3320 1484 3388 atque
1501 3304 1828 3390 largitionis

172 3400 494 3457 auctoritas
519 3417 675 3456 nunc
697 3405 753 3457 et
776 3419 879 3474 per
908 3403 1278 3458 suecedentia
1294 3408 1623 3477 temporum
1649 3408 1829 3462 curri-

181 3488 317 3545 cula
333 3488 560 3545 stabilis
575 3487 987 3546 etinconvulsa
1018 3492 1533 3563 permaneat,hanc
1555 3495 1828 3568 paginam

170 3577 312 3634 inde
342 3578 631 3634 conscribi
664 3594 912 3651 eamque
947 3597 1123 3635 manu
1157 3586 1376 3648 nostra,
1412 3588 1475 3637 ut
1507 3584 1715 3641 subtus
1744 3586 1828 3640 vi-

173 3667 1018 3743 detur,corroborantes,sigilli
1054 3670 1236 3726 nostri
1268 3670 1653 3744 impressione
1685 3692 1827 3747 prie-

172 3755 440 3826 cepimus
464 3755 757 3828 insigniri.

248 3845 483 3913 Signum
510 3844 699 3901 domui
721 3846 944 3902 llenrici
973 3850 1122 3904 tertii
1152 3850 1235 3922 (L.
1272 3850 1369 3923 M.)
1402 3855 1544 3922 regis
1583 3854 1827 3910 invictis-

175 3949 342 4000 sum.

248 4022 617 4079 Eberhardus
649 4025 1030 4083 cancellarius
1059 4028 1177 4084 vice
1204 4029 1486 4088 Bardonis
1530 4034 1828 4091 archican-

174 4109 397 4166 oellarii
428 4112 756 4183 recognovi.

246 4200 391 4253 Acta
418 4214 475 4252 ιν
500 4198 628 4254 Kal.
661 4200 927 4267 Januar.,
961 4202 1278 4260 indictione
1323 4224 1397 4273 1x,
1431 4226 1584 4267 anno
1632 4213 1828 4270 Domi-

179 4284 324 4341 nica;
354 4286 778 4343 Incarnationis
815 4290 968 4357 1041,
1000 4308 1153 4346 anno
1186 4297 1380 4349 autem
1425 4297 1623 4353 domni
1660 4302 1829 4358 Hein-

181 4370 288 4427 rici
325 4372 405 4428 Ill
435 4372 820 4431 ordinationis
848 4378 977 4449 ejus
1008 4394 1132 4445 xm,
1169 4380 1330 4452 regni
1360 4398 1492 4438 vero
1524 4402 1583 4439 ιι.

253 4463 465 4518 Actum
492 4462 992 4535 Mimigartewrte.
1026 4469 1228 4524 Amen.

946 4555 1066 4611 VII.

174 4622 431 4710 Diploma
733 4626 1162 4710 Ilhinzperatpris
1186 4628 1252 4710 de
1266 4635 1665 4710 permutatione
1681 4638 1830 4707 facta

250 4696 395 4749 inter
440 4695 724 4751 abbatiam
779 4695 968 4753 Sancti
1011 4695 1307 4756 Maximini
1357 4695 1722 4762 Trevirensem
1779 4714 1828 4765 et

251 4765 646 4823 Stabulensem.

754 4840 939 4914 (Circa
969 4858 1061 4914 an.
1094 4842 1275 4914 1042.)

478 4909 795 4980 [MAMENE,
830 4912 1005 4984 Ampi.
1043 4909 1280 4981 ϐοηθοὶ.)
1316 4916 1381 4980 ll,
1414 4918 1529 4989 64.]

226 4995 316 5088 [In
349 4997 585 5055 nomine
619 5004 836 5057 sanctae
865 5006 922 5057 et
950 5002 1264 5057 individua;
1294 5003 1616 5077 Trinitatis,
1653 5009 1825 5067 Hem-

179 5098 363 5153 arcus,
395 5087 594 5144 divina
626 5089 850 5144 favente
879 5089 1209 5158 clementia,
1240 5090 1574 5164 imperator.

251 5171 596 5232 Sublimitas
618 5176 940 5251 imperialis
970 5178 1289 5250 prudentia;
1310 5180 1425 5236 Deo
1449 5184 1825 5246 servientium

177 5260 309 5334 paci
342 5277 408 5318 ac
438 5264 619 5336 quieti
651 5264 1008 5321 omnimodis
1057 5266 1231 5322 debet
1282 5271 1630 5342 prospicere,
1664 5281 1729 5332 ut
1776 5279 1826 5334 si

250 5385 331 5469 (β)
364 5387 813 5472 $pggerus_seu
861 5391 1179 5472 Suigqqrus,
1212 5391 1330 5472 sive
1378 5394 1717 5472 Suidigerus,
1765 5408 1821 5459 S.

178 5457 433 5513 Heinrici
450 5457 819 5551 imperatoris
839 5457 1826 5551 cancel]ari‘uns,Pambengnsisepi;

179 5544 396 5606 scopas
424 5527 642 5587 electus
679 5531 894 5591 dicitur
938 5548 1090 5591 anno
1138 5527 1300 5608 1052,
1331 5527 1826 5623 quadr‘icunioqiie

1922 473 1991 528 de
2022 473 2175 530 villis
2196 479 2297 529 aut
2315 476 2489 532 rebus
2520 475 2898 532 ecclesiarum
2931 475 3294 549 praastariam
3320 480 3422 530 aut
3442 492 3574 531 con-

1923 563 2218 618 cambium
2234 564 2664 636 facere,quibus
2687 565 3024 621 auctoribus
3046 565 3103 619 id
3127 568 3335 637 agatur
3349 567 3576 635 oportet

1922 649 2134 707 litteris
2165 652 2463 719 adnotare,
2500 658 2562 709 ut
2592 659 2899 727 postquam
2934 655 3061 724 ejus
3087 654 3166 708 rei
3195 657 3464 708 auctores
3485 650 3572 707 vel

1923 738 2332 810 astipulatores
2348 744 2658 815 contigerit
2675 742 2968 810 obiissc,si
2982 742 3117 813 quis
3134 739 3572 797 succedentium

1924 827 1981 883 id
2014 828 2151 884 velit
2182 829 2498 903 infringere
2527 832 2615 887 vel
2647 832 3106 903 demutare,ipsa
3133 830 3403 886 litteralis
3425 846 3577 885 com-

1924 917 2317 973 mendationis
2348 918 2664 974 auctoritas
2690 920 2749 975 in
2777 920 3035 975 medium
3072 918 3314 990 prolata,
3341 922 3397 973 et
3428 935 3570 990 prae-

1923 1004 2092 1077 cipue
2122 1007 2170 1061 si
2203 1006 2875 1081 sublimitateimperiali
2926 1014 3014 1064 est
3061 1007 3425 1073 conﬁrmata,
3469 1006 3572 1062 ha-

1925 1093 2131 1149 beatur
2160 1112 2264 1167 pro
2310 1100 2476 1167 teste,
2517 1098 2589 1152 ad
2642 1096 3000 1151 inﬁrmanda
3044 1094 3350 1151 molimina
3391 1095 3576 1166 partis

1924 1184 2197 1240 adversae.
2234 1188 2594 1258 Quapropter
2625 1190 2829 1241 notum
2870 1187 2947 1240 sit
2976 1185 3184 1239 Christi
3220 1183 3490 1240 fidelibus
3522 1186 3579 1238 et

1925 1274 2162 1342 nostris,
2200 1277 2319 1329 tam
2351 1274 2737 1347 praesentibus
2769 1291 2943 1346 quam
2979 1274 3209 1341 futuris,
3245 1271 3418 1344 quale
3449 1289 3579 1328 con-

1925 1362 2219 1417 cambium
2254 1364 2471 1418 factum
2500 1363 2575 1419 sit
2606 1364 2676 1419 de
2704 1364 2857 1418 bono
2888 1361 3085 1417 Sancti
3120 1360 3374 1416 Remacli
3422 1361 3575 1433 apud

1926 1450 2342 1523 Wendengias,
2407 1453 2561 1524 quod
2619 1452 2756 1508 olim
2809 1452 3107 1522 pertinens
3160 1450 3230 1505 ad
3282 1449 3575 1505 abbatiam

1926 1540 2121 1596 Sancti
2156 1541 2456 1596 Maximini
2490 1558 2593 1613 pro
2624 1541 3051 1603 Astenebruno,
3083 1539 3234 1594 inter
3264 1537 3408 1594 alias
3429 1555 3581 1594 com-

1927 1629 2285 1686 mutationes
2336 1632 2539 1685 datum
2590 1630 2776 1684 fuerat
2825 1628 3086 1683 cmnobio
3134 1626 3490 1693 Stabulensi,
3525 1630 3581 1681 et

1929 1717 2216 1772 sancitum
2243 1722 2299 1773 et
2330 1719 2770 1773 corroboratum
2802 1715 3089 1787 imperiali
3122 1713 3465 1769 auctoritate
3487 1730 3582 1786 pa-

1928 1805 2033 1861 tris
2064 1806 2176 1860 mei
2209 1806 2350 1860 diva:
2402 1805 2697 1860 memoria:
2748 1803 3080 1859 Chuonradi
3130 1801 3392 1870 Caesaris,
3445 1800 3582 1855 villa

1927 1893 2191 1964 quaedam
2218 1893 2590 1966 lnkesengias
2608 1897 2834 1958 vocata,
2855 1898 2979 1947 erat
3007 1891 3077 1947 de
3109 1890 3449 1963 episcopatu
3480 1894 3580 1945 Ba-

1926 1983 2646 2055 venbergensi,pertinens
2679 1983 2748 2036 ad
2784 1981 3159 2053 praebendam
3193 1980 3380 2036 sancti
3408 1978 3582 2035 Geor-

1928 2071 2027 2143 gii.
2062 2074 2195 2137 Qua:
2228 2072 2506 2144 quoniam
2542 2070 2711 2143 longe
2738 2070 2994 2125 distabat
3044 2086 3077 2124 a
3128 2068 3366 2140 praefata
3413 2067 3581 2132 urbe,

1927 2160 2118 2215 visum
2141 2166 2229 2215 est
2248 2159 2826 2231 ejuslocipraposito
2857 2158 3095 2212 nomine
3122 2156 3427 2229 Luitpaldo
3449 2172 3584 2211 cum

1930 2266 2222 2304 consensu
2254 2249 2452 2304 domni
2486 2248 2575 2303 sui
2608 2248 2683 2318 (8)
2711 2246 2914 2319 Sugeri
2958 2245 3214 2318 episcopi
3263 2244 3407 2300 alias
3455 2259 3585 2299 eam

1931 2337 2611 2409 concambire,petiitque
2632 2353 2665 2391 a
2685 2335 3000 2391 venerabili
3036 2335 3346 2406 Popponnc
3378 2333 3587 2389 abbate

1932 2425 2271 2483 monasterii
2302 2424 2662 2491 Stabulai,ut
2693 2424 2842 2479 hanc
2874 2422 3377 2495 villam,quoniam
3408 2421 3584 2477 abba-

1932 2515 2025 2571 tis:
2059 2533 2178 2571 suea
2208 2515 2399 2571 vicina
2424 2518 2568 2581 erat,
2620 2513 2904 2586 acciperet
2955 2512 3090 2579 sibi,
3141 2516 3198 2566 et
3245 2511 3465 2566 bonum
3517 2510 3587 2565 de

1934 2604 2278 2678 Wendagiis
2308 2603 2432 2659 loco
2478 2618 2583 2659 suo
2616 2601 3007 2675 propinquius
3061 2616 3164 2672 pro
3213 2598 3589 2655 denominata

1933 2693 2070 2749 villa
2100 2694 2355 2750 traderet
2385 2693 2521 2758 sibi,
2563 2696 2620 2747 et
2666 2696 2732 2746 ut
2778 2707 3008 2762 aequum
3040 2706 3108 2745 ex
3138 2692 3387 2760 utraque
3417 2691 3582 2760 parte

1936 2783 2342 2839 concambium
2371 2783 2552 2847 ﬁeret,
2584 2782 2733 2836 duos
2764 2779 2955 2834 adhuc
2986 2794 3224 2834 mansos
3276 2778 3431 2849 apud
3472 2778 3586 2831 An-

1937 2873 2251 2928 dernacum
2282 2876 2339 2926 et
2366 2871 2591 2925 Nonam
2640 2869 2711 2923 de
2764 2867 3092 2923 Buobardio
3137 2865 3433 2937 adjiceret.
3480 2869 3591 2921 Pro

1938 2960 2044 3016 hoc
2077 2960 2258 3033 igitur
2286 2960 2440 3031 apud
2472 2959 2808 3028 Trajectum
2840 2956 2898 3010 in
2931 2956 3094 3011 curia
3114 2958 3314 3010 nostra
3337 2970 3370 3009 a
3391 2971 3592 3025 supra-

1941 3049 2095 3103 dicto
2124 3046 2441 3103 venerabili
2473 3046 2683 3101 abbate
2710 3040 3062 3114 interpellati
3094 3041 3432 3098 habendum
3457 3058 3589 3113 pos-

1858 3112 1901 3179 ε
1918 3138 2255 3199 ,βίάθοᾶιιω
2277 3135 2524 3190 ulterius
2547 3132 2805 3189 ecclesiae
2820 3112 3009 3187 sancti
3028 3129 3283 3186 Remacli
3307 3112 3592 3186 ﬁrmando

1938 3224 2462 3290 corroboravimus,
2519 3222 2816 3292 bannique
2861 3219 3046 3275 nostri
3094 3218 3485 3290 impositione.
3519 3234 3591 3274 ne

1938 3314 2211 3386 deinceps
2232 3314 2545 3385 quisquam
2565 3315 2666 3366 aut
2687 3309 2889 3365 tollere
2912 3313 3013 3364 aut
3048 3324 3334 3379 usurpare
3357 3307 3468 3363 sibi
3489 3324 3590 3363 au-

1938 3404 2089 3471 deat,
2118 3402 2206 3459 vel
2236 3401 2591 3473 injustitiam
2624 3403 2727 3454 aut
2765 3397 3100 3454 violentiam
3130 3397 3316 3453 facere
3365 3395 3594 3469 publice

1936 3492 2546 3565 vigoravimus.Atque
2560 3493 2623 3544 ut
2640 3489 2820 3560 hujus
2839 3491 3049 3543 nostrae
3066 3484 3526 3542 conﬁrmationis
3538 3491 3595 3542 et

1938 3579 2332 3639 concessionis
2373 3579 2443 3635 de
2482 3578 2591 3633 hoc
2630 3576 2948 3634 concambo
2992 3574 3353 3648 pleniorimo
3383 3575 3594 3630 certior

1939 3672 2231 3727 habeatur
2269 3667 2608 3735 auctoritas,
2643 3684 2820 3723 manu
2853 3664 3088 3739 propria
3117 3664 3225 3720 hoc
3250 3664 3592 3737 descriptio-

1940 3760 2033 3815 nis
2064 3760 2410 3831 praeceptum
2444 3757 2647 3813 subter
2675 3754 3103 3811 adnotavimus.

2011 3848 2241 3919 Signum
2266 3847 2453 3902 damni
2481 3845 2726 3900 Heinrtci
2752 3843 2977 3899 secundi
3022 3843 3370 3912 imperatoris
3418 3843 3590 3895 invic-

1940 3938 2160 3993 tissimi.

2686 4021 2834 4076 VIII.

2045 4114 2410 4185 Privilegium
2442 4127 2543 4182 pro
2571 4109 2899 4166 monasterio
2924 4107 2978 4162 S.
3013 4107 3169 4162 Petri
3195 4104 3480 4160 Mindensi.

2562 4200 2747 4271 (Anno
2779 4196 2964 4267 4043.)

2173 4293 2456 4365 [Eanum
2494 4289 2618 4346 Cod.
2650 4288 2874 4360 diplom.
2915 4288 3173 4358 Westph.,
3210 4284 3355 4356 140.]

2013 4386 2077 4441 In
2108 4382 2342 4439 nomine
2375 4385 2587 4436 sanctae
2620 4383 2677 4434 et
2705 4377 3018 4433 individua:
3049 4374 3376 4443 Trinitatis,
3412 4377 3589 4431 Hem-

1865 4480 1908 4544 ι)
1939 4489 2113 4539 aiens,
2148 4472 2344 4527 divina
2376 4472 2600 4525 favente
2630 4466 2940 4523 clementia
2969 4482 3087 4522 rex.

2010 4562 2071 4616 Si
2102 4560 2160 4614 in
2193 4558 2562 4614 monasteriis
2585 4556 2999 4612 construendis
3020 4554 3283 4611 studium
3314 4551 3587 4609 habueri-

1942 4667 2075 4705 mus
2108 4653 2208 4704 aut
2237 4646 2366 4701 aliis
2392 4646 2605 4700 nostris
2639 4644 2910 4701 ﬁdelibus
2945 4646 3099 4699 idem
3131 4641 3463 4698 volentibus
3493 4657 3587 4695 as-

1937 4754 2173 4795 sensum
2209 4735 2656 4807 praebuerimus,
2688 4750 2803 4789 non
2853 4732 3044 4788 solum
3096 4731 3168 4785 ad
3220 4727 3584 4800 temporalis,

1935 4843 2137 4883 verum
2166 4824 2342 4879 etiam
2377 4822 2447 4875 ad
2479 4822 2675 4876 aeterni
2700 4822 2859 4894 regni
2887 4821 3262 4875 commodum
3286 4818 3396 4872 hoc
3418 4814 3587 4870 nobis

1936 4916 2305 4989 profuturum
2333 4927 2459 4965 esse
2482 4926 2594 4964 non
2615 4908 3359 4981 ambigimus.Quapropter
3382 4907 3586 4958 notum

1937 5002 2302 5062 sitomnibus
2315 4998 2655 5053 Christianae
2684 4994 2983 5069 religionis
2997 4993 3318 5051 cultoribus
3342 5007 3587 5063 praesen-

1936 5095 2097 5150 tibus
2120 5088 2385 5146 videlicet
2413 5092 2470 5144 et
2500 5086 2733 5154 futuris,
2764 5086 3018 5158 qualiter
3038 5086 3230 5140 Bruno
3264 5080 3586 5137 Mindensis

1936 5183 2246 5255 episcopus
2294 5194 2402 5233 nos
2453 5175 2615 5242 adiit,
2655 5180 2711 5231 et
2751 5172 3171 5231 monasterium
3223 5188 3291 5225 ex
3334 5169 3586 5243 propriis

1936 5268 2291 5329 haereditatis
2321 5284 2439 5323 suae
2470 5264 2660 5333 bonis,
2711 5266 2769 5320 in
2811 5262 3009 5318 insula
3056 5260 3308 5333 quadam
3359 5259 3585 5316 Wisare

1934 5402 2068 5472 post
2087 5396 2500 5524 1aidtsummum
2532 5392 2938 5466 pontiﬁcatum
2970 5392 3225 5460 evectus,
3246 5385 3511 5444 Clemens
3533 5384 3583 5443 ΙΙ

1936 5485 2084 5524 anne
2132 5483 2165 5524 a
2194 5483 2283 5523 us.

1936 5483 2283 5546 appellatus.
