3950 6144
411 291 596 354 ’1095

1806 287 2118 353 NONUM.
2141 281 2486 351 .DIPLOM.

3696 280 3868 346 1001

436 422 883 492 iluminisjnxta
899 420 1162 478 Mindum
1181 419 1451 493 posita,et
1464 424 1573 479 sub
1592 428 1876 495 potestate
1897 422 2081 479 sancti
2113 425 2168 489 Α
2199 439 2335 494 pum
2368 422 2572 476 adesse
2601 418 2823 488 aliquid
2855 415 3154 490 impediat,
3187 419 3396 493 fratres
3425 419 3625 474 tamen
3652 414 3749 471 ibi
3773 430 3868 469 ea-

439 513 590 568 Petri
623 510 867 584 apostoli
902 511 1237 576 constituta,
1269 512 1324 565 in
1359 512 1575 567 honore
1609 513 1792 568 sancti
1827 511 2088 567 Mauricii

437 602 713 674 martyris
743 601 1152 672 sociorumque
1183 602 1310 670 ejus
1342 607 1399 656 et
1429 600 1680 656 aliorum
1727 607 2085 668 sanctorum,

437 697 495 746 et
523 708 626 763 pro
641 690 820 746 nostri
847 689 1027 762 patris
1045 689 1380 744 Chuonradi
1397 690 1764 762 imperatoris
1781 690 2086 755 memoria,

438 779 538 851 qui
569 779 840 834 eumdem
874 777 1192 849 pontificali
1227 779 1512 850 dignitate
1535 778 1960 844 sublimavit,et
1985 795 2086 849 pro

439 872 640 923 nostra
670 868 950 939 sospitate
995 872 1050 921 et
1097 867 1258 939 regni
1310 868 1490 922 nostri
1534 867 1871 933 stabilitate,
1903 872 1958 920 et
1985 883 2086 937 pro

437 974 499 1012 se
512 974 576 1010 su
589 957 750 1028 isque
764 957 1232 1012 antecessoribus
1246 955 1363 1011 sive
1386 957 1823 1011 successoribus
1847 956 2087 1026 suisque

435 1046 611 1101 etiam
643 1047 1004 1117 parentibus,
1031 1063 1063 1100 a
1085 1046 1253 1100 nobis
1285 1046 1580 1100 licentiam
1614 1049 1949 1100 construere
1981 1045 2087 1098 im-

433 1135 701 1207 petravit,
736 1152 850 1206 quo
871 1135 925 1188 in
949 1134 1072 1190 loco
1084 1135 1260 1188 vitam
1278 1134 1694 1189 monachorum
1711 1132 2086 1202 constituere,

433 1223 771 1295 eisdemque
804 1223 1073 1278 abbatem
1106 1239 1167 1278 se
1201 1222 1439 1278 licenter
1470 1224 1740 1279 ordinare
1765 1241 1870 1278 nos
1891 1228 2088 1294 postu-

433 1312 587 1368 lavit.
623 1313 691 1368 Et
722 1313 860 1383 quia
895 1311 1075 1366 ullam
1117 1311 1174 1366 in
1221 1312 1328 1367 hac
1378 1329 1436 1367 re
1488 1315 1800 1367 novitatem
1834 1312 2086 1382 incipere

432 1401 516 1456 vel
551 1418 655 1456 nos
685 1401 906 1472 aliquid
931 1400 1136 1456 exinde
1159 1402 1451 1472 postulare
1477 1407 1648 1457 antea
1669 1419 1779 1456 non
1804 1417 2084 1473 prazsum-

432 1491 569 1562 psit,
603 1507 780 1562 quam
815 1490 1189 1545 monasteriis
1239 1491 1364 1545 suis
1409 1507 1534 1562 qua:
1587 1490 1808 1544 invenit
1848 1489 2084 1560 aliquod

431 1579 906 1652 supplementum
931 1579 1508 1651 adderet,locumque
1529 1580 1684 1634 hunc
1700 1581 1809 1634 sub
1825 1583 2082 1634 nostram

430 1669 830 1723 defensionem
864 1668 1162 1739 suscipere
1185 1685 1291 1723 nos
1315 1669 1555 1740 rogavit.
1588 1670 1766 1738 Cujus
1820 1668 2083 1740 petitioni

431 1758 571 1828 quia
593 1758 756 1826 justa
788 1774 852 1811 ac
878 1757 1148 1828 religiosa
1172 1758 1755 1828 fuerat,nequaquam
1784 1757 2081 1821 contrarii,

434 1847 506 1900 ob
549 1845 936 1900 interventum
996 1845 1258 1900 videlicet
1309 1846 1686 1900 familiarium
1749 1850 2082 1900 nostrorum

430 1934 768 2004 Ilerimanni
818 1933 1180 1988 Coloniensis
1238 1933 1658 2005 archiepiscopi
1708 1938 1763 1989 et
1813 1933 2080 1988 Hunfridi

434 2021 956 2094 Magdeburgensis
989 2022 1266 2094 episcopi,
1299 2022 1474 2077 simul
1531 2024 1707 2078 etiam
1758 2039 1892 2078 cum
1943 2039 2080 2077 con-

431 2128 606 2166 sensu
642 2116 981 2166 cmterorum
1016 2115 1351 2165 nostrorum
1375 2110 1633 2166 fidelium
1658 2112 1755 2182 qui
1781 2117 1918 2166 tunc
1939 2116 2082 2166 tem-

430 2200 586 2272 poris
622 2205 935 2270 praesentes
966 2201 1296 2268 adfuerunt,
1323 2201 1626 2272 priefatum
1659 2201 2077 2255 monasterium

428 2294 765 2344 construere
793 2295 848 2343 et
881 2289 1264 2343 monasticam
1297 2289 1472 2343 vitam
1505 2289 1892 2360 abbatemque
1935 2288 2078 2343 inibi

429 2378 784 2434 constituere
818 2376 901 2431 illi
937 2378 1502 2449 permisimus,Quod
1536 2394 1670 2432 cum
1715 2377 1919 2432 merito
1951 2378 2079 2448 ejus

432 2467 723 2522 desiderio
756 2466 1251 2538 permitteremus,
1309 2483 1374 2521 eo
1425 2471 1620 2521 tamen
1672 2467 1878 2536 majori
1923 2467 2078 2520 ﬁdu-

428 2555 517 2610 cia
546 2561 674 2610 voto
697 2555 882 2626 ipsius
901 2553 1652 2625 consensimus,quia,sicut
1680 2554 2075 2624 prmdiximus,

429 2644 582 2698 idem
613 2644 921 2714 episc0pus
939 2642 997 2696 in
1021 2643 1226 2714 primis
1255 2643 1409 2697 sedis
1429 2660 1545 2696 suae
1568 2642 1875 2714 primatem
1898 2642 2076 2698 eccle-

428 2733 577 2787 siam
624 2733 985 2801 fratrumque
1037 2748 1278 2786 suorum
1330 2731 1640 2802 prandium
1693 2731 1910 2785 ibidem
1963 2732 2076 2786 Deo

425 2824 745 2890 sanctoque
779 2819 943 2874 Petro
995 2819 1404 2874 famulantium
1437 2821 1506 2875 de
1538 2820 1919 2875 hmreditariis
1952 2820 2074 2875 suis

426 2908 600 2964 bonis
631 2908 879 2979 benigne
910 2907 1164 2962 adauxit.
1201 2907 1266 2962 Et
1297 2908 1412 2963 duo
1451 2909 1826 2974 monasteria,
1863 2915 2074 2964 sanctae

427 2996 617 3052 Mariae
641 2996 910 3051 videlicet
947 3001 1003 3051 et
1046 2996 1232 3052 sancti
1283 2997 1540 3062 Martini,
1590 3000 1660 3051 ab
1712 3003 2075 3054 antecessore

425 3103 532 3142 suo
561 3086 861 3158 Sigeberto
881 3085 1153 3158 episcopo
1173 3085 1558 3158 incmptaﬁste
1575 3086 1823 3142 alterum
1848 3104 2072 3142 eorum-

424 3177 557 3230 dem
590 3175 743 3246 quod
776 3179 865 3230 est
897 3179 1110 3229 sanctaa
1144 3175 1337 3229 Maria:
1368 3179 1423 3230 et
1453 3192 1624 3247 opere.
1674 3181 1730 3230 et
1770 3193 2070 3232 consecra-
2107 3160 2148 3226 C

423 3265 580 3320 tione
610 3264 1060 3331 consummavit,
1086 3263 1334 3318 alterum
1369 3265 1554 3320 sancti
1589 3265 1820 3319 Martini
1852 3283 1984 3320 vero
2005 3283 2073 3322 ex

425 3357 589 3424 parte
645 3353 848 3408 devote
898 3357 1398 3426 augmentaverat,
1427 3353 1654 3425 aliaque
1688 3354 2070 3409 monasteria-

423 3459 547 3513 quze
577 3442 634 3496 in
667 3442 1003 3514 episcopatu
1034 3443 1163 3512 ejus
1194 3443 1304 3496 sub
1335 3459 1442 3497 suo
1467 3444 1601 3513 jure
1623 3447 1870 3509 erant,et
1899 3460 2071 3514 pran-

421 3530 518 3585 dia
543 3529 623 3584 ibi
656 3530 769 3586 Deo
816 3530 1193 3586 servientium
1245 3531 1378 3585 fidei
1427 3531 1710 3586 charitate
1758 3531 2068 3603 supplevit,

424 3622 716 3689 quatenus
747 3623 946 3673 votum
981 3636 1152 3672 suum
1175 3618 1232 3672 in
1251 3619 1360 3674 hoc
1381 3636 1613 3691 quoque
1633 3621 1988 3675 monasterio
2006 3638 2071 3675 eo

426 3707 628 3776 majori
685 3707 898 3760 fiducia
947 3708 1321 3777 postmodum
1371 3708 1640 3778 expedire
1691 3713 1908 3780 posset,
1957 3725 2071 3780 quo

424 3795 686 3850 ecclesiis
730 3795 852 3849 suis
901 3811 1048 3865 quas
1100 3795 1318 3850 invenit
1365 3795 1717 3852 utilitatibus
1748 3801 1919 3852 antea
1950 3814 2074 3868 pro-

422 3886 729 3940 desset.Ad
763 3884 917 3940 idem
944 3901 1076 3940 vero
1110 3886 1530 3940 monasterium
1577 3904 1644 3941 ex
1676 3887 1919 3958 propriae
1952 3887 2072 3942 hie-

423 3973 686 4029 reditatis
719 3991 835 4029 suae
868 3973 1036 4028 bonis
1069 3974 1188 4028 sive
1220 3979 1276 4028 et
1305 3991 1372 4028 ex
1403 3973 1533 4028 aliis
1567 3992 1930 4046 quaecunque
1979 3992 2070 4030 ac-

421 4063 650 4134 quirere
681 4062 869 4133 potuit
907 4061 1316 4118 collationibus
1349 4064 1640 4135 octoginta
1671 4080 1908 4119 mansos
1937 4081 2069 4120 cum

423 4149 756 4222 mancipiis,
790 4150 967 4218 villis,
1002 4152 1173 4217 areis,
1208 4151 1673 4224 mdiﬁciis,agris,
1705 4154 1876 4208 terris
1898 4153 2072 4208 cultis

419 4244 476 4293 et
501 4239 762 4304 incultis,
794 4238 902 4293 viis
934 4244 990 4292 et
1023 4239 1215 4304 inviis,
1242 4239 1490 4294 exitibus
1523 4246 1578 4294 et
1610 4240 2074 4313 reditibus,qum-

424 4327 552 4382 sitis
603 4330 659 4380 et
707 4326 1091 4398 inquirendis,
1146 4328 1346 4398 pratis,
1397 4329 1650 4399 pascuis,
1685 4329 1869 4397 silvis,
1903 4331 2072 4401 aquis

423 4430 832 4484 aquarumque
862 4415 1682 4486 decursibus,piscationibus,
1719 4417 2071 4474 molendinis

2197 513 2330 568 dem
2363 508 2662 566 charitatis
2696 506 2996 563 vocatione
3026 507 3393 575 conveniant,
3432 511 3495 562 ut
3545 522 3653 578 per
3707 503 3866 559 hanc

2198 600 2568 655 concordiam
2601 603 2658 652 et
2687 597 3059 652 dilectionem
3078 597 3136 652 in
3155 598 3257 652 Dei
3275 596 3507 653 servitio
3527 594 3868 651 devotiurcs

2197 689 2618 744 coadunentur.
2653 690 2838 758 Atque
2870 690 2935 740 ut
2974 686 3176 742 eadem
3225 686 3470 742 ecclesia
3516 700 3659 741 cum
3691 683 3870 739 bonis

2198 778 2320 833 suis
2353 793 2508 832 nunc
2540 778 2611 831 ab
2639 776 2766 847 ipso
2798 777 2848 831 ei
2881 775 3107 830 collatis
3138 775 3224 830 vel
3259 774 3638 847 postmodum
3659 773 3867 829 confe-

2197 866 2392 921 rendis
2425 867 2498 920 ab
2529 867 2656 936 ejus
2688 865 3128 920 successoribus
3157 863 3243 918 vel
3276 864 3348 918 ab
3380 862 3744 934 aliis‘nagis
3771 877 3865 916 se-

2196 973 2336 1010 cura
2365 955 2728 1018 consisteret,
2761 953 2820 1007 in
2855 952 3342 1008 mundiburdium
3374 952 3569 1008 Sancti
3613 951 3776 1006 Petri
3813 955 3866 1004 et

2197 1044 2502 1099 tuitionem
2538 1049 2795 1098 nostram
2829 1046 2886 1096 et
2916 1043 3024 1097 sub
3057 1045 3400 1113 potestatem
3431 1039 3698 1112 episcopi
3740 1038 3858 1094 loci

2195 1133 2353 1188 illius
2382 1131 2932 1188 collocavit.ldcirco
2956 1135 3160 1185 notum
3193 1129 3270 1185 sit
3297 1129 3572 1186 omnibus
3595 1127 3858 1201 qualiter

2193 1222 2250 1277 id
2282 1222 2477 1294 ipsum
2511 1219 2933 1276 monasterium
2957 1220 3342 1290 ejusdemque
3363 1218 3634 1274 abbatem
3659 1223 3718 1273 et
3743 1218 3858 1272 fra-

2195 1316 2312 1366 tres
2343 1310 2484 1365 inibi
2520 1313 2822 1364 manentes
2872 1309 2983 1363 sub
3032 1312 3234 1363 nostra
3262 1306 3442 1380 regali
3491 1306 3615 1363 sine
3669 1307 3852 1378 impcv

2195 1400 2322 1455 riali
2361 1414 2889 1468 successorumque
2938 1401 3271 1452 nostrorum
3319 1396 3566 1451 tuitione
3613 1395 3850 1451 defendi

2192 1489 2484 1554 volumus,
2527 1487 2610 1542 sic
2651 1485 2871 1542 scilicet
2915 1491 2980 1540 ut
3030 1485 3228 1540 nullus
3272 1485 3536 1555 ejusdem
3589 1483 3852 1556 episcopi

2195 1594 2498 1633 successor
2529 1581 2872 1648 potestatem
2904 1575 3113 1630 habeat
3159 1574 3314 1628 bona
3352 1573 3614 1644 ejusdem
3639 1588 3850 1628 mona-

2194 1668 2352 1723 sterii
2387 1666 2584 1736 aliquo
2618 1665 2788 1719 modo
2821 1665 3119 1720 destruere
3137 1667 3239 1718 aut
3262 1661 3542 1718 minuere.
3577 1663 3774 1727 Quare
3803 1660 3850 1716 si

2115 1792 2160 1855 Β
2191 1758 2278 1812 vel
2307 1757 2402 1810 ille
2432 1754 2518 1810 vel
2551 1753 2699 1809 alius
2731 1753 2944 1825 aliquis
2983 1753 3524 1855 hujusvdestructor
3551 1755 3609 1806 et
3641 1766 3848 1849 mona-

2193 1846 2349 1900 sterii
2383 1845 2786 1913 bonorumque
2835 1858 3075 1896 suorum
3131 1839 3447 1912 dissipator
3489 1854 3620 1896 vere
3675 1839 3848 1904 sciat,

2192 1935 2331 2006 quia
2361 1933 2557 1988 abbati
2593 1930 2987 2002 fratribusque
3019 1930 3238 1984 ibidem
3297 1929 3408 1985 Deo
3451 1927 3848 1984 servientibus

2190 2025 2248 2078 in
2285 2023 2452 2078 nobis
2483 2021 2815 2091 nostrisque
2847 2019 3288 2074 successoribus
3319 2022 3541 2074 certum
3569 2022 3666 2072 est
3715 2016 3850 2074 inde

2191 2110 2578 2184 refugium.Et
2599 2112 2663 2163 ut
2684 2108 2792 2164 hoc
2823 2113 3036 2164 nostra:
3069 2105 3464 2163 concessionis
3481 2111 3848 2177 preceptum

2190 2219 2292 2274 per
2319 2217 2491 2255 omne
2507 2204 2741 2270 tempus
2758 2197 2965 2253 stabile
2979 2199 3384 2268 permaneatet
3408 2193 3847 2262 inconvulsum,

2189 2291 2337 2346 hanc
2369 2289 2642 2361 paginam
2691 2287 2826 2342 inde
2875 2285 3268 2356 conscriptam
3301 2284 3626 2356 subtusque
3661 2299 3848 2340 manu

2189 2379 2423 2451 propria
2452 2377 2884 2433 corroboratam
2919 2373 3098 2447 sigilli
3113 2373 3294 2428 nostri
3311 2372 3706 2444 impressione
3718 2373 3848 2443 jus-

2189 2469 2377 2524 simus
2405 2465 2696 2539 insigniri.

2260 2563 2467 2612 Datum
2502 2556 2725 2610 decimo
2758 2553 3047 2610 Kalendas
3078 2549 3398 2618 Februarii,
3429 2565 3583 2606 anno
3631 2547 3844 2604 Domi-

2188 2663 2264 2701 σω
2297 2644 2718 2701 lncarnationis
2762 2643 2923 2709 4043,
2956 2641 3274 2695 indictione
3321 2653 3400 2710 x1,
3433 2653 3586 2694 anno
3634 2642 3844 2695 autem

2188 2735 2384 2790 domni
2420 2733 2668 2790 Hcinrici
2700 2730 3084 2788 ordinationis
3114 2747 3206 2797 xv,
3241 2728 3401 2800 regni
3431 2743 3564 2783 vero
3589 2743 3668 2782 ιν.

2256 2827 2462 2878 Actum
2496 2821 2732 2876 Goslare
2765 2821 2822 2874 in
2850 2820 2948 2874 Dei
2983 2819 3218 2874 nomine
3247 2815 3494 2872 feliciter
3517 2817 3736 2872 Amen.

2255 2913 2571 2983 Adelgerus
2601 2909 2984 2967 cancellarius
3014 2908 3133 2963 vice
3167 2906 3449 2962 Bardonis
3481 2904 3843 2978 archicapel-

2184 3002 2300 3057 lani
2329 2999 2678 3073 recognovit.

2964 3087 3052 3142 1X.

2367 3180 2730 3249 Privilegium
2756 3193 2856 3249 pro
2881 3176 3213 3231 monasterio
3244 3173 3641 3245 Herifordemi.

2808 3267 2996 3337 (Anno
3030 3263 3212 3334 1044.)

2549 3357 2832 3427 [Bassam
2869 3354 2992 3409 Cod.
3026 3353 3278 3424 diplom.,
3313 3350 3459 3421 111.]

2253 3446 2310 3501 Ο.
2363 3451 2426 3500 In
2489 3445 2724 3501 nomine
2773 3447 2986 3499 sancta:
3036 3446 3094 3497 ct
3138 3439 3453 3495 individua)
3510 3435 3840 3494 Trinitatis.

2181 3541 2511 3600 Hsimucrs,
2545 3533 2740 3588 divina
2770 3532 2997 3587 favente
3029 3529 3360 3598 clementia,
3384 3543 3506 3582 rex.

2253 3626 2311 3680 Si
2345 3625 2512 3694 regia:
2541 3621 2909 3677 liberalitatis
2939 3615 3502 3674 munificentialocis
3529 3619 3640 3670 Deo
3677 3614 3845 3671 dica-

2183 3715 2258 3769 tis
2290 3713 2569 3786 quiddam
2601 3711 2976 3776 conferimus,
3012 3713 3068 3763 et
3117 3709 3186 3762 ad
3235 3703 3616 3778 temporalem
3644 3704 3836 3758 vitam

2181 3807 2237 3857 et
2268 3807 2543 3856 aeternam
2576 3800 2744 3854 nobis
2777 3799 3150 3871 profuturum
3186 3811 3314 3851 esse
3343 3793 3565 3866 liquido
3593 3791 3842 3846 conﬁdi-

2182 3909 2334 3946 mus.
2369 3893 2730 3960 Quapropter
2758 3887 3024 3942 omnium
3072 3883 3284 3939 Christi
3336 3882 3632 3952 nostrique
3691 3880 3840 3934 ﬁde-

2180 3980 2323 4034 lium
2355 3985 2475 4034 tam
2508 3979 2840 4034 futurorum
2864 3992 3041 4048 quam
3069 3972 3444 4046 praesentium
3468 3967 3710 4032 solertia
3733 3983 3843 4022 no-

2180 4069 2346 4137 verit,
2381 4066 2633 4139 qualiter
2684 4082 2791 4121 nos
2824 4065 3112 4137 prwcipue
3161 4079 3265 4134 pro
3315 4076 3510 4116 amore
3540 4055 3739 4112 divino
3783 4061 3844 4110 et

2181 4158 2387 4213 animae
2421 4161 2629 4211 nostra:
2663 4155 3071 4220 remedio,tum
3095 4152 3167 4206 ob
3191 4151 3578 4205 interventum
3610 4144 3842 4200 dilecta

2181 4244 2516 4303 contectalis
2547 4248 2755 4299 nostra:
2773 4242 3006 4314 Agnetis
3056 4237 3584 4312 reginze,quasdam
3628 4249 3730 4289 res
3769 4234 3843 4287 ab

2181 4334 2651 4392 antecessoribus
2696 4331 2913 4387 nostris
2959 4330 3196 4402 regibus
3243 4327 3331 4383 vel
3375 4321 3842 4397 imperatoribus

2183 4423 2538 4478 monasterio
2570 4420 2976 4477 Herivordensi
3022 4419 3080 4472 in
3135 4419 3418 4472 honorem
3468 4415 3682 4468 sanctas
3729 4409 3838 4465 Dei

423 4506 482 4556 et
511 4499 760 4556 utilitate
794 4502 1212 4560 silvarumNec
1245 4520 1361 4558 non
1393 4521 1527 4558 cum
1560 4506 1835 4561 omnibus
1862 4525 2074 4580 appen-
2108 4529 2150 4594 Ι)
2185 4512 2482 4585 genitricis
2515 4515 2802 4582 perpetuae
2853 4507 3096 4579 virginis
3147 4503 3340 4561 Mariae
3394 4503 3758 4560 constructo.
3789 4503 3841 4553 et

423 4589 592 4645 diciis
623 4607 747 4662 qure
779 4591 891 4646 dici
926 4596 1026 4646 aut
1058 4592 1346 4647 nominari
1382 4598 1651 4664 possunt,
1688 4596 1926 4651 tradidit
1949 4614 2073 4669 per-

425 4679 734 4752 petualiter
783 4681 860 4735 ibi
911 4682 1308 4752 permanenda
1360 4683 1615 4753 exceptis
1662 4683 1752 4739 his
1799 4702 1923 4756 quis
1981 4686 2067 4742 vel

419 4769 562 4841 ipse,
600 4769 712 4824 Deo
739 4768 1085 4841 opitulante,
1121 4775 1320 4841 postea
1369 4771 1666 4842 acquirere
1717 4775 1944 4843 poterit,
1979 4775 2068 4830 vel

419 4857 726 4914 collatione
759 4858 1020 4914 fidelium
1047 4859 1182 4914 huic
1208 4860 1504 4930 provenire
1537 4861 1762 4931 possint
1791 4863 2068 4932 ecclesiae,

419 4947 562 5018 quin
593 4947 769 5003 etiam
801 4947 1042 5020 triginta
1073 4965 1310 5003 mansos
1343 4953 1397 5002 et
1427 4949 1720 5020 octoginta
1749 4958 1940 5007 aratra
1975 4955 2070 5010 de-

419 5035 800 5092 cimationum
834 5037 905 5091 de
946 5036 1285 5092 monasterii
1334 5037 1528 5090 Sancti
1580 5038 1729 5092 Petri
1779 5040 1949 5096 bonis
1997 5043 2068 5097 ad

421 5124 898 5196 supplementum
931 5124 1120 5180 eidem
1154 5123 1508 5180 monasterio
1541 5127 2066 5185 condonavit.Con-

421 5212 612 5266 stituit
637 5230 868 5285 quoque
901 5218 964 5268 ut
995 5231 1096 5285 per
1126 5211 1388 5284 singulos
1419 5230 1603 5269 annos
1656 5214 1714 5269 in
1763 5217 2070 5275 festivitate

421 5300 606 5355 sancti
639 5302 900 5358 Mauricii
936 5303 1199 5372 ejusdem
1224 5302 1379 5357 sedis
1402 5304 1710 5374 episcopus
1728 5322 1860 5360 cum
1886 5307 2071 5363 fratri-

421 5387 531 5442 bus
561 5391 896 5446 monasterii
919 5391 1115 5447 Sancti
1151 5391 1299 5446 Petri
1329 5391 1397 5445 ad
1427 5392 1832 5463 supradictum
1865 5413 2068 5451 mona-

422 5475 667 5530 sterium
699 5478 890 5533 veniat
923 5497 987 5534 ac
1020 5481 1335 5536 missarum
1369 5478 1654 5536 solemnia
1684 5481 2068 5541 celebretibi-

425 5574 538 5640 que
567 5564 905 5639 prandendo
937 5568 1283 5628 charitatem
1310 5567 1648 5644 adimpleat.
1668 5571 1738 5628 Et
1767 5571 1816 5630 si
1845 5574 2070 5649 episco-

2188 4603 2364 4657 beatae
2398 4598 2648 4654 Bosinne
2679 4596 3056 4670 corporaliter
3106 4593 3251 4649 inibi
3284 4587 3630 4664 quiescenti,
3693 4588 3842 4642 duas

2183 4689 2406 4744 scilicet
2464 4692 2658 4742 curtes
2714 4684 3079 4741 Overanberh
3129 4676 3718 4742 et'Liutwinesdorf,
3785 4676 3836 4728 in

2180 4795 2351 4833 usum
2395 4775 2933 4831 sanctimonialium
2981 4774 3095 4828 Deo
3140 4771 3358 4826 ibidem
3410 4764 3830 4826 famulantium

2179 4868 2365 4930 datas,
2403 4869 2611 4918 nostrze
2659 4862 3020 4919 auctoritatis
3051 4875 3333 4916 renovare
3363 4855 3600 4928 scriptis
3629 4859 3694 4909 et
3753 4869 3841 4909 co-

2180 4957 2411 5010 ﬁrmare
2445 4951 2911 5019 voluimus,sitas
2943 4952 3001 5006 in
3033 4966 3180 5022 pago
3200 4950 3686 5019 Angeresgauwe
3710 4941 3839 4998 etin

2180 5042 2458 5099 comitatu
2503 5041 2860 5098 Witechindi
2909 5040 3164 5103 comitis,
3197 5053 3332 5093 cum
3381 5033 3658 5090 omnibus
3703 5031 3835 5088 suis

2181 5130 2560 5203 appendiciis,
2611 5130 2718 5185 hoc
2764 5137 2852 5185 est
2898 5129 3204 5199 utriusque
3263 5140 3436 5181 sexus
3496 5119 3833 5191 mancipiis,

2181 5221 2353 5290 areis,
2386 5219 2665 5284 aedificiis,
2700 5219 2870 5274 terris
2907 5217 3080 5274 cultis
3109 5220 3167 5271 et
3197 5211 3459 5278 incultis,
3491 5208 3706 5282 pratis,
3739 5224 3841 5280 pa-

2181 5310 2358 5375 scuis,
2393 5309 2560 5379 aquis
2587 5324 2990 5380 aquarumque
3021 5296 3831 5368 decursibus,molis,molen-

2181 5397 2356 5462 dinis,
2390 5396 2832 5468 piscationibus,
2870 5395 3051 5464 silvis,
3102 5390 3535 5454 venationibus,
3578 5385 3836 5442 exitibus

2181 5491 2237 5541 et
2268 5485 2574 5550 reditibus,
2611 5486 2718 5542 viis
2747 5490 2805 5540 et
2837 5486 3026 5554 inviis,
3060 5481 3322 5556 quaesitis
3354 5482 3412 5534 et
3440 5474 3833 5549 inquirendis,

2181 5592 2313 5636 cum
2345 5575 2508 5634 omni
2527 5573 2778 5634 utilitate
2806 5592 2933 5651 qua:
2965 5573 3082 5634 ullo
3113 5571 3285 5632 modo
3315 5568 3453 5626 inde
3483 5564 3700 5642 poterit
3715 5580 3846 5642 pre-
