3968 6126
121 232 312 316 .1097

1492 228 1890 306 HENBICUS
1931 231 2014 302 III
2056 231 2225 304 IMP.

3408 235 3567 322 i093

147 371 367 426 venire.
403 365 482 424 Ea
523 364 791 424 videlicet
852 365 1099 432 ratione,
1147 371 1211 422 ut
1255 369 1530 440 prmdicta
1580 372 1705 428 loca
1754 372 1808 428 in
1839 373 1900 440 Α·
1931 374 2083 430 ditas
2115 374 2329 429 habere
2359 371 2605 429 videtur.
2638 371 2919 432 Videlicet
2946 371 3371 432 monasterium
3410 371 3566 444 quod

147 475 325 515 usum
357 455 902 532 sanctimonialium
935 455 1077 510 inibi
1110 457 1374 512 omnium
1405 463 1628 514 remota
1671 478 1804 517 con-

142 548 492 606 tradictione
518 545 932 617 perpetualiter
962 549 1290 612 teneantur,
1322 547 1466 601 nulli
1509 548 1566 602 in
1591 549 1804 604 beneﬁ-

143 637 301 694 cium
336 635 687 709 prmstanda.
717 633 865 689 Illud
889 635 1062 689 etiam
1082 650 1215 689 cum
1240 641 1673 691 antecessorum
1696 655 1800 692 no-

142 731 402 782 strorum
427 723 739 780 traditione
757 728 813 778 et
834 723 1245 795 astipulatione
1263 723 1512 796 benigne
1533 725 1801 780 concedi-

143 833 276 874 mus
308 819 365 872 et
395 814 838 877 conﬁrmamus,
873 817 936 866 ut
967 812 1440 869 sanctimoniales
1495 814 1634 870 inibi
1683 815 1798 869 Deo

141 904 493 962 famulantes
539 901 847 957 arbitrium
893 905 950 956 et
996 905 1342 973 potestatem
1400 903 1652 958 habeant
1695 903 1796 958 eli-

136 992 309 1067 gendi
364 991 748 1056 abbatissam,
806 1007 936 1045 cum
992 989 1265 1061 qumlibet
1324 1008 1525 1048 carum
1598 990 1795 1046 locum

137 1086 325 1141 morte
350 1080 733 1140 intercidente
765 1079 1096 1147 mutaverit,
1127 1086 1182 1133 et
1215 1085 1276 1134 ut
1299 1079 1795 1151 nullajudiciaria

136 1187 388 1243 persona
417 1168 475 1223 in
513 1169 604 1224 his
654 1185 782 1240 qua:
827 1168 1093 1222 eamdem
1143 1167 1448 1223 ecclesiam
1499 1168 1794 1224 continere

134 1259 422 1326 videatur,
457 1257 544 1313 vel
591 1260 841 1322 exactor,
895 1255 982 1310 vel
1036 1254 1306 1327 publicus
1354 1257 1538 1327 judex
1582 1273 1792 1311 causas

135 1365 307 1420 agere
336 1347 424 1402 vel
458 1346 618 1402 freda
647 1345 894 1416 exigere,
930 1361 1032 1399 seu
1084 1344 1154 1398 ad
1197 1344 1533 1400 mansiones
1583 1345 1668 1400 vel
1718 1346 1789 1400 ad

132 1436 436 1508 quodlibet
468 1433 862 1489 ministerium
895 1432 1243 1504 compellere
1275 1438 1614 1505 praesumat,
1676 1433 1789 1489 nisi

128 1527 447 1580 advocatus
479 1540 652 1596 quem
698 1523 962 1594 ejusdem
1011 1520 1119 1577 loci
1177 1522 1415 1596 elegerit
1471 1523 1785 1590 abbatissa,

126 1614 392 1670 locorum
448 1614 686 1685 quidem
749 1613 958 1666 horum
1022 1611 1291 1667 homines
1350 1629 1382 1667 a
1440 1617 1784 1666 caiterorum

125 1704 392 1759 omnium
424 1702 690 1758 districtu
726 1700 845 1755 sint
876 1699 1066 1754 liberi.
1104 1701 1170 1754 Et
1200 1705 1264 1755 ut
1298 1701 1416 1755 haec
1451 1701 1620 1772 regiae
1675 1717 1784 1756 no-

128 1798 262 1848 straa
290 1791 624 1848 traditionis
654 1794 710 1845 et
732 1789 1198 1844 conﬁrmationis
1222 1789 1535 1845 auctoritas
1553 1789 1787 1845 stabilis

129 1885 188 1935 et
219 1877 564 1936 inconvulsa
597 1878 890 1934 omnizevo
925 1882 1282 1948 permaneat,
1337 1878 1486 1934 hanc
1522 1878 1786 1933 chartam

129 1969 270 2026 inde
301 1968 690 2041 conscriptam
725 1983 902 2022 manu
937 1967 1190 2038 propria,
1224 1971 1289 2021 ut
1337 1966 1487 2021 infra
1534 1967 1786 2035 videtur,

128 2059 571 2133 corroborantes
605 2054 782 2130 sigilli
817 2056 998 2110 nostri
1051 2055 1343 2126 jussimus
1395 2055 1786 2126 impressione

131 2147 359 2216 signiri.

192 2236 427 2306 Signum
455 2236 642 2292 domm‘
673 2236 915 2290 IIeinrz'ci
954 2235 1107 2288 tertii
1157 2235 1237 2304 (L.

125 2326 377 2380 (tissimi.
415 2331 440 2391 ῒ
478 2324 590 2379 CR.
630 2330 654 2389 1‘

195 2413 592 2472 Theodericus
623 2411 1005 2468 cancellarius
1035 2411 1154 2466 vice
1186 2410 1788 2466 Bardonisarchican-

133 2500 354 2562 cellarii
387 2500 736 2574 recognovit.

200 2591 349 2645 Data
378 2609 432 2646 vr
465 2589 588 2647 Kal.
625 2589 770 2657 Oct.,
805 2606 954 2645 anno
995 2589 1306 2645 Dominicm
1357 2587 1783 2643 Incarnationis

131 2681 294 2745 1044,
331 2679 645 2738 indictione
679 2696 787 2746 xu;
832 2695 983 2734 anno
1035 2682 1230 2732 autem
1284 2675 1485 2732 domni
1533 2675 1783 2730 Heinrici

132 2767 290 2823 tertii
311 2767 694 2824 ordinationis
723 2769 851 2839 ejus
877 2784 1010 2834 xvu,
1047 2768 1208 2840 regni
1233 2783 1366 2822 vero
1388 2783 1462 2820 vi.

213 2861 424 2916 Actum
450 2857 802 2930 Aquisgrani
837 2856 895 2911 in
921 2855 1019 2912 Dei
1043 2856 1276 2911 nomine
1301 2854 1782 2911 feliciter.Amen.

931 2963 996 3018 X.

139 3059 491 3120 conﬁrmatio
517 3056 938 3128 Ρνίυίιεθίονωη
965 3052 1266 3128 ίῖίηιέιυῖξιυη
1316 3053 1629 3128 Μᾷηίαίιςηιῧξ
1673 3051 1780 3128 1.5?-

1293 2233 1386 2303 Μ.)
1436 2234 1578 2302 regis
1630 2234 1784 2287 invi-

1915 464 2130 519 l‘actum
2163 468 2252 519 est
2284 462 2340 517 in
2374 461 2589 518 honore
2619 468 2956 520 sanctorum
2989 461 3284 530 Memoris,
3317 460 3490 517 Probi
3510 464 3569 517 et

1916 553 2156 619 Bullini,
2190 570 2323 607 cum
2350 552 2626 608 omnibus
2655 552 2778 609 suis
2803 550 3408 624 adjacentiis,sciiicet
3429 565 3563 605 cum

1914 659 2086 714 aqna,
2123 659 2246 713 quae
2275 640 2491 696 dicitur
2517 641 2864 711 Mulinelles,
2899 659 3033 697 cum
3057 642 3188 698 suis
3217 639 3565 698 decursibus

1912 731 1982 786 de
2007 729 2102 786 illo
2119 730 2265 796 loco,
2287 730 2440 785 unde
2461 730 2664 786 eadem
2686 748 2840 802 aqua
2861 730 3146 802 originem
3160 729 3361 796 sumit,
3376 741 3564 799 usque

1912 819 1968 873 in
2003 818 2197 874 Mincii
2230 835 2482 884 amnem,
2516 822 2572 873 et
2600 837 2668 876 ex
2700 824 2948 892 utraque
2979 818 3177 876 lectuli
3208 821 3373 892 parte
3402 817 3551 873 duo-

1908 905 2094 960 decim
2126 905 2322 976 pedes,
2356 922 2489 960 cum
2548 905 2822 962 omnibus
2866 899 3233 978 pertinentiis
3292 903 3558 984 ejusdem

1909 993 2428 1062 monasterii,cum
2461 994 2725 1050 curtibus
2755 994 2928 1050 etiam
2976 996 3035 1050 in
3085 993 3406 1050 Veronensi
3452 991 3556 1048 .Vi-

1906 1083 2156 1149 centino,
2177 1083 2512 1148 Mantuano,
2528 1081 2811 1152 Brisiano,
2833 1083 3188 1151 Placentino,
3209 1081 3554 1150 Mutinensi,
3575 1145 3582 1151 ,

1905 1177 2081 1244 atque
2111 1171 2484 1227 Cremonensi
2515 1172 2894 1228 comitatibus
2925 1171 3079 1239 sitis,
3107 1188 3234 1243 quae
3261 1171 3343 1228 ita
3367 1169 3554 1227 nomi-

1904 1265 2138 1328 nantur,
2174 1260 2468 1332 Bagniolo,
2493 1259 2748 1320 Colonia.
2780 1266 2837 1316 et
2866 1259 2925 1316 in
2955 1260 3205 1316 circuitu
3259 1259 3546 1326 fluminis,

1903 1351 2058 1422 quod
2085 1349 2299 1406 dicitur
2320 1353 2503 1420 Caput
2531 1349 2796 1422 Alponis,
2830 1348 3094 1417 Puliana,
3136 1347 3362 1422 Alonte,
3410 1349 3550 1406 Leo-

1902 1438 2058 1510 nigo,
2092 1443 2265 1510 atque
2296 1437 2572 1506 Sablone;
2607 1455 2707 1494 seu
2741 1439 2798 1493 in
2830 1436 3173 1493 Cardinensi
3203 1435 3546 1493 Judiciaria.

1900 1544 2033 1582 cum
2068 1527 2247 1582 servis
2275 1532 2332 1582 et
2362 1526 2589 1581 ancillis
2612 1526 2830 1582 ibidem
2862 1525 3312 1599 pertinentibus,
3337 1528 3394 1581 et
3415 1541 3544 1580 om-

1899 1633 2001 1671 nes
2034 1617 2179 1672 alias
2209 1632 2300 1671 res
2332 1616 2594 1685 ejusdem
2628 1615 2989 1681 monasterii,
3011 1633 3136 1686 quae
3159 1612 3370 1670 suntin
3411 1630 3552 1686 prai-

1895 1705 2067 1760 dictis
2097 1704 2491 1771 comitatibus,
2525 1703 2613 1759 vel
2639 1703 2790 1758 infra
2807 1707 3075 1758 nostrum
3091 1701 3361 1758 Italicum
3383 1718 3550 1774 rega-

1898 1810 2365 1867 gnum,seuquas
2378 1796 2716 1848 caeterorum
2730 1789 3546 1857 hominumconoessionibus,

1898 1883 2333 1947 traditionibus,
2357 1881 2797 1948 oll‘ensionibus,
2823 1879 3551 1958 comparationibus,com-

1899 1969 2688 2038 mutationibus,libellorum
2705 1986 2937 2042 quoque
2949 1968 3037 2025 vel
3053 1967 3455 2042 qualicunque
3465 1982 3551 2024 re-

1898 2060 2042 2115 lium
2059 2060 2392 2116 chartarum
2407 2059 2960 2131 conscriptionibus,
2977 2075 3081 2114 seu
3116 2056 3549 2131 pheothecariis

1895 2150 2241 2222 emphiteosi
2257 2149 2378 2220 ipse
2396 2152 2634 2204 sanctus
2648 2147 2812 2204 locus
2826 2147 3545 2204 obtinuit.Con{irmamus

1894 2238 2090 2310 itaque
2121 2238 2231 2293 sibi
2267 2237 2496 2308 plebem
2528 2237 2852 2292 Mantuanae
2897 2236 3147 2292 civitatis
3189 2251 3324 2291 cum
3376 2233 3545 2306 plebe

1895 2327 2154 2393 Sasselli,
2189 2344 2314 2398 quae
2347 2325 2509 2381 estin
2530 2330 2724 2391 Porto,
2739 2325 2968 2398 plebem
2983 2325 3054 2381 de
3075 2325 3284 2392 Suave,
3310 2322 3542 2397 plebem

1895 2417 2102 2483 Mauri,
2124 2416 2350 2487 plebem
2375 2414 2569 2469 Sancti
2596 2413 2784 2478 Metri,
2807 2413 3036 2486 plebem
3059 2413 3128 2468 de
3150 2412 3380 2478 Octavo,
3419 2409 3544 2483 ple-

1894 2505 2026 2560 bem
2059 2506 2129 2560 de
2162 2505 2416 2569 Riverso,
2448 2502 2674 2575 plebem
2697 2503 2767 2557 de
2789 2502 2941 2567 Goti,
2963 2503 3034 2557 de
3053 2501 3244 2567 Volta,
3259 2501 3329 2556 de
3352 2500 3544 2562 Bona-

1895 2613 1986 2666 g0,
2021 2595 2091 2649 de
2124 2594 2289 2648 Corte
2323 2593 2391 2647 de
2421 2591 2710 2646 Cauriana
2739 2591 2811 2646 de
2833 2589 3126 2662 Galziago,
3149 2590 3221 2647 de
3243 2589 3539 2648 Gussena-

1895 2702 1987 2757 go,
2022 2685 2091 2738 de
2121 2681 2316 2754 Capite
2348 2680 2681 2746 Tartari,de
2695 2680 3036 2752 Margareja,
3053 2678 3124 2734 de
3142 2676 3384 2745 Ludolo,
3417 2693 3546 2760 quae

1895 2777 1983 2829 est
2034 2772 2090 2826 in
2151 2769 2524 2837 Scorzarolio,
2576 2770 2645 2823 de
2693 2767 2998 2839 Turiselle,
3041 2767 3112 2822 de
3157 2766 3407 2834 Saviola,
3467 2765 3540 2821 de

1896 2859 2239 2916 Castellione
2258 2859 2592 2922 Mantuano,
2617 2857 2689 2912 de
2708 2855 3018 2923 Beneficio,
3040 2855 3112 2910 de
3134 2853 3440 2928 Bigarello,
3465 2854 3538 2909 de

1895 2950 2108 3005 Sancto
2141 2947 2403 3019 Georgio,
2438 2947 2508 3000 de
2538 2945 2873 3013 Ponterioli,
2907 2945 2978 2999 de
3009 2944 3306 3011 Barbasio,
3339 2943 3412 2998 de
3441 2943 3546 2999 Ca-

1896 3037 2174 3102 risedolo,
2205 3037 2276 3090 de
2321 3036 2531 3090 Sancto
2570 3033 2874 3099 Cassiano,
2923 3033 2994 3087 de
3041 3032 3254 3088 Sancto
3300 3030 3548 3086 Martino

592 3107 917 3181 abvﬁéhrico
974 3107 1072 3188 III“,
1129 3123 1435 3177 Germania:
1493 3125 1545 3176 et
1604 3120 1784 3176 Italiae
1814 3107 1856 3174 Ο
1897 3130 1965 3183 de
1996 3125 2187 3182 casale
2218 3123 2478 3190 Barbasi,
2511 3123 2582 3176 de
2608 3122 2821 3177 Sancto
2857 3119 3164 3176 Laurentio
3212 3119 3272 3173 in
3324 3117 3535 3185 casale,

206 3219 352 3273 rege.

755 3287 942 3357 (Anno
975 3282 1158 3352 1045.)

457 3377 808 3450 [Mum'ronn
841 3375 1020 3444 Antiq.
1046 3371 1165 3426 Ital.
1195 3369 1286 3436 VI,
1312 3370 1458 3434 415.]

208 3490 270 3544 1n
305 3485 538 3541 nomine
557 3486 770 3538 sancta:
793 3484 849 3535 et
866 3478 1177 3534 individuze
1201 3473 1526 3530 Trinitatis.
1552 3476 1786 3528 Hamm-

137 3594 263 3645 cus,
300 3573 498 3630 divina
521 3572 744 3626 favente
774 3567 1101 3633 clementia,
1137 3583 1252 3620 rex.

209 3666 269 3722 Si
304 3665 361 3719 in
395 3655 1041 3730 sacratisﬁomnipotenti
1066 3656 1182 3710 Deo
1206 3651 1348 3708 iocis
1371 3668 1404 3706 a
1438 3649 1796 3724 quibuslibet

143 3751 419 3810 desolatis
451 3745 909 3819 recuperationis
941 3746 1324 3817 augmentum
1354 3740 1448 3812 pio
1470 3739 1662 3794 favore
1683 3737 1793 3791 lar-

142 3845 359 3916 gimur,
393 3840 449 3893 id
486 3835 655 3892 nobis
685 3839 741 3889 et
771 3834 841 3890 ad
865 3833 1094 3906 imperii
1121 3830 1304 3887 nostri
1334 3827 1797 3884 stabilimentum

144 3939 318 4004 atque
342 3929 412 3983 ad
436 3931 660 3983 aeternae
686 3921 1175 3979 remunerationis
1198 3917 1662 3976 emolumentum
1679 3931 1798 3970 cre-

145 4003 338 4076 dimus
370 4017 764 4089 profuturum.
794 4015 1156 4084 Quapropter
1180 4008 1445 4064 omnium
1469 4011 1681 4061 sanctae
1700 4003 1802 4060 Dei

142 4108 434 4171 Ecclesia,
471 4108 921 4170 nostrorumque
947 4097 1226 4167 ﬁdelium,
1246 4095 1622 4167 presentium
1647 4092 1802 4149 scili-

145 4203 234 4253 cet
266 4212 331 4250 ac
363 4195 718 4255 futurorum,
755 4186 976 4242 noverit
999 4185 1347 4239 universitas
1371 4185 1524 4255 quod
1557 4183 1807 4238 Marcia-

141 4302 256 4342 nus
274 4285 488 4336 sanctae
502 4279 829 4333 Mantuanae
845 4275 1002 4329 sedis
1015 4273 1350 4344 episcopus,
1372 4276 1641 4326 nostram
1662 4269 1808 4324 adiit

143 4368 539 4433 clementiam,
581 4363 888 4438 postulans
921 4367 986 4416 ut
1020 4378 1120 4433 pro
1145 4361 1243 4415 Dei
1268 4375 1463 4413 amore
1479 4362 1806 4428 nostraeque

1889 3219 1960 3274 de
1984 3212 2318 3271 Gubernule
2347 3212 2416 3266 de
2446 3209 2842 3284 Septengenti,
2864 3209 2935 3264 de
2951 3209 3220 3276 Sermite,
3244 3209 3316 3263 de
3335 3207 3550 3264 Sancta

1893 3305 2073 3361 Maria
2098 3305 2167 3358 de
2191 3299 2446 3366 Baniolo,
2481 3300 2552 3354 de
2582 3296 3022 3365 Castellucchio,
3048 3298 3119 3354 de
3150 3294 3540 3370 Campedello,

1895 3396 1966 3449 de
2005 3387 2438 3447 Radaldescho:
2470 3388 2727 3458 itemque
2754 3385 2983 3458 plebem
3006 3385 3067 3441 in
3083 3384 3353 3442 Flumine
3373 3401 3541 3453 novo,

1898 3482 2125 3555 plebem
2159 3479 2230 3533 de
2263 3475 2502 3544 Pletule,
2539 3491 2674 3530 cum
2706 3475 2984 3529 omnibus
3011 3472 3144 3532 aliis
3173 3471 3445 3547 plebibus
3493 3475 3553 3528 et

1899 3568 2156 3644 capellis,
2189 3584 2322 3622 cum
2355 3565 2524 3621 terris
2555 3563 2731 3620 cultis
2762 3567 2818 3620 et
2849 3562 3111 3630 incultis,
3145 3579 3281 3620 cum
3305 3559 3469 3619 silvis
3491 3565 3549 3617 et

1900 3656 2328 3720 venationibus,
2361 3651 2626 3717 decimis,
2660 3668 2762 3708 seu
2795 3650 3084 3718 curtibus,
3111 3649 3334 3706 mansis
3377 3648 3554 3706 etiam

1904 3745 2130 3802 vestitis
2156 3747 2329 3814 atque
2362 3741 2728 3808 absentibus,
2759 3741 3007 3812 campis,
3040 3739 3249 3812 pratis,
3301 3737 3560 3810 pascuis,

1907 3840 1962 3890 et
1989 3850 2120 3889 cum
2152 3831 2424 3887 omnibus
2451 3829 2685 3899 insulis,
2718 3846 2845 3900 qua:
2873 3831 3013 3884 sunt
3041 3827 3100 3882 in
3131 3827 3375 3882 ﬂumine
3397 3824 3559 3893 Padi,

1909 3925 1978 3980 de
2008 3925 2151 3977 Zara
2181 3935 2367 3991 usque
2395 3918 2455 3972 in
2489 3922 2741 3983 Burana,
2792 3921 2850 3972 et
2899 3931 3086 3988 usque
3134 3915 3193 3970 in
3249 3913 3561 3979 Vizanum,

1911 4013 2061 4068 sicut
2095 4010 2286 4065 Padus
2307 4007 2636 4078 antiquitus
2657 4005 3038 4060 decurrebat:
3064 4019 3198 4058 cum
3222 4000 3560 4074 piscationi-

1912 4103 2042 4168 bus,
2059 4097 2290 4161 caretis,
2306 4095 2642 4168 paludibus,
2660 4092 3034 4160 molendinis,
3053 4092 3561 4165 aquis,aquarum-

1913 4207 2024 4262 que
2055 4185 2424 4253 decursibus,
2456 4181 2619 4254 ripis,
2653 4180 2852 4237 omnia
2883 4181 3122 4236 omnino
3154 4180 3215 4235 in
3262 4178 3561 4251 integrum

1914 4291 2275 4352 quaecunque
2307 4272 2419 4328 dici
2443 4271 2530 4327 vel
2560 4269 2851 4326 nominari
2875 4269 3129 4345 possint,
3176 4269 3331 4326 unde
3356 4267 3562 4323 eadem

1915 4371 2117 4424 sancta
2138 4362 2577 4420 Mantuanensis
2597 4359 2856 4416 Ecclesia
2877 4359 3151 4415 investita
3168 4357 3349 4414 fuisse
3365 4356 3567 4430 digno-

144 4460 354 4517 animze
384 4454 642 4512 remedio
677 4453 748 4507 ad
779 4451 1286 4506 confirmationem
1304 4447 1390 4501 vel
1432 4444 1805 4500 restauratio-
1834 4465 1881 4530 D
1911 4456 2116 4519 scitur,
2148 4466 2496 4524 quocunque
2522 4450 2726 4506 ordine
2745 4448 2832 4504 vel
2866 4446 3125 4520 qualibet
3154 4445 3418 4520 legitima
3459 4461 3562 4500 au-

152 4566 289 4606 nem
323 4545 587 4602 omnium
623 4558 863 4598 SUOI‘UHI
898 4542 1181 4594 bonorum
1209 4539 1417 4591 DOStI‘tB
1440 4532 1803 4588 auctoritatis

151 4640 510 4711 praeceptum
553 4649 669 4688 sure
722 4629 992 4686 Ecclesia:
1036 4626 1350 4684 concedere
1403 4623 1802 4694 dignaremur.

153 4725 334 4796 Cujus
367 4722 639 4796 precibus
672 4717 965 4785 inclinati;
1001 4734 1105 4790 per
1134 4714 1524 4770 interventum
1573 4725 1803 4782 quoque

156 4811 494 4870 lierimanni
510 4809 694 4866 nostri
719 4805 1091 4865 dilectissimi
1111 4799 1530 4875 archiepiscopi
1549 4805 1600 4854 et
1616 4797 1802 4854 archi-

157 4901 505 4968 cancellarii,
530 4905 583 4956 et
605 4898 894 4954 Brunonis
918 4895 1099 4951 nostri
1115 4890 1505 4948 amantissimi
1527 4886 1802 4960 episcopi,

158 4988 412 5046 libenter
443 4989 912 5060 acquiescentes:
945 4988 1001 5038 et
1031 4980 1309 5054 quoniam
1342 4979 1585 5051 dignum
1601 4981 1710 5040 est,
1734 4992 1806 5030 ne

160 5093 260 5136 res.
280 5075 669 5132 Ecclesiarum
706 5075 805 5131 Dei
841 5091 874 5128 a
903 5069 1265 5144 quibuslibet
1295 5066 1718 5138 deprazdentur,
1743 5068 1808 5119 ut

161 5165 233 5218 ab
263 5181 464 5220 earum
496 5163 739 5228 ditione,
763 5160 917 5234 quod
946 5174 1197 5229 nequam
1218 5159 1306 5211 est
1325 5155 1683 5218 auferantur,
1709 5154 1808 5208 de-

161 5252 449 5310 crevimus
479 5251 669 5309 eidem
701 5251 1016 5306 Mantuano
1047 5243 1406 5318 episcopatui
1458 5257 1662 5298 omnes
1718 5258 1810 5297 res

163 5341 492 5412 quasmodo
515 5342 584 5395 de
610 5340 780 5395 donis
807 5353 1011 5410 regum
1029 5351 1132 5391 seu
1154 5335 1572 5404 imperatorum
1593 5331 1809 5402 praede-

163 5444 462 5487 cessorum
493 5431 851 5492 nostrorum,
882 5425 971 5480 vel
1001 5422 1113 5479 alio
1147 5419 1410 5493 quolibet
1433 5419 1602 5474 modo
1633 5423 1811 5488 tenet,

162 5517 251 5601 vel
282 5533 430 5599 quas
463 5515 589 5576 sine
619 5514 748 5591 lege
775 5511 1139 5588 potestative,
1168 5508 1257 5569 vel
1279 5523 1413 5568 cum
1434 5506 1648 5567 virtute
1689 5523 1813 5582 per-

483 5645 749 5712 Puaon.
792 5639 940 5708 CLI.

1914 4543 2195 4599 ctoritatc.
2231 4541 2475 4610 Insuper
2507 4555 2851 4594 renovamus
2881 4537 3166 4610 scriptum
3193 4535 3382 4592 sancti
3429 4544 3566 4590 Cas-

1917 4628 2066 4692 siani
2101 4627 2366 4692 abbatiae,
2402 4643 2436 4680 a
2466 4626 2710 4697 paganis
2743 4626 3073 4691 devastata,
3107 4641 3210 4696 per
3256 4624 3366 4679 hos
3415 4623 3566 4677 ﬁnes

1915 4716 2262 4781 terminatis,
2295 4715 2366 4768 de
2399 4713 2622 4784 Agritia
2653 4713 2871 4783 Majore
2902 4729 3090 4784 usque
3121 4711 3179 4766 in
3209 4711 3390 4780 viam,
3439 4725 3570 4781 qua

1911 4805 2084 4878 vulgo
2117 4802 2331 4858 dicitur
2363 4799 2688 4868 Viscovilis,
2719 4817 2908 4871 usque
2941 4800 3000 4854 in
3044 4799 3333 4871 Agritiam
3382 4796 3572 4852 Mino-

1915 4912 2065 4960 rem;
2095 4891 2227 4947 inde
2250 4889 2515 4945 decurrit
2535 4888 2871 4944 terminatio
2891 4888 3151 4959 usquein
3181 4882 3569 4952 Verenscula;

1917 4985 2051 5040 inde
2079 4981 2374 5037 derivatur
2404 4994 2507 5050 per
2536 4978 2720 5031 fossas
2753 4975 2943 5031 Paluti
2976 4977 3034 5031 in
3061 4976 3255 5032 lacum
3290 4973 3572 5039 Mantuae,

1917 5073 2052 5128 inde
2078 5071 2329 5132 Fissaro,
2353 5071 2410 5121 et
2439 5083 2541 5137 per
2565 5065 2863 5120 Fissarum
2881 5065 3142 5136 usquein
3158 5063 3444 5136 Agritiam
3457 5059 3575 5116 Ma-

1910 5163 2122 5232 jorem,
2140 5158 2241 5213 ubi
2256 5154 2688 5211 terminationis
2701 5153 3003 5208 exordium
3019 5153 3441 5226 sumpsit,cum
3455 5165 3569 5205 om-

1921 5251 2097 5305 nibus
2128 5243 2495 5320 pertinentiis
2527 5247 2582 5298 et
2613 5241 2978 5314 adjacentiis,
3011 5260 3138 5315 quae
3170 5241 3241 5299 ad
3261 5241 3448 5314 ipsam
3465 5239 3573 5296 ab-

1921 5339 2140 5393 batiam
2155 5335 2443 5409 pertinere
2455 5331 2746 5398 videntur,
2762 5336 3052 5404 quatenus
3071 5331 3226 5388 idem
3243 5329 3576 5387 Marcianus

1922 5426 2157 5502 praesul,
2191 5425 2434 5496 ejusque
2460 5437 2830 5502 successores
2859 5420 2981 5502 haec
3012 5420 3210 5502 omnia
3239 5420 3311 5502 ad
3357 5418 3576 5476 utilita-

1921 5499 2042 5566 tem
2075 5505 2167 5565 sui
2193 5501 2474 5582 episcoPii
2505 5501 2727 5578 absque
2759 5500 3010 5575 alicujus
3057 5499 3478 5577 impedimento
3519 5501 3578 5560 et

3175 5627 3256 5700 33
