3968 6126
444 306 599 369 1099

1798 304 2116 379 ΜΟΝΠΜέ
2158 305 2485 379 DIPLOM.

3690 304 3855 375 1106

439 438 921 497 contradictionis
942 438 1210 497 molestia
1230 440 2083 518 pcrpetualitervaleantpossi-
2112 449 2168 516 Α
2198 449 2331 504 inde
2353 449 2586 512 fecerat,
2607 446 2760 517 apud
2774 441 3055 518 genitoris
3072 444 3255 500 nostri
3271 443 3678 501 excellentiam
3693 445 3857 501 mul-

437 531 594 587 dere.
625 528 843 585 Verum
874 530 1050 585 etiam
1108 530 1527 587 conﬁrmamus
1580 533 1768 589 eidem
1811 534 2107 603 Ecclesire,

436 634 609 675 omne
629 617 946 683 toloneum,
970 618 1149 689 ripas,
1172 623 1228 672 et
1243 617 1578 691 ripaticum,
1603 625 1659 677 et
1682 623 1899 678 ﬁxurus
1919 623 2077 695 palo-

437 725 570 764 rum
599 708 737 779 ripa:
768 707 1095 761 Mantuanae
1126 705 1375 763 civitatis
1406 713 1461 764 et
1491 710 1666 782 porti,
1693 715 1749 766 et
1770 716 1950 767 totam
1972 729 2080 784 pu-

436 797 651 855 blicam
681 794 1059 864 iunctionem,
1094 799 1270 867 atque
1302 796 1557 854 insulam
1590 800 1803 856 reveris
1846 804 1902 856 et
1948 818 2079 857 cur-

435 892 555 942 tem
586 882 882 957 Regalem,
909 898 1142 939 necnon
1163 888 1219 938 et
1235 884 1514 954 insulam,
1535 904 1662 959 quae
1676 888 1891 944 dicitur
1906 894 2080 945 Suza-

434 976 541 1042 ria,
573 977 681 1029 etc.
776 985 780 989 '

500 1063 732 1135 Signum
762 1059 864 1133 (is)
892 1060 1079 1117 domni
1121 1063 1369 1120 Ileinrici
1422 1068 1576 1122 tertii
1634 1068 1779 1137 regis
1836 1068 2082 1123 invictis-

431 1155 581 1210 simi.

500 1244 841 1301 Adelberius
870 1247 1254 1303 cancellarius
1278 1245 1400 1301 vice
1422 1244 1761 1299 Herimanni
1780 1244 2083 1299 archican-

432 1332 654 1389 cellarii
686 1337 1012 1408 recognovi.

452 1486 463 1499 ι
504 1422 649 1477 Data
680 1440 832 1479 anno
864 1418 1179 1481 Dominicze
1234 1422 1659 1479 Incarnationis
1719 1423 1879 1489 1045,
1922 1423 2086 1494 judi-

433 1512 623 1567 ctione
654 1529 775 1580 χιιι,
810 1529 963 1568 anno
994 1530 1125 1570 vero
1159 1512 1360 1568 domui
1392 1510 1646 1568 Heinrici
1674 1510 1827 1566 tertii
1859 1511 2086 1567 ordina-

433 1601 610 1657 tionis
642 1601 770 1673 ejus
800 1619 893 1669 xv,
926 1602 1227 1675 regnantis
1257 1618 1390 1657 vero
1411 1618 1487 1656 vn.

462 1758 463 1761 η
501 1692 711 1745 Actum
737 1694 1005 1762 Augusta
1028 1690 1290 1747 feliciter.
1326 1695 1538 1744 Amen.

1216 1781 1315 1833 XI.

432 1838 718 1920 Heinricus
749 1848 799 1903 11
825 1850 1130 1920 imperator
1161 1850 1517 1906 Cremonensi
1541 1849 1791 1903 Ecclesia:
1805 1851 2089 1905 restituen-
2117 1818 2164 1884 B

503 1920 576 1975 da
603 1919 847 1976 decernit
870 1919 1048 1977 eidem
1073 1921 1259 1976 ablata
1283 1937 1317 1974 a
1350 1920 1582 1976 Gerardo
1606 1924 1796 1991 nepote
1813 1921 2088 1976 Heriberti

504 1992 901 2063 archiepiscopi
921 1991 1374 2048 Mediolanensis.

889 2062 1152 2136 (Circiter
1180 2079 1403 2119 annum
1433 2063 1621 2136 5946.)

749 2134 1026 2206 [MURAT.,
1058 2135 1240 2207 Antiq.
1273 2136 1396 2190 Ital.
1432 2134 1527 2201 Vl,
1558 2136 1712 2203 217.]

504 2224 569 2280 In
601 2223 837 2280 nomine
866 2223 1100 2280 Domini
1124 2224 1230 2301 Dei
1262 2223 1484 2278 aeterni.
1521 2224 1866 2294 HEINRICUS,
1891 2222 2088 2279 divina

433 2313 659 2370 favente
689 2312 1000 2369 clementia
1028 2312 1346 2385 imperator
1372 2314 1692 2385 Augustus.

502 2403 559 2457 Si
595 2406 931 2459 sanctarum
954 2402 1055 2457 Dei
1076 2400 1472 2458 Ecclesiarum
1490 2400 1825 2473 pastoribus
1847 2417 1934 2467 ea,
1956 2418 2085 2474 quae

433 2501 607 2572 digne
636 2516 671 2555 a
694 2500 910 2556 nostris
944 2499 1214 2555 ﬁdelibus
1246 2500 1401 2571 apud
1434 2502 1695 2554 nostram
1714 2500 2083 2569 majestatem

431 2587 827 2660 postulantur,
859 2587 1279 2658 impendimus,
1312 2588 1369 2641 id
1401 2588 1471 2642 ad
1498 2591 1722 2641 aeternae
1745 2604 2082 2643 remunera-

432 2674 609 2729 tionis
631 2675 907 2730 meritum
931 2674 1101 2730 nobis
1114 2674 1393 2745 proﬁcere
1412 2691 1526 2729 non
1546 2674 1907 2730 dubitamus.
1930 2676 2081 2739 Quo-

436 2762 868 2817 circaomnium
885 2760 1149 2816 ﬁdelium
1173 2766 1386 2817 sancta;
1410 2762 1510 2817 Dei
1534 2761 1827 2831 Ecclesiae,
1854 2771 2082 2820 nostro-

431 2866 700 2921 rumque,
735 2848 1110 2922 praesentium
1144 2848 1365 2904 scilicet
1387 2866 1453 2905 ac
1481 2851 1834 2918 futurorum,
1858 2853 2082 2909 noverit

430 2938 723 2996 industria
751 2955 818 2996 eo
848 2939 1003 3010 quod
1018 2938 1680 2995 Hubaldusvenerabilis
1702 2946 1914 2996 sanctae
1945 2941 2078 2998 Cre-

430 3029 731 3085 monensis
778 3026 1045 3084 Ecclesiae
1089 3028 1419 3101 episcopus,
1474 3028 1840 3101 dilectusque
1887 3029 2078 3087 ﬁdelis

431 3124 646 3187 noster,
667 3135 768 3191 per
791 3118 1074 3174 domuum
1097 3117 1522 3174 Herimannum
1541 3118 2076 3176 reverentissimum

2187 538 2361 592 toties
2393 538 2754 608 conquestus
2781 538 2871 590 est
2893 551 2956 590 se
2986 533 3096 590 hoc
3129 538 3337 607 Sponte
3358 551 3475 590 non
3501 534 3734 591 fecisse.
3751 538 3856 591 Cui

2194 643 2329 680 cum
2360 625 2699 697 praedictam
2729 627 2949 679 cortem
2981 629 3038 679 et
3056 622 3287 695 plebem
3317 623 3625 679 restituere
3657 623 3855 691 vellet,

2189 732 2337 786 swpe
2367 718 2423 769 et
2448 712 2770 785 saepissime
2800 729 2903 784 per
2934 729 3073 768 suas
3106 711 3329 768 litteras
3362 711 3445 766 illi
3491 712 3855 768 mandatum

2189 807 2465 863 estuteas
2495 803 2567 857 ad
2601 807 2825 875 partem
2857 800 3451 874 episcOpiihabendas
3472 800 3854 874 relinqueret.

2189 892 2347 955 Quod
2383 908 2687 963 nunquam
2716 890 3039 963 impetrare
3067 889 3273 958 valuit,
3305 891 3404 946 sed
3439 888 3733 946 diabolico
3763 890 3854 947 iu-

2190 981 2431 1042 stinctu,
2461 979 2555 1034 cui
2580 996 2614 1034 a
2645 978 2974 1048 cunabulis,
3009 978 3161 1034 sicut
3189 977 3465 1034 omnibus
3482 982 3601 1034 tam
3626 978 3847 1035 Italicis

2191 1086 2367 1142 quam
2396 1068 2729 1124 Teutonicis
2750 1072 2926 1140 patet,
2952 1068 3327 1136 deservierat,
3347 1068 3478 1139 ejus
3495 1067 3851 1141 legationem

2187 1158 2573 1230 vilipendens,
2610 1158 2890 1229 superius
2912 1158 3066 1214 dicta
3095 1156 3344 1212 detinuit
3391 1161 3449 1213 et
3496 1156 3612 1214 alia
3662 1157 3847 1213 mulio

2194 1249 2418 1318 majora
2449 1247 2521 1301 ad
2552 1246 2834 1320 genitoris
2863 1242 3114 1303 dedecus
3145 1251 3202 1302 ct
3232 1244 3537 1311 vilitatem,
3565 1247 3839 1303 invadere

2193 1356 2307 1392 non
2328 1335 2675 1400 formidavit,
2691 1335 2913 1391 scilicet
2925 1334 3150 1408 plebem
3168 1336 3238 1390 de
3261 1334 3509 1391 Misiano
3533 1352 3669 1390 cum
3684 1335 3842 1391 omni

2194 1425 2524 1497 integritate
2555 1441 2680 1490 sua,
2715 1429 2773 1479 et
2801 1424 3090 1480 decimam
3119 1425 3189 1479 de
3218 1428 3409 1480 castro
3455 1423 3734 1496 Aganello
3776 1426 3845 1480 ad

2195 1514 2529 1587 praedictam
2564 1514 2790 1587 plebem
2823 1514 2893 1569 de
2926 1514 3164 1569 Arciaco
3183 1513 3593 1586 pertinentem,
3617 1519 3679 1569 et
3697 1514 3847 1569 deci-

2197 1620 2353 1659 mam
2387 1604 2459 1660 de
2490 1602 2815 1675 Mauringo,
2847 1603 2919 1657 ad
2950 1602 3181 1675 plebem
3214 1603 3285 1658 de
3307 1602 3567 1658 Fornovo
3588 1603 3839 1659 attinen-

2196 1698 2335 1759 tem,
2370 1707 2475 1746 nec
2506 1707 2619 1745 non
2642 1694 2698 1745 et
2719 1690 3091 1746 medietatem
3113 1691 3184 1745 de
3204 1693 3395 1746 castro
3416 1689 3848 1763 Cortegano,ad

2194 1780 2492 1837 abbatiam
2525 1779 2723 1835 Sancti
2755 1779 3050 1835 Laurentii
3082 1779 3491 1851 pertinentem.
3524 1778 3603 1835 Eo
3640 1783 3836 1837 autem

2196 1870 2254 1924 in
2283 1886 2458 1941 regno
2472 1869 2733 1923 veniente
2747 1884 2881 1923 cum
2894 1868 3275 1940 comperisset
3292 1867 3444 1940 quod
3459 1867 3847 1942 archiepisco-

2194 1976 2305 2031 pus
2336 1958 2549 2014 violata
2582 1955 2861 2013 ﬁdelitate
2890 1973 3067 2029 quam
3098 1955 3184 2012 illi
3206 1956 3440 2023 fecerat,
3465 1973 3719 2030 regnum
3740 1958 3848 2015 sibi

2195 2047 2467 2103 invadere
2499 2044 2820 2114 moliretur,
2847 2045 3091 2101 Girardo
3111 2044 3428 2118 instigante
3449 2045 3572 2101 etei
3608 2047 3845 2103 omnino

2195 2137 2571 2208 suifragante,
2603 2134 2800 2190 omnia
2831 2134 3129 2207 praedicta,
3154 2134 3308 2190 sicut
3328 2150 3424 2190 reo
3448 2135 3780 2205 majestatis
3798 2139 3848 2192 et

2194 2223 2620 2298 proscriptione
2646 2224 2845 2297 digno,
2859 2224 3021 2295 juste
3037 2222 3089 2279 ei
3111 2221 3357 2279 abstulit
3381 2226 3439 2279 et
3457 2223 3746 2297 episcopo
3766 2241 3846 2281 re-

2194 2313 2404 2369 stituit.
2439 2313 2547 2368 Sed
2581 2314 2841 2385 genitore
2874 2316 3069 2368 nostro
3099 2312 3172 2369 de
3191 2328 3368 2384 regno
3386 2313 3725 2378 recedente,
3748 2312 3845 2369 ite.

2194 2420 2324 2457 rum
2339 2402 2539 2457 omnia
2560 2401 2833 2457 invadere
2846 2418 2961 2457 non
2980 2400 3195 2468 timuit,
3210 2404 3405 2472 spreta
3417 2402 3547 2473 ejus
3569 2418 3839 2458 reveren-

2192 2492 2273 2547 tia
2300 2496 2357 2546 et
2385 2492 2612 2545 timore.
2646 2490 2761 2545 Nos
2788 2506 2918 2546 vero
2949 2490 3326 2563 episcopatus
3364 2489 3749 2547 diminutioui
3788 2496 3842 2547 et

2193 2579 2441 2635 miseriae
2469 2578 2868 2645 condolentes,
2902 2583 2959 2634 et
2973 2582 3283 2650 paternum
3303 2579 3557 2635 dedecus
3577 2580 3841 2636 conside-

2190 2672 2406 2736 rantes,
2442 2668 2560 2723 haec
2601 2667 2796 2723 omnia
2838 2666 3131 2740 episcopio
3174 2665 3522 2723 aaternaliter
3566 2667 3837 2725 habenda

2190 2757 2585 2826 concedimus,
2617 2761 2673 2812 et
2704 2756 2945 2829 insuper
2973 2772 3074 2828 per
3096 2757 3363 2829 praecepti
3382 2757 3565 2813 nostri
3589 2758 3842 2813 auctori-

2186 2849 2369 2902 tatem
2400 2845 2706 2902 retinenda
2734 2844 3120 2911 instituimus,
3152 2860 3221 2900 ea
3237 2843 3504 2901 videlicet
3539 2845 3766 2901 ratione
3785 2849 3849 2900 ut

2189 2933 2390 2990 nullus
2441 2932 2938 3006 archiepiscopus,
2986 2932 3316 3006 episcopus,
3362 2932 3499 2999 dux,
3551 2932 3837 2999 marcbio,

2188 3039 2403 3089 comes,
2437 3022 2775 3090 vicecomes,
2800 3038 2902 3077 seu
2925 3036 3143 3094 magna
3158 3037 3453 3093 parvaque
3470 3022 3633 3094 regni
3654 3021 3841 3078 nostri

2188 3128 2437 3184 persona
2465 3110 2769 3168 ecclesiam
2792 3111 3059 3167 eamdem
3083 3109 3357 3166 divestire
3379 3110 3611 3166 audeat.
3636 3110 3841 3182 Siquis

430 3205 1865 3287 ColoniensemAarchiepiscopuzn,etdulcissimum
1883 3224 2082 3264 conso-
2112 3185 2154 3252 (ἶ
2192 3218 2347 3268 vero,
2379 3205 2489 3256 etc-

430 3296 668 3352 brinum
714 3300 1004 3363 nostrum,
1056 3300 1270 3351 nostrae
1319 3296 1490 3369 regiae
1541 3295 1847 3352 humiliter
1889 3296 2090 3353 retulit

431 3379 728 3457 potestati,
764 3380 1018 3456 qualiter
1047 3400 1217 3440 suam
1234 3384 1552 3441 Ecclesiam
1577 3402 1723 3457 pene
1760 3385 2083 3442 desolatam

439 3473 760 3546 multisque
788 3472 1220 3529 calamitatibus
1240 3478 1295 3527 et
1315 3473 1570 3530 miseriis
1590 3474 1909 3530 invenisset
1929 3474 2088 3531 attri-

383 3564 385 3567 ’
439 3554 589 3617 tam.
606 3558 980 3633 Imperatoris
1001 3578 1254 3632 namque
1277 3561 1417 3616 diva:
1445 3561 1737 3617 memoria:
1750 3561 2084 3619 Chuonradi

433 3647 1058 3721 imperatorisAugusti
1071 3648 1351 3719 genitoris
1365 3649 1547 3705 nostri
1560 3654 1819 3722 tempore
1832 3650 2086 3709 domnus

438 3735 762 3794 Landulfus
788 3736 1220 3808 przenominata:
1251 3737 1521 3794 Ecclesia:
1549 3742 1606 3792 et
1638 3739 1788 3811 parti
1835 3740 2083 3796 Romani

436 3826 666 3899 imperii
697 3816 799 3899 per
827 3823 1024 3882 omnia
1047 3840 1280 3897 semper
1307 3825 1712 3895 ﬁdelissimus,
1744 3829 1902 3900 gravi
1926 3828 2083 3884 inﬁr-

433 3914 639 3977 mitate
667 3919 992 3988 correptus,
1014 3915 1074 3969 in
1104 3914 1235 3987 ipsa
1279 3914 1623 3971 inﬁrmitate
1686 3915 1920 3990 longam
1975 3935 2081 3991 pro

428 4006 603 4062 traxit
630 4005 831 4061 vitam.
855 4009 920 4059 In
942 4004 1114 4076 cujus
1131 4002 1304 4077 longa
1326 4004 1671 4077 aegritudine
1691 4023 1801 4061 sua
1823 4006 2083 4063 Ecclesia

428 4113 544 4153 non
568 4093 859 4150 modicam
877 4110 1051 4166 passa
1066 4093 1477 4165 estjacturam,
1499 4094 2076 4163 maximeaGirardo,

426 4183 714 4240 Heriberti
746 4181 1201 4241 Mediolanensis
1231 4181 1654 4255 archiepiSCOpi
1690 4189 1921 4255 nepote,
1977 4183 2079 4256 qui

425 4272 672 4329 audacia
701 4270 893 4343 patrui
925 4269 1040 4338 sui,
1073 4269 1171 4341 qui
1205 4286 1378 4325 omne
1412 4286 1661 4342 regnum
1689 4270 1954 4327 Italicum
2003 4273 2076 4328 ad

429 4377 604 4416 suum
627 4359 972 4431 disponebat
997 4363 1230 4425 nutum,
1255 4359 1504 4430 superbe
1521 4358 1764 4427 levatus,
1788 4360 2076 4432 quidquid

430 4448 540 4503 sibi
572 4446 848 4519 placitum
867 4451 1012 4511 erat,
1027 4447 1260 4517 justum
1280 4451 1382 4500 aut
1398 4446 1708 4517 injustum,
1732 4449 2076 4520 potestative

2269 3291 2384 3363 Ego
2412 3290 2757 3346 Ramundus
2788 3289 3052 3345 notarius
3081 3288 3264 3363 hujus
3290 3289 3502 3346 exomii
3544 3290 3841 3362 exemplar

2194 3378 2312 3435 vidi
2339 3383 2394 3435 et
2424 3378 2558 3451 legi.

2973 3466 3091 3523 XII.

2193 3540 2441 3595 Heinrici
2471 3539 2545 3594 III
2575 3541 2741 3606 regis,
2775 3540 3121 3609 imperatori:
3153 3539 3217 3604 II,
3248 3538 3490 3610 diploma
3520 3555 3627 3610 quo
3650 3543 3835 3596 omnia

2266 3611 2402 3666 bona
2430 3612 2713 3681 conﬁrmat
2771 3610 3101 3666 monasterio
3166 3612 3453 3666 Veronensi
3501 3610 3689 3668 Sancti
3743 3612 3835 3667 Ζιο

2264 3698 2447 3738 nonis.

2813 3755 3001 3822 (Anno
3032 3752 3219 3818 4047.)

2488 3825 2841 3896 [Mea/imm,
2874 3826 3095 3895 Aantiq.
3127 3824 3249 3879 Ital.
3287 3823 3368 3890 VI,
3401 3824 3555 3895 22L]

2262 3914 2324 3970 In
2342 3914 2578 3970 nomine
2600 3917 2813 3968 sancta:
2836 3917 2893 3968 et
2912 3911 3223 3968 individua:
3244 3911 3567 3968 Trinitatis.
3594 3912 3835 3969 Hamm-

2189 4021 2315 4071 cus,
2332 4002 2529 4058 divina
2540 4002 2763 4057 favente
2775 4000 3507 4072 clementia,Romanorum
3521 4001 3841 4073 imperator

2188 4096 2512 4165 Augustus.

2261 4178 2629 4254 Imperialem
2660 4177 3083 4236 sublimitatem
3105 4181 3403 4249 condecet,
3426 4185 3536 4236 etc.
3554 4198 3569 4249 ;
3588 4179 3841 4253 qualiter

2185 4268 2481 4325 Walterus
2504 4272 2715 4324 sancta:
2737 4268 3089 4325 Veronensis
3112 4268 3376 4325 Ecclesiae
3390 4268 3705 4342 episcopus
3720 4285 3838 4325 una

2186 4374 2321 4413 cum
2354 4357 2642 4425 Alberico,
2689 4357 2899 4413 abbate
2949 4356 3288 4413 monasterii
3345 4357 3541 4412 Sancti
3586 4357 3835 4413 Zenonis

2186 4447 2478 4520 martyris,
2505 4451 2766 4503 nostram
2790 4445 3162 4503 clementiam
3187 4445 3833 4519 suppliciterexoraudo

429 4536 779 4608 operabatur
798 4534 855 4588 in
877 4548 1075 4605 regno.
1094 4534 1311 4589 Invasit
1334 4534 1759 4606 itaquecortem
1773 4540 1830 4591 et
1845 4536 2074 4609 plebem
2104 4553 2151 4617 D
2182 4537 2347 4603 adiit,
2378 4537 2451 4593 ob
2483 4552 2744 4592 amorem
2774 4535 2875 4591 Dei
2897 4534 3336 4607 omnipotentis,
3360 4533 3632 4606 beatique
3655 4536 3831 4591 Zeno-

426 4626 498 4681 de
527 4623 775 4681 Arciaco,
795 4627 999 4677 contra
1026 4620 1384 4678 voluntatem
1405 4627 1463 4679 et
1513 4623 1640 4680 sine
1688 4625 2075 4698 permissione

426 4717 683 4771 multum
699 4712 916 4784 diuque
934 4711 1269 4785 aegrotantis
1290 4713 1567 4786 episcopi.
1593 4713 1847 4777 Quicum
1865 4714 2070 4788 liquis-

429 4808 518 4861 set
545 4803 769 4870 inﬁma,
794 4804 852 4857 et
882 4800 1193 4874 migrasset
1238 4802 1309 4857 ad
1360 4819 1627 4874 superos,
1682 4805 1969 4861 successit
2018 4805 2071 4862 ei

426 4892 730 4951 Hubaldus
746 4889 1075 4964 episcopus,
1092 4890 1360 4946 nosterin
1379 4892 1653 4947 omnibus
1666 4892 2063 4951 ﬁdelissimus.

421 4984 525 5057 Cui
559 4998 695 5039 cum
726 4995 961 5037 necesse
991 4983 1147 5034 esset
1176 4980 1246 5034 ad
1273 4979 1661 5053 episcopalem
1679 4983 2067 5041 consecratio-

420 5090 555 5131 nem
588 5071 880 5149 accedere,
913 5068 985 5124 ab
1035 5067 1472 5141 archiepiscopo
1522 5072 1586 5123 ut
1629 5074 2069 5127 consecraretur

423 5164 1118 5235 impetrarenequaquam
1134 5156 1333 5227 valuit,
1367 5157 1594 5229 plebem
1622 5162 1677 5213 et
1697 5164 1915 5214 cortem
1951 5159 2064 5215 nisi

422 5234 599 5322 quam
634 5234 849 5321 injuste
879 5250 935 5302 et
966 5245 1308 5323 potestative
1339 5246 1650 5314 invaserat,
1705 5248 1903 5319 nepoti
1958 5264 2064 5304 suo

421 5340 780 5405 concederet.
813 5342 1075 5407 Cumque
1096 5334 1154 5391 in
1186 5335 1425 5407 longum
1454 5352 1557 5407 pro
1588 5334 1696 5390 hac
1745 5335 2065 5393 intentione

422 5426 552 5495 ejus
573 5428 954 5497 protelaretur
971 5424 1347 5491 consecratio,
1368 5427 1713 5499 non‘sponte
1738 5425 1840 5480 sed
1866 5430 2065 5482 coacto

422 5516 730 5584 concessit,
754 5519 912 5589 quod
935 5517 1198 5591 petierat,
1230 5511 1726 5569 consecrationem
1756 5529 1872 5568 non
1896 5513 2066 5571 aliter

425 5608 796 5689 consecutus.
828 5605 1114 5674 Quiavero
1136 5602 1389 5662 multum
1407 5598 1651 5658 moleste
1671 5600 1892 5661 ferebat
1905 5603 2061 5680 quod

2187 4626 2277 4682 nis
2295 4624 2697 4691 reverentiam,
2721 4628 2830 4680 etc.
2854 4624 2973 4680 Nos
2994 4640 3149 4692 vero,
3166 4623 3350 4693 justis
3372 4639 3574 4679 eorum
3594 4623 3828 4695 petitio-

2182 4714 2357 4770 nibus
2388 4712 2838 4779 consentientes,
2872 4729 2974 4784 pro
3005 4712 3264 4769 remedio
3284 4711 3497 4768 animae
3517 4716 3759 4781 nostrai,
3776 4717 3829 4769 et

2180 4804 2252 4859 ob
2267 4803 2658 4858 interventum
2671 4799 3067 4856 dilectissime:
3084 4800 3354 4874 conjugis
3366 4801 3832 4874 nostraaimpera-

2179 4890 2342 4945 tricis
2356 4887 2616 4961 Agnetis,
2634 4888 2908 4961 praedicto
2924 4890 3286 4945 monasterio
3301 4889 3675 4946 concedendo
3692 4906 3835 4946 cou-

2179 4981 2507 5044 ﬁrmamus,
2540 4980 2649 5033 etc.
2680 4977 2740 5032 1d
2772 4982 2859 5032 est
2882 4977 2943 5033 in
2966 4977 3169 5033 eodem
3192 4978 3483 5035 territorio
3509 4976 3829 5035 Veroneusi

2179 5065 2603 5123 monasterium
2635 5068 3040 5121 constructum
3069 5065 3129 5121 in
3159 5066 3382 5124 honore
3412 5066 3599 5124 sancti
3647 5066 3825 5137 Petri,

2177 5157 2331 5229 quod
2364 5155 2578 5210 dicitur
2608 5152 2931 5221 Mauritica,
2966 5170 3101 5210 cum
3151 5154 3394 5212 decimis
3442 5171 3507 5211 ac
3555 5155 3831 5212 terminis

2175 5260 2377 5300 eorum
2390 5242 2766 5300 cernentibus
2790 5260 2822 5296 a
2842 5242 2957 5298 ﬁne
2975 5242 3205 5299 Fissaro
3226 5261 3413 5315 usque
3435 5244 3493 5298 in
3513 5242 3829 5300 Fossatum

2175 5334 2581 5397 Mantuanum,
2614 5348 2684 5386 ex
2716 5347 2829 5385 uno
2859 5330 3039 5387 latere
3083 5332 3156 5387 ab
3201 5331 3434 5406 Agricia
3471 5347 3665 5404 usque
3714 5331 3833 5390 ﬁne

2171 5421 2389 5490 Finale,
2432 5426 2489 5477 et
2518 5420 2855 5493 pertingens
2884 5419 2945 5474 in
2975 5420 3207 5494 Agricia
3235 5437 3427 5494 usque
3469 5420 3830 5491 Trivularia,

2171 5511 2242 5566 de
2274 5526 2391 5566 uno
2420 5509 2609 5582 capite
2667 5507 3096 5577 Castellionem,
3156 5509 3483 5579 Silvatico;
3513 5508 3836 5570 castellum

2171 5600 2347 5661 etiam
2377 5599 2437 5657 in
2449 5596 2772 5677 Vallepicta
2790 5614 2926 5659 cum
2947 5597 3192 5680 decimis
3212 5601 3269 5659 et
3289 5597 3631 5676 appendicis
3655 5599 3794 5660 suis
3817 5619 3837 5677 ς
