3968 6126
129 331 274 401 HO!

124 562 456 616 sanctorum
489 557 666 613 Firmi
697 563 755 613 et
782 558 1026 626 Rustici,
1058 575 1190 614 cum
1226 558 1490 628 decimis,
1525 558 1772 630 placitis,

123 647 482 713 districtis,et
502 645 777 702 omnibus
802 647 928 703 suis
952 647 1343 719 pertinentiis,
1360 647 1535 704 sicuti
1557 665 1591 703 a
1611 649 1775 704 bona:

122 736 410 793 memoriae
432 735 634 792 Karolo
668 735 934 808 piissimo
966 736 1319 808 imperatore
1350 753 1698 794 concessum
1721 741 1778 792 et

120 825 376 882 oblatum
409 829 498 881 est
528 825 883 881 monasterio
915 825 1112 881 Sancti
1147 826 1426 893 Zenonis;
1467 824 1775 882 castellum

117 915 426 971 llerbetum
452 930 586 970 cum
618 914 847 970 cunctis
873 915 1243 984 pertinentiis
1266 915 1390 970 suis
1421 921 1479 971 et
1507 916 1776 986 adjacen-

117 1003 240 1072 tiis;
265 1002 573 1058 castellum
593 1003 1049 1060 Trebunciulum
1071 1022 1082 1070 ;
1108 1009 1164 1060 et
1181 1005 1486 1060 castellum
1502 1005 1776 1076 Vicoade_

112 1093 220 1162 ris;
254 1090 537 1164 capellam
568 1092 767 1148 Sancti
808 1093 1103 1149 Laurentii
1150 1094 1326 1149 sitam
1359 1093 1419 1148 in
1451 1093 1578 1166 ripa
1607 1091 1770 1175 Padi,

113 1199 236 1252 quae
267 1182 485 1236 dicitur
523 1181 748 1249 Ostilia,
773 1198 909 1238 cum
942 1181 1186 1238 decimis
1229 1186 1287 1238 et
1335 1182 1611 1237 omnibus
1641 1199 1768 1254 per-

110 1270 370 1327 tinentiis
401 1271 555 1340 suis;
590 1271 981 1344 Campolanaz,
1009 1288 1282 1344 campum
1316 1271 1677 1336 Palliarium,
1710 1275 1770 1326 et

105 1359 538 1427 Novoletum,et
560 1359 618 1413 in
643 1359 784 1429 Gajo
799 1360 1000 1432 jug’ias
1028 1364 1353 1428 trecentas;
1388 1359 1512 1415 loco
1545 1357 1768 1414 Casale-

103 1449 262 1516 Orci;
297 1447 434 1502 villa
465 1464 592 1519 quae
633 1447 847 1503 dicitur
887 1451 1072 1521 Aspo;
1106 1448 1420 1505 Castellum
1455 1447 1764 1503 Romania-

98 1554 264 1607 num,
289 1554 421 1592 cum
457 1537 702 1592 facticiis
735 1538 932 1593 Sancti
969 1537 1242 1606 Zenonis,
1273 1543 1329 1594 et
1372 1543 1633 1594 montem
1665 1544 1765 1608 qui

99 1627 315 1682 dicitur
343 1626 589 1692 Alferia;
630 1627 685 1680 in
725 1627 922 1682 Lisino
955 1628 1054 1682 ubi
1082 1629 1298 1683 dicitur
1328 1628 1587 1694 Melario,
1611 1643 1767 1682 cam-

99 1735 203 1788 pos
253 1717 435 1783 duos;
469 1717 527 1770 in
561 1715 828 1771 Clariano
889 1733 1129 1789 campos
1191 1722 1338 1786 tres;
1389 1717 1448 1772 in
1499 1717 1763 1772 Crodano

1462 322 1862 398 HENRIGUS
1895 321 1984 398 ΠΙ
2025 322 2193 400 IMP.

126 477 179 527 et
214 467 517 526 castellum
569 464 910 526 Mauriatica
959 485 1093 524 cum
1141 467 1386 526 ecclesia
1435 468 1494 524 in
1555 470 1772 527 honore
1800 469 1857 535 Α

3375 324 3543 395 1109

2642 465 2782 523 XIII.

1885 586 2171 642 Heinricus
2201 587 2277 640 Ill
2302 602 2420 652 rex,
2447 587 2498 638 et
2536 585 2832 655 impera-tor
2858 582 2908 638 II
2933 581 3213 655 canonicis
3247 581 3535 639 Patavinis

2124 673 2416 729 eorumque
2445 654 2693 712 Ecclesia:
2726 654 3021 727 privilegia
3049 656 3291 710 renovat.

2507 798 2697 870 {Anno
2729 796 2911 868 1047.)

2215 933 2556 1001 [MURATORI,
2589 932 2770 1003 Antiq.
2803 931 2927 988 Ital.
2962 929 3002 1002 Ι,
3039 919 3221 1000 1001.]

1952 1095 2012 1150 In
2047 1093 2282 1150 nomine
2313 1097 2524 1150 sancta:
2571 1097 2628 1149 et
2669 1093 2981 1148 individua
3009 1091 3332 1148 Trinitatis.
3366 1091 3531 1149 Hem-

1881 1202 2049 1240 mcus
2080 1184 2276 1239 divina
2307 1184 2534 1239 favente
2563 1181 2874 1238 clementia
2917 1183 3315 1238 Romanorum
3346 1181 3530 1255 impe-

1881 1278 2038 1329 rator
2062 1276 2381 1346 Augustus.

1947 1363 2005 1417 Si
2039 1362 2222 1418 sacris
2253 1365 2310 1417 et
2351 1360 2784 1417 venerabilibus
2828 1359 2993 1429 locis,
3028 1365 3136 1416 etc.
3169 1361 3532 1435 Quapropter

1876 1453 2140 1507 omnium
2173 1451 2438 1507 ﬁdelium
2470 1454 2682 1506 Sanctae
2722 1449 2822 1506 Dei
2853 1448 3141 1518 Ecclesiae,
3166 1453 3530 1507 nostrorum-

1875 1559 1987 1612 que
2029 1541 2404 1613 prresentium
2454 1539 2675 1596 scilicet
2719 1556 2784 1595 ac
2830 1539 3162 1594 futurorum
3211 1538 3531 1610 comperiat

1873 1631 2186 1697 industria,
2219 1628 2539 1684 Arnaldum
2591 1631 2804 1684 sanctas
2853 1627 3210 1685 Pataviensis
3257 1627 3526 1684 Ecclesiae

1869 1718 2261 1776 venerabilem
2293 1718 2656 1790 episcopum,
2682 1733 2786 1773 nec
2816 1734 2931 1772 non
2953 1720 3010 1773 et
3035 1717 3397 1773 Bernardum
3429 1734 3530 1773 no.

99 1822 344 1879 campos
364 1807 544 1872 duos;
571 1805 628 1859 in
654 1805 895 1876 Laupha
915 1822 1190 1877 campum
1213 1822 1431 1874 unum;
1455 1803 1761 1861 castellum
1789 1838 1838 1904 B
1871 1813 2061 1864 strum
2093 1808 2484 1880 capellanum,
2520 1807 2905 1878 ejusdemque
2943 1804 3196 1862 ecclesiae
3233 1805 3526 1862 archidia-

95 1893 298 1951 Sancti
319 1893 433 1949 Viti
457 1910 589 1948 cum
623 1893 992 1964 pertinentiis
1015 1895 1168 1962 suis;
1195 1895 1500 1963 Paronam,
1526 1893 1759 1949 Cassia-

95 2001 261 2050 num,
295 1981 443 2039 cella
497 1983 695 2038 Sancti
728 1981 877 2037 Petri
929 1982 1081 2038 infra
1127 1983 1421 2038 civitatem
1467 1983 1757 2038 Veronam

90 2090 222 2128 cum
256 2071 628 2146 pertinentiis
659 2071 811 2139 suis;
843 2071 899 2126 in
920 2073 1050 2126 Cavi
1074 2071 1282 2127 cellam
1299 2073 1494 2126 Sancti
1515 2073 1756 2126 Andreae

89 2180 222 2218 cum
257 2159 623 2233 pertinentiis
651 2160 802 2226 suis;
836 2161 895 2215 in
918 2160 1087 2216 Venti
1109 2160 1394 2233 capellam
1423 2161 1620 2216 Sancti
1641 2159 1756 2230 Viti

85 2267 222 2308 cum
284 2247 655 2322 pertinentiis
709 2250 874 2316 suis;
925 2249 984 2303 in
1040 2249 1353 2305 Puviniaca
1394 2249 1755 2305 curticellam

89 2343 366 2409 unam,et
392 2343 556 2394 curte
588 2337 648 2392 in
682 2337 972 2394 Rivariola
993 2354 1124 2393 cum
1159 2338 1432 2394 omnibus
1465 2338 1757 2410 pertinen-

88 2429 186 2485 tiis
219 2429 379 2495 suis;
415 2431 471 2482 et
503 2427 561 2481 in
595 2425 772 2482 Pualo
795 2443 1034 2498 campos
1064 2432 1218 2492 tres;
1253 2444 1358 2483 nec
1390 2444 1502 2481 non
1536 2432 1591 2482 et
1619 2444 1753 2482 cum

93 2517 374 2574 omnibus
406 2516 582 2571 rebus
632 2517 703 2571 ad
752 2515 1058 2588 praefatum
1113 2516 1536 2572 monasterium
1576 2516 1755 2588 perti-

93 2607 394 2672 nentibus,
421 2621 555 2659 cum
603 2603 884 2671 ecclesiis,
917 2603 1194 2673 castellis,
1220 2606 1382 2672 vicis,
1425 2604 1750 2671 colonibus,

89 2693 428 2767 mancipiis,
451 2693 913 2759 comendaticiis,
938 2693 1203 2761 facticiis,
1228 2700 1334 2749 etc.
1354 2695 1752 2750 Admonemus

92 2784 274 2840 etiam
309 2783 584 2839 abbatem
627 2782 725 2854 qui
758 2789 987 2855 praeest,
1021 2784 1268 2854 ejusque
1313 2783 1752 2839 successoribus

91 2872 528 2938 interdicimus,
552 2889 622 2927 ne
646 2887 737 2927 res
760 2872 1172 2944 stipendiarias
1192 2871 1418 2926 alendis
1450 2872 1752 2928 monachis

88 2963 414 3025 dedicatas,
451 2962 521 3016 de
548 2961 681 3016 sinu
715 2960 1054 3016 monasterii
1091 2961 1339 3033 rapiant,
1373 2964 1430 3016 et
1459 2961 1750 3016 saeculari-

87 3055 201 3108 bus
232 3052 296 3106 in
330 3050 679 3106 beneﬁcium
725 3050 1005 3117 tribuant,
1030 3049 1169 3121 quia
1209 3051 1302 3120 pia
1335 3049 1538 3122 religio
1571 3049 1747 3105 recla-

87 3148 230 3206 mat,
265 3139 319 3196 si
350 3139 496 3195 servi
527 3139 629 3194 Dei
661 3140 970 3194 tabescunt
1013 3138 1231 3210 inopia,
1261 3143 1317 3193 et
1366 3139 1466 3210 qui
1500 3156 1614 3193 non
1649 3140 1744 3194 de—

82 3231 227 3287 bent
257 3245 462 3286 eorum
495 3227 790 3284 ditescant
818 3228 1002 3300 copia.
1036 3227 1093 3282 Si
1115 3206 1261 3298 iquis
1300 3206 1481 3282 abbas
1511 3229 1744 3283 incaute
1775 3206 1818 3274 (ἶ

83 3325 188 3375 aut
218 3318 532 3376 temerarie
564 3317 718 3390 quod
752 3316 1050 3372 sancimus
1082 3315 1441 3389 perfregerit,
1473 3318 1628 3388 quod
1660 3316 1745 3372 in-

73 3410 239 3479 juste
274 3406 505 3473 tribuit,
541 3407 701 3477 juste
747 3407 989 3472 auferat,
1024 3410 1080 3460 et
1112 3405 1445 3460 membrum
1496 3406 1745 3461 fractum

81 3494 320 3570 corpori
352 3494 654 3550 Dominico
684 3493 1035 3561 consolidet;
1073 3498 1136 3548 ut
1166 3494 1211 3549 si
1246 3495 1396 3550 male
1429 3495 1579 3550 facta
1608 3512 1744 3566 pur-

81 3584 226 3659 gare
253 3583 526 3653 voluerit,
561 3588 618 3639 et
665 3582 1008 3655 nequiverit,
1043 3588 1340 3659 superstes
1374 3585 1502 3654 ejus
1552 3588 1748 3640 nostra

82 3681 141 3730 et
200 3678 547 3730 nostrorum
620 3688 1026 3728 successorum
1086 3673 1378 3727 sententia
1442 3673 1748 3728 roboratus

84 3763 388 3829 emendet,
431 3762 590 3833 quod
639 3778 785 3816 suus
839 3765 1173 3816 antecessor
1219 3761 1436 3818 amisit.
1489 3762 1751 3834 Denique

85 3850 489 3925 praecipiendo
542 3849 861 3915 sancimus,
914 3853 979 3904 ut
1034 3849 1234 3905 nullus
1288 3851 1424 3919 dux,
1468 3850 1748 3918 marcbio,

88 3941 436 4013 cpiscOpus,
466 3954 681 4005 comes,
704 3938 1044 4006 vicecomes,
1073 3943 1178 3994 etc.
1206 3939 1265 3992 Si
1299 3940 1431 4011 quis
1460 3956 1592 3994 vero
1625 3956 1756 3994 con-

84 4038 179 4086 tra
213 4030 330 4085 hos
361 4033 595 4083 nostros
621 4027 843 4100 regales
867 4027 1060 4098 apices
1089 4027 1413 4100 insurgere,
1439 4034 1540 4084 aut
1571 4029 1627 4082 in
1661 4028 1759 4084 ali-

86 4137 210 4192 quo
245 4117 464 4174 violare
496 4116 822 4180 tentaverit,
857 4114 1008 4168 infra
1038 4117 1352 4172 dictionem
1385 4118 1545 4189 regni
1574 4104 1777 4173 nostri.

84 4207 448 4271 consistens,
485 4204 632 4260 sciat
669 4221 729 4258 sc
780 4203 959 4257 libras
1004 4204 1247 4275 triginta
1295 4205 1420 4260 auri
1471 4208 1757 4278 probatis-

83 4297 230 4351 simi
287 4292 713 4358 exsoluturum,
763 4291 1137 4345 medietatem
1175 4293 1433 4364 praedicti
1475 4301 1765 4354 monastc-

82 4387 181 4453 rii,
223 4387 288 4438 et
314 4379 680 4435 medietatem
726 4377 929 4450 palatii
983 4381 1188 4435 nostri.
1222 4381 1294 4435 Et
1337 4381 1447 4435 hoc
1496 4389 1762 4440 nostrum

79 4473 456 4546 prmceptum
490 4469 547 4524 in
596 4468 694 4523 Dei
727 4468 986 4533 nomine,
1021 4471 1086 4522 ut
1136 4467 1458 4539 pleniorem
1509 4471 1768 4543 obtineat

81 4561 467 4624 ﬁrmitatem,
498 4564 609 4614 etc.

158 4653 406 4720 Signum
434 4648 624 4704 domm“
656 4648 903 4703 Heinrici
935 4649 1088 4702 tertii
1115 4649 1259 4716 regis
1293 4648 1664 4713 invictissimi,
1692 4665 1771 4705 se-

83 4738 274 4798 eundi
309 4739 675 4792 Romanorum
707 4738 1059 4806 imperatoris
1090 4738 1351 4806 Augusti.

163 4826 486 4883 Heinricus
518 4824 906 4881 cancellarius
936 4826 1059 4882 vice
1099 4825 1435 4882 Herimanni
1467 4826 1768 4882 archican-

89 4915 329 4972 cellarii
368 4915 696 4986 recognovi.

166 5005 329 5061 Data
357 5021 456 5059 vm
488 5004 626 5059 Idus
649 5003 804 5071 Maii,
831 5021 982 5060 anno
1007 5005 1322 5060 Dominica:
1347 5005 1770 5062 Incarnationis

92 5097 272 5160 1047,
298 5093 613 5149 indictione
640 5111 729 5160 xv,
756 5110 910 5148 anno
943 5097 1139 5149 autem
1163 5095 1366 5148 domni
1394 5094 1639 5150 Heinrici
1665 5100 1773 5156 ter,

91 5186 188 5251 tii,
227 5181 620 5238 ordinationis
668 5183 796 5252 ejus
847 5197 1007 5250 xvnl,
1043 5183 1342 5254 regnantis
1373 5201 1495 5248 vm,
1531 5185 1773 5241 secundi

98 5270 468 5344 imperantis
500 5269 709 5342 primo.

168 5363 396 5422 Actum
431 5359 665 5418 Folerni
694 5359 753 5414 in
785 5358 884 5414 Dei
919 5359 1157 5416 nomine
1186 5359 1450 5420 feliciter.
1480 5364 1684 5421 Amen.

1869 1915 2082 1954 conum
2141 1901 2401 1952 nostram
2454 1894 2760 1950 humiliter
2804 1909 3073 1951 exorasse
3127 1892 3522 1964 clementiam,

1867 1990 2160 2059 quatenus
2193 2002 2296 2057 pro
2329 1983 2430 2039 Dei
2463 1983 2885 2056 omnipotentis
2928 1999 3146 2054 amore,
3177 1987 3235 2039 et
3263 1983 3522 2040 remedio

1867 2077 2074 2132 anima:
2107 2079 2342 2139 nostra},
2375 2089 2477 2127 nec
2528 2089 2644 2128 non
2689 2077 2744 2127 et
2788 2076 2995 2145 rogatu
3050 2072 3304 2128 Heinrici
3337 2072 3522 2130 nostri

1867 2163 2233 2220 dilectissimi
2293 2161 2626 2218 cancellarii
2671 2162 2872 2217 omnia
2922 2166 3208 2234 praecepta
3264 2178 3392 2233 qua:
3450 2162 3522 2216 ab

1867 2251 2336 2310 antecessoribus
2361 2251 2597 2317 nostris,
2619 2267 2721 2305 seu
2750 2251 3139 2306 instrumenta
3160 2250 3517 2319 chartarum,

1865 2360 1992 2415 qua0
2027 2359 2059 2396 a
2089 2340 2362 2396 ﬁdelibus
2393 2339 2534 2395 viris
2585 2343 2798 2394 sanctae
2849 2338 3205 2395 Pataviensis
3252 2338 3518 2395 Ecclesia

1867 2449 2052 2504 nuper
2081 2429 2292 2486 collata
2336 2432 2494 2497 sunt,
2529 2433 2730 2483 nostra
2771 2427 3114 2483 auctoritate
3143 2428 3520 2484 corroborare

1863 2521 2260 2592 dignaremur.
2294 2517 2553 2580 Quorum
2585 2515 2857 2588 precibus
2899 2520 3020 2571 tam
3053 2533 3158 2588 pro
3187 2515 3289 2573 Dei
3319 2533 3518 2573 amore

1863 2626 2040 2681 quam
2073 2625 2174 2680 pro
2225 2607 2491 2678 ejusdem
2541 2605 2810 2660 Ecclesiae
2853 2604 3224 2661 veneratione
3269 2605 3520 2662 libenter

1861 2714 2168 2754 assensum
2205 2695 2766 2768 priebentes,omnia
2785 2711 2911 2766 quae
2941 2710 3046 2767 per
3073 2698 3362 2766 praecepta
3382 2693 3519 2749 alio-

1862 2804 1991 2843 rum
2019 2803 2221 2859 regum
2237 2783 2323 2841 vel
2350 2784 2792 2855 imperatorum,
2817 2800 2923 2838 nec
2947 2800 3061 2838 non
3085 2799 3211 2855 qua
3233 2799 3337 2855 per
3354 2782 3517 2838 char-

1859 2882 2052 2931 tarum
2087 2875 2478 2931 instrumenta
2510 2871 2697 2928 eidem
2729 2871 2996 2928 Ecclesiae
3027 2872 3254 2927 dudum
3277 2887 3311 2926 a
3332 2870 3515 2926 ﬁdeli-

1861 2967 1970 3020 bus
1987 2964 2128 3019 viris
2145 2963 2338 3018 oblata
2356 2965 2514 3028 sunt,
2534 2977 2636 3032 per
2651 2960 2802 3016 hanc
2825 2966 3088 3016 nostram
3111 2960 3515 3016 auctoritatem

1859 3054 2108 3126 praefatae
2127 3050 2483 3106 Pataviensis
2508 3049 2774 3104 Ecclesiae
2800 3049 3243 3104 conﬁrmamus.
3259 3048 3374 3103 Nec
3396 3065 3514 3104 non

1859 3141 2177 3198 statuimus
2207 3143 2272 3194 ut
2302 3136 2567 3194 canonici
2597 3137 2861 3209 ejusdem
2902 3136 3165 3192 Ecclesiae
3197 3135 3513 3192 servientes

1859 3247 2014 3287 nunc
2041 3234 2097 3284 et
2127 3244 2494 3284 successores
2528 3226 2763 3282 illorum
2803 3225 3049 3281 liberam
3088 3225 3348 3281 habeant
3376 3241 3511 3281 cum

1853 3335 2144 3376 consensu
2175 3315 2569 3389 epiSCOpi,qui
2601 3331 2704 3387 pro
2736 3319 2997 3385 tempore
3028 3313 3222 3382 fuerit,
3260 3316 3510 3385 potesta-

1855 3415 1971 3465 tem
2005 3409 2075 3463 de
2106 3405 2402 3471 omnibus,
2432 3421 2558 3476 quae
2602 3403 2719 3458 illis
2756 3402 2918 3474 juste
2949 3405 3007 3457 et
3035 3401 3302 3475 legaliter
3330 3400 3506 3474 perti-

1857 3515 1992 3554 nere
2019 3498 2147 3552 visa
2179 3499 2338 3564 sunt,
2362 3498 2463 3547 aut
2488 3492 2611 3548 visa
2642 3491 2878 3558 fuerint,
2898 3491 3048 3546 inter
3077 3506 3159 3558 se,
3183 3494 3247 3546 ut
3267 3506 3508 3547 consue-

1856 3589 1996 3644 tudo
2017 3586 2145 3652 fuit,
2164 3582 2477 3652 dividendi,
2495 3580 2656 3637 omni
2678 3584 3034 3653 potestatum
3051 3579 3510 3636 contradictione

1858 3680 2083 3731 remota
2115 3693 2126 3729 ε
2159 3672 2426 3728 videlicet
2457 3672 2528 3726 de
2560 3670 2804 3726 decimis
2851 3669 3102 3726 civitatis
3145 3686 3248 3742 per
3289 3669 3510 3737 omnia,

1861 3782 1992 3820 cum
2023 3762 2212 3818 titulis
2243 3766 2418 3832 atque
2461 3777 2595 3816 cum
2625 3759 2781 3815 villis
2812 3759 2937 3814 suis
2970 3759 3041 3814 ad
3074 3759 3338 3815 eamdem
3370 3757 3513 3813 civi-

1863 3858 2040 3910 tatem
2092 3849 2544 3924 pertinentibus.
2579 3849 2642 3903 In
2692 3847 2900 3921 primis
2946 3846 3086 3903 villa
3129 3863 3256 3918 quae
3305 3846 3520 3902 dicitur

1865 3943 2123 4007 Limena,
2153 3944 2209 3993 et
2247 3938 2384 3993 villa
2432 3954 2557 4008 qua:
2607 3936 2821 3992 dicitur
2864 3937 3092 4005 Arzere,
3115 3939 3172 3990 et
3197 3933 3519 4002 Autikeria,

1866 4037 1923 4089 et
1951 4032 2136 4086 Turre
2171 4032 2226 4083 et
2259 4027 2502 4093 Noenta,
2525 4029 2582 4080 et
2605 4023 2741 4080 villa
2763 4042 2888 4096 quae
2910 4023 3124 4078 dicitur
3154 4023 3442 4095 Bergomi,
3467 4027 3525 4078 et

1868 4117 2166 4184 Roncalia,
2192 4121 2247 4171 et
2277 4115 2470 4170 Ronco
2501 4112 2740 4181 Liuteri,
2775 4116 2832 4168 et
2861 4111 2998 4167 villa
3026 4128 3152 4184 quae
3185 4111 3405 4166 dicitur
3423 4110 3526 4168 Ca-

1870 4211 2009 4276 sale,
2043 4212 2101 4263 et
2131 4206 2316 4262 altera
2346 4221 2470 4276 quea
2503 4203 2720 4258 dicitur
2758 4199 3110 4269 Publitiauo,
3144 4205 3200 4256 et
3232 4199 3367 4256 villa
3397 4216 3524 4272 quae

1871 4298 2210 4356 nominatur
2237 4293 2623 4366 Albignaseca
2653 4297 2710 4347 et
2740 4291 3080 4358 Masserata,
3110 4294 3219 4346 etc.
3254 4289 3527 4347 Concedi-

1875 4405 2006 4444 mus
2037 4386 2210 4442 etiam
2243 4384 2430 4440 eidem
2456 4381 2719 4438 Ecclesia
2752 4384 2821 4436 ut
2849 4379 3048 4437 nullus
3079 4380 3217 4447 dux,
3242 4379 3525 4446 marchio,

1877 4493 2090 4542 comes,
2122 4476 2463 4538 vicecomes,
2507 4470 2858 4539 sculdassio,
2907 4469 3214 4545 gastaldio,
3269 4468 3528 4526 decanus

1795 4573 1844 4639 D
1871 4565 1960 4620 vel
1993 4564 2267 4635 quislibet
2299 4562 2543 4634 publica:
2574 4561 2759 4633 partis
2790 4560 3077 4629 minister,
3110 4565 3222 4616 etc.

1950 4653 2179 4722 Signum
2226 4651 2413 4703 domni
2469 4651 2713 4704 Heinrici
2763 4651 3109 4704 invictissimi
3163 4651 3532 4704 Romanorum

1881 4740 2228 4813 imperatoris
2256 4739 2505 4806 Augusti.

1951 4828 2262 4885 Heinricus
2292 4824 2676 4881 cancellarius
2704 4826 2827 4882 vice
2857 4824 3193 4881 Herimanni
3229 4823 3533 4880 archican-

1882 4918 2102 4976 cellarii
2137 4914 2441 4988 recognovi
2473 4917 2530 4969 et
2560 4914 2906 4985 subscripsi.

1955 5012 2098 5064 Data
2127 5024 2162 5061 v
2188 5005 2324 5060 Idus
2353 5002 2525 5086 “aii,
2560 5019 2712 5057 anno
2749 5001 3056 5057 Dominicae
3110 4998 3537 5056 Incarnationis

1887 5099 2043 5164 1047,
2078 5093 2396 5150 indictione
2446 5109 2536 5160 xv,
2584 5107 2735 5146 anno
2793 5095 2988 5146 autem
3037 5089 3235 5146 domni
3285 5087 3538 5145 Heinrici

1883 5187 2062 5254 tertii,
2097 5183 2485 5240 ordinationis
2514 5183 2642 5253 ejus
2672 5197 2832 5252 xvm,
2861 5179 3164 5253 regnantis
3193 5195 3317 5251 VIII,
3349 5180 3448 5234 sed
3483 5181 3541 5234 et

1881 5274 2230 5350 imperantis
2261 5272 2472 5345 primo.

1954 5368 2164 5422 Actum
2193 5360 2532 5418 Tridentino
2564 5359 2624 5415 in
2649 5357 2752 5416 Dei
2777 5358 3014 5420 nomine
3046 5357 3310 5416 feliciter.
3334 5361 3542 5419 Amen.
