3968 6126
413 313 587 391 ῌοβ.

1167 447 1311 506 XIV.

407 536 666 593 Heinrici
692 534 768 590 III
785 535 956 620 regis,
982 537 1128 619 inter
1154 538 1507 620 imperatores
1529 536 1769 620 secundi,
1794 536 2056 620 diploma,

479 624 587 682 quo
608 608 889 682 canonicis
914 608 1336 682 Taurinensibus
1375 609 1562 663 Sancti
1609 608 1904 665 Saluatoris
1922 610 2059 681 jura

476 679 541 735 ac
570 680 710 735 bona
737 679 924 734 omnia
953 680 1258 750 conﬁrmat.

1030 785 1219 857 (Anno
1250 785 1434 857 1047.)

734 873 1081 944 [Mnrwronn
1116 874 1296 947 Antiq.
1327 875 1452 929 Ital.
1487 873 1555 943 V,
1591 874 1736 944 195.]

478 986 542 1036 In
574 979 811 1037 nomine
840 983 1054 1037 sanctae
1084 983 1141 1036 et
1180 979 1494 1035 individua;
1527 979 1851 1035 Trinitatis.
1886 978 2059 1035 Hum-

407 1086 594 1141 njcus,
619 1069 815 1126 divina
843 1068 1072 1125 favente
1100 1068 1427 1136 clementia,
1453 1068 1850 1125 Romanorum
1879 1067 2061 1140 impe-

407 1163 566 1224 rator
593 1161 918 1233 Augustus.

476 1248 754 1305 Omnium
787 1251 998 1302 sancta:
1016 1247 1114 1302 Dei
1149 1245 1411 1302 Ecclesiae
1445 1250 1902 1318 nostrorumque
1923 1246 2061 1301 ﬁde-

407 1338 578 1404 lium,
606 1341 727 1392 tam
775 1337 1107 1391 futurorum
1158 1353 1333 1407 quam
1389 1336 1789 1409 przesentium,
1842 1334 2067 1389 noverit

409 1427 759 1493 universitas
789 1424 1042 1497 qualiter
1073 1442 1178 1481 nos
1211 1443 1313 1498 pro
1360 1442 1557 1481 amore
1602 1425 1796 1480 divino
1828 1424 2064 1480 anima:-

410 1534 523 1589 que
545 1520 756 1573 nostrm
780 1514 1035 1571 remedio
1066 1515 1363 1571 canonicis
1395 1515 1777 1570 Taurincnsis
1800 1512 2065 1570 Ecclesiae

408 1622 513 1679 per
551 1606 659 1679 hoc
714 1608 924 1660 nostra:
974 1604 1436 1660 confirmationis
1485 1608 1839 1676 praeceptum
1897 1605 2069 1674 prout

400 1696 561 1768 justc
593 1699 649 1750 et
688 1692 952 1766 legaliter
998 1710 1338 1765 possumus,
1364 1693 1741 1748 concedimus
1772 1696 1829 1748 et
1858 1691 2067 1746 confir-

1767 306 2087 397 MONUM.’
2126 308 2456 391 menon.

3658 306 3821 385 i104

2082 449 2141 529 Α.
2168 447 2226 501 in
2258 446 2395 504 villa
2424 463 2553 520 quae
2581 446 2796 502 dicitur
2821 444 3088 515 Arsitias,
3113 457 3248 501 cum
3279 445 3437 500 certe
3466 444 3608 512 tota,
3632 448 3690 499 et
3721 443 3822 505 de-

2170 536 2340 606 cima,
2366 539 2422 589 et
2453 535 2743 607 portibus,
2785 532 3227 607 piscationibus,
3261 530 3659 604 omnibusque
3700 530 3825 588 sibi

2170 624 2572 695 adjacentibus
2596 641 2609 680 :
2634 623 2939 680 ecclesiam
2962 621 3158 678 Sancti
3181 621 3412 694 Georgii
3435 637 3569 677 cum
3601 624 3825 688 monte,

2170 715 2265 769 ubi
2301 717 2487 769 exstat
2516 712 2575 769 in
2596 712 2948 784 Villaparso,
2972 730 3107 768 cum
3129 711 3290 767 omni
3312 710 3540 768 decima
3554 711 3826 782 ejusdem

2168 802 2338 870 villae,
2372 807 2428 858 et
2472 801 2697 858 mansis
2745 802 2934 858 eidem
2991 800 3283 858 canonica
3342 798 3823 871 pertinentibus:

2171 891 2458 947 decimam
2489 891 2550 946 in
2581 890 2894 947 Malavasio
2924 906 3059 947 cum
3080 890 3314 946 duabus
3336 887 3619 955 ecclesiis,
3644 904 3827 944 unam

2172 980 2230 1034 in
2271 980 2549 1036 honorem
2599 981 2823 1036 Sanctae
2872 979 3099 1047 Maria,
3123 977 3369 1034 alteram
3421 976 3482 1032 in
3541 976 3827 1033 honorem

2172 1069 2369 1124 Sancti
2401 1069 2656 1136 Martini,
2680 1074 2738 1125 et
2765 1085 3000 1125 omnem
3049 1068 3339 1125 decimam
3369 1066 3428 1121 in
3459 1065 3827 1138 Valleplana,

2173 1161 2230 1213 et
2254 1158 2312 1212 in
2346 1157 2708 1227 Vallesurda,
2740 1162 2798 1213 et
2822 1157 2882 1212 in
2923 1156 3239 1224 Milionico,
3271 1160 3330 1212 et
3359 1154 3495 1211 inde
3522 1154 3826 1228 Ligadino,

2175 1262 2309 1300 cum
2340 1246 2508 1301 terris
2538 1251 2593 1301 et
2621 1244 2806 1300 vineis
2836 1245 2908 1299 ad
2941 1244 3243 1316 praefatam
3275 1242 3617 1301 canonicam
3646 1242 3827 1315 perti-

2176 1335 2447 1390 nentibus
2470 1354 2481 1389 :
2503 1339 2718 1390 cortem
2742 1334 2801 1388 in
2824 1333 3069 1388 Saxinas
3093 1349 3228 1388 cum
3258 1330 3506 1388 ecclesia
3526 1332 3586 1386 in
3607 1331 3827 1387 honore

2178 1424 2371 1478 Sancti
2394 1425 2639 1481 Joannis
2657 1441 2790 1480 cum
2809 1424 2967 1480 omni
2986 1424 3233 1489 decima,
3253 1421 3626 1487 molendinis,
3643 1420 3824 1483 silvis.

2178 1513 2479 1581 buscaliis,
2500 1513 2826 1585 palariis,et
2848 1512 3122 1566 omnibus
3150 1510 3541 1583 appendiciis;
3568 1525 3829 1565 omnem-

2178 1618 2291 1672 que
2314 1601 2598 1656 decimam
2622 1601 2885 1672 ejusdem
2910 1600 3085 1656 cortis
3108 1618 3119 1655 :
3146 1604 3366 1656 cortem
3387 1599 3449 1654 in
3468 1598 3827 1655 Martiriasco

2178 1705 2311 1744 cum
2343 1689 2564 1762 capella
2612 1690 2810 1747 Sancti
2848 1690 3103 1756 Martini,
3136 1705 3267 1744 cum
3301 1687 3483 1756 silvis,
3524 1686 3825 1754 buscaliis,

410 1799 670 1849 mamus,
698 1780 1035 1839 stabilimus
1081 1781 1143 1836 in
1191 1780 1473 1837 canonica
1502 1785 1559 1836 et
1588 1779 1846 1836 claustra
1876 1779 1933 1834 in
1965 1778 2071 1833 Do-
2100 1820 2149 1886 B
2180 1785 2236 1834 et
2265 1780 2540 1835 omnibus
2585 1779 2945 1853 appendiciis
2988 1780 3114 1835 suis
3139 1795 3152 1833 :
3177 1783 3397 1834 cortem
3430 1777 3491 1832 in
3521 1778 3831 1833 Pavatiano

474 1872 609 1886 ..η
652 1870 666 1886 ι
750 1875 758 1886 .
842 1869 927 1886 .,
1373 1873 1382 1886 ,
1507 1874 1516 1886 .
1590 1869 1679 1886 ...
1756 1870 1827 1886 me
2483 1870 2515 1886 ..
2711 1868 2722 1880 .
2901 1868 2936 1886 ..
2997 1885 3005 1886 ί
3223 1884 3270 1886 η
3335 1865 3580 1886 ,ηωεμ
3621 1866 3799 1886 ,ημ-

408 1872 553 1928 mini
575 1870 890 1927 Salvatoris
912 1869 1197 1927 honorem
1221 1873 1559 1926 constructo
1588 1869 1740 1924 infra
1756 1868 2076 1923 Taurinen-

408 1978 533 2020 sem
564 1960 876 2025 civitatem,
913 1975 1017 2014 nec
1065 1976 1178 2014 non
1231 1962 1288 2014 et
1338 1958 1638 2014 canonicis
1695 1956 1913 2013 ibidem
1972 1973 2074 2028 pro

405 2054 667 2125 tempore
699 2047 1110 2115 militantibus,
1137 2047 1337 2103 omnia
1368 2065 1402 2102 a
1430 2047 1613 2102 beata:
1646 2044 1941 2102 memoriae
1976 2045 2078 2100 Re-

418 2137 649 2213 gumiro
671 2137 936 2210 ejusdem
962 2136 1118 2192 sedis
1149 2136 1421 2210 episcopo
1452 2136 1787 2191 institutore
1811 2134 2076 2206 ejusdem

320 2284 331 2295 _
412 2226 702 2283 canonica:
759 2224 990 2281 Domini
1040 2223 1357 2281 Salvatoris
1415 2224 1645 2291 collata,
1693 2227 1749 2280 et
1795 2240 1920 2296 quae
1975 2238 2079 2294 per

412 2319 696 2389 praecepta
726 2330 930 2387 regum
962 2316 1019 2369 et
1057 2312 1483 2386 imperatorum
1518 2312 1603 2369 vel
1638 2330 1740 2384 per
1769 2311 2076 2367 ﬁrmitates

412 2403 852 2461 succedentium
886 2402 1325 2475 episcoporum,
1359 2418 1459 2458 seu
1493 2418 1740 2474 quaeque
1771 2400 2077 2456 collatione

414 2493 825 2566 religiosorum
848 2490 1156 2546 hominum
1184 2491 1401 2545 ibidem
1426 2489 1638 2545 collata
1664 2494 1801 2547 sunt
1828 2489 1917 2546 vel
1947 2504 2079 2543 con.

411 2581 654 2637 ferenda
680 2597 691 2633 :
721 2577 995 2634 ecclesias
1030 2579 1253 2633 scilicet
1298 2579 1452 2633 iutra
1489 2579 1755 2633 eamdem
1784 2577 2077 2632 civitatem

411 2667 674 2736 Taurini,
699 2683 879 2722 unam
912 2667 970 2721 in
1002 2668 1281 2721 honorem
1309 2670 1645 2721 sanctorum
1669 2665 2076 2740 apostolorum

408 2754 668 2828 Philippi
698 2759 755 2811 et
800 2754 1026 2822 Jacobi,
1063 2753 1239 2809 aliam
1291 2753 1349 2809 in
1395 2754 1678 2810 honorem
1733 2759 2078 2810 sanctorum

410 2842 811 2917 apostolorum
840 2842 1098 2898 Simonis
1130 2847 1187 2897 et
1228 2842 1419 2910 Judae,
1440 2843 1675 2898 tertiam
1706 2843 1764 2897 in
1794 2843 2079 2899 honorem

413 2930 605 2988 sancti
629 2929 913 3004 Stephani
948 2930 1244 3005 martyris,
1261 2934 1531 3002 quartam
1561 2932 1618 2986 in
1641 2931 1921 2988 honorem
1944 2949 2078 2987 san-

422 3021 501 3078 cti
535 3018 896 3086 Martiniani,
917 3019 1184 3091 quintam
1216 3020 1275 3074 in
1302 3019 1583 3075 honorem
1616 3020 1804 3076 sancti
1826 3019 2079 3087 Eusebii,

411 3116 639 3166 sextam
678 3109 739 3166 in
769 3108 1052 3166 honorem
1095 3110 1279 3165 sancti
1323 3098 1580 3165 Martini.
1606 3111 1873 3166 Castrum
1903 3109 2079 3165 etiam

2183 1886 2315 1924 cum
2338 1870 2614 1925 omnibus
2635 1868 2759 1924 suis
2794 1868 3191 1942 pertinentiis;
3215 1866 3499 1939 capellam
3529 1865 3591 1921 in
3620 1866 3831 1922 Roma-

2183 1958 2356 2012 niano
2389 1957 2446 2012 in
2480 1957 2760 2014 honorem
2784 1958 2971 2013 sancti
3007 1956 3256 2030 Remigii
3284 1974 3297 2012 :
3323 1960 3543 2012 cortem
3568 1954 3629 2009 in
3659 1953 3832 2010 Pava-

2184 2047 2326 2103 riolo
2344 2064 2478 2102 cum
2502 2053 2692 2103 castro
2712 2051 2768 2102 et
2789 2045 3009 2119 capella
3030 2046 3091 2102 in
3108 2046 3313 2102 eodem
3329 2048 3520 2101 castro
3540 2044 3601 2099 in
3619 2043 3839 2100 honore

2184 2137 2369 2191 sancti
2421 2136 2693 2202 Secundi,
2732 2152 2866 2190 cum
2917 2136 3193 2191 omnibus
3241 2134 3369 2190 suis
3414 2122 3833 2205 pertinéntiis:

2184 2230 2402 2281 cortem
2432 2225 2491 2279 in
2521 2224 2836 2294 Audisello,
2869 2228 2926 2280 et
2974 2224 3278 2296 Mandego,
3309 2239 3444 2279 cum
3495 2221 3623 2278 suis
3652 2220 3834 2292 perti-

2185 2314 2401 2371 nentiis
2436 2331 2448 2368 :
2483 2318 2700 2369 cortem
2738 2315 2796 2369 in
2838 2314 3076 2369 Patiano
3107 2329 3241 2368 cum
3274 2315 3485 2380 castro,
3517 2315 3576 2366 et
3604 2310 3836 2365 duabus

2185 2402 2472 2476 capellis:
2507 2407 2726 2459 cortem
2772 2404 2830 2458 in
2877 2401 3153 2458 Balbiano
3205 2418 3340 2457 cum
3390 2398 3615 2473 capella
3676 2414 3833 2455 una:

2186 2497 2403 2548 cortem
2428 2492 2486 2546 in
2518 2491 2807 2558 Aliniano,
2832 2508 2965 2547 cum
2997 2496 3212 2561 castro,
3226 2494 3283 2545 et
3302 2488 3525 2561 capella
3554 2489 3614 2543 in
3634 2488 3835 2545 eodem

2186 2585 2377 2637 castro
2409 2581 2465 2635 in
2499 2581 2776 2637 honorem
2806 2580 2992 2637 sancti
3020 2578 3268 2651 Remigii
3292 2595 3306 2633 :
3334 2575 3641 2649 capellam,
3670 2592 3833 2632 man-

2186 2686 2302 2736 sos,
2335 2669 2557 2733 vineas,
2582 2676 2758 2742 atque
2805 2686 2972 2726 casas
3018 2669 3079 2724 in
3110 2668 3458 2733 Orsenasco;
3509 2667 3734 2721 cortem
3780 2663 3836 2720 in

2187 2758 2461 2826 Santena,
2484 2775 2617 2813 cum
2667 2763 2858 2814 castro
2889 2762 2949 2814 et
2976 2756 3200 2830 capella
3234 2757 3290 2811 in
3323 2754 3526 2812 eodem
3555 2757 3755 2809 castro
3780 2753 3836 2807 in

2186 2847 2407 2903 honore
2425 2848 2612 2903 sancti
2643 2847 2828 2912 Pauli,
2845 2864 2979 2903 cum
3015 2846 3173 2903 omni
3197 2862 3305 2902 sua
3325 2844 3552 2900 decima
3568 2842 3837 2913 ejusdem

2188 2936 2391 3005 cortis;
2427 2942 2645 2993 cortem
2676 2938 2734 2991 in
2768 2936 3038 3009 Bulgare,
3062 2939 3119 2991 et
3149 2938 3373 3008 partem
3390 2933 3456 2988 in
3481 2937 3671 2987 castro
3703 2947 3839 2986 cum

2187 3025 2473 3097 portibus,
2498 3025 2873 3093 molendinis,
2896 3024 3339 3097 piscationibus,
3361 3021 3546 3088 silvis,
3566 3025 3626 3076 et
3644 3020 3840 3076 omni—

2190 3115 2301 3170 bus
2322 3115 2434 3170 sibi
2464 3115 2889 3188 pertinentibus
2914 3131 2925 3169 :
2953 3113 3322 3170 medietatem
3350 3110 3526 3167 cortis
3545 3109 3837 3176 Buriadis,

411 3216 592 3273 super
619 3203 846 3271 portam
877 3198 1141 3271 ejusdem
1169 3198 1434 3254 civitatis
1457 3214 1585 3270 quae
1612 3199 1828 3254 dicitur
1850 3198 2081 3254 Turria.
2108 3187 2152 3255 C
2191 3220 2324 3259 cum
2360 3204 2667 3259 medietate
2696 3201 2931 3275 capellae
2962 3202 3021 3257 in
3052 3202 3272 3257 honore
3293 3201 3479 3257 sancti
3499 3197 3836 3254 Michaelis:

414 3290 571 3357 nica,
595 3293 652 3344 et
680 3305 914 3345 omnem
941 3287 1230 3344 decimam
1255 3292 1373 3343 tam
1402 3288 1563 3343 intus
1586 3304 1762 3359 quam
1786 3287 1927 3343 foris
1948 3288 2076 3359 ejus

414 3377 692 3449 civitatis,
720 3395 855 3434 cum
905 3376 1259 3432 molendinis
1302 3381 1360 3432 et
1401 3376 1827 3448 piscationibus
1858 3377 1916 3431 in
1950 3377 2077 3449 ipso

414 3466 592 3521 ﬂuvio
609 3466 808 3527 Turia.
835 3467 1081 3538 Insuper
1102 3465 1277 3521 etiam
1294 3482 1499 3521 omnes
1517 3482 1606 3521 res
1625 3466 1884 3534 ejusdem
1910 3481 2076 3520 cano.

410 3553 553 3625 nica:
578 3558 696 3613 tam
722 3553 885 3609 intus
909 3570 1084 3625 quam
1111 3553 1275 3621 foris,
1305 3570 1443 3608 cum
1475 3553 1600 3608 suis
1632 3552 1884 3620 solariis,
1905 3553 2076 3622 casis,

411 3641 622 3708 hortis,
654 3641 1010 3709 accessibus,
1047 3642 1239 3708 terris,
1274 3642 1458 3697 servis
1504 3646 1561 3697 et
1600 3641 1849 3711 ancillis,
1881 3642 2075 3697 omni-

412 3730 917 3809 busque‘praclatae
948 3730 1245 3785 canonicze
1288 3730 1736 3802 pertinentibus.
1771 3732 2079 3804 Largimur

410 3819 590 3876 etiam
622 3834 827 3875 omnes
858 3818 1118 3875 decimas
1150 3817 1594 3875 indomnicatas
1624 3819 1887 3891 ejusdem
1917 3820 2075 3876 sedis

412 3907 690 3983 episcopi,
711 3911 769 3965 et
794 3907 1052 3965 decimas
1077 3907 1503 3963 Beneﬁciorum
1529 3908 1791 3964 omnium
1814 3908 2073 3965 ﬁdelium

413 3998 678 4067 ejusdem
733 3996 1016 4070 episcopi.
1071 3995 1389 4053 Ecclesiam
1439 4013 1669 4069 quoque
1717 3996 2075 4054 cardinalem

411 4086 471 4142 in
505 4086 783 4143 honorem
817 4085 1005 4142 sancti
1036 4085 1275 4141 Maximi
1308 4085 1367 4141 in
1390 4085 1737 4153 Quincto,et
1766 4086 2075 4143 ecclesiam

408 4177 599 4232 Sancti
626 4176 916 4249 Stephani
947 4176 1007 4230 in
1044 4175 1340 4243 Malia'sco,
1365 4175 1669 4231 ecclesiam
1700 4176 1921 4231 Sanctae
1952 4176 2072 4231 Ma-

404 4265 525 4333 riae,
556 4263 866 4320 ecclesiam
916 4263 1111 4320 Sancti
1160 4263 1332 4329 Petri,
1362 4262 1667 4319 ecclesiam
1699 4264 1894 4319 Sancti
1924 4264 2072 4319 LaU'

405 4352 601 4418 rentii,
631 4369 765 4407 cum
800 4352 961 4408 omni
996 4352 1226 4407 decima
1257 4351 1541 4424 praedictae
1562 4351 1741 4407 villae:
1766 4358 1982 4408 cortem
2015 4354 2072 4407 in

403 4438 716 4511 Alpiniano
746 4455 881 4494 cum
931 4444 1121 4495 castro
1154 4445 1211 4495 et
1242 4438 1465 4511 capella
1511 4440 1706 4495 Sancti
1739 4441 1887 4495 Petri
1922 4441 2074 4499 infra

352 4573 370 4584 ς
403 4527 606 4600 ipsum
638 4531 899 4582 castrum
933 4528 1048 4583 sita
1076 4545 1089 4582 :
1117 4527 1297 4582 altera
1325 4544 1457 4583 vero
1481 4529 1668 4584 Trans
1699 4528 1937 4586 Turiam
1969 4530 2072 4587 ﬂu-

413 4633 548 4672 men
578 4604 801 4672 Sanctae
824 4616 1039 4684 Maria),
1065 4633 1198 4672 cum
1228 4615 1599 4686 molendinis,
1621 4618 2065 4691 piscationibus,

412 4709 469 4762 et
497 4705 775 4762 omnibus
807 4705 1171 4778 appendiciis
1202 4706 1273 4761 ad
1301 4707 1573 4761 eumdem
1604 4707 2064 4780 aspicientibus:

405 4798 624 4853 cortem
659 4793 718 4850 in
752 4794 1083 4862 Liﬁniasco,
1113 4810 1247 4850 cum
1300 4799 1490 4850 castro
1521 4800 1578 4851 et
1607 4797 1827 4869 capella
1870 4799 2064 4855 Sancti

411 4884 674 4941 Mauritii
706 4885 765 4938 in
799 4884 1003 4939 eodem
1034 4887 1247 4960 castro,
1271 4900 1404 4939 cum
1437 4884 1713 4941 omnibus
1743 4886 1813 4942 ad
1845 4904 1907 4942 se
1937 4905 2063 4960 per-

406 4973 735 5031 tinentibus
769 4990 782 5028 :
816 4959 1123 5030 ecclesiam
1175 4972 1369 5029 Sancti
1402 4973 1655 5045 Victoris
1703 4979 1759 5030 et
1807 4959 2062 5045 Coronea,

406 4991 735 5031 tmennuus
769 4991 782 5028 :
816 4991 1123 5030 ecclesiam
1175 4991 1369 5029 nancti
1412 4991 1600 5029 Victor
1703 4991 1759 5030 et
1807 4991 2062 5045 uorome,

402 5079 535 5119 cum
569 5063 729 5119 omni
762 5062 997 5117 decima
1032 5061 1091 5116 in
1125 5062 1510 5128 Marcomcda,
1545 4991 1762 5118 equm
1796 5065 1966 5121 terris
1997 5083 2062 5121 ac

402 5152 630 5209 mansis
686 5152 757 5207 ad
814 5150 1150 5223 praedictam
1203 5150 1544 5207 canonicam
1602 5151 2059 5229 pertinentibus;

402 5241 707 5297 ecclesiam
745 5240 941 5296 Sancti
974 5239 1248 5295 Macharii
1279 5240 1338 5294 in
1367 5239 1598 5295 Vilasco
1629 5257 1765 5295 cum
1802 5242 1974 5300 terris
2003 5249 2061 5300 et

403 5329 647 5384 decimis
705 5330 972 5401 ejusdem
1020 5328 1187 5385 villa.
1239 5328 1469 5384 Plebem
1521 5345 1652 5383 vero
1706 5329 1765 5384 in
1815 5330 2058 5388 durione

403 5404 627 5471 sancta:
661 5417 870 5473 Mariis.
895 5435 1028 5473 cum
1052 5416 1209 5473 omni
1236 5417 1461 5471 decima
1482 5417 1553 5471 ad
1575 5433 1709 5472 eum
1732 5420 2057 5491 pertinente

402 5503 461 5557 in
494 5503 776 5575 planitiis,
810 5507 988 5576 casis,
1024 5507 1216 5574 terris,
1240 5505 1443 5573 vineis,
1463 5509 1520 5561 et
1544 5506 1827 5579 capellam
1859 5509 2054 5565 Sancti

399 5590 683 5655 Solutoris
710 5591 771 5649 in
802 5598 997 5651 monte
1027 5595 1308 5654 Pharrato
1337 5611 1350 5652 :
1379 5593 1685 5654 ecclesiam
1717 5597 1915 5655 Sancti
1935 5597 2053 5658 Viti

2186 3296 2403 3347 cortem
2438 3292 2495 3347 in
2529 3291 2915 3358 Scandaltico,
2937 3308 3071 3346 cum
3117 3290 3284 3362 plebe
3313 3289 3373 3343 in
3404 3288 3621 3344 honore
3648 3286 3835 3342 sancti

2190 3380 2480 3449 Dalmatii,
2501 3385 2559 3436 et
2588 3379 2825 3452 capellis
2855 3384 3111 3451 quatuor
3139 3378 3197 3433 in
3227 3378 3432 3433 eadem
3458 3380 3635 3444 corte,
3661 3390 3836 3431 unam

2185 3468 2243 3522 in
2276 3469 2556 3525 honorem
2588 3468 2771 3524 sancti
2805 3467 3130 3532 Michaelis,
3156 3464 3331 3522 aliam
3361 3463 3547 3520 sancti
3570 3464 3835 3530 Joannis,

2184 3558 2417 3623 tertiam
2440 3558 2625 3613 sancti
2646 3558 2911 3626 Andrem,
2927 3560 3200 3629 quartam
3219 3553 3406 3609 sancti
3428 3551 3685 3619 Martini,
3704 3565 3833 3607 cum

2185 3646 2343 3701 omni
2377 3647 2622 3715 decima,
2648 3652 2703 3702 ct
2749 3645 3122 3711 molendinis,
3148 3642 3334 3711 silvis,
3361 3641 3623 3715 pascuis,
3658 3640 3835 3712 pratis

2184 3736 2598 3805 communibus
2618 3741 2675 3791 et
2698 3734 2958 3807 privatis,
2982 3733 3374 3805 omnibusque
3395 3730 3466 3786 ad
3497 3728 3835 3802 praedictam

2183 3825 2523 3881 canonicam
2546 3823 3007 3897 pertinentibus:
3030 3820 3312 3894 capellam
3336 3820 3396 3876 in
3417 3817 3761 3890 Polengaria
3781 3817 3837 3871 in

2183 3913 2401 3970 honore
2430 3914 2616 3970 sancti
2649 3910 2917 3985 Remigii,
2944 3928 3079 3967 cum
3107 3909 3384 3967 omnibus
3415 3908 3487 3963 ad
3511 3923 3641 3963 eam
3670 3904 3842 3977 perti-

2182 4001 2458 4058 nentibus
2489 4001 2546 4056 in
2591 4000 2859 4069 Sablone,
2886 4016 3021 4054 cum
3054 3997 3282 4054 mansis
3312 3995 3590 4069 quinque,
3616 3999 3673 4049 et
3717 4010 3840 4049 me-

2182 4090 2395 4146 dietate
2421 4090 2651 4147 decima
2689 4089 2952 4161 ejusdem
2983 4086 3152 4155 villae,
3190 4103 3306 4142 una
3337 4102 3476 4141 cum
3520 4081 3711 4147 terris,
3744 4098 3839 4137 ca-

2181 4179 2340 4247 stris,
2366 4178 2628 4251 capellis,
2650 4177 2855 4245 vineis,
2870 4177 3117 4248 campis,
3140 4174 3346 4248 pratis,
3368 4171 3627 4246 pascuis,
3648 4169 3836 4237 silvis,

2180 4266 2553 4335 molendinis,
2600 4265 2890 4339 portibus,
2930 4262 3176 4337 ripatiis,
3210 4262 3399 4335 aquis,
3429 4273 3833 4333 aquarumque

2179 4355 2546 4422 decursibus,
2564 4354 3016 4428 piscationibus,
3040 4352 3224 4409 servis
3253 4355 3311 4406 et
3351 4348 3603 4419 ancillis,
3645 4346 3832 4404 aldio-

2179 4443 2375 4513 nibus,
2400 4445 2668 4512 decimis,
2692 4443 2866 4509 ﬁctis,
2893 4441 3197 4508 reditibus,
3230 4438 3547 4512 paludibus
3576 4453 3833 4492 commu-

2099 4555 2147 4620 D
2178 4533 2355 4590 nibus
2386 4538 2443 4589 et
2472 4531 2969 4598 incommunibus,
3000 4530 3166 4602 ripis,
3192 4527 3441 4601 rupinis,
3465 4525 3643 4583 cultis
3665 4530 3724 4581 et
3751 4526 3834 4580 in-

2179 4622 2376 4691 cultis,
2409 4622 2726 4679 mobilibus
2752 4624 2809 4677 et
2859 4617 3282 4685 immobilibus,
3317 4617 3389 4672 ad
3431 4615 3533 4687 jus
3581 4614 3830 4687 prmfate

2178 4712 2489 4780 canonicis,
2522 4709 3054 4780 canonicorumque
3098 4723 3243 4763 usus
3293 4708 3349 4761 et
3397 4708 3699 4777 sumptus,
3727 4701 3829 4774 qui

2177 4818 2280 4873 pro
2305 4805 2566 4872 tempore
2588 4798 2824 4864 fuerint,
2849 4795 3279 4870 pertinentibus
3294 4792 3383 4849 vel
3410 4791 3829 4865 aspicientibus

2174 4889 2230 4944 in
2275 4888 2590 4960 integrum,
2624 4890 2836 4942 nostrze
2878 4883 3340 4940 conﬁrmationis
3378 4880 3748 4947 auctoritate,
3776 4882 3830 4936 et

2174 4994 2303 5049 qua:
2332 4976 2541 5032 collata
2583 4979 2740 5043 sunt,
2774 4978 2831 5030 et
2874 4973 3245 5037 conferenda,
3278 4970 3683 5039 concedimus,
3715 4969 3827 5026 lar-

2171 5066 2384 5139 gimur,
2411 5083 2475 5121 ac
2498 5063 2855 5132 stabilimus,
2880 5062 3147 5119 omnium
3168 5062 3474 5118 hominum
3496 5062 3828 5115 controver-

2170 5154 2258 5211 sia
2288 5160 2509 5211 remota
2540 5159 2597 5210 et
2626 5151 2827 5225 procul
2860 5152 3145 5208 abdicata.

2241 5246 2489 5316 Insuper
2504 5258 2735 5315 quoque
2757 5257 2861 5313 per
2881 5240 3034 5296 hanc
3054 5239 3238 5295 nostri
3260 5237 3530 5312 praecepti
3547 5235 3829 5312 paginam

2167 5333 2539 5405 praecipimus
2552 5336 2729 5404 atque
2740 5330 3022 5402 jubemus
3039 5332 3104 5383 ut
3124 5344 3296 5385 nemo
3308 5327 3829 5400 episcopus,etiam

2157 5421 2343 5492 judex
2364 5420 2655 5494 publicus,
2671 5423 2775 5475 aut
2790 5419 3010 5474 missus
3035 5417 3391 5481 discurrens,
3412 5420 3515 5470 aut
3536 5414 3833 5481 marchio,

2165 5526 2380 5579 comes,
2402 5509 2753 5575 sculderius,
2777 5505 3102 5581 gastaldus,
3122 5505 3213 5561 vel
3237 5503 3555 5579 cujuslibet
3575 5507 3839 5576 potesta-

2163 5599 2242 5658 tis
2273 5616 2507 5678 magna,
2538 5612 2864 5679 parvarque
2893 5610 3145 5673 persona
3172 5594 3281 5652 has
3303 5592 3617 5673 prelibate
3645 5607 3836 5656 oeno-
