3950 6144
84 332 241 461 nos

1431 393 1823 467 HENRIGUS
1865 392 1951 460 III
1989 392 2155 461 IMP.

3310 387 3473 458 1106

83 529 222 591 uicae
249 543 341 604 res
369 524 586 589 audeat
612 523 903 599 invadere,
940 524 1210 604 diripere,
1232 527 1321 591 vel
1368 546 1719 604 quocunque
1744 534 1801 603 Α
1827 529 1999 587 Serra
2026 530 2097 586 de
2127 526 2478 599 Barbarauo,
2511 528 2658 603 pede
2691 526 2809 587 ﬁne
2854 524 2983 603 ipso
3032 525 3175 603 Rigo
3223 526 3296 584 de
3339 525 3471 584 Pla-

82 602 378 691 molimiue
392 618 467 674 de
482 622 769 693 potestate
786 602 1221 687 canonicorum,
1239 619 1461 676 ibidem
1476 602 1721 675 Domino

80 706 474 779 militantium,
487 723 638 764 ausu
654 707 878 765 nefario
904 708 1152 778 auferre,
1169 724 1272 765 nec
1293 707 1353 763 iu
1375 707 1721 764 beneﬁcium

78 795 353 871 cuiquam
383 796 524 854 dare
554 800 764 870 praeter
800 796 1158 854 voluntatem
1190 797 1599 870 praedictorum
1627 811 1721 851 ca-

78 884 438 953 nonicorum,
479 901 668 957 neque
711 885 785 941 ad
831 901 1039 943 causas
1081 885 1395 958 judiciario
1446 901 1624 951 more,
1658 886 1724 938 ut

77 974 273 1049 aliqua
316 972 712 1047 supraposita,
746 978 850 1031 aut
892 973 1172 1032 violentia
1215 974 1551 1031 faciendum
1603 971 1722 1028 ullo

73 1079 338 1141 unquam
391 1066 655 1135 tempore
710 1062 939 1137 ingredi
995 1064 1225 1121 audeat.
1256 1064 1365 1121 Sed
1421 1062 1595 1119 liceat
1622 1077 1721 1118 eos

76 1169 211 1209 cum
240 1150 511 1211 omnibus
560 1152 736 1209 rebus
768 1169 835 1208 ac
877 1151 1119 1209 familiis
1175 1153 1301 1209 suis
1357 1152 1467 1208 sub
1521 1153 1723 1207 nostra

74 1239 390 1299 consistere
417 1239 686 1309 tuitioue,
718 1244 893 1313 atque
935 1240 1332 1297 immanitatis
1360 1239 1716 1310 defensioue.

71 1324 137 1387 Si
164 1345 294 1387 vero
319 1328 701 1401 querimonia
728 1330 1008 1387 adversus
1036 1331 1165 1403 jam
1195 1330 1381 1386 dictos
1410 1328 1720 1386 canonicos

68 1423 195 1477 tam
224 1418 293 1474 de
321 1416 522 1475 liberis
549 1416 912 1488 hominibus,
942 1435 1121 1492 quam
1169 1419 1242 1475 de
1289 1418 1491 1486 servis,
1514 1432 1618 1473 seu
1649 1416 1720 1473 de

69 1508 248 1566 rebus
276 1511 413 1563 ortae
445 1507 683 1573 fuerint,
721 1506 1004 1579 jubemus
1046 1511 1113 1564 ut
1158 1511 1295 1564 ante
1341 1505 1717 1580 praepositum

69 1601 132 1654 et
160 1594 468 1653 canonicos
513 1595 778 1672 ejusdem
827 1594 1082 1653 ecclesiae
1130 1594 1430 1663 ﬁniantur,
1462 1598 1520 1651 et
1546 1594 1620 1650 ad
1651 1593 1717 1648 ﬁ-

69 1701 206 1741 nem
237 1699 423 1755 usque
452 1684 836 1741 deducantur.
868 1685 927 1739 Si
968 1685 1102 1758 quis
1130 1684 1312 1759 igitur
1337 1687 1540 1741 contra
1567 1682 1719 1739 hanc

67 1771 252 1830 nostri
281 1771 551 1845 praecepti
590 1772 891 1846 paginam,
924 1777 1253 1847 nostraeque
1273 1772 1566 1845 jussiouis
1608 1787 1718 1826 au-

65 1860 393 1927 ctoritatem
425 1859 647 1933 aliquid
678 1877 849 1936 agere
896 1861 1211 1935 aliquando
1253 1861 1584 1930 tentaverit,
1617 1865 1721 1916 aut

67 1967 145 2008 ex
168 1948 260 2007 his
289 1965 414 2023 quis
465 1966 646 2021 supra
694 1949 912 2025 scripta
970 1955 1128 2020 sunt,
1145 1951 1451 2025 quidpiam
1505 1948 1723 2006 violare

66 2037 527 2115 praesumpserit,
551 2038 700 2095 sciat
729 2055 792 2095 se
822 2040 949 2097 auri
981 2039 1188 2113 optimi
1227 2038 1408 2097 libras
1438 2039 1724 2096 ducentas

65 2126 551 2201 compositurum,
584 2127 958 2185 medietatem
1001 2145 1242 2185 camerae
1275 2132 1508 2197 nostrai,
1526 2130 1585 2184 et
1608 2140 1727 2180 me-

64 2216 343 2279 dictatam
376 2217 528 2289 parti
570 2216 980 2289 praedictorum
1005 2218 1441 2286 cauonicorum,
1483 2219 1723 2273 nostraa-

64 2320 185 2378 que
214 2304 452 2377 insuper
496 2304 769 2361 incidisse
823 2306 1153 2378 majestatis
1201 2308 1507 2363 offensam.
1540 2306 1611 2361 Et
1660 2297 1727 2359 ut

58 2394 177 2451 hoc
206 2397 410 2453 nostra:
434 2390 831 2451 immunitatis
854 2399 1208 2468 praeceptum
1239 2393 1640 2452 inviolabilem
1667 2408 1727 2459 et

56 2480 467 2541 inconvulsam
526 2482 785 2557 obtineat
844 2483 1208 2555 ﬁrmitatem,
1251 2502 1431 2541 manu
1487 2482 1725 2557 propria

54 2571 273 2639 subtus
300 2568 446 2627 illud
490 2571 878 2639 ﬁrmavimus,
910 2578 969 2629 et
997 2573 1204 2629 annuli
1252 2573 1437 2630 nostri
1480 2573 1725 2645 impres-

60 2660 234 2718 sione
259 2659 548 2732 assignari
572 2648 890 2732 jussimus.

138 2747 367 2819 Signum
412 2747 602 2807 damni
648 2751 898 2807 Heinrici
952 2752 1319 2808 Romanorum
1374 2752 1724 2825 imperatoris

61 2837 445 2893 invictissimi.

142 2923 448 2982 Heinricus
477 2925 861 2984 cancellarius
889 2927 1012 2985 vice
1032 2926 1389 3001 _Hermiauui
1418 2928 1721 2987 archican-

62 3012 293 3071 cellarii
322 3014 647 3089 recognovi.

141 3105 281 3161 Acta
308 3101 585 3161 Kalendis
624 3103 782 3175 Maii,
816 3122 970 3163 anno
999 3106 1318 3165 Dominicaa
1361 3108 1722 3166 Iucarnatio-

62 3190 166 3248 nis
193 3189 504 3248 millesimo
526 3193 975 3267 quadragesimo
1001 3196 1272 3268 septimo,
1287 3196 1607 3255 indictione
1626 3216 1719 3263 xv,

1744 1905 1799 1973 Β

1831 618 2033 686 centri,
2084 619 2155 676 de
2203 635 2320 675 uno
2367 617 2504 678 lato,
2532 619 2647 675 ﬁne
2695 618 2823 691 ipso
2867 617 3017 677 valle
3062 618 3134 674 de
3180 617 3356 691 Fuge,
3402 628 3475 673 ex

1829 705 1943 763 alio
1974 706 2154 763 latere
2191 724 2352 763 serra
2382 708 2455 762 de
2480 708 2779 777 Corviano,
2810 723 2945 763 cum
2986 707 3119 779 ipsa
3144 706 3309 763 furca
3337 721 3473 762 cum

1831 796 1989 851 omni
2022 795 2370 868 pertinentia
2411 814 2521 853 sua
2551 814 2565 853 :
2597 800 2656 853 et
2684 799 2823 853 sunt
2849 795 2909 851 in
2940 795 3295 868 supradictis
3342 794 3474 851 istis

1830 885 2161 941 modiorum
2211 884 2283 940 de
2329 888 2484 941 terra
2538 884 2964 957 quatuorceuti,
2997 888 3055 940 et
3109 883 3161 940 si
3218 883 3474 955 amplius

1828 973 2131 1029 inventum
2165 972 2359 1045 fuerit,
2392 973 2465 1029 ad
2494 974 2686 1046 ipsam
2728 975 2855 1045 jam
2899 972 3119 1028 dictam
3167 966 3474 1028 ecclesiam

1829 1061 2137 1135 pertineat,
2183 1077 2318 1117 cum
2367 1061 2560 1129 terris,
2593 1062 2798 1130 vineis,
2831 1061 3021 1134 aquis,
3071 1075 3476 1133 aquarumque

1829 1150 2195 1218 decursibus,
2256 1150 2712 1222 piscationibus,
2766 1149 3140 1216 molendiuis,
3191 1147 3367 1205 cultis
3419 1153 3478 1209 et

1829 1238 2087 1309 incultis,
2139 1240 2339 1295 omnia
2393 1245 2451 1295 et
2498 1240 2556 1295 in
2606 1239 2902 1302 omnibus.
2953 1244 3011 1295 et
3063 1237 3348 1311 quidquid
3404 1239 3475 1293 de

1827 1327 2085 1399 praedicti
2138 1328 2477 1386 monasterii
2528 1328 3001 1401 possessionibus
3049 1329 3228 1384 ﬁscus
3280 1330 3479 1382 uoster

1828 1432 2062 1490 sperare
2100 1418 2354 1491 potuerit
2399 1418 2511 1490 ipsi
2561 1435 2663 1490 pro
2712 1421 2937 1474 aeterna:
2986 1414 3475 1474 remunerationis

1825 1507 2066 1579 praemio
2094 1508 2492 1564 concedimus.
2524 1509 2595 1564 Et
2620 1512 2688 1563 ut
2714 1506 2914 1564 nullus
2947 1505 3321 1563 mallaturam
3352 1500 3476 1578 peri-

1826 1594 2014 1652 solvat
2042 1597 2318 1652 advocato
2349 1598 2498 1669 ejus,
2529 1599 2664 1665 etc.,
2696 1601 2755 1653 ut
2795 1598 2857 1652 in
2883 1597 3261 1668 superioribus
3298 1595 3475 1667 privi-

1825 1684 2004 1756 tegiis.

1900 1771 2134 1842 Signum
2159 1773 2347 1829 domui
2373 1775 2620 1830 Heinrici
2661 1774 2886 1831 secundi
2934 1776 3302 1830 Romanomm
3328 1771 3477 1827 invi-

1827 1861 2059 1917 ctissimi
2086 1863 2437 1934 imperatoris
2468 1863 2715 1934 Augusti.

1902 1949 2211 2007 Heinricus
2240 1951 2623 2008 cancellarius
2659 1952 2783 2008 vice
2810 1950 3151 2008 Herimanni
3181 1948 3479 2011 archican-

1833 2037 2048 2094 cellarii
2076 2040 2401 2113 recognovi.

1903 2127 2050 2183 Data
2076 2127 2368 2185 Kalendas
2404 2129 2691 2200 Januarii,
2724 2145 2877 2185 anno
2919 2127 3234 2185 Dominicis
3283 2126 3480 2184 lucar-

1832 2216 2089 2273 nationis
2146 2216 2461 2274 millesimo
2519 2218 2971 2291 quadragesimo
3018 2216 3289 2290 septimo,
3328 2213 3480 2271 indi-

1832 2304 2022 2360 ctione
2067 2306 2296 2365 decima
2325 2306 2558 2378 quinta;
2591 2323 2745 2364 anno
2787 2310 2982 2363 autem
3032 2303 3255 2361 domini
3300 2302 3477 2359 Heiu-

1834 2392 1938 2449 rici
1970 2393 2125 2451 tertii
2153 2394 2537 2451 ordinationis
2567 2396 2695 2467 ejus
2725 2396 2951 2452 decimo
2979 2399 3202 2462 octavo,
3235 2407 3480 2466 regnan-

1832 2482 1909 2539 tis
1938 2482 2173 2554 quidem
2205 2488 2403 2540 octavo
2434 2484 2696 2553 secundi,
2728 2483 3073 2557 imperantis
3102 2483 3310 2556 primo.

1905 2575 2113 2627 Actum
2147 2573 2219 2628 ad
2249 2572 2531 2629 Columna
2567 2573 2861 2630 civitatem
2892 2573 2953 2630 iu
2983 2572 3085 2630 Dei
3130 2572 3368 2628 nomine
3398 2572 3478 2628 fe-

1832 2658 2039 2718 liciter.
2068 2663 2270 2717 Amen.

2526 2792 2537 2801 ”
2587 2778 2729 2836 XVI.

1831 2897 2175 2966 Praeceptum
2210 2895 2457 2951 Heinrici
2486 2895 2835 2967 imperatoris
2863 2894 2929 2951 de
2967 2895 3218 2953 libertate
3244 2902 3297 2953 et
3321 2896 3483 2954 rebus

2289 2966 2612 3022 monasterii
2638 2966 3029 3023 Casauriensis.

1903 3112 1966 3163 In
1996 3106 2232 3164 nomine
2262 3113 2476 3164 sanctaa
2518 3111 2577 3164 et
2619 3106 2931 3164 individuis
2959 3106 3282 3175 Trinitatis,
3305 3106 3480 3163 Ham-

1831 3212 2003 3252 mcus
2034 3195 2230 3252 divina
2260 3196 2486 3253 favente
2511 3196 2820 3253 clementia
2850 3197 3252 3253 Romanorum
3282 3194 3479 3268 impe-

56 3297 223 3337 auuo
252 3283 447 3337 autem
478 3280 681 3338 domui
721 3282 975 3339 Heiurici
1008 3301 1109 3341 seu
1157 3286 1542 3344 ordinationis
1589 3288 1718 3359 ejus
1747 3269 1791 3338 C
1830 3288 1988 3339 rator
2012 3286 2334 3357 Augustus.

53 3367 293 3426 decimo
323 3372 544 3433 octavo,
577 3369 923 3444 imperantis
956 3388 1089 3430 vero
1118 3374 1328 3447 primo.

138 3457 348 3514 Actum
377 3456 652 3528 Mantuae,
685 3460 746 3515 in
775 3460 876 3517 Dei
909 3462 1145 3518 nomine
1175 3462 1436 3520 feliciter.

831 3566 949 3624 XV.

55 3626 410 3727 Praeceptum
435 3653 683 3710 Heinrici
710 3656 1053 3726 imperatoris
1094 3657 1160 3713 de
1202 3657 1453 3715 libertate
1479 3666 1531 3716 et
1558 3659 1719 3717 rebus

523 3728 847 3782 monasterii
876 3727 1273 3785 Casauriensis.

180 3860 187 3867 .
259 3859 265 3867 .
701 3814 890 3887 (Anno
922 3816 1102 3887 1047.)

266 3888 616 3973 Mortuost,
648 3904 770 3960 Rer.
799 3905 923 3961 Ital.
956 3905 1156 3978 Script.
1188 3907 1261 3975 ll,
1294 3922 1356 3975 ιι,
1386 3909 1538 3981 357.]

143 3990 208 4045 In
239 3989 475 4047 nomine
505 3993 723 4047 sanctae
751 3996 811 4047 et
852 3992 1166 4049 individua:
1196 3995 1519 4053 Trinitatis.
1551 3998 1724 4055 Hem-

52 4094 265 4147 mcus,
297 4077 494 4135 divina
535 4078 765 4138 favente
805 4081 1136 4153 clementia,
1171 4084 1565 4142 Romanorum
1617 4088 1727 4143 im-

1892 3373 1951 3428 Si
1985 3390 2285 3430 servorum
2321 3374 2415 3430 Dei
2456 3374 2839 3447 petitionibus
2869 3388 3180 3430 assensum
3211 3372 3478 3447 praebue-

1821 3460 2010 3519 rimus
2042 3464 2117 3519 ad
2140 3479 2307 3536 spem
2327 3463 2537 3519 divina;
2566 3462 3053 3520 remunerationis
3079 3463 3251 3521 nobis
3279 3462 3487 3537 profu.

1824 3555 2026 3608 turum
2073 3568 2203 3609 esse
2257 3557 2371 3608 neu
2421 3551 2768 3609 difﬁdimus.
2801 3553 3164 3627 Quapropter
3208 3554 3478 3612 omnium

1827 3641 2039 3698 Christi
2094 3641 2396 3714 nostrique
2440 3641 2724 3710 ﬁdelium,
2756 3646 2880 3699 tam
2932 3643 3267 3700 futurorum
3298 3660 3478 3717 quam

1830 3730 2227 3803 prmsentium,
2275 3731 2499 3787 noverit
2556 3730 2850 3788 industria
2905 3731 3158 3804 qualiter
3197 3746 3317 3789 nos
3376 3746 3482 3805 pro

1833 3835 2030 3875 amore
2058 3819 2254 3875 divino
2307 3819 2634 3891 animaeque
2681 3824 2891 3875 nostrae
2938 3818 3219 3887 remedio,
3248 3825 3377 3878 tum
3407 3821 3481 3876 ob

1835 3906 2173 3981 petitionem
2204 3908 2550 3964 venerabilis
2591 3908 2820 3965 abbatis
2858 3908 3147 3964 Domiuiei
3188 3908 3328 3963 dicti
3358 3925 3487 3965 mo-

1837 3995 2075 4053 nasterii
2104 4000 2326 4052 Sancta:
2356 3997 2680 4066 Trinitatis,
2707 4001 2765 4052 et
2789 3997 2847 4052 Β.
2866 3995 3180 4053 Clementis
3208 3997 3487 4070 martyris

1836 4084 1980 4141 inibi
2011 4085 2366 4157 quiescentis
2410 4085 2468 4140 in
2511 4085 2791 4141 comitatu
2824 4085 3062 4157 quidem
3092 4085 3392 4155 Piunensi,
3424 4086 3488 4142 in

48 4171 307 4245 perator
336 4169 659 4242 Augustus.
1839 4172 2053 4239 insula,
2085 4189 2213 4245 quae
2262 4173 2629 4230 Casa-Aurea
2668 4177 2927 4242 vocatur,
2974 4174 3144 4245 juxta
3199 4177 3490 4249 precepts

138 4253 205 4311 Si
236 4271 541 4311 servorum
570 4255 671 4311 Dei
710 4256 1094 4329 petitionibus
1130 4276 1439 4317 assensum
1471 4266 1728 4336 praebue-
1841 4263 2333 4336 praedecessorum
2362 4268 2697 4319 nostrorum
2727 4277 2932 4335 regum
2964 4278 3030 4318 ac
3068 4263 3489 4335 imperatorum

54 4346 286 4412 rimus,
314 4344 388 4399 ad
419 4360 585 4417 spem
622 4343 830 4401 divinae
872 4348 1364 4405 remunerationis
1392 4352 1562 4407 nobis
1594 4370 1731 4425 pro-
1842 4350 2128 4424 quidquid
2167 4352 2328 4422 juste
2358 4355 2416 4407 et
2442 4349 2709 4424 legaliter
2734 4350 2927 4407 visum
2975 4356 3064 4407 est
3109 4351 3345 4420 habere,
3376 4352 3491 4408 im-

57 4436 342 4492 futurum
374 4447 503 4487 esse
545 4450 661 4489 non
701 4433 1048 4491 difﬁdimus.
1082 4437 1445 4509 Quapropter
1468 4439 1732 4496 omnium
1843 4439 2046 4511 periali
2078 4445 2279 4495 nostra
2323 4440 2662 4496 auctoritate
2703 4439 3067 4497 decrevimus
3095 4440 3487 4511 corroborare,

58 4518 296 4593 Christi
339 4520 643 4591 nostrique
692 4520 956 4577 ﬁdelium
1004 4527 1126 4578 tam
1174 4525 1506 4581 futurorum
1556 4545 1732 4599 quam
1844 4533 1902 4583 ct
1932 4530 2276 4584 conﬁrmare
2306 4529 2696 4601 quodcunque
2718 4527 2988 4586 videlicet
3012 4529 3167 4586 idem
3198 4534 3493 4588 monaste-

57 4607 482 4684 praesentium,
530 4608 755 4665 noverit
812 4610 1107 4667 industria
1162 4611 1414 4685 qualiter
1468 4631 1576 4671 nos
1631 4634 1735 4689 pro
1765 4636 1811 4701 ι)
1844 4616 1997 4670 rium
2024 4616 2254 4672 videtur
2277 4616 2535 4673 obtinere
2564 4617 2716 4673 infra
2740 4617 2946 4674 urbem
2976 4618 3320 4687 Romanam,
3353 4623 3488 4688 etc.,

54 4712 281 4755 amore
320 4695 516 4754 divino
561 4698 888 4771 animasque
930 4704 1143 4757 nostrae
1182 4702 1459 4769 remedio,
1492 4707 1612 4759 tam
1660 4706 1733 4760 ob
1765 4695 1804 4701 ⁷
1843 4713 1902 4760 ut
1926 4721 2092 4776 supra
2122 4707 2180 4760 in
2208 4706 2340 4760 aliis
2364 4706 2698 4776 privilegiis.

52 4783 420 4861 petitionem
449 4785 798 4843 venerabilis
836 4786 1129 4846 Adelberti
1161 4790 1452 4857 monachi,
1470 4808 1648 4864 quam
1680 4797 1737 4850 et
1911 4795 2152 4866 Signum
2181 4793 2373 4849 domui
2398 4795 2645 4850 Heinrici
2674 4796 3021 4867 imperatoris
3049 4795 3274 4863 secundi
3304 4797 3493 4851 Roma-

50 4874 345 4950 germaui
376 4872 467 4931 sui
506 4874 900 4944 Guimarii,de
930 4877 1184 4935 Ecclesia
1227 4880 1453 4936 Sancta:
1482 4880 1734 4937 Trinita-
1843 4898 2049 4937 norum
2075 4883 2425 4937 invictissimi
2453 4884 2796 4955 imperatoris
2823 4883 3070 4955 Augusti.

50 4963 170 5032 tis,
206 4964 270 5018 et
294 4962 479 5019 sancti
512 4962 730 5029 Quirici
771 4966 1066 5038 martyris,
1099 4968 1159 5023 in
1188 4968 1470 5026 vocabulo
1500 4970 1735 5027 Placeu-
1916 4969 2220 5027 Heinricus
2250 4969 2634 5027 cancellarius
2663 4970 2784 5028 vice
2819 4971 3155 5028 Herimanni
3188 4971 3492 5028 archican-

54 5058 188 5118 tro,
222 5050 287 5106 in
327 5051 607 5109 comitatu
654 5052 961 5123 Balbense,
994 5054 1095 5111 ubi
1139 5056 1420 5113 Finianus
1471 5059 1687 5115 dicitur
1720 5076 1734 5114 :
1846 5057 2066 5115 cellarii
2098 5060 2426 5132 recognovi.

55 5138 465 5197 concedimus
495 5140 581 5196 eis
630 5141 702 5196 ad
747 5140 1079 5198 habendum
1114 5146 1172 5199 et
1200 5145 1619 5216 possidendum
1650 5147 1737 5221 ip-
1921 5148 2065 5203 Data
2095 5148 2263 5204 tertio
2304 5149 2441 5204 Idus
2490 5148 2705 5215 Martii,
2738 5165 2891 5205 anno
2937 5148 3250 5219 Dominicis
3302 5148 3495 5205 lucar-

59 5243 215 5287 sum
251 5226 597 5301 praedictum
627 5228 845 5294 locum,
870 5234 991 5286 tam
1024 5230 1189 5304 ipsis,
1214 5249 1390 5305 quam
1440 5239 1497 5289 et
1542 5237 1739 5292 abbati
1850 5236 2106 5292 nationis
2153 5234 2470 5293 millesimo
2519 5236 2964 5311 quadragesimo
3022 5236 3294 5309 septimo,
3342 5236 3496 5293 indi-

58 5312 378 5390 ipsorum.
397 5315 472 5372 Ut
496 5315 695 5373 nullus
720 5318 861 5386 dux,
887 5318 1168 5387 marchio,
1195 5319 1523 5393 episcopus,
1547 5339 1742 5381 comes
1850 5324 2038 5381 ctione
2069 5324 2299 5381 decima
2332 5324 2557 5397 quinta,
2591 5342 2744 5382 anno
2786 5329 2983 5383 autem
3013 5325 3215 5382 domui
3242 5326 3497 5384 Heinrici

61 5406 186 5463 aut
216 5403 572 5475 vicecomes,
599 5408 700 5462 aut
746 5422 961 5480 magna
1008 5423 1302 5481 parvaque
1346 5426 1596 5483 persona
1634 5412 1741 5467 ali-
1850 5413 2007 5471 tertii
2045 5412 2429 5470 ordinationis
2477 5415 2605 5488 ejus
2652 5415 2879 5471 decimo
2927 5418 3148 5484 octavo,
3199 5415 3499 5489 regnantis

59 5508 271 5569 quam
302 5492 637 5555 molestiam
660 5512 762 5551 seu
792 5496 1153 5552 invasionem
1185 5496 1374 5554 facere
1404 5506 1739 5570 praesumat.
1853 5502 2095 5575 quidem
2125 5506 2324 5559 octavo
2356 5504 2620 5573 secundi,
2640 5502 2985 5576 imperantis
3015 5505 3224 5577 primo.

60 5582 340 5655 Insuper
368 5584 747 5641 concedimus
768 5584 853 5641 eis
874 5583 1215 5662 pradictum
1246 5585 1437 5643 locum
1463 5587 1742 5647 Pinianus
1920 5591 2133 5646 Actum
2163 5591 2236 5647 ad
2267 5592 2547 5649 Sanctum
2567 5589 2905 5650 Flavianum
2931 5591 2991 5650 in
3016 5593 3118 5651 Dei
3149 5595 3388 5653 nomine
3418 5593 3499 5652 fe-

60 5686 218 5731 cum
254 5671 506 5730 introitu
548 5677 606 5730 et
651 5673 808 5731 exitu
838 5691 967 5744 suo,
991 5674 1151 5746 quod
1199 5678 1287 5734 est
1316 5692 1351 5732 a
1377 5676 1596 5751 capite;
1626 5678 1744 5735 ﬁne
1851 5678 2063 5738 liciter.
2094 5683 2301 5736 Amen.
