3950 6144
411 366 566 439 “0'1

1148 501 1314 565 XVII.

409 602 713 682 Heinricus,
746 601 894 682 inter
935 592 1596 682 imperatores'secundus,
1642 587 1924 682 Bernardo
1951 587 2056 640 Pa-

512 661 968 744 tavino'episcopo
999 661 1084 738 ius
1107 666 1362 723 mittendae
1389 666 1631 738 pecuniae
1661 661 1949 728 elargitur.

1020 759 1206 830 (Anno
1240 756 1425 826 1049.)

723 849 1076 920 [MURATORI,
1108 847 1294 916 Antiq.
1327 844 1452 900 Ital.
1488 842 1556 908 Il,
1587 841 1740 910 711.]

482 941 545 996 In
577 937 813 995 nomine
843 941 1060 992 sanctae
1089 938 1147 991 et
1182 933 1496 989 individua:
1529 926 1857 986 Trinitatis.
1891 925 2064 980 Hem-

413 1042 604 1097 nicus,
634 1026 833 1083 divina
873 1026 1102 1082 favente
1132 1022 1462 1089 clementia,
1507 1021 1904 1076 Romanorum
1955 1013 2064 1068 im-

416 1120 650 1192 perator
674 1117 996 1188 Augustus.

489 1206 550 1262 Si
582 1205 766 1262 sacris
812 1208 871 1260 et
913 1201 1346 1260 venerabilibus
1400 1198 1543 1254 locis
1603 1196 1862 1269 proﬂcua
1916 1193 2071 1246 dona

418 1294 816 1361 concedimus,
841 1293 1048 1348 animae
1083 1294 1293 1347 nostrae
1319 1288 1691 1360 profuturum
1713 1282 1874 1339 nullo
1898 1279 2070 1335 modo

420 1382 802 1457 ambigimus.
825 1382 1186 1454 Quapropter
1214 1378 1490 1434 omnibus
1519 1373 1729 1430 Christi
1772 1368 2072 1440 nostrique

420 1471 696 1530 fidelibus
723 1477 844 1528 tam
886 1470 1100 1527 futuris
1130 1485 1306 1542 quam
1340 1471 1397 1523 ct
1435 1462 1842 1538 praesentibus,
1867 1461 2070 1513 notum

419 1562 545 1618 ﬁeri
588 1560 860 1619 volumus
893 1560 1143 1633 qualiter
1190 1575 1295 1614 nos
1345 1557 1418 1612 ob
1464 1555 1855 1609 interventum
1889 1542 2073 1602 nostri

417 1651 531 1707 tori
554 1649 833 1723 regnique
854 1649 1162 1719 consortis,
1187 1645 1407 1704 scilicet
1426 1642 1664 1715 Agnetis
1687 1641 1764 1695 im
1771 1633 2074 1710 peratricis

419 1740 718 1812 Augustae,
754 1755 858 1794 nec
911 1755 1019 1794 nos
1066 1738 1139 1793 ob
1189 1737 1462 1792 devotum
1510 1729 1812 1787 servitium
1861 1724 1985 1790 Dei,
2019 1726 2078 1778 et

421 1827 766 1900 petitionem
820 1825 1137 1884 Bernhardi
1191 1820 1550 1880 Pataviensis
1597 1816 1850 1891 episc0pi
1904 1813 2076 1868 licen-

425 1917 569 1972 tiam
600 1920 657 1971 et
704 1919 1053 1988 potestatem
1103 1917 1398 1969 monetam
1447 1906 1800 1965 faciendi‘in
1850 1901 2080 1958 civitate

428 2003 779 2072 Pataviensi,
811 2004 1138 2061 secundum
1176 2001 1409 2075 pondus
1431 1993 1779 2053 Veronensis
1810 1993 2087 2063 monetae,

425 2092 543 2150 sibi
601 2110 838 2166 suaeque
883 2091 1169 2150 Ecclesia":
1228 2087 1642 2162 perpetualitcr
1707 2079 2084 2139 concedimus

425 2185 601 2254 atque
631 2182 1048 2256 permittimus.
1073 2181 1143 2236 Et
1190 2183 1256 2234 ut
1297 2177 1510 2234 certior
1541 2171 1856 2231 auctoritas
1905 2167 2086 2238 hujus

425 2275 642 2329 nostra
669 2271 1066 2328 concessionis
1096 2269 1381 2334 videatur,
1417 2268 1474 2321 in
1507 2281 1626 2320 una
1656 2259 1962 2334 superficie
1993 2256 2087 2310 de-

421 2361 726 2418 nariorum
746 2359 930 2418 nostri
950 2358 1207 2416 nominis
1224 2361 1282 2414 et
1302 2353 1576 2429 imaginis
1600 2349 2048 2424 impressionem
2071 2377 2085 2427 ς

423 2449 487 2505 in
516 2449 699 2508 altera
727 2468 860 2508 vero
903 2450 1169 2522 ejusdem
1217 2445 1470 2502 civitatis
1521 2444 1770 2515 ﬁguram
1825 2436 2087 2520 imprimi

417 2538 734 2611 jussimus.
758 2541 829 2596 Et
849 2538 1129 2612 quoniam
1158 2535 1482 2593 secundum
1506 2529 1871 2603 imperialem
1895 2529 2090 2582 aucto-

425 2630 664 2688 ritatem
695 2634 1030 2686 nostrorum
1074 2630 1512 2681 antecessorum
1543 2635 1748 2692 regum
1778 2615 1867 2672 vel
1901 2616 2085 2686 impe-

433 2725 696 2778 ratorum
744 2734 848 2791 pro
907 2716 1116 2772 anima:
1149 2717 1361 2791 nostra:
1401 2708 1660 2765 remedio
1719 2709 1932 2761 sanctae
1987 2704 2086 2760 Dei

435 2807 703 2867 Ecclesiae
733 2790 1098 2879 pralibatum
1130 2790 1351 2856 donum
1381 2797 1711 2854 conditione
1741 2793 1935 2851 stabili
1965 2797 2088 2850 tra-

438 2898 657 2965 dimus,
689 2893 962 2952 volumus
1005 2889 1366 2960 ﬂrmiterque
1393 2885 1766 2959 praecipimus
1814 2887 1881 2938 ut
1927 2882 2090 2938 nulla

441 2987 632 3060 major
687 2984 948 3042 minorve
995 2997 1246 3055 persona
1300 2975 1618 3034 Ecclesium
1648 2973 1748 3031 Dei
1797 2989 2091 3045 suumque

439 3075 819 3152 provisorem,
841 3070 1245 3130 Bernhardum
1264 3066 1533 3123 videlicet
1553 3064 1918 3137 episcopum,
1939 3064 2093 3134 ejus-

442 3183 555 3240 que
585 3179 954 3223 successores
989 3161 1102 3217 hoc
1131 3162 1343 3215 nostrae
1385 3153 1762 3227 benignitatis
1805 3153 1956 3208 dono
1989 3152 2088 3207 de-

1767 357 2083 428 MONUM.
2123 319 2446 423 nirLou.

2085 493 2142 560 Α
2168 491 2286 548 lius
2316 507 2670 564 promovere.
2691 488 2856 547 Unde
2881 486 3118 562 quidem
3140 503 3342 545 omnes
3360 483 3580 545 Christi
3617 488 3849 543 nostri-

3672 343 3847 409 uos

2171 599 2284 655 que
2310 585 2432 637 tam
2465 581 2648 636 futuri
2692 597 2870 653 quam
2920 582 3235 652 praesentes
3281 578 3547 634 noverint
3597 576 3848 632 ﬁdeles.

2172 670 2422 744 qualiter
2477 688 2582 725 nos
2613 671 2684 726 ob
2727 669 3065 742 petitionem
3125 667 3310 724 nostri
3367 666 3475 722 tori
3534 683 3606 722 ac

2173 759 2482 828 consortis,
2525 759 2745 816 scilicet
2791 757 3052 831 Agnetis,
3083 757 3470 830 imperatricis
3519 759 3852 829 Augustae,

2173 853 2230 904 et
2258 850 2331 905 ob
2361 850 2636 904 devotum
2677 847 3029 903 famulatum
3073 846 3257 901 nostri
3307 844 3494 900 fidelis
3526 848 3584 900 et
3635 845 3852 900 dilecti

2172 937 2487 1006 Adelberti,
2522 937 2850 993 Bremensis
2899 935 3166 992 Ecclesia:
3215 933 3664 1007 archiepiscopi,
3699 951 3853 988 cum

2174 1044 2464 1084 consensu
2487 1025 2839 1082 Berenhardi
2865 1024 3031 1082 ducis
3052 1031 3107 1080 et
3123 1024 3342 1080 Udonis
3362 1022 3596 1078 comitis
3619 1028 3682 1079 et
3703 1022 3856 1078 alio-

2177 1134 2308 1172 rum
2356 1115 2744 1182 cohaeredum,
2772 1116 2845 1170 ad
2902 1115 3166 1186 ejusdem
3217 1112 3469 1168 ecclesia:
3529 1112 3746 1179 altare,
3784 1113 3846 1166 in

2177 1205 2396 1262 honore
2427 1209 2638 1261 sanctae
2689 1203 2904 1272 Mariae,
2936 1203 3244 1260 Genitricis
3275 1203 3373 1258 Dei
3418 1207 3846 1276 perpetuaeque

2178 1293 2442 1366 virginis,
2491 1310 2558 1349 ac
2606 1293 2791 1349 sancti
2840 1292 3014 1358 Petri,
3065 1290 3461 1364 apostolorum
3521 1292 3842 1363 principis,

2181 1400 2366 1439 unum
2400 1383 2682 1439 forestum
2714 1399 2846 1438 cum
2890 1380 3150 1454 legitimo
3181 1382 3357 1436 banni
3381 1382 3518 1451 jure
3547 1381 3846 1436 traddidi—

2184 1490 2316 1528 mus
2348 1473 2408 1528 in
2442 1489 2588 1545 pago
2636 1473 2782 1528 Lara
2810 1471 2897 1527 vel
2929 1470 3238 1544 Steiringa,
3259 1469 3479 1528 scilicet
3522 1471 3582 1526 in
3619 1471 3846 1525 ducatu

2185 1560 2535 1617 Berenhardi
2568 1559 2755 1628 ducis,
2790 1563 2846 1615 et
2892 1559 3044 1614 infra
3094 1558 3376 1614 terminos
3417 1574 3566 1630 quos
3627 1559 3850 1614 subtus

2185 1649 2532 1706 nominatim
2565 1649 2836 1715 dicimus,
2859 1648 3060 1714 situm,
3085 1648 3371 1719 incipiens
3400 1647 3557 1703 enim
3581 1665 3622 1703 a
3645 1652 3848 1720 ponte,

2184 1739 2283 1811 qui
2313 1737 2539 1810 vulgari
2580 1737 2783 1810 lingua
2817 1736 3102 1792 Buribruc
3133 1737 3366 1802 dicitur,
3395 1741 3450 1792 et
3481 1737 3567 1792 sic
3595 1737 3852 1792 descen-

2185 1829 2329 1884 dens
2351 1828 2522 1899 juxta
2547 1831 2804 1882 Huntam
2835 1826 3078 1881 ﬂuvium
3104 1842 3292 1898 usque
3321 1825 3379 1880 in
3412 1826 3654 1883 alveum
3691 1825 3854 1880 ﬂuvii

2189 1916 2412 1973 Aldena
2441 1915 2578 1971 dicti
2609 1918 2666 1970 et
2695 1915 2828 1970 inde
2859 1931 2961 1987 per
2989 1915 3328 1981 decursum,
3352 1914 3450 1970 ubi
3467 1915 3714 1970 Aldena
3737 1915 3858 1967 Ἑνὶ-

2193 2023 2380 2063 seram
2412 2003 2625 2073 inﬂuit,
2659 2010 2716 2060 et
2762 2004 2897 2059 inde
2938 2021 2972 2059 a
3014 2021 3300 2060 concursu
3339 2004 3585 2061 istorum
3647 2004 3854 2060 ﬂuvio-

2195 2112 2327 2151 rum
2349 2112 2586 2151 sursum
2609 2109 2710 2166 per
2731 2092 3086 2165 crepidinem
3107 2091 3332 2148 Wisere
3354 2109 3541 2164 usque
3566 2093 3650 2148 ad
3687 2093 3856 2149 illum

2191 2184 2386 2240 locum
2431 2183 2531 2239 ubi
2579 2182 2910 2239 Bremensis
2957 2181 3490 2253 archiepiscopatus
3520 2187 3578 2237 et
3613 2182 3858 2238 Mindu-

2193 2274 2392 2330 nensis
2423 2270 2702 2345 episcopii
2733 2274 3089 2326 concurrunt
3128 2269 3385 2338 termini,
3418 2275 3474 2325 et
3500 2288 3733 2327 rursus
3762 2289 3863 2344 per

2195 2363 2514 2421 terminum
2576 2361 2914 2416 eorumdem
2966 2359 3393 2432 episcopiorum
3438 2377 3656 2416 versus
3708 2363 3864 2416 occi-

2196 2455 2429 2510 dentem
2462 2467 2648 2524 usque
2680 2451 2751 2506 ad
2782 2449 3267 2522 praenominatum
3299 2453 3556 2522 pontem.
3581 2450 3676 2505 Ea
3705 2451 3864 2505 vide-

2194 2541 2332 2597 licet
2359 2533 2691 2597 conditione
2719 2545 2777 2596 et
2804 2539 3026 2596 ratione
3049 2543 3114 2594 ut
3133 2537 3332 2594 nullus
3356 2539 3580 2610 absque
3611 2537 3866 2596 licentia

2197 2632 2420 2705 praefati
2450 2629 2870 2702 archiepiscopi
2911 2644 3434 2699 successorumque
3464 2645 3745 2694 suorum,
3791 2629 3868 2683 ul-

2195 2722 2319 2778 lum
2351 2738 2536 2794 genus
2583 2718 3030 2790 ferarum,quod
3071 2719 3202 2788 jure
3251 2718 3431 2773 banni
3476 2717 3868 2773 interdicitur

2197 2810 2321 2883 lege
2366 2809 2642 2882 qualibet,
2665 2807 2975 2864 venatoria:
3032 2806 3175 2863 artis
3231 2806 3522 2862 industria
3550 2807 3610 2861 in
3649 2809 3870 2864 eodem

2197 2901 2413 2956 foresto
2446 2903 2760 2972 praesumat
2787 2911 2990 2968 capere
3017 2895 3109 2951 vel
3136 2895 3419 2968 decipere.
3442 2895 3740 2970 Quisquis
3775 2916 3873 2952 au-

2197 2995 2316 3046 tem
2347 2993 2550 3045 contra
2579 2989 2758 3058 istam.
2780 2986 2963 3042 nostri
2993 2985 3315 3058 imperialis
3345 2985 3614 3058 praecepti
3653 2987 3873 3041 condi-

2198 3078 2416 3134 tionem
2443 3078 2592 3133 infra
2613 3076 2964 3150 prazfinitum
2986 3074 3250 3146 ejusdem
3271 3072 3742 3131 forestivenctur
3763 3082 3874 3131 ter-

2200 3167 2447 3236 minum,
2477 3167 2742 3223 eamdem
2776 3182 2914 3238 erga
2952 3164 3454 3236 archiepiscopum
3487 3165 3870 3222 emendatio-

440 3233 682 3314 stituere
709 3258 885 3328 atque
914 3249 1224 3308 molestare
1254 3249 1590 3319 praesumat.
1612 3242 1772 3306 Quod
1808 3246 1873 3296 ut
1893 3241 2082 3297 verius

2271 3277 2292 3314 s
2318 3233 2531 3314 habeat
2558 3256 2766 3329 legem,
2793 3233 2919 3327 qua:
2947 3233 3220 3310 omnibus
3251 3233 3510 3325 legaliter
3535 3254 3870 3309 constituta

439 3345 714 3403 credatur
743 3343 816 3400 ab
845 3340 1142 3405 omnibus,
1175 3340 1233 3393 et
1271 3351 1374 3407 per
1410 3331 1776 3388 succedentis
1808 3330 2089 3402 temporis

437 3451 627 3504 pvum
657 3434 730 3490 ab
762 3430 1038 3488 omnibus
1077 3423 1419 3499 diligentius
1456 3421 1815 3486 observetur,
1846 3418 1954 3474 hoc
1986 3436 2088 3474 no-

440 3527 572 3580 stris
604 3519 934 3578 donationis
965 3518 1314 3590 praeceptum
1349 3528 1526 3568 manu
1560 3509 1794 3582 propria
1827 3509 2091 3564 corrobo-

437 3615 657 3678 rantes,
691 3607 871 3682 sigilli
898 3604 1084 3663 nostri
1115 3601 1500 3674 impressione
1531 3598 1774 3654 inferius
1797 3596 2088 3668 jussimus

439 3695 734 3773 insigniri.

511 3790 744 3859 Signum
770 3786 957 3844 damni
985 3783 1230 3840 Heinrici
1257 3779 1405 3837 tertii
1435 3779 1576 3849 regis
1605 3777 1972 3840 invictissimi,
2005 3791 2087 3830 sc-

439 3877 607 3936 cundi
634 3879 1002 3934 Roma-norum
1031 3869 1378 3944 imperatoris
1401 3868 1652 3937 Augusti.

513 3967 905 4026 Herimannus
959 3959 1321 4020 Coloniensis
1388 3955 1862 4028 archiepiscopus
1918 3957 2091 4025 atque

441 4054 994 4117 archicancellarius
1025 4048 1353 4124 recognovi.

513 4149 658 4206 Data
683 4163 780 4204 xvx
799 4143 1088 4203 Kalendas
1112 4139 1270 4210 Maii,
1305 4154 1458 4194 anno
1487 4133 1798 4192 Dominicae
1821 4134 2090 4189 lncarna-

438 4236 619 4295 tionis
647 4231 958 4292 millesimo
989 4226 1435 4303 quadragesimo
1463 4241 1636 4290 nono,
1661 4220 1976 4278 indictione
2007 4237 2092 4276 se-

442 4327 657 4393 cunda,
696 4339 849 4381 anno
897 4317 1098 4377 domni
1129 4314 1362 4374 Henrici
1406 4330 1470 4368 III
1520 4311 1696 4384 regis,
1724 4308 2092 4381 imperatoris

443 4413 706 4479 secundi,
738 4407 1125 4468 ordinationis
1157 4407 1287 4477 ejus
1312 4420 1404 4470 xx,
1439 4398 1601 4472 regni
1631 4398 1870 4468 quidem
1900 4415 1958 4464 x,
1981 4401 2093 4452 Im-

443 4501 590 4576 perii
619 4505 817 4559 autem
848 4514 930 4569 In,
963 4497 1024 4552 in
1056 4493 1292 4550 nomine
1325 4487 1578 4547 Domini.

513 4593 723 4649 Actum
755 4585 1031 4646 Goslaria:
1063 4582 1327 4640 feliciter.
1362 4586 1564 4638 Amen.

1171 4690 1368 4747 XVIII.

723 4785 1087 4858 Privitegium
1110 4798 1210 4856 pro
1239 4780 1478 4836 Ecclesia
1505 4775 1802 4831 Bremensi.

1063 4875 1250 4946 (Anno
1281 4869 1465 4939 1049.)

656 4967 1076 5042 [anpsnsnnm
1110 4961 1389 5028 Hamburg
1417 4954 1664 5020 Urkund,
1696 4951 1847 5042 874.]

511 5062 577 5118 In
607 5038 845 5116 nomine
875 5057 1087 5111 sancta;
1125 5054 1184 5106 et
1220 5046 1530 5104 individua:
1559 5039 1881 5097 Trinitatis.
1917 5038 2088 5094 Hem-

440 5167 632 5220 mcus,
665 5148 865 5205 divina
909 5145 1130 5200 favente
1169 5134 1500 5201 clementia,
1543 5132 1940 5187 Romanorum
1982 5127 2088 5182 im-

439 5244 672 5313 perator
699 5237 1020 5311 Augustus.

511 5305 822 5394 Quoniamv
847 5341 915 5380 ex
961 5321 1157 5378 debito
1206 5311 1556 5390 procurandi
1587 5307 1749 5382 regni
1801 5305 2088 5361 universis

441 5414 714 5472 Ecclesiis
745 5411 992 5471 Romani
1025 5406 1254 5481 imperii
1296 5407 1601 5477 paternam
1631 5394 2087 5452 sollicitudinem

439 5503 722 5559 debemus
743 5495 1383 5573 impendere,volumus
1401 5499 2090 5559 unamquamque,quan-

437 5596 566 5648 tum
595 5606 664 5646 ex
693 5589 899 5646 divinae
948 5586 1147 5659 gratiae
1203 5581 1370 5638 nobis
1426 5575 1762 5634 conceditur
1820 5589 2082 5638 munere,

438 5679 758 5740 sublimare
778 5682 834 5735 et
865 5681 1196 5733 nostrorum
1223 5669 1640 5727 beneficiorum
1671 5663 1842 5721 donis
1869 5663 1927 5718 in
1959 5677 2084 5718 me—

2198 3353 2306 3415 est,
2340 3348 2438 3420 qui
2471 3347 2529 3401 in
2562 3349 2762 3401 nostro
2794 3347 2996 3399 contra
3023 3341 3266 3397 vetitum
3295 3345 3584 3396 venantur
3615 3342 3866 3399 forests.

2272 3439 2336 3492 Et
2367 3444 2432 3492 ut
2460 3436 2616 3492 istud
2644 3438 2854 3489 nostra:
2878 3431 3240 3488 auctoritatis
3261 3431 3480 3485 donum
3512 3430 3734 3487 stabile
3769 3450 3868 3504 per

2197 3545 2370 3585 omne
2401 3530 2633 3582 maneat
2677 3539 2884 3587 cavum,
2915 3521 3024 3576 hoc
3076 3519 3500 3592 cyrographum
3543 3519 3690 3576 inde
3722 3537 3863 3576 con-

2198 3617 2481 3690 scriptum
2511 3631 2687 3669 manu
2720 3611 2954 3684 propria
2975 3609 3436 3675 corroborantes,
3464 3607 3646 3681 sigilli
3673 3613 3864 3665 nostri

2200 3700 2898 3780 impressionejussimus
2931 3697 3220 3770 insigniri.

2271 3797 2500 3867 Signum
2540 3793 2730 3847 damni
2774 3790 3020 3844 Ileinrici
3074 3789 3228 3842 tertii
3279 3789 3423 3856 regis
3477 3787 3870 3852 invictissimi,

2197 3885 2420 3942 secundi
2451 3888 2822 3939 Romanorum
2853 3879 3201 3949 imperatoris
3227 3877 3476 3947 Augusti.

2270 3971 2668 4030 Uvinitherius
2717 3964 3120 4033 cancellaruis,
3163 3965 3287 4020 vice
3331 3964 3608 4021 Pardonis
3665 3965 3875 4020 archi-

2200 4060 2554 4128 canccllarii,
2589 4055 2914 4129 recognovi.

2271 4154 2482 4208 Data...
2518 4147 2642 4203 Kal.
2676 4145 2857 4212 Junii,
2892 4160 3045 4198 anno
3087 4143 3399 4199 Dominicai
3429 4143 3876 4198 lncarnationis

2203 4243 2359 4309 1049,
2402 4237 2720 4294 indictione
2770 4252 2834 4303 ii,
2880 4249 3034 4288 anno
3089 4237 3289 4287 autem
3344 4229 3543 4286 domui
3599 4231 3871 4287 Heinr-iri

2199 4330 2356 4388 tertii
2388 4327 2582 4400 regiis,
2613 4321 2980 4396 imperatoris
3008 4320 3272 4386 secundi,
3307 4319 3706 4375 ordinationis
3737 4323 3866 4390 ejus

2201 4437 2316 4487 XXI,
2349 4415 2511 4489 regni
2542 4414 2782 4487 quidem
2813 4429 2869 4479 κ,
2903 4408 3130 4482 imperii
3175 4412 3367 4463 autem
3401 4423 3478 4463 ui.
3520 4407 3582 4461 In
3615 4409 3864 4463 nomine

2203 4506 2453 4563 Domini.

2121 4606 2169 4670 Ι)
2270 4600 2482 4650 Actum
2517 4591 2712 4648 Mindo
2746 4587 3005 4646 feliciter.
3038 4589 3242 4642 Amen.

2201 4757 2447 4813 Heinrici
2470 4758 2615 4808 inter
2644 4753 2993 4822 imperatores
3031 4746 3254 4822 secundi
3281 4745 3683 4822 diplcrna__qu0
3733 4746 3862 4822 durs

2270 4828 2553 4883 advocatos
2581 4818 2904 4877 cum'variis
2932 4819 3152 4889 juribus
3181 4835 3248 4874 ac
3277 4818 3586 4889 privilegiis
3613 4818 3860 4873 concedi:

2269 4897 2598 4954 monasterio
2631 4892 2918 4950 Veronensi
2940 4890 3129 4945 Sancti
3155 4890 3408 4944 Zenonis.

2827 4965 3014 5034 (Anno
3045 4962 3201 5034 1050.

2517 5029 2868 5108 [Munaronn
2899 5034 3083 5104 Antiq.
3115 5029 3242 5086 Ital.
3277 5030 3344 5096 V,
3375 5029 3527 5100 291.]

2273 5129 2334 5183 1n
2367 5126 2602 5182 nomine
2633 5129 2846 5180 sancta:
2889 5127 2945 5177 et
2984 5119 3295 5175 individua:
3326 5118 3658 5173 Trinitatis.
3685 5119 3860 5175 HEIN-

2201 5234 2388 5284 nicus,
2421 5214 2618 5270 divina
2666 5215 2887 5268 favente
2925 5209 3257 5277 clementia,
3292 5208 3698 5263 Romanorum
3753 5209 3862 5263 im-

2198 5311 2431 5379 perator
2460 5306 2781 5376 Augustus.

2272 5393 2634 5468 lmperialem
2695 5389 3117 5448 sublimitatem
3177 5388 3454 5444 condecet
3507 5390 3574 5440 ut
3629 5393 3866 5456 quanto

2198 5483 2423 5540 caeteris
2454 5481 2840 5554 dignitatibus
2886 5476 3168 5534 excelsior
3199 5475 3430 5542 colitur,
3463 5478 3627 5530 tanto
3671 5476 3868 5546 justis

2198 5571 2582 5644 petitionibus
2629 5574 2741 5625 Deo
2797 5567 3178 5623 servientium
3237 5563 3544 5638 benignior
3573 5579 3682 5618 nec
3747 5581 3868 5620 non

2197 5659 2538 5717 clementior
2567 5658 2914 5714 inveniatur.
2935 5657 3294 5728 Quapropter
3337 5659 3542 5710 notum
3587 5667 3724 5710 esse
3757 5671 3868 5712 vo-
