3968 6126
186 304 369 378 1109

1551 310 1944 409 assumus
1985 312 2071 379 ιιι
2112 313 2277 393 IMP.

3446 292 3617 367 ρωο

207 446 412 505 lumus
468 441 746 504 omnibus
801 448 1012 509 sancta
1071 444 1170 505 Dei
1228 443 1493 505 Ecclesiae
1551 447 1854 521 notrisque
1884 449 1940 517 Α
1969 450 2223 507 nationis
2248 449 2409 520 4050,
2442 446 2756 507 indictione
2806 464 2884 518 IV,
2918 461 3071 506 anno
3127 441 3328 502 domni
3360 437 3621 500 Heinrici

208 535 510 604 ﬁdelibus,
537 539 658 592 tam
693 535 908 593 futuris
938 553 1117 609 quam
1151 535 1560 610 praesentibus,
1607 535 1858 609 qualiter

209 626 394 683 abbas
425 624 672 680 Michael
703 626 1045 681 monasterii
1077 625 1274 682 Sancti
1293 624 1538 681 Zenonis
1561 627 1855 697 martyris,

208 718 473 772 nostram
501 713 873 771 clementiam
905 713 1247 788 suppliciter
1276 713 1564 769 exorando
1596 714 1762 784 adiit,
1785 715 1857 770 ob

208 819 472 860 amorem
503 802 602 859 Dei
626 803 1070 877 omnipotentis,
1103 804 1378 876 beatique
1425 803 1674 859 Zenonis
1704 820 1859 859 mar-

204 894 354 967 tyris
385 891 769 955 reverentiam
803 892 1058 949 multum
1092 910 1197 949 nos
1228 894 1565 965 deprecans,
1599 893 1755 966 quod
1788 893 1860 948 de

211 984 389 1040 rebus
419 981 676 1038 ecclesiae
726 982 924 1038 Sancti
983 981 1233 1038 Zenonis
1287 981 1649 1049 monasterii,
1710 999 1859 1054 quas

211 1075 414 1128 nostra
444 1070 496 1127 ei
528 1072 817 1128 concessit
844 1070 1051 1143 pietas,
1084 1072 1157 1128 ab
1181 1070 1549 1127 invasoribus
1582 1088 1696 1126 non
1732 1087 1859 1127 mo-

212 1159 411 1217 dicum
453 1160 672 1233 patitur
701 1160 1270 1233 dispendium.Unde
1300 1160 1645 1231 deprecatus
1677 1162 1767 1216 est
1797 1161 1862 1214 ut

212 1267 283 1307 ex
295 1249 513 1306 nostris
532 1249 807 1305 ﬁdelibus
825 1250 971 1305 duos
988 1248 1039 1305 ei
1062 1250 1514 1305 concederemus
1527 1248 1858 1318 advocatos,

211 1338 574 1396 Berifredum
606 1338 878 1395 videlicet
907 1342 964 1394 et
984 1337 1294 1410 David,qui
1311 1354 1552 1394 causam
1575 1341 1863 1394 monaste-

212 1427 285 1485 rii
318 1431 631 1501 procurent
660 1426 1054 1483 advocationis
1085 1427 1292 1500 gratia.
1329 1427 1445 1482 Nos
1502 1443 1657 1493 vero,
1680 1426 1862 1498 justis

213 1518 343 1587 ejus
364 1516 747 1590 petitionibus
767 1516 1215 1582 consentientes,
1249 1533 1353 1589 pro
1373 1515 1631 1572 remedio
1653 1516 1861 1571 animae

213 1609 427 1663 nostra:
481 1610 537 1662 et
593 1607 666 1662 ob
725 1606 1117 1663 interventum
1146 1604 1544 1661 dilectissimae
1594 1605 1864 1678 conjugis

212 1700 425 1752 nostra:
455 1694 847 1767 imperatricis
895 1693 1160 1767 Agnetis,
1186 1697 1243 1750 et
1272 1698 1510 1767 propter
1536 1693 1861 1750 incremen-

1966 540 2121 596 tertii
2150 540 2702 613 regis,imperatoris
2718 543 2912 596 autem
2938 537 3202 597 secundi.
3225 529 3617 591 ordinationis

1968 631 2097 701 ejus
2117 646 2267 697 xxxv,
2302 629 2463 702 regni
2497 630 2735 702 quidem
2758 645 2881 696 xm,
2908 626 3138 700 imperii
3167 642 3298 681 vero
3325 639 3399 680 iv.

2037 719 2246 774 Actum
2277 719 2513 774 Verona:
2547 718 2606 774 in
2640 717 2742 774 Dei
2769 718 3006 775 nomine
3027 715 3291 773 feliciter.

2732 836 2851 891 XX.

1968 924 2213 979 Heinrici
2239 924 2315 979 III
2342 923 2584 995 diploma
2606 941 2708 995 pro
2739 925 2931 980 Sancto
2977 923 3300 979 Maximino.
3326 950 3415 995 7—
3443 921 3613 995 Inter-

2039 1000 2203 1052 ventu
2232 992 2428 1051 Leonis
2454 992 2620 1067 papae
2646 998 2710 1051 IX
2736 997 2976 1051 restituit
3031 994 3362 1067 monasterio
3410 992 3618 1067 curtcm

2039 1067 2352 1195 frichinas,
2375 1062 2668 1139 pluresque
2709 1068 2871 1123 villas
2900 1068 3188 1137 conﬁrmat
3239 1063 3310 1119 ad
3342 1078 3471 1118 usus
3498 1062 3616 1133 fra-

2065 1156 2205 1195 rum.

2594 1228 2783 1299 (Anno
2814 1228 2998 1299 4051.)

1973 1336 2295 1407 [ΜΑιιτεκΕ,
2355 1335 2559 1407 Ampi,
2592 1335 2806 1391 Collect.
2872 1335 2915 1397 Ι,
2976 1335 3105 1407 4252
3158 1350 3247 1407 ex
3321 1329 3617 1387 chartario

2399 1404 2759 1462 Trevirensis
2792 1407 2848 1462 S.
2876 1404 3220 1476 Maximini.]

2045 1522 2108 1577 In
2134 1523 2369 1578 nomine
2390 1526 2601 1578 sanctae
2623 1525 2682 1579 et
2702 1520 3013 1577 individua:
3034 1518 3358 1575 Trinitatis.
3391 1518 3625 1574 Hamm-

1972 1610 2307 1678 cus,divina
2335 1611 2561 1667 favente
2592 1610 2922 1678 clementia,
2941 1610 3337 1665 Romanorum
3369 1607 3622 1678 impera-

1972 1705 2063 1756 tor
2084 1702 2406 1773 Augustus.

214 1789 344 1841 tum
361 1784 464 1855 ﬁl_ii
495 1783 680 1839 nostri
721 1782 971 1839 Heinrici
1003 1783 1195 1856 quarti
1221 1782 1394 1857 regis,
1431 1783 1707 1855 praedicto
1738 1800 1863 1839 mo-
1895 1820 1942 1885 B
2044 1788 2103 1845 Si
2125 1788 2268 1846 locis
2290 1790 2406 1845 Deo
2433 1790 2660 1857 dicatis,
2686 1789 2902 1862 quibus
2924 1787 3207 1846 beneﬁcia
3239 1802 3355 1841 non
3377 1784 3624 1841 conferi-

210 1871 471 1930 nasterio
502 1872 869 1929 concedendo
926 1872 1370 1940 conﬁrmamus,
1405 1888 1472 1928 ac
1526 1871 1862 1928 serenitatis

214 1966 426 2020 nostrae
450 1961 672 2017 litteras
705 1961 1049 2017 censuimus
1074 1961 1228 2017 fieri:
1256 1960 1473 2033 quibus
1493 1960 1865 2038 praecipimus

213 2056 280 2108 ut
311 2051 616 2107 memorati
648 2049 883 2107 vassalli
917 2049 1104 2106 nostri
1136 2051 1193 2104 in
1225 2049 1590 2122 quibuslibet
1617 2049 1864 2105 comita-

214 2142 377 2199 tibus
438 2156 539 2197 seu
600 2140 766 2214 pagis
825 2139 1087 2195 advocati
1120 2139 1281 2196 illius
1309 2139 1562 2195 existant
1590 2139 1661 2195 de
1692 2140 1866 2195 rebus

213 2230 565 2304 supradictae
591 2228 867 2297 ecclesias,
902 2229 1133 2295 castris,
1167 2228 1515 2298 arimannis,
1550 2245 1655 2284 seu
1682 2229 1865 2284 famu-

213 2320 308 2389 lis,
334 2323 390 2376 et
417 2318 477 2374 in
510 2320 962 2392 quibuscunque
992 2318 1311 2374 necessitas
1333 2316 1867 2390 postulaverit,nul-

215 2410 428 2482 Iusque
474 2408 559 2464 eis
589 2408 661 2463 ad
718 2408 829 2463 hoc
857 2407 1245 2473 exercendum
1286 2423 1434 2479 opus
1480 2406 1703 2479 aliquid
1735 2423 1866 2462 con-

217 2497 501 2555 tradicere
533 2501 867 2570 praesumat.
903 2497 1015 2553 Sed
1048 2497 1131 2552 sic
1185 2496 1323 2552 huic
1354 2495 1435 2551 rei
1467 2497 1759 2564 studeant,
1794 2512 1866 2551 ne

215 2604 321 2661 per
337 2586 596 2659 aliquam
614 2585 890 2657 injuriam
901 2586 1028 2658 jam
1052 2585 1217 2641 dictae
1248 2584 1502 2641 ecclesia:
1526 2585 1867 2641 minuentur

216 2675 542 2733 facultates.
557 2675 845 2732 Jubemus
867 2691 1099 2747 quoque
1122 2678 1188 2730 ut
1205 2673 1639 2730 ubinecessitas
1661 2678 1862 2746 postu-

212 2763 440 2833 laverit,
471 2768 528 2821 et
556 2762 780 2820 utilitas
831 2764 1153 2830 dictaverit,
1215 2767 1280 2818 ut
1306 2763 1363 2818 in
1399 2762 1631 2819 illorum
1672 2762 1861 2829 bonis,

214 2872 281 2910 ac
310 2853 806 2928 possessionibus,
840 2852 1189 2919 arimannis,
1244 2852 1332 2907 vel
1384 2851 1641 2917 famulis,
1676 2868 1864 2923 neque

214 2946 356 3010 dux,
389 2959 576 3016 neque
602 2941 882 3010 marchio,
916 2958 1104 3014 neque
1127 2957 1343 3008 comes,
1378 2944 1480 2995 aut
1508 2940 1706 3012 aliqua
1736 2957 1864 2995 ma-

205 3034 306 3106 jor
322 3032 410 3088 vel
432 3032 621 3088 minor
641 3048 890 3105 persona
911 3030 1074 3087 nullo
1097 3030 1270 3086 modo
1293 3033 1637 3102 potestatem
1654 3029 1865 3085 habeat

211 3121 671 3196 placitandi,aut
698 3119 935 3192 aliquod
966 3118 1298 3175 districtum
1330 3118 1605 3182 habendi,
1638 3117 1725 3173 vel
1756 3134 1860 3172 no-

1976 1895 2131 1945 mus,
2165 1877 2378 1935 saltem
2426 1879 2591 1951 prius
2622 1879 2693 1934 ab
2726 1877 2856 1934 aliis
2883 1877 3117 1947 tradita,
3149 1880 3207 1932 et
3234 1875 3453 1947 injuste
3481 1874 3626 1945 sub-

1974 1967 2273 2033 tracta,ve1
2304 1966 2538 2023 abblata
2564 1966 3014 2035 restituerimus,
3042 1965 3323 2021 divinitus
3356 1980 3463 2020 nos
3492 1979 3629 2035 pro-

1975 2056 2067 2111 cul
2099 2057 2278 2112 dubio
2311 2056 2671 2112 remunerari
2704 2056 3079 2113 conﬁdimus.
3107 2056 3471 2128 Quapropter
3491 2052 3629 2108 ﬁde-

1975 2143 2121 2200 lium
2153 2149 2488 2201 nostrorum
2520 2149 2642 2200 tam
2675 2144 3053 2217 praesentium
3111 2142 3333 2199 scilicet
3359 2158 3538 2213 quam
3569 2143 3627 2196 et

1974 2234 2310 2290 futurorum
2335 2234 2625 2289 industria
2646 2231 3146 2304 noverit,qua1iter
3158 2248 3265 2287 nos
3277 2230 3349 2286 ob
3364 2246 3623 2286 amorem

1974 2321 2075 2378 Dei
2098 2326 2155 2378 et
2178 2322 2571 2377 interventum
2608 2320 2932 2394 spiritualis
2980 2319 3164 2393 patris
3206 2317 3391 2376 nostri
3423 2316 3625 2375 domui

1973 2410 2243 2466 videlicet
2300 2410 2506 2466 Leonis
2559 2411 2636 2482 (9)
2692 2411 2751 2465 S.
2785 2410 2853 2465 Β.
2886 2410 2950 2464 Ε.
2983 2407 3203 2465 summi
3244 2406 3537 2479 pontificis
3565 2410 3625 2463 et

1974 2498 2322 2556 universalis
2344 2516 2506 2572 papa:
2530 2499 2833 2554 reddimus
2875 2497 3182 2554 ccenobitis
3204 2497 3262 2553 S.
3297 2495 3621 2563 Maximini,

1975 2588 2077 2662 qui
2107 2589 2163 2644 in
2199 2588 2483 2645 suburbio
2514 2586 2881 2644 Trevirorum
2930 2585 3302 2660 corporaliter
3351 2584 3619 2657 quiescit,

1971 2680 2198 2733 curtem
2224 2677 2549 2748 quamdam
2579 2675 2861 2733 vocabulo
2895 2675 3186 2743 Prichina,
3219 2674 3279 2730 in
3311 2690 3460 2747 pago
3498 2672 3625 2728 Cin-

1975 2766 2140 2821 ridke
2159 2766 2494 2835 sitam,cum
2513 2766 2790 2822 omnibus
2822 2763 3176 2837 appenditiis
3207 2768 3265 2819 et
3293 2779 3429 2819 cum
3462 2760 3623 2818 omni

1973 2855 2245 2923 utilitate,
2278 2873 2406 2927 qua:
2428 2854 2525 2923 .vel
2548 2855 2725 2911 scribi
2746 2855 2835 2912 vel
2855 2854 3145 2911 nominari
3176 2853 3408 2926 poterit,
3441 2867 3621 2925 quam

1975 2961 2081 3001 nos
2111 2944 2345 2999 cuidam
2378 2943 2753 2999 Anshelmoni
2788 2943 3213 3000 Theodericum
3242 2941 3625 2998 abbatemin-

1965 3034 2128 3104 juste
2160 3049 2263 3103 pro
2295 3032 2578 3087 beneﬁcio
2595 3030 3189 3103 praestarejussimus,
3217 3029 3394 3085 modo
3423 3032 3620 3084 autem

1957 3119 2198 3193 justitia
2228 3120 2483 3175 dictante
2514 3120 2718 3175 eadem
2752 3123 2977 3177 curtem
3036 3135 3171 3174 cum
3221 3116 3499 3173 omnibus
3528 3115 3618 3172 in-

211 3184 373 3267 titias
406 3214 510 3266 aut
537 3184 770 3265 chartas
794 3184 1070 3277 taciendi,
1122 3211 1363 3280 excepto
1420 3205 1859 3279 praenominatis
1890 3184 1933 3251 CI
1965 3184 2426 3282 quibuscunque
2454 3208 2595 3264 locis
2627 3209 2698 3263 ad
2731 3224 2859 3264 eam
2878 3208 3040 3278 juste
3067 3210 3124 3262 et
3153 3204 3413 3278 legaliter
3441 3206 3619 3277 perti-

213 3298 512 3358 advocatis
541 3297 838 3354 Michaelis
868 3296 1115 3365 abbatis,
1150 3312 1512 3367 suorumque
1560 3311 1859 3350 successo-

215 3386 760 3445 rum.Concedimus
789 3389 1133 3458 potestatem
1168 3384 1504 3458 placitandi,
1537 3388 1594 3437 et
1624 3382 1861 3438 notitias

212 3478 304 3533 vel
334 3477 567 3532 chartas
597 3474 845 3531 faciendi
878 3474 937 3528 in
969 3473 1245 3529 omnibus
1302 3474 1501 3537 rebus,
1536 3488 1603 3528 ac
1634 3488 1862 3544 posses-

210 3566 480 3623 sionibus
502 3563 697 3621 Sancti
718 3562 965 3619 Zenonis
991 3562 1352 3629 monasterii,
1371 3579 1437 3618 eo
1459 3566 1687 3616 tantum
1709 3561 1862 3616 vide-

208 3655 347 3712 licet
371 3654 597 3724 ordine,
630 3657 695 3709 ut
714 3654 842 3724 jam
875 3651 1197 3725 supradicti
1254 3651 1515 3707 advocati
1571 3651 1644 3706 de
1700 3650 1861 3706 omni

208 3742 468 3819 generali
490 3741 724 3816 placito,
761 3741 943 3797 semel
979 3741 1037 3795 in
1081 3758 1234 3796 anno
1260 3741 1429 3807 facto,
1462 3739 1695 3794 tertiam
1727 3756 1860 3811 por-

207 3835 427 3891 tionem
460 3832 521 3888 in
552 3831 834 3888 beneﬁcia
859 3848 976 3887 suae
1022 3828 1241 3885 militiae
1272 3831 1727 3900 consequantur,
1762 3844 1861 3884 ex-

207 3927 374 3997 cepto
422 3922 495 3977 de
522 3925 768 3983 Parona,
792 3926 848 3975 et
876 3923 1152 3987 Cassano,
1188 3925 1243 3976 et
1272 3918 1445 3974 Villa.
1480 3916 1539 3974 Si
1573 3917 1726 3973 ultra
1751 3916 1860 3973 hoc

205 4011 556 4068 beneﬁcium
580 4009 778 4082 aliqua
800 4009 1244 4081 importunitate
1265 4006 1697 4065 monasterium
1719 4023 1861 4079 quo-

203 4101 294 4157 vis
315 4099 549 4172 ingenio
572 4098 902 4163 molestare,
932 4102 1037 4153 aut
1077 4098 1401 4169 inquietare
1417 4096 1857 4169 temptaverint,

206 4194 408 4246 tamen
440 4187 621 4242 abbas
654 4189 866 4240 nostras
897 4185 1261 4240 auctoritatis
1287 4186 1491 4241 robore
1527 4186 1738 4253 fretus,
1770 4186 1858 4240 in-

206 4273 1127 4343 dubitanterhabeatpotestatem
1151 4270 1268 4326 illis
1288 4273 1515 4328 auferre
1529 4274 1856 4329 dominium

208 4361 428 4437 pariter
456 4376 592 4415 cum
650 4359 951 4423 beneﬁcio,
1012 4363 1070 4414 et
1125 4358 1255 4413 aliis
1290 4359 1562 4415 fidelibus
1622 4362 1863 4432 provida

206 4448 645 4524 dispensatione
674 4449 989 4505 concedere
1017 4466 1031 4517 ;
1055 4452 1111 4507 et
1141 4448 1383 4520 insuper
1412 4450 1482 4505 de
1514 4449 1861 4520 importuni-

1968 3296 2245 3354 nentibus
2273 3297 2360 3352 vel
2380 3296 2803 3368 aspicientibus
2832 3296 3094 3364 rebus,S.
3113 3295 3323 3351 Joanni
3355 3294 3467 3366 (10)
3489 3312 3621 3351 san-

1971 3391 2179 3459 ctoque
2200 3385 2449 3441 Maximo
2477 3390 2533 3442 et
2554 3385 2834 3441 fratribus
2854 3385 2939 3441 eis
2966 3368 3618 3453 famulantihus,reddi-

1970 3475 2580 3545 dimus,ﬁrmavimus,
2596 3478 2653 3531 et
2672 3474 2732 3530 in
2746 3479 3026 3531 aeternum
3048 3474 3164 3530 Deo
3190 3477 3424 3529 auctore
3437 3473 3617 3543 stabi~

1970 3564 2227 3632 livimus,
2261 3580 2328 3620 ea
2355 3563 2624 3619 videlicet
2644 3564 2886 3630 ratione,
2920 3568 2983 3618 ut
3006 3579 3110 3619 nec
3134 3562 3409 3635 praefatus
3430 3562 3618 3619 Theo-

1970 3653 2201 3709 dericus
2231 3653 2545 3724 abhas,nec
2568 3650 2781 3725 aliquis
2808 3668 3214 3709 successorum
3246 3669 3489 3709 suorum
3511 3652 3617 3707 ali-

1971 3743 2062 3798 cui
2087 3758 2348 3814 unquam
2399 3745 2674 3814 przestare
2706 3740 2793 3797 vel
2822 3741 3071 3797 vendere
3100 3745 3481 3813 priesumant,
3514 3742 3616 3797 sed

1973 3831 2185 3886 fratres
2208 3830 2405 3898 iidem,
2432 3830 2566 3886 inde
2586 3829 2894 3897 consolati,
2926 3829 3191 3901 saginam
3223 3828 3498 3895 habeant,
3533 3829 3614 3885 fe-

1972 3918 2215 3974 moralia
2237 3916 2925 3988 etiam(1l)mantelas,ac
2953 3916 3439 3989 mensalia(12)ad
3472 3934 3617 3974 usus

1970 4006 2330 4063 necessarios
2357 4005 2493 4061 inde
2526 4006 2870 4079 percipiant,
2902 4005 3165 4077 hospites
3192 4004 3539 4079 suscipiant,
3560 4010 3618 4063 et

1967 4095 2407 4170 peregrinorum
2440 4111 2505 4149 ae
2536 4110 2861 4166 pauperum
2910 4091 3120 4149 usibus
3176 4092 3429 4149 ﬁdeliter
3481 4092 3616 4150 inde

1968 4184 2317 4243 deserviant.
2369 4182 2695 4238 Statuimus
2740 4181 2940 4254 etiam,
2971 4186 3030 4239 et
3058 4182 3168 4239 hac
3200 4186 3401 4240 nostra
3430 4183 3614 4256 impe-

1969 4275 2096 4332 riali
2121 4272 2464 4329 auctoritate
2494 4271 2566 4327 ad
2598 4271 2970 4343 praebendam
2996 4272 3333 4327 eorumdem
3368 4272 3615 4328 fratrum

1970 4364 2344 4421 corroborare
2357 4361 2720 4417 decrevimus
2736 4360 3209 4429 ecclesias,villas
3220 4364 3278 4417 et
3293 4362 3616 4435 possessio-

1971 4470 2248 4523 nes,quas
2272 4451 2383 4506 sub
2407 4455 2520 4506 tem
2532 4450 2771 4522 poribus
2793 4467 2996 4525 regum
3010 4450 3496 4524 etimperatorum
3511 4452 3619 4509 Da-

206 4545 328 4597 tate
359 4538 602 4594 minime
650 4538 961 4605 refrenata,
1023 4537 1454 4610 quinquaginta
1514 4536 1696 4591 libras
1731 4538 1856 4592 auri
1889 4551 1935 4614 D
1967 4540 2210 4613 goberti,
2238 4537 2711 4609 Pippini,Caroli,
2733 4532 3099 4612 aliorumque
3119 4541 3615 4611 praadecessorum

208 4631 402 4687 sciant
430 4645 491 4683 se
512 4627 962 4700 composituros,
1000 4628 1395 4691 medietatem,
1428 4630 1537 4681 etc.

281 4719 512 4791 Signum
539 4718 728 4773 damni
785 4719 1032 4773 Heinrici
1087 4718 1239 4772 tertii
1292 4717 1438 4787 regis
1488 4714 1858 4781 invictissimi,

204 4807 432 4863 secundi
458 4811 826 4864 Romanorum
856 4808 1207 4879 imperatoris
1219 4806 1465 4876 Augusti.

280 4896 599 4952 Gunterius
630 4894 1036 4961 cancellarius,
1058 4894 1182 4949 vice
1206 4892 1545 4949 Herimanni
1566 4890 1862 4948 archican-

208 4983 431 5040 cellarii
461 4983 810 5056 recognovit.

282 5071 428 5127 Data
458 5087 523 5128 ιιι
555 5071 698 5128 Idus
726 5069 1092 5136 Novembris,
1124 5085 1279 5125 anno
1324 5066 1636 5124 Dominiea:
1669 5066 1886 5123 [near-3

282 5177 359 5249 (9)
388 5178 577 5250 Hujus
609 5176 1055 5250 nominisgnoni,
1088 5175 1188 5246 qui
1216 5192 1287 5250 ex
1317 5174 1861 5247 episcopoTullensi

210 5246 399 5304 foetus
432 5246 703 5305 summus
729 5246 1433 5318 pontifex,postadcptam
1458 5246 1706 5317 papatus
1737 5264 1863 5318 pos-

210 5266 399 5304 mctus
432 5266 703 5305 summus
770 5266 1433 5318 0ntuex,pOSLaantam
1458 5266 1706 5317 papatus
1737 5266 1859 5318 pos-

210 5320 558 5389 sessionem,
592 5266 783 5374 nataFe
830 5318 1035 5390 solum
1068 5317 1235 5382 adiit,
1265 5316 1576 5371 Henricum
1598 5317 1859 5390 impera-

207 5396 399 5446 torem
439 5389 709 5446 convenit
731 5390 792 5444 in
815 5388 1067 5444 Saxonia
1088 5392 1566 5453 commorantem,
1594 5388 1728 5443 inde
1758 5393 1860 5444 Co-

210 5461 436 5518 loniam
448 5461 710 5527 veniens,
744 5461 803 5515 in
817 5459 1035 5515 Gallias
1060 5459 1258 5515 Remis
1276 5458 1588 5515 concilium
1606 5458 1861 5515 celebra-

209 5532 315 5602 vit,
348 5548 415 5589 ac
444 5531 654 5589 deinde
674 5532 733 5587 in
756 5530 1129 5588 Germaniam
1155 5546 1419 5587 reversus
1434 5530 1699 5587 Treviros
1722 5531 1865 5586 invi-

215 5620 345 5663 sere
372 5602 581 5678 potuit.

1971 4631 2305 4683 nostrorum
2328 4626 2399 4679 ad
2425 4631 2625 4681 nostra
2647 4644 2835 4698 usque
2856 4631 3142 4700 tempora,
3158 4628 3228 4683 ad
3249 4629 3616 4701 peculiarite-

1970 4719 2086 4769 tem
2115 4711 2349 4767 illorum
2373 4712 2663 4782 pertinere
2696 4714 3065 4779 videbantur,
3098 4718 3162 4769 ut
3182 4731 3251 4769 ex
3279 4713 3372 4771 his
3398 4715 3617 4771 victum

1972 4805 2146 4872 atque
2180 4798 2445 4855 habitum
2477 4806 2931 4873 consequantur,
2990 4801 3100 4855 hoc
3140 4805 3230 4856 est
3266 4802 3476 4873 Apula,
3505 4807 3615 4858 etc.

1972 4890 2277 4961 (enumerat
2294 4906 2423 4943 xm:
2444 4890 2647 4961 villas),
2680 4894 2737 4945 et
2769 4889 2828 4945 in
2859 4890 3089 4946 civitate
3118 4890 3385 4957 Metensi,
3418 4895 3476 4946 et
3505 4892 3616 4946 cir-

1972 4977 2268 5034 cumcirca
2288 4976 2494 5032 domos
2515 4981 2573 5033 et
2595 4976 3287 5049 agros,vineas,areolas,
3312 4978 3615 5053 Brisanga,

1970 5064 2527 5134 Weinareskiricha,
2562 5066 2779 5135 Crul‘ta,
2812 5070 3091 5135 Seranna,
3153 5071 3210 5123 et
3264 5067 3511 5124 ecclesia
3556 5070 3615 5125 in

2044 5154 2154 5244 (toi
2188 5172 2412 5247 Quippe
2434 5172 2676 5247 basilica
2693 5172 3031 5229 monasterii
3048 5173 3397 5247 primarium
3420 5180 3615 5247 patro-

1973 5263 2115 5300 num
2149 5244 2412 5317 agnoscit
2440 5245 2499 5317 S.
2530 5245 2823 5317 Joannem,
2843 5244 3279 5317 evangelistam.

2045 5316 2155 5391 (It)
2188 5316 2443 5391 Mantela
2471 5315 2564 5371 hic
2584 5316 2757 5391 idem
2774 5315 3155 5372 videtur’esse
3186 5333 3253 5373 ac
3276 5318 3615 5391 mantellus,

1969 5388 2302 5460 vestimenti
2335 5404 2544 5460 genus,
2573 5386 2791 5443 Gallice
2820 5392 3097 5460 manicae.

2044 5459 2157 5531 (l2)
2178 5458 2461 5515 Mensalia
2490 5465 2657 5514 erant
2676 5458 3372 5531 supertunicalia,quibus
3394 5466 3618 5519 veteres

1973 5530 2046 5585 ad
2064 5546 2329 5658 maneam
2354 5531 2670 5587 utebantur
2684 5531 2754 5587 ad
2770 5531 3128 5603 parcendum
3142 5530 3330 5605 magis
3344 5535 3616 5605 pretiosis

1973 5618 2070 5658 ves
2102 5619 2118 5657 ι
2166 5618 2255 5658 us.

1971 5606 2255 5658 vestibus.
