3968 6126
364 305 517 382 ll”

1720 315 2036 388 MONUM.
2084 311 2405 386 DIPLOM.‘

3604 315 3770 381 1112

361 445 666 534 Steinsiela
695 457 752 511 et
781 453 1231 512 Diedenhulum.
1268 457 1395 512 Haec
1421 454 1600 528 igitur
1629 456 1756 513 loca
1785 461 1844 514 et
1875 473 2006 514 om-
2032 457 2089 525 Α
2119 457 2355 524 areis,in
2387 453 2880 523 mansionibus,in
2911 454 3113 521 vineis,
3149 453 3208 510 in
3241 450 3536 526 arpennis,
3569 452 3627 508 in
3659 451 3772 510 sil-

363 549 468 598 ne‘s
485 543 670 598 sancti
694 543 994 599 Maximini
1019 543 1296 599 ecclesias
1327 560 1462 598 cum
1493 544 1758 611 decimis,
1791 546 1924 600 dote
1952 549 2008 600 et

361 631 678 700 dotalibus,
700 648 834 687 cum
857 632 1085 688 cunctis
1108 632 1305 688 salicis
1327 633 1837 704 decimationibus,
1863 651 2009 706 quas

364 722 426 778 in
459 739 604 778 usus
638 720 1104 794 peregrinorum,
1136 738 1200 777 ac
1243 739 1590 794 pauperum,
1624 727 1679 778 et
1710 722 2008 793 hospitum

365 810 884 878 constituimus,ad
917 809 1378 882 peculiaritatem
1403 811 1647 866 fratrum
1681 816 1796 866 Deo
1815 811 1891 866 ibi
1925 811 2007 866 fa~

365 899 724 956 mulantium
740 915 900 955 more
934 900 1428 970 praedecessorum
1449 905 1785 955 nostrorum
1807 917 2011 973 regum

367 993 428 1045 et
445 988 867 1061 imperatorum
891 987 994 1043 tali
1047 989 1222 1044 modo
1245 993 1298 1044 et
1320 1005 1386 1044 ea
1418 989 1643 1044 ratione
1672 990 2013 1061 delegamus

369 1081 430 1134 et
458 1078 925 1147 corroboramus,
958 1081 1022 1132 ut
1079 1078 1232 1132 sicut
1282 1077 1588 1133 Heinricus
1616 1078 1887 1134 decessor
1915 1095 2014 1134 no-

367 1166 701 1224 sterdivinaa
715 1167 1006 1223 memoriae
1021 1168 1319 1240 Augustus
1336 1167 1926 1240 instituit,postquam
1945 1169 2016 1224 de

369 1259 574 1316 eadem
605 1257 841 1313 abbatia
871 1273 939 1312 ea
996 1273 1123 1328 quze
1182 1252 1266 1312 ad
1315 1257 1761 1328 expeditionem,
1792 1259 1910 1312 sive
1942 1258 2012 1312 ad

372 1346 565 1421 regale
588 1345 887 1402 servitium
912 1345 1298 1417 pertinebant,
1332 1344 1806 1412 abstulit,nullus
1840 1347 2017 1416 impe-

372 1442 549 1504 rator,
582 1434 782 1491 nullus
816 1451 935 1499 rex,
989 1434 1188 1490 nullus
1229 1435 1410 1489 abbas
1441 1435 1511 1488 de
1542 1435 1761 1490 eisdem
1789 1433 1930 1489 locis
1962 1439 2018 1489 et

371 1523 634 1581 ecclesiis
655 1522 829 1580 alicui
851 1524 922 1580 de
945 1525 1037 1578 bis
1070 1522 1168 1594 qui
1200 1521 1367 1577 liberi
1409 1523 1685 1576 dicuntur
1723 1523 2014 1590 homines,

371 1614 494 1670 sive
518 1613 760 1669 alterius
781 1611 1034 1668 ecclesia:
1077 1612 1167 1666 vel
1199 1612 1420 1666 domini
1473 1611 1690 1666 famulo
1724 1610 1809 1664 vel
1844 1611 2015 1664 mini-

373 1707 496 1760 stro
527 1701 848 1773 quidquam
883 1699 1228 1755 beneficiare
1257 1699 1345 1754 vel
1376 1701 1449 1753 ab
1479 1715 1680 1753 eorum
1705 1700 1840 1768 jure
1897 1699 2016 1754 dis-

2116 546 2206 601 vis
2235 551 2291 600 et
2321 547 2376 600 in
2391 546 2573 618 agris,
2608 546 2664 600 in
2699 546 2904 617 pratis,
2937 546 2998 600 in
3029 543 3199 616 aquis
3232 559 3636 616 aquarumque
3659 542 3770 598 de-

2118 634 2410 701 cursibus,
2442 640 2497 690 et
2528 636 2584 689 in
2635 633 2888 706 pascuis,
2921 633 3030 690 viis
3061 639 3115 688 et
3149 632 3352 699 inviis,
3385 631 3558 687 terris
3590 630 3772 687 cultis

2116 729 2172 780 et
2199 723 2456 791 incultis,
2489 723 2740 778 exitibus
2763 729 2819 778 et
2840 722 3147 788 reditibus,
3179 720 3441 793 quaesitis
3472 725 3531 776 et
3561 719 3763 792 inqui-

2119 813 2335 879 rendis,
2369 816 2426 867 et
2455 829 2589 867 cum
2647 813 2924 867 omnibus
2953 809 3316 884 appendiciis
3361 797 3509 878 suis,
3544 810 3770 880 absque

2119 901 2240 958 ulla
2258 902 2349 957 sui
2373 901 2782 967 diminutione,
2818 917 2919 972 pro
2966 899 3222 954 remedio
3253 899 3460 954 animas
3494 915 3610 955 suae
3645 898 3766 952 fra-

2118 991 2342 1062 trisque
2373 990 2463 1046 sui
2483 990 2659 1045 beatae
2693 988 2986 1045 memorias
3013 988 3237 1043 Ottonis
3267 987 3452 1053 ducis,
3486 986 3762 1044 aliorum-

2121 1098 2234 1152 que
2265 1082 2571 1152 parentum
2606 1095 2844 1134 suorum
2869 1077 2928 1132 in
2957 1076 3310 1132 monasterio
3344 1075 3767 1132 Brunwilrensi

2123 1169 2487 1241 sepultorum
2512 1168 2688 1223 libere
2711 1173 2766 1223 et
2789 1167 3012 1239 integre
3038 1171 3149 1221 Deo
3175 1172 3490 1238 sanctoque
3536 1165 3767 1220 Nicolao

2123 1260 2195 1315 ad
2221 1257 2562 1330 praedictum
2583 1256 3002 1312 monasterium
3023 1272 3124 1326 per
3148 1271 3387 1310 manum
3404 1254 3651 1310 Heinrici
3667 1259 3769 1308 Pa-

2123 1347 2289 1402 latini
2311 1345 2541 1402 comitis
2564 1345 2668 1400 filii
2695 1345 2885 1417 patrui
2919 1345 3030 1409 sui,
3063 1345 3174 1399 sub
3213 1345 3384 1415 cujus
3412 1347 3552 1398 tunc
3593 1360 3759 1398 mun-

2123 1435 2396 1491 diburdio
2420 1435 2711 1501 manebat,
2745 1432 3117 1503 contradidit,
3153 1433 3471 1488 terminum
3506 1433 3684 1487 etiam
3715 1437 3770 1486 et

2124 1525 2384 1579 bannum
2408 1524 2672 1594 ejusdem
2695 1522 2916 1595 prazdii,
2949 1522 3100 1577 sicut
3122 1522 3250 1592 ipsa
3297 1520 3460 1591 prius
3502 1520 3709 1576 habuit
3736 1538 3768 1574 a

2126 1609 2299 1666 fluvio
2318 1612 2574 1666 Andrida
2593 1629 2778 1682 usque
2801 1611 2870 1666 ad
2895 1610 3136 1664 fluvium
3161 1607 3294 1664 Elza
3315 1609 3396 1665 ita
3436 1609 3760 1676 constituit,

2127 1705 2191 1756 ut
2223 1700 2420 1755 nullus
2443 1699 2792 1772 ibialiquam
2817 1701 3161 1771 potestatem
3196 1697 3555 1765 habeat,nisi
3590 1697 3772 1753 abbas

372 1789 604 1848 trahere
634 1794 970 1862 praesumat,
999 1789 1099 1844 sed
1135 1787 1308 1843 liceat
1336 1787 1472 1842 inde
1503 1787 1814 1843 abbatibus
1845 1788 2018 1844 lumi-
2049 1819 2098 1886 Β
2125 1789 2387 1860 ejusdem
2412 1787 2519 1843 loci
2543 1787 2848 1843 etvillicus
2864 1789 2992 1858 ejus
3011 1803 3183 1858 quem
3217 1786 3552 1841 constituat.
3588 1787 3770 1850 Quas-

375 1880 542 1937 naria
569 1877 822 1936 ecclesia:
854 1882 1202 1944 restaurare,
1244 1875 1486 1930 aedificia
1539 1892 1900 1948 recuperare,
1962 1882 2020 1933 et

376 1968 709 2026 necessaria
748 1965 1026 2022 fratribus
1054 1965 1301 2021 fideliter
1331 1964 1684 2020 ministrare.
1719 1966 1789 2020 Et
1820 1971 1884 2020 ut
1912 1966 2020 2021 hoc

376 2056 878 2134 praeceptuminde
901 2054 1297 2126 conscriptum
1322 2055 1556 2108 firmum
1572 2069 1803 2126 semper
1823 2060 1880 2110 et
1909 2059 2022 2112 sta-

374 2149 491 2206 bile
509 2150 869 2223 permaneat,
902 2161 1016 2200 non
1040 2144 1229 2200 solum
1263 2143 1371 2198 hoc
1392 2159 1568 2198 manu
1593 2147 1794 2198 nostra
1825 2145 2020 2200 firma-

373 2244 500 2297 tum
532 2231 709 2312 sigilli
739 2234 921 2292 nostri
964 2233 1349 2306 impressione
1389 2232 1657 2304 insigniri
1703 2233 2018 2303 jussimus,

373 2339 577 2386 verum
607 2327 783 2384 etiam
815 2328 882 2380 ut
901 2322 1232 2395 apostolicae
1254 2321 1612 2378 defensionis
1641 2320 1942 2387 auxilium,
1972 2323 2021 2377 si

377 2419 512 2494 quis
531 2416 618 2473 eis
638 2415 757 2471 hzec
780 2414 1096 2486 infringere
1118 2410 1604 2475 voluerit,habere
1625 2409 1856 2464 valeant
1888 2428 2024 2482 prae-

374 2507 512 2564 dicti
544 2503 730 2578 patris
748 2501 956 2569 nostri,
990 2501 1189 2557 domni
1218 2499 1487 2554 videlicet
1520 2498 1726 2553 Leonis
1775 2501 2022 2556 sanctis-

377 2595 512 2653 simi
542 2605 701 2666 papae
724 2589 1093 2663 privilegium
1117 2588 1252 2642 inde
1278 2587 1675 2658 conscriptum
1707 2587 1895 2642 eidem
1927 2606 2022 2645 ve-

379 2675 622 2740 nerabili
656 2680 783 2736 loco
811 2679 1070 2734 obtinere
1099 2676 1444 2732 meruimus.

455 2773 689 2840 Signum
717 2768 914 2824 domm’
967 2767 1212 2820 Heinrici
1265 2766 1360 2830 Ill,
1393 2767 1538 2831 regis
1582 2767 1947 2832 invictissimi,
1981 2769 2028 2822 11

385 2862 753 2916 Fortunarum
784 2854 1130 2926 imperatoris
1159 2853 1409 2921 Augusti.

457 2941 886 3003 Winnitherius
917 2940 1300 2998 cancellarius
1340 2941 1458 2995 vice
1509 2941 1789 2997 Bardonis
1841 2945 2026 2999 archi-

381 3032 598 3098 cellarii
628 3039 688 3092 et
716 3030 1136 3104 archiepiscopi
1167 3029 1490 3103 recognovi.

451 3132 593 3187 Data
617 3141 696 3182 xu
727 3123 851 3180 Kal.
888 3119 1204 3186 Februarii,
1246 3136 1397 3175 anno
1455 3120 1766 3175 Dominicae
1826 3121 2021 3178 Incar-

2129 1880 2262 1934 dam
2296 1876 2470 1932 etiam
2505 1875 2882 1948 arpennas,id
2913 1881 3004 1931 est
3031 1876 3230 1931 vineas
3263 1874 3619 1947 quibusdam
3654 1889 3773 1930 ser-

2126 1965 2416 2027 vientibus
2448 1965 2574 2020 suis
2615 1964 3064 2034 beneﬁciaverit,
3125 1962 3182 2018 id
3215 1968 3303 2019 est
3343 1963 3596 2034 Ruperto
3629 1978 3772 2034 prae-

2130 2055 2320 2128 posito
2351 2055 2519 2124 duas,
2553 2055 2894 2126 Weringcro
2945 2053 3013 2108 de
3052 2051 3302 2108 Salevelt
3343 2053 3512 2119 duas,
3545 2051 3776 2124 Sigebo-

2130 2145 2266 2199 doni
2297 2144 2367 2198 de
2393 2142 2711 2198 Odendorlf
2737 2141 2904 2209 duas,
2961 2141 3238 2214 Sigifrido
3292 2142 3581 2212 pincernae
3631 2146 3771 2205 tres,

2129 2232 2352 2304 Epponi
2383 2232 2455 2285 de
2484 2231 2822 2286 Aldendortf
2845 2231 3077 2294 duas,et
3105 2245 3367 2285 cameras
3391 2230 3560 2300 juxta
3591 2229 3772 2285 domi-

2133 2322 2323 2376 nicam
2347 2323 2592 2386 curtem,
2626 2318 2858 2374 Alberto
2908 2318 3069 2373 fratri
3109 2317 3408 2373 Winboldi
3439 2317 3611 2384 duas,
3644 2319 3774 2373 Em-

2133 2409 2353 2465 briconi
2386 2408 2457 2462 de
2487 2407 2825 2477 Geldestorp
2856 2407 3024 2473 duas,
3082 2405 3356 2461 Ansfrido
3416 2404 3625 2460 clerico
3666 2422 3770 2460 suo

2132 2516 2224 2552 xm
2257 2512 2494 2552 mansos
2524 2511 2657 2550 cum
2691 2493 3002 2566 mancipiis
3045 2494 3170 2549 suis
3202 2495 3273 2549 ad
3299 2495 3688 2561 Lutzenrode,
3720 2501 3775 2550 et

2134 2587 2333 2642 vinum
2361 2585 2515 2655 quod
2540 2585 2754 2639 dicitur
2773 2580 3058 2648 Srdzwin,
3091 2583 3149 2637 in
3181 2582 3442 2639 Clotteno
3471 2583 3776 2639 Ernestoni

2137 2674 2297 2730 fratri
2330 2691 2435 2729 suo
2466 2674 2613 2729 duos
2653 2689 2890 2728 mansos
2941 2688 3074 2727 cum
3125 2671 3454 2744 mancipiis,
3491 2672 3549 2726 in
3580 2671 3776 2728 Dreize

2136 2763 2459 2819 Wolferum
2473 2762 2648 2818 etiam
2679 2761 2916 2817 tradidit
2939 2760 3077 2816 illuc
3101 2777 3234 2817 cum
3253 2777 3360 2816 sua
3381 2761 3774 2833 possessione,

2137 2870 2204 2909 ea
2233 2851 2499 2908 videlicet
2528 2851 2952 2921 conditione,ut
2982 2851 3244 2922 quandiu
3276 2851 3488 2920 vivant,
3521 2849 3776 2905 ecclesiae

2138 2942 2291 2996 bona
2312 2939 2430 2996 sive
2452 2940 2732 2996 beneficia
2758 2939 3010 2994 habeant
3035 2958 3047 3006 ;
3068 2943 3200 3010 post
3231 2943 3480 2994 mortem
3502 2951 3635 2996 vero
3656 2938 3775 2995 illo-

2137 3047 2268 3085 rum
2300 3029 2498 3085 nullus
2515 3028 2810 3084 heredum
2833 3044 3073 3085 suorum
3104 3028 3426 3100 quidquam
3456 3028 3529 3083 de
3552 3028 3646 3083 his
3667 3027 3776 3084 sibi

2137 3120 2305 3191 quasi
2330 3119 2462 3188 jure
2484 3116 2847 3173 haereditario
2868 3116 3118 3172 vindicet
3135 3121 3236 3172 aut
3256 3117 3680 3188 possideat,sed
3696 3117 3775 3171 in-

371 3183 630 3277 nationis
662 3213 820 3281 1051,
855 3228 1007 3267 anno
1037 3183 1233 3267 autem
1290 3209 1487 3264 domni
1547 3208 1799 3265 Heinrici
1859 3211 2013 3266 tertii
2048 3183 2092 3251 Ο
2121 3183 2224 3280 jus
2246 3213 2302 3263 et
2330 3183 2660 3264 dominium
2689 3207 2748 3261 S.
2774 3205 2992 3261 Nicolai
3021 3211 3078 3262 et
3101 3183 3634 3277 abbatisipsius,ac
3664 3207 3770 3261 fra-

285 3324 292 3332 '
363 3309 540 3383 regis,
574 3305 814 3364 secundi
865 3301 1254 3373 imperatoris,
1292 3299 1454 3370 regni
1505 3316 1620 3365 xix,
1655 3300 1882 3371 imperii
1914 3318 2012 3356 ve-

363 3415 510 3455 POV.

426 3489 633 3542 Actum
657 3480 909 3538 Treviris
937 3479 994 3533 in
1019 3478 1116 3533 Dei
1140 3477 1376 3532 nomine
1406 3476 1669 3531 feliciter.
1694 3478 1898 3532 Amen.

1112 3593 1248 3646 XXI.

352 3682 716 3756 Privilegium
745 3684 933 3756 damni
964 3682 1209 3756 Heinriqz'
1237 3682 1386 3756 tertii
1417 3682 1557 3756 regis
1614 3697 1710 3733 seu
1764 3682 2004 3756 impera-

427 3751 753 3830 toris'super
782 3755 1042 3830 Clotteno.
1062 3784 1130 3792 —
1155 3751 1456 3830 Conﬁrmat
1473 3754 1800 3830 monasteria
1823 3757 2002 3830 Bran-

425 3821 728 3888 willareﬁsi
763 3827 1114 3884 donationem
1138 3827 1343 3894 factum
1362 3840 1395 3877 α
1422 3821 1654 3878 llichcm
1680 3825 1874 3891 regina
1900 3829 2005 3880 Po-

429 3905 613 3961 lonia.

981 3987 1168 4059 (Anno
1200 3983 1382 4054 1051.)

355 4097 669 4173 [MARTBNE,
701 4097 953 4168 Ampliss.
988 4094 1207 4220 Collegi.
1231 4092 1284 4206 VII,
1314 4093 1436 4156 427,
1461 4108 1526 4145 ex
1564 4108 1674 4148 ms.
1708 4089 1998 4146 Brunwil-

424 4286 486 4342 In
518 4283 756 4340 nomine
776 4284 986 4338 sancta:
1009 4283 1064 4335 et
1081 4276 1392 4332 individua:
1425 4275 1940 4331 Trinitatis.Hsma
1963 4305 1986 4316 -

346 4389 474 4441 cus,
506 4371 703 4426 divina
749 4371 974 4425 favente
1019 4366 1346 4430 clementia,
1382 4365 1780 4419 Romanorum
1809 4363 1992 4434 impe-

345 4466 502 4518 rator
531 4461 851 4531 Augustus.

2121 3303 2280 3352 trum
2305 3295 2417 3351 sibi
2440 3295 2818 3350 servientium
2869 3296 3126 3362 redeant,
3161 3300 3225 3348 ut
3264 3295 3418 3365 quod
3451 3294 3633 3351 abbas
3655 3296 3764 3350 uti~

2120 3386 2236 3441 lius
2259 3385 2366 3440 sibi
2395 3401 2460 3439 ac
2479 3384 2755 3439 fratribus
2809 3384 2943 3439 inde
2983 3382 3355 3455 judicaverit,
3391 3383 3564 3438 faciat
3594 3388 3766 3455 atque

2119 3474 2410 3545 disponat.
2443 3472 2718 3528 Homines
2749 3473 2926 3528 etiam
2957 3489 3104 3543 quos
3135 3472 3294 3527 dedit
3324 3472 3379 3527 S.
3415 3471 3653 3528 Nicolao
3683 3472 3763 3526 ita

2117 3561 2378 3632 tradidit,
2414 3565 2476 3616 ut
2509 3561 2706 3615 nullus
2733 3566 3055 3628 extraneas,
3091 3561 3205 3616 nisi
3238 3561 3382 3616 forte
3431 3560 3646 3616 liberas
3677 3560 3762 3616 vel

2114 3668 2182 3707 ex
2206 3655 2491 3723 potestate
2524 3650 2582 3704 S.
2619 3650 2769 3705 Petri
2803 3650 3048 3705 Coloniae
3081 3651 3257 3705 ducat
3305 3665 3534 3706 uxores.
3568 3651 3626 3703 Si
3659 3667 3761 3705 au-

2117 3747 2234 3796 tem
2319 3739 2539 3794 alienas
2617 3739 2947 3810 acceperint
3025 3755 3251 3806 uxores,
3322 3739 3517 3794 omnis
3573 3738 3761 3794 hare-

2115 3829 2268 3884 ditas
2325 3845 2524 3883 eorum
2585 3833 2643 3882 et
2702 3827 2972 3883 universa
3032 3845 3158 3899 quae
3219 3826 3538 3898 possident,
3593 3828 3664 3882 ad
3698 3829 3756 3882 S.

2111 3917 2329 3974 Nicolai
2383 3917 2594 3972 cedant
2646 3917 3088 3983 monasterium,
3123 3921 3178 3972 et
3230 3915 3428 3970 nullus
3462 3916 3754 3972 haaredum

2109 4021 2349 4064 suorum
2384 4006 2441 4060 in
2476 4004 2568 4060 his
2600 4005 2926 4076 quidquam
2959 4005 3190 4061 habeat.
3224 4005 3283 4060 Si
3313 4019 3448 4060 vero
3496 4021 3563 4059 ex
3596 4008 3755 4076 pote-

2109 4099 2256 4150 state
2279 4095 2337 4149 S.
2368 4093 2520 4148 Petri
2543 4092 2794 4148 Coloniae
2828 4109 3036 4149 uxores
3089 4094 3383 4156 duxerint,
3417 4085 3520 4147 filii
3556 4107 3755 4148 eorum

2108 4183 2321 4238 iterum
2356 4181 2645 4254 accipiant
2674 4197 2883 4236 uxores
2938 4199 3007 4237 ex
3037 4187 3322 4254 potestate
3369 4183 3429 4236 S.
3485 4181 3702 4236 Nicolai
3737 4199 3750 4247 ;

2106 4271 2261 4342 quod
2296 4270 2345 4326 si
2376 4287 2492 4326 non
2512 4271 2973 4338 fecerint,omnis
2995 4271 3302 4326 haereditas
3323 4286 3524 4326 eorum
3548 4275 3605 4325 et
3626 4286 3751 4325 om-

2106 4359 2202 4414 nia
2232 4375 2359 4430 quze
2391 4359 2712 4430 possident,
2747 4359 2816 4413 ad
2852 4359 2910 4414 S.
2935 4357 3155 4414 Nicolai
3181 4363 3239 4413 et
3257 4358 3488 4413 abbatis
3511 4358 3754 4412 redeant

2103 4447 2671 4504 dominium.Eadem
2692 4462 2826 4501 vero
2847 4451 3109 4519 rogante,
3138 4447 3318 4502 abbas
3351 4447 3583 4517 Tegeno
3608 4462 3748 4518 prae-

413 4548 470 4605 Si
493 4527 776 4604 locisDeo
811 4527 1043 4610 dicatis,
1075 4541 1292 4614 quibus
1341 4541 1622 4597 beneficia
1653 4557 1768 4596 non
1800 4541 1988 4597 confc-
2017 4551 2064 4616 Ι)
2101 4537 2240 4593 dicti
2261 4535 2596 4593 monasterii
2629 4535 2780 4591 idem
2823 4540 2879 4590 ct
2910 4535 3193 4606 praedium
3220 4533 3622 4606 permisit,cui
3650 4535 3748 4588 be-

342 4635 767 4706 rimus,saltem
799 4635 874 4691 ab
903 4632 1034 4690 aliis
1067 4631 1336 4687 ﬁdelibus
1361 4630 1575 4686 Christi
1608 4630 1824 4686 tradita
1845 4646 1989 4686 con-

339 4725 788 4793 flr’niaverimus,
811 4722 1092 4779 divinitus
1123 4737 1230 4776 nos
1269 4718 1469 4792 procul
1502 4718 1681 4774 dubio
1714 4735 1985 4774 remune-

338 4817 457 4874 rari
487 4813 861 4873 ocnﬁdimus.
916 4813 1278 4884 Quapropter
1332 4807 1591 4863 ﬁdelium
1624 4811 1981 4874 nostrorum,

336 4912 459 4963 tam
491 4903 868 4979 prasentium
895 4901 1119 4958 scilicet
1150 4915 1326 4970 quam
1360 4898 1712 4964 futurorum,
1759 4896 1985 4968 magni-

337 4996 480 5052 tudo
512 4989 1111 5067 comperiat,qualiter
1139 4987 1406 5060 quaedam
1439 4986 1676 5041 domina
1692 4984 1985 5040 venerabi-

339 5085 413 5140 lis
436 5083 683 5140 Richeza
699 5082 956 5145 nomine,
977 5078 1178 5151 regina
1207 5075 1502 5148 quondam
1535 5073 1804 5138 Poloniae,
1839 5091 1980 5143 prae-

337 5172 501 5228 dium
533 5187 709 5228 suum
741 5169 1007 5226 Clotteno
1037 5163 1421 5231 dictum,aliis
1444 5163 1584 5218 locis
1619 5162 1983 5217 subternota-

334 5260 435 5330 tis,
466 5259 523 5314 id
555 5263 643 5315 est
673 5257 1068 5319 Comenheim,
1105 5253 1252 5321 Elre,
1285 5251 1548 5317 Brembe,
1582 5248 1792 5318 Asche,
1833 5249 1980 5304 Mas-

333 5346 532 5412 brech,
565 5345 834 5412 Wernus,
867 5341 1179 5409 Tanclach,
1216 5340 1416 5407 Wilre,
1467 5342 1525 5393 et
1557 5335 1788 5407 Pulego,
1822 5335 1973 5390 Chu-

331 5449 518 5499 como,
551 5433 887 5500 Chundedo,
920 5431 1116 5498 Merle,
1151 5434 1208 5485 et
1238 5428 1396 5501 Ryle,
1453 5424 1787 5481 Erichriche
1836 5424 1971 5479 Lut-

329 5521 598 5587 zenrodo,
636 5521 850 5585 Dreise,
880 5525 937 5576 et
966 5519 1247 5590 Ottingin,
1281 5535 1414 5573 cum
1450 5514 1670 5570 mansis
1717 5519 1774 5568 et
1804 5531 1969 5569 man-

327 5608 517 5683 cipiis,
552 5614 608 5666 et
636 5607 962 5681 cum_omni
993 5607 1326 5680 integritate
1359 5605 1564 5678 ipsius,
1607 5602 1666 5658 in
1698 5600 1874 5664 villis,
1908 5602 1967 5656 in

2100 4626 2372 4681 melicium
2406 4628 2717 4696 postquam
2750 4625 2874 4694 ipse
2904 4623 3047 4678 illud
3109 4624 3168 4678 in
3219 4639 3392 4680 suum
3447 4623 3748 4694 redegerat

2097 4714 2446 4780 dominium,
2482 4714 2574 4768 cui
2610 4713 2808 4768 statim
2839 4715 3064 4767 curtem
3091 4713 3322 4768 Caneda
3353 4716 3411 4766 et
3463 4710 3748 4766 familiam

2102 4804 2361 4875 quinque
2393 4799 2572 4855 libras
2595 4799 2673 4854 ibi
2699 4800 3038 4866 solventem,
3068 4801 3221 4872 quod
3259 4800 3366 4855 fuit
3399 4797 3618 4855 Ellonis
3649 4799 3748 4854 be-

2100 4888 2372 4944 neﬁcium
2405 4888 2475 4942 ad
2504 4887 2744 4944 Gewere
2772 4889 3014 4944 tradidit
3042 4906 3094 4944 vx
3125 4905 3415 4961 arpennas
3462 4889 3746 4956 Clotteno,

2097 4996 2222 5049 qua:
2255 4978 2490 5031 fuerunt
2519 4976 2746 5032 Siconis
2805 4979 3037 5033 comitis
3094 4978 3467 5045 beneficium,
3509 4982 3569 5032 et
3598 4978 3748 5033 duas

2097 5064 2536 5120 mansiunculas
2566 5082 2714 5136 quas
2739 5065 3068 5120 Wecelmus
3094 5065 3318 5132 habuit,
3351 5071 3409 5121 et
3438 5066 3493 5120 in
3524 5066 3741 5138 quibus

2091 5154 2393 5209 habitavit.
2429 5153 2691 5208 Tradidit
2723 5154 2900 5209 etiam
2942 5159 3200 5210 castrum
3237 5171 3414 5210 suum
3445 5154 3742 5210 Chucomo

2088 5243 2356 5298 Heinrico
2376 5240 2633 5312 palatino
2655 5242 2856 5297 comiti
2905 5241 3022 5297 tilio
3054 5247 3186 5314 patr
3203 5244 3263 5297 ui
3311 5243 3500 5311 sui,ea
3523 5242 3746 5299 scilicet

2086 5329 2433 5397 conditione,
2468 5333 2532 5384 ut
2563 5330 2825 5401 quandiu
2857 5330 3096 5397 viveret,
3142 5346 3321 5403 super
3368 5330 3562 5403 ipsum
3595 5329 3743 5386 Clot-

2083 5424 2215 5474 teno
2248 5419 2519 5473 defensor
2555 5423 2612 5473 et
2643 5419 2960 5475 advocatus
2991 5417 3307 5486 existeret;
3342 5422 3474 5491 post
3502 5417 3733 5475 obitum

2080 5524 2214 5564 vero
2249 5524 2452 5577 suum,
2477 5507 2524 5561 si
2548 5507 2670 5578 ipse
2693 5507 3023 5563 haeredibus
3056 5508 3604 5579 careret,proximus
3633 5508 3744 5562 hi9-

2080 5613 2172 5654 res
2201 5595 2448 5652 dominae
2484 5595 2738 5652 ltichezae
2772 5597 2980 5668 reginae
3013 5597 3376 5653 advocatiam
3433 5611 3613 5669 super
3642 5611 3738 5654 ea-
