3968 6126
422 274 580 342 HIS

1784 269 2101 342 NONUM.
2141 271 2468 345 DIPLOM.

3666 268 3846 340 ωδ
3928 276 3931 359 ι

419 417 518 470 tus
547 414 841 481 caveat,ne
871 427 1048 486 super
1075 414 1363 469 statutum
1393 408 1506 467 sibi
1538 408 1839 467 servitium
1862 428 2067 485 super-
2095 414 2151 480 Α
2180 414 2402 472 scilicet
2430 411 2642 471 comite
2672 411 2744 470 de
2774 410 3147 488 Strumburg,
3177 413 3237 471 et
3268 405 3688 487 Dragebodone
3723 411 3841 467 mi-

423 503 608 559 iluum
642 502 864 575 aliquid
896 503 1090 575 exigat
1117 502 1205 557 vel
1238 501 1733 574 requirat.Sivero
1765 500 1962 574 plures
1985 517 2068 557 se-

421 609 556 648 cum
588 590 977 656 adduxerit,in
1007 589 1234 646 abbatis
1264 591 1374 646 erit
1405 589 1644 645 arbitrio
1674 590 1820 663 ipsis
1842 590 2064 661 aliquid

421 687 523 738 aut
553 681 697 737 nihil
727 678 1655 752 darc.Familiaquoqueejusdem
1681 678 2063 735 Ecclesizeob-

419 774 605 826 servet
639 769 922 842 placitum
954 768 1215 824 advocati
1243 769 1433 825 tribus
1464 768 2066 841 annitemporibus,et

418 878 533 914 non
565 857 839 931 amplius.
875 858 1109 924 Quoties
1140 874 1274 913 vero
1325 858 1505 913 abbas
1536 856 1624 911 vel
1663 874 1807 911 suus
1839 855 2065 912 villicus

418 949 571 1021 apud
602 946 1034 1014 Brunwilre,vel
1065 946 1327 1019 quolibet
1359 947 1415 1001 in
1446 946 1569 1001 loco
1604 945 1752 1000 infra
1782 944 2064 1001 terminos

415 1036 661 1092 abbatia:
694 1035 976 1108 placitum
1011 1035 1223 1091 habere
1252 1034 1518 1101 voluerit,
1554 1035 1706 1106 quod
1746 1032 2066 1106 vulgariter

412 1125 631 1196 Buding
661 1123 959 1191 dicitur;id
985 1141 1102 1179 sua:
1133 1124 1209 1179 sit
1239 1121 1834 1195 potestatis,nihilque
1865 1122 1924 1177 in
1957 1121 2062 1176 tali

412 1216 626 1289 placito
656 1215 973 1270 advocatus
986 1212 1494 1285 requirat,autsibi
1517 1213 1811 1267 vindicare
1842 1228 2061 1284 praesu-

413 1309 553 1360 mat.
590 1304 779 1375 Hujus
810 1302 989 1375 igitur
1018 1302 1453 1357 constitutionis
1484 1302 1778 1374 paginam,
1813 1317 1943 1371 quze
1988 1300 2057 1354 ad

412 1391 756 1449 instantiam
788 1408 968 1463 supra
997 1391 1302 1446 memorati
1388 1389 1750 1445 Coloniensis
1782 1387 2062 1460 archiepi-

411 1481 593 1553 scopi,
625 1486 682 1537 et
712 1498 829 1537 suae
862 1480 1078 1535 sororis
1118 1479 1365 1535 dominae
1418 1477 1674 1533 Richeza:
1728 1476 1965 1549 reginae,
2002 1476 2059 1530 in

412 1575 614 1626 nostra
644 1570 1087 1642 primorumque
1111 1568 1271 1641 regni
1296 1567 1785 1641 praesentia,juste
1809 1570 1866 1620 et
1885 1565 2057 1620 ratio-

410 1658 685 1714 nabiliter
714 1658 981 1713 ordinata
1009 1662 1198 1724 est,ut
1228 1661 1355 1712 rata
1384 1660 1442 1711 et
1468 1653 1809 1711 inconvulsa
1837 1654 1898 1709 in
1930 1670 2057 1726 per-

411 1749 655 1819 petuum
687 1748 1046 1817 permaneat,
1085 1762 1264 1800 manu
1300 1744 1555 1816 propria,
1575 1748 1640 1798 ut
1670 1743 1880 1799 subtus
1902 1743 2056 1798 vide-

412 1839 529 1904 tur,
546 1835 1006 1901 corroborantes,
1029 1834 1211 1889 nostri
1246 1832 1425 1906 sigilli
1457 1831 1842 1904 impressione
1867 1831 2057 1902 jussi-

411 1942 545 1980 mus
578 1922 853 1996 insigniri
889 1939 900 1977 :
937 1939 1114 1994 quam
1147 1922 1195 1978 si
1228 1922 1361 1995 quis
1392 1921 1709 1993 infringere
1730 1920 2056 1986 tentaverit,

413 2012 510 2069 Dei
542 2011 962 2087 omnipotentis
993 2010 1297 2083 sanctique
1329 2010 1481 2067 Petri
1531 2016 1588 2066 et
1630 2008 1893 2066 omnium
1924 2027 2058 2065 san-

410 2107 637 2159 ctorum
672 2102 931 2156 incurrat
962 2100 1203 2173 iram,et
1229 2104 1294 2156 ut
1322 2099 1569 2155 violator
1599 2104 1813 2155 nostra:
1844 2098 2059 2154 consti-

407 2190 654 2247 tutionis
684 2190 889 2263 perdat
920 2189 1282 2245 advocatiam
1317 2188 1776 2260 illam,sciatque
1808 2204 1870 2243 se
1902 2204 2058 2243 com-

408 2281 735 2355 positurum
766 2277 893 2334 auri
924 2277 1227 2351 purissimi
1259 2277 1440 2333 libras
1461 2280 1939 2342 centum,nostrte
1966 2293 2059 2331 ca-

409 2386 585 2427 merae
629 2368 1023 2435 medietatem,
1058 2366 1494 2439 archiepiscopo
1544 2365 1789 2422 alteram
1841 2365 2057 2421 medie-

408 2463 613 2516 tatem.

479 2547 730 2619 Signum,
765 2548 898 2611 etc.,
930 2552 991 2599 ut
1018 2560 1207 2615 supra.

1134 2658 1330 2714 XXIII.

409 2749 663 2820 Diploma
696 2748 944 2803 Heinrici
972 2749 1048 2803 III
1087 2763 1188 2818 pro
1236 2747 1292 2803 S.
1326 2748 1660 2820 Maximino.
1689 2777 1757 2787 —
1796 2745 2061 2820 Adversus

444 2818 749 2886 advocatos,
783 2834 1017 2889 quorum
1039 2820 1164 2890 juri
1191 2823 1243 2873 et
1279 2819 1588 2890 privilegiis
1619 2818 1819 2874 limites
1846 2819 2021 2888 ponit.

410 2908 733 2982 [MARTENI-J,
764 2908 942 2978 Ampi.
969 2908 1331 3050 Collect..ll_,]
1353 2907 1477 2975 432,
1512 2923 1580 2962 ex
1630 2924 1741 2963 ms.
1783 2906 1840 2961 S.
1876 2906 2061 2962 Maxi-

1137 2995 1305 3033 minl.

478 3080 545 3134 In
576 3078 813 3134 nomine
842 3080 1057 3133 sanctae
1088 3080 1145 3132 et
1174 3076 1489 3132 individuse
1530 3075 1853 3132 Trinitatis.
1886 3076 2059 3131 Ham-

2177 504 2361 561 nistro
2390 507 2677 576 nostro,et
2706 503 2837 560 aliis
2869 502 3093 560 nuntiis
3124 501 3430 571 nostris,et
3457 517 3655 558 coram
3682 518 3842 574 prse-

2174 593 2325 649 senti
2358 593 2565 650 abbate
2595 592 2973 664 Theoderico,
3008 596 3065 649 et
3092 593 3305 649 comite
3330 590 3650 648 Giselberto
3685 594 3840 645 tunc

2172 681 2454 753 temporis
2487 682 3044 754 advocato,majores
3074 686 3131 737 et
3161 680 3525 754 antiquiores
3554 679 3626 735 de
3652 677 3842 735 fami-

2173 770 2253 825 lia
2282 768 2477 825 Sancti
2508 769 2809 825 Maximini
2839 774 3315 837 convocarentur,
3348 772 3406 824 et
3454 772 3839 824 sacramento

2174 859 2469 915 constricti
2503 858 2935 926 conﬁrmarent,
2956 858 3172 932 quibus
3199 858 3430 931 legibus
3458 856 3837 929 temporibus

2172 947 2425 1003 Heinrici
2455 945 2621 1002 ducis
2643 945 2890 1002 senioris
2911 948 2969 1002 et
2997 944 3248 1001 Heinrici
3270 944 3439 1000 ducis
3461 941 3720 1015 junioris
3742 942 3830 998 fa-

2174 1035 2337 1091 milia
2368 1034 2468 1090 illa
2501 1033 3117 1108 subjaceret,qualiter
3145 1034 3358 1107 placita
3385 1036 3445 1088 et
3464 1031 3695 1105 judicia
3726 1031 3827 1087 tie-

2174 1128 2396 1191 rent,ut
2424 1124 2536 1197 ipsi
2559 1128 2616 1181 et
2646 1123 2859 1196 posteri
2884 1140 3086 1179 eorum
3108 1123 3313 1178 eodem
3336 1123 3473 1194 jure
3502 1121 3826 1193 eademque

2170 1214 2298 1287 lege
2328 1214 2534 1269 exinde
2561 1211 3202 1285 perfruerentur.Electi
3229 1215 3368 1267 sunt
3395 1227 3532 1284 ergo
3549 1209 3647 1283 qui
3669 1209 3823 1264 hanc

2168 1301 2355 1376 legem
2387 1307 2444 1358 et
2464 1302 2757 1374 justitiam
2794 1302 3047 1358 facerent
3068 1299 3221 1357 inter
3250 1300 3524 1356 abbatem
3556 1302 3610 1355 et
3636 1298 3817 1353 advo-

2171 1397 2388 1455 catum,
2423 1390 2748 1447 secundum
2782 1390 2922 1461 jura
2968 1388 3228 1463 priorum
3283 1392 3341 1444 et
3384 1390 3818 1443 antecessorum

2171 1496 2620 1552 suorum,super
2648 1478 2929 1551 reliquias
2960 1482 3299 1535 sanctorum
3324 1477 3821 1541 conﬁrmarent,et

2170 1574 2372 1643 postea
2417 1568 2633 1624 Treviri
2676 1568 2733 1623 in
2764 1568 3075 1640 praesentia
3105 1566 3513 1639 episcoporum
3544 1563 3820 1621 Eberardi

2170 1658 2554 1726 Trevirensis,
2581 1656 2873 1713 Liutbaldi
2905 1653 3818 1730 Moguntiacensis,Adalberonis

2170 1748 2492 1817 Mettensis,
2544 1751 2601 1803 et
2650 1746 2949 1802 Deoderici
2998 1745 3388 1801 Virdunensis
3440 1743 3722 1816 episcopi,
3766 1747 3819 1798 et

2171 1836 2419 1893 aliorum
2480 1835 2814 1909 principum
2868 1838 3204 1891 nostrorum
3245 1834 3419 1906 juxta
3476 1832 3819 1905 petitionem

2169 1924 2432 1997 praedicti
2481 1924 2710 1980 abbatis
2761 1926 3127 1979 sacramento
3170 1923 3635 1978 corroborarent.
3676 1921 3819 1977 Coa-

2169 2016 2469 2070 tirmatum
2508 2013 2705 2086 itaque
2730 2017 2820 2069 est
2851 2028 3055 2068 eorum
3086 2010 3621 2083 sacramento,quia
3642 2010 3819 2080 advo-

2170 2108 2336 2160 catus
2382 2102 2619 2159 familiae
2667 2101 2847 2170 illius,
2882 2099 2997 2157 nisi
3042 2105 3131 2156 ter
3172 2100 3233 2155 in
3278 2116 3431 2155 anno
3478 2098 3541 2154 in
3586 2098 3821 2154 abbatia

2169 2192 2447 2265 placitare
2481 2208 2593 2246 non
2625 2191 2851 2246 debeat.
2887 2188 3181 2262 Quidquid
3212 2192 3408 2243 autem
3438 2186 3558 2243 illis
3588 2186 3818 2260 placitis

2170 2282 2421 2355 quisque
2450 2297 2586 2336 reus
2602 2277 3205 2347 vaticaverit,arbitrio
3231 2276 3460 2333 abbatis
3487 2279 3547 2331 et
3575 2290 3816 2331 suorum

2171 2369 2619 2444 praepositorum
2651 2372 2708 2424 et
2736 2367 3065 2424 villicorum
3112 2366 3440 2422 secundum
3493 2361 3729 2436 culpam
3761 2366 3817 2419 et

2171 2476 2342 2533 posse
2373 2457 2842 2529 uniuscujusque
2868 2455 3124 2512 hominis
3156 2455 3341 2521 cedat,
3376 2458 3435 2510 et
3463 2454 3595 2509 duae
3624 2456 3816 2526 partes

2171 2548 2390 2618 abbati,
2421 2547 2592 2603 tertia
2640 2546 2918 2602 advocato
2966 2545 3152 2601 cedat.
3195 2545 3265 2599 Et
3312 2544 3361 2599 si
3411 2542 3627 2615 aliquis
3677 2542 3817 2599 forte

2170 2637 2403 2709 culpam
2438 2636 2577 2691 furti
2604 2634 2688 2692 vel
2722 2634 3028 2692 seditionis
3058 2631 3410 2700 inciderit,et
3428 2632 3613 2688 abbas
3642 2632 3718 2688 ob
3738 2647 3817 2686 re-

2168 2725 2479 2782 bellionem
2508 2724 2855 2781 temeritatis
2885 2724 3234 2779 advocatum
3265 2720 3597 2788 accerserit,
3630 2737 3702 2777 ex
3727 2737 3814 2777 eo-

2169 2815 2303 2870 dem
2334 2813 2503 2870 vadio
2535 2813 2731 2869 abbati
2763 2813 2890 2868 duae
2921 2815 3138 2885 partes,
3171 2811 3448 2867 advocato
3479 2808 3656 2865 tertia
3686 2825 3813 2882 pro-

2168 2903 2361 2960 veniat
2394 2920 2407 2958 :
2442 2904 2523 2959 ita
2549 2906 2747 2959 tamen
2777 2902 2827 2958 si
2858 2901 3171 2957 advocatus
3210 2917 3245 2956 a
3274 2900 3434 2973 regia
3462 2914 3639 2955 manu
3675 2899 3816 2955 ban-

2170 3009 2311 3048 num
2339 2991 2615 3064 suscepit,
2650 2988 2818 3046 aliter
2849 2990 2908 3045 in
2940 2988 3175 3045 abbatia
3204 2986 3484 3060 placitare
3516 3003 3634 3043 non
3668 3004 3814 3061 pra:-

2169 3085 2385 3138 sumat.
2436 3080 2763 3137 Servientes
2815 3095 2950 3135 vero
2998 3077 3101 3151 qui
3158 3074 3543 3151 praebendarii
3600 3080 3659 3132 et
3716 3075 3813 3148 qui

404 3183 593 3239 RICUS,
626 3167 825 3223 άίνίηα
874 3168 1101 3223 favente
1149 3165 1479 3233 Clementia,
1516 3166 1911 3222 Romanorum
1943 3164 2051 3220 im-
2085 3149 2128 3217 ο
2167 3171 2447 3226 fratribus
2495 3169 2648 3224 infra
2694 3149 3033 3224 claustrum
3068 3149 3350 3233 serviunt,
3390 3164 3476 3220 vel
3526 3164 3629 3237 qui
3677 3162 3812 3220 foris

402 3260 637 3330 perator
662 3259 981 3329 Augustus.

473 3345 534 3401 Si
566 3345 830 3401 ecclesiis
860 3344 951 3400 vel
984 3343 1264 3399 coenobiis
1291 3342 1487 3399 divino
1505 3342 1689 3398 cultui
1706 3341 2053 3414 mancipatis

402 3434 654 3505 alicujus
683 3431 988 3505 patrocinii
1009 3431 1095 3486 vel
1115 3430 1471 3488 defensionis
1484 3430 1693 3487 solatiu
1704 3448 1759 3486 m
1773 3431 2052 3487 adversus

406 3521 779 3577 insolentiam
797 3521 1153 3593 perfidorum
1176 3520 1621 3592 praebuerimus,
1638 3518 1920 3575 divinitus
1945 3536 2051 3575 nos

403 3609 763 3665 remunerari
785 3607 986 3680 procul
1018 3608 1198 3662 dubio
1229 3607 2049 3680 credimus.Quapropterom-

403 3697 568 3753 nium
587 3699 803 3752 sanctae
830 3696 927 3751 Dei
950 3694 1219 3751 Ecclesiae
1251 3695 1660 3762 fidelium,tam
1674 3696 2049 3769 praesentium

404 3802 580 3860 quam
614 3785 942 3842 futurorum
974 3785 1294 3858 comperiat
1323 3785 1634 3857 sagacitas,
1655 3784 1907 3857 qualiter
1939 3803 2045 3841 nos

403 3875 476 3933 ob
510 3874 834 3931 remedium
867 3874 1076 3929 animae
1122 3877 1337 3929 nostra:
1366 3877 1423 3929 et
1453 3874 1892 3947 progenitorum
1922 3891 2053 3929 nos-

403 3970 651 4031 trorum,
698 3962 1025 4019 interventu
1071 3963 1248 4018 etiam
1300 3962 1663 4019 charissima;
1710 3962 2051 4019 contectalis

403 4057 618 4109 nostra:
646 4052 887 4125 Agnetis
918 4050 1309 4124 imperatricis
1330 4051 1929 4125 augustaemostrique
1946 4050 2050 4106 lilii

402 4140 772 4197 dilectissimi
813 4140 1065 4196 Heinrici
1098 4141 1170 4195 IV
1204 4140 1315 4212 (13)
1348 4140 1523 4213 regis,
1557 4140 1820 4195 crebram
1851 4144 1908 4195 et
1937 4140 2049 4196 im-

400 4235 711 4304 portunam
743 4229 1170 4301 querimoniam
1192 4227 1537 4283 Theoderici
1556 4228 1786 4283 abbatis
1800 4230 2047 4285 ccenobii

402 4316 766 4374 S.Maximini
800 4318 1048 4388 benigne
1076 4317 1528 4386 suscepimus,et
1547 4332 1741 4371 coram
1776 4317 2047 4375 fidelibus

406 4405 621 4461 nostris
651 4404 962 4477 diligenter
1010 4404 1425 4470 discussimus,
1458 4405 1529 4459 de
1572 4403 1777 4461 multis
1824 4404 2049 4463 scilicet

2162 3260 2237 3315 ad
2281 3262 2475 3314 curtes
2505 3256 2831 3330 dagescalci
2881 3255 3179 3321 dicuntur,
3213 3252 3359 3309 nulli
3390 3253 3668 3309 advocato
3718 3269 3810 3307 ne-

2166 3364 2281 3421 que
2313 3346 2425 3419 (14)
2457 3344 2722 3402 hunnoni
2772 3345 3137 3417 subjaceant,
3184 3343 3287 3399 sed
3335 3346 3567 3398 tantum
3617 3340 3807 3397 abbati

2160 3438 2405 3509 ejusque
2438 3434 2764 3509 praepositis
2794 3434 3247 3507 quibusounque
3277 3430 3467 3505 culpis
3494 3430 3805 3503 responde-

2161 3530 2282 3581 ant.
2305 3526 2633 3581 Advocatus
2655 3523 2757 3596 qui
2778 3524 3041 3579 bannum
3065 3538 3099 3577 a
3136 3520 3296 3594 regia
3320 3537 3497 3575 manu
3528 3519 3802 3592 suscepit,

2161 3614 2424 3688 proxima
2452 3612 2548 3669 die
2578 3617 2711 3686 post
2740 3611 2956 3667 festum
2986 3609 3353 3666 S.Maximini
3386 3625 3563 3682 super
3592 3608 3805 3682 praedia

2160 3708 2219 3760 et
2248 3701 2543 3776 mancipia
2572 3716 2777 3758 eorum
2807 3700 2909 3773 qui
2941 3699 3055 3772 (15)
3087 3698 3459 3755 scaramanni
3509 3696 3803 3766 dicuntur,

2161 3791 2262 3847 illa
2292 3790 2417 3848 sola
2444 3790 2559 3858 die,
2592 3790 2641 3845 si
2675 3788 2991 3861 jejunium,
3023 3786 3110 3844 vel
3164 3786 3387 3843 celebre
3433 3786 3674 3855 festum,
3708 3790 3807 3840 aut

2160 3881 2502 3937 Dominicus
2541 3879 2666 3935 dies
2699 3895 2813 3933 non
2864 3877 3056 3946 fuerit,
3089 3875 3391 3949 placitabit
3422 3894 3436 3945 ;
3469 3874 3561 3930 sin
3612 3878 3805 3931 autem

2152 3970 2417 4043 jejunus,
2444 3967 2636 4041 prima
2660 3970 2923 4036 sonante,
2942 3965 3224 4038 placitum
3255 3964 3517 4029 intrabit,
3535 3967 3593 4020 et
3622 3977 3806 4035 usque

2160 4059 2231 4115 ad
2264 4057 2469 4113 horam
2502 4072 2717 4112 nonam
2749 4054 2894 4110 illud
2926 4054 3167 4125 tenebit,
3186 4058 3390 4127 postea
3417 4069 3550 4110 vero
3575 4051 3805 4108 nullum

2159 4147 2382 4203 diutius
2412 4145 2493 4201 ibi
2525 4148 2681 4201 stare
2706 4160 2910 4215 cogere
2939 4143 3177 4215 poterit;
3201 4146 3258 4198 et
3288 4140 3577 4215 quidquid
3607 4139 3689 4197 ibi
3720 4156 3809 4197 ao-

2159 4234 2583 4309 quisierit,duae
2609 4236 2803 4306 partes
2823 4231 3077 4297 abbatis,
3098 4231 3409 4302 tertiaejus
3424 4228 3536 4286 erit
3547 4227 3803 4285 nullum-

2158 4341 2273 4397 que
2304 4323 2485 4380 alium
2530 4327 2662 4394 post
2691 4339 2753 4378 se
2801 4337 3013 4393 ponere
3059 4323 3374 4393 praesumet
3420 4318 3522 4391 qui
3570 4323 3804 4374 vocetur

2156 4414 2625 4488 postadvocatus.
2649 4410 2864 4467 Eadem
2895 4426 3027 4466 vero
3062 4410 3155 4466 die
3185 4410 3367 4465 abbas
3393 4409 3507 4481 ipsi
3527 4407 3801 4479 advocato

403 4493 883 4583 oppressionibus
915 4510 1079 4583 quasi
1109 4491 1333 4583 familia
1362 4493 1424 4583 S.
1455 4491 1755 4583 Maximini
1786 4495 2043 4567 patieba-
2078 4518 2125 4583 Ι)
2156 4502 2461 4561 servitium
2493 4500 2656 4556 dabit
2700 4499 2850 4555 duos
2903 4498 3132 4555 modios
3173 4498 3342 4570 panis
3396 4496 3532 4568 (16),
3564 4495 3801 4551 frizkin-

400 4586 499 4637 tur
527 4598 561 4637 a
590 4580 902 4637 comitibus
933 4586 989 4637 et
1014 4580 1330 4649 advocatis,
1359 4581 1503 4637 adeo
1529 4580 1707 4637 etiam
1740 4586 1805 4637 ut
1832 4584 2050 4641 videre-

401 4677 498 4728 tur
526 4670 809 4727 destituta
837 4671 1096 4743 antiquis
1128 4669 1376 4743 legibus,
1401 4675 1457 4726 et
1487 4687 1602 4726 non
1635 4676 1803 4742 quasi
1835 4673 2047 4747 regalis

402 4761 647 4818 abbatiaa
679 4759 920 4829 familia,
955 4760 1053 4815 sed
1089 4763 1154 4815 ut
1200 4759 1437 4832 propria
1482 4759 1895 4817 advocatorum
1943 4780 2047 4819 an-

401 4849 536 4907 cilla
564 4852 719 4905 esset
748 4849 806 4903 in
839 4848 1179 4904 servitutem
1211 4847 1464 4903 redacta.

472 4939 637 4995 Unde
666 4941 1001 4994 nostrorum
1033 4935 1275 4992 consilio
1305 4936 1626 4992 amicorum
1659 4938 2046 5012 praecipiendo

400 5026 785 5094 decrevimus,
841 5029 898 5081 et
955 5041 1150 5081 coram
1220 5023 1429 5098 legatis
1501 5025 1719 5082 nostris
1798 5027 2045 5086 Bertolio

471 5204 581 5276 (13)
612 5206 777 5259 Anno
807 5204 943 5276 1054
978 5203 1282 5276 Henricus,
1306 5201 1537 5257 Henrici
1569 5203 1645 5276 Ill
1678 5203 2045 5276 imperatoris

400 5274 793 5367 filipsgﬁqqis
818 5275 1137 5367 tia-regiam
1184 5274 1579 5328 Romanorum
1624 5274 1902 5332 inun'ctus
1931 5285 2041 5347 est,

400 5348 547 5399 teste
575 5345 876 5401 Siaeberto
909 5346 969 5400 in
996 5345 1211 5401 Chron.

402 5414 585 5540 ungit)
616 5414 934 5473 Hunnones
964 5422 1130 5473 erant
1158 5415 1453 5488 quoddam
1472 5414 1928 5488 magistratuum
1950 5438 2045 5496 ge-

472 5556 583 5628 (15)
615 5556 1025 5615 Scraramanni
1053 5563 1218 5617 erant
1265 5556 1578 5617 servientes
1626 5575 1730 5616 seu
1784 5561 2043 5622 ministri

2159 4608 2264 4665 gas
2295 4608 2352 4646 ιν
2381 4594 2438 4646 et
2466 4605 2645 4645 unam
2668 4604 2863 4644 amam
2884 4585 3023 4642 viui.
3048 4587 3107 4643 Si
3137 4586 3391 4643 ecclesiae
3416 4584 3593 4641 homo
3626 4584 3801 4640 inter-

2158 4681 2343 4735 fectus
2373 4677 2633 4744 fuerit,et
2656 4675 2840 4731 abbas
2873 4680 2975 4731 aut
2998 4673 3228 4730 villicus
3257 4674 3387 4747 ejus
3401 4673 3476 4730 ab
3507 4671 3802 4729 homicida

2155 4765 2531 4839 wiregildum
2557 4764 2784 4837 exigere
2815 4764 3241 4835 poterit,totum
3272 4763 3364 4819 sui
3376 4762 3535 4835 juris
3555 4760 3801 4819 eritzsin

2157 4861 2352 4913 autem
2393 4854 2742 4910 advocatum
2791 4868 3029 4909 necesse
3071 4852 3248 4908 fuerit
3293 4850 3601 4917 accersire,
3632 4849 3803 4906 tertia

2156 4962 2293 5018 pars
2318 4943 2483 5000 cedet
2524 4941 2575 4998 ei
2620 4941 2983 5015 potestativa.
3022 4941 3130 4997 Per
3176 4941 3476 4998 abbatiam
3522 4938 3802 5013 placitare

2154 5032 2412 5106 hospitia
2440 5031 2526 5088 vel
2553 5030 2789 5088 servitia
2817 5047 2851 5086 a
2877 5029 3115 5087 rusticis
3146 5030 3396 5104 exigere,
3418 5028 3803 5103 petitionibus

2146 5212 2439 5285 judicum.

2225 5283 2337 5354 (16)
2369 5280 2733 5354 Friskingam
2759 5294 2862 5354 seu
2895 5279 3237 5354 friscingam
3269 5278 3367 5354 alii
3395 5277 3803 5354 vitulum,_alii

2154 5349 2403 5432 porcum.
2415 5349 2821 5432 _adu1tum,alii
2849 5349 3168 5432 porcellum
3195 5367 3299 5407 seu
3329 5351 3512 5432 fetum
3525 5349 3806 5432 porciaut

2153 5421 2296 5555 gvis,
2319 5423 2431 5506 alii
2467 5438 2706 5496 pernam
2739 5421 3235 5494 interpretantur;
3264 5438 3382 5496 qua
3409 5422 3483 5480 de
3508 5421 3648 5479 voce
3671 5421 3806 5477 vide

2199 5511 2461 5569 angium.
