3950 6144
173 363 340 440 ¹111Ἰ
434 430 447 437 -

1522 375 1915 445 HENRIGUS
1957 378 2041 445 III
2078 379 2255 457 IMP‘

3430 381 3588 449 lll8

178 525 443 587 gravare,
473 509 531 567 et
557 520 771 584 pecora
797 527 1000 569 eorum
1043 514 1145 569 aut
1189 510 1504 585 palefridos
1535 514 1737 571 tollere
1775 519 1833 571 et
1864 516 1919 583 Α
1949 514 2167 571 tionem
2196 515 2269 571 de
2298 514 2487 573 Rocca
2514 515 2584 572 de
2613 514 2763 585 Cori,
2796 532 2931 573 cum
2963 514 3088 575 suis
3117 516 3507 590 pertinentiis,
3530 521 3590 576 et

183 600 450 659 redditus
479 600 553 657 ab
584 599 732 673 ipsis
761 606 1124 674 extorquere,
1157 605 1278 658 tam
1309 602 1622 659 comitibus
1652 621 1830 676 quam

181 689 482 749 advocatis
512 688 870 747 omnimodis
900 690 1190 764 imperiali
1212 691 1557 748 auctoritate
1584 691 1831 749 interdi-

183 780 395 837 cimus.
428 778 498 835 Et
525 782 593 835 ut
620 783 833 836 nostrae
860 779 1267 853 praeceptionis
1295 781 1366 836 de
1419 780 1512 837 his
1558 780 1832 837 omnibus

182 870 357 926 ﬁrma
385 870 649 925 servetur
675 868 1012 939 auctoritas,
1055 885 1233 925 manu
1264 870 1501 943 propria
1530 870 1833 927 subterﬁr-

182 958 478 1015 mavimus
508 961 567 1013 et
597 955 774 1030 sigilli
802 957 987 1013 nostri
1011 957 1396 1030 impressione
1416 959 1690 1032 insigniri
1702 960 1831 1031 jus-

182 1063 398 1105 simus.

255 1135 488 1208 Signum
515 1134 706 1191 damni
730 1136 999 1204 Heinrici,
1032 1138 1185 1192 tertii
1198 1139 1566 1194 Romanorum
1596 1138 1832 1209 impera-

182 1227 320 1283 toris
350 1224 603 1297 Augusti.

257 1313 638 1371 Gebehardus
668 1314 781 1385 (17)
829 1313 1140 1387 episcopus
1187 1318 1245 1370 et
1288 1313 1668 1371 cancellarius
1715 1315 1835 1370 vice

178 1401 512 1463 Wezelonis
560 1400 983 1475 archiepiscopi
1031 1408 1087 1458 et
1130 1402 1623 1460 archicancellarii
1683 1420 1834 1459 reco-

181 1490 381 1565 gnovi.

174 1590 181 1599 ’
919 1588 1109 1644 XXIV.

181 1688 435 1746 Heinrici
481 1688 566 1743 III
592 1687 763 1759 regis,
813 1688 867 1741 et
911 1687 962 1741 Il
1006 1688 1375 1758 imperatoris,
1414 1686 1674 1759 diploma,
1733 1704 1835 1759 quo

260 1761 468 1817 clerum
512 1758 924 1814 Volaterranum
970 1774 1005 1812 a
1041 1759 1172 1829 jure
1215 1758 1481 1813 comitum
1526 1758 1753 1827 eximit,
1785 1762 1835 1814 et

257 1831 518 1888 Ecclesiz
551 1829 924 1885 Volaterrana?
950 1830 1139 1885 omnia
1166 1830 1323 1884 illius
1342 1832 1478 1901 jura
1507 1847 1571 1885 ac
1606 1831 1834 1901 privile-

259 1904 355 1976 gia
383 1901 696 1972 conﬁrmat.

812 1998 1001 2070 (Anno
1033 1998 1216 2068 1052.)

491 2088 829 2158 [Meas-rom,
860 2087 1042 2160 Antiq.
1074 2088 1224 2155 Ital.,
1262 2087 1355 2155 III,
1386 2088 1537 2159 641.]

262 2210 329 2261 In
359 2203 597 2261 nomine
620 2206 832 2259 sanctae
862 2204 919 2257 et
948 2200 1260 2256 individua
1283 2200 1840 2257 Trinitatilemxm-

180 2312 310 2364 cus,
332 2293 539 2350 divinae
571 2290 804 2365 pietatis
835 2288 1198 2347 ordinatione
1228 2291 1524 2347 secundus
1550 2291 1839 2347 Romano-

182 2400 326 2441 rum
352 2382 674 2454 Augustus.

263 2468 708 2529 Ea'conditione
738 2484 942 2525 curam
971 2469 1153 2526 nostri
1174 2469 1347 2525 ofﬁcii
1372 2469 1541 2526 nobis
1561 2469 1842 2527 divinitus

186 2559 574 2618 commissam
605 2557 1222 2630 credimus,quatenus
1253 2556 1312 2613 in
1336 2559 1564 2615 cunctis
1596 2558 1841 2632 negotiis

184 2650 374 2707 divini
401 2647 633 2705 timoris
660 2646 850 2703 zelum
883 2664 1115 2720 semper
1161 2665 1277 2720 prie
1329 2647 1510 2704 oculis
1559 2648 1842 2706 habentes

187 2739 282 2797 sic
310 2736 696 2795 sollicitemur
726 2736 796 2792 de
826 2736 1113 2792 mundani
1144 2736 1307 2810 regni
1338 2736 1743 2810 dispositione,
1775 2742 1842 2794 ut

185 2832 335 2887 ante
351 2827 564 2900 Regem
582 2841 829 2898 regnum
847 2825 1035 2880 securi
1049 2824 1357 2881 veniamus
1377 2824 1436 2880 in
1450 2826 1747 2882 reddenda
1758 2844 1844 2882 ra-

184 2917 370 2975 tione.
392 2916 756 2989 Quapropter
802 2930 935 2969 cum
983 2913 1248 2970 omnium
1294 2913 1693 2986 subjectorum
1734 2932 1841 2972 nos

184 3010 420 3081 oportet
445 3020 647 3062 curam
677 3018 868 3077 agere,
902 3002 1282 3059 ecclesiarum
1329 3006 1527 3060 tamen
1555 3005 1841 3077 praecipue

184 3111 446 3172 quarum
476 3093 637 3151 salva
662 3092 1065 3150 incolumitate
1094 3094 1236 3148 dum
1257 3092 1453 3149 divino
1474 3094 1657 3149 cultui
1680 3094 1838 3150 debi-

185 3191 323 3244 tum
353 3183 619 3253 solvitur,
649 3181 992 3239 Christianae
1023 3179 1322 3253 religionis
1368 3180 1672 3255 integritas
1703 3190 1840 3239 cena

187 3276 478 3333 servatur.
508 3271 790 3336 Quocirca
819 3268 1095 3326 omnibus
1140 3252 1357 3325 sanctae
1404 3252 1519 3325 Dei
1552 3270 1843 3342 Ecclesiae,
1872 3252 1915 3320 C

186 3362 529 3434 nostrisque
558 3358 850 3423 ﬁdelibus,
884 3363 1091 3414 notum
1122 3374 1250 3415 esse
1270 3357 1543 3415 volumus
1564 3363 1684 3416 tam
1708 3379 1845 3434 pra:-

186 3451 460 3510 sentibus
488 3465 669 3522 quam
701 3447 939 3515 futuris,
971 3445 1224 3519 qualiter
1254 3446 1447 3515 Wido,
1481 3453 1691 3504 sanctae
1715 3449 1841 3505 Vol-

183 3538 470 3598 terrensis
498 3535 767 3593 Ecclesiae
797 3535 1130 3609 episcopus,
1162 3538 1427 3591 nostram
1470 3535 1840 3593 clementiam

174 3619 351 3697 adiit,
383 3642 565 3700 super
592 3623 867 3681 comitem
900 3622 1275 3696 reliquosque
1305 3623 1525 3696 publici
1549 3625 1706 3696 juris
1727 3627 1841 3681 mi-

178 3718 402 3775 nistros
432 3712 829 3772 miserabilem
862 3712 1294 3786 querimoniam
1325 3729 1527 3786 agens,
1551 3715 1707 3786 quod
1730 3716 1839 3771 sub

179 3804 488 3864 occasione
518 3803 785 3876 exigendi
808 3801 1235 3874 juris,clericos
1264 3804 1322 3857 et
1350 3800 1603 3858 famulos
1646 3803 1841 3860 Eccle-

176 3894 305 3963 siae,
328 3892 593 3966 aliosque
616 3907 792 3964 super
810 3894 1029 3947 terram
1048 3889 1320 3946 Ecclesiae
1343 3894 1570 3947 stantes
1591 3891 1843 3965 graviter

178 3982 497 4058 afﬂigendo
528 3979 882 4054 inquietant,
905 3982 964 4035 et
993 3977 1277 4051 dignitate
1325 3985 1545 4037 sanctae
1573 3980 1838 4037 Ecclesiae

174 4070 658 4133 indecentissime
686 4067 1081 4125 inhonestant.
1116 4069 1258 4140 Ejus
1289 4067 1486 4141 itaque
1516 4068 1837 4126 miserabili

177 4159 564 4239 querimonia;
595 4174 800 4215 aurem
830 4160 1043 4213 nostra:
1084 4156 1318 4229 pietatis
1369 4157 1733 4227 adhibentes,
1766 4159 1838 4215 de

176 4248 452 4308 Ecclesia
483 4247 831 4303 liberatione
862 4245 1203 4313 statuimus,
1235 4262 1306 4301 ne
1338 4247 1581 4318 perﬁdia
1606 4247 1838 4320 iniquo-

176 4355 316 4396 rum
348 4336 659 4394 hominum
690 4334 938 4392 ulterius
959 4352 1087 4391 eam
1112 4335 1221 4390 sub
1244 4333 1508 4405 qualibet
1535 4337 1837 4393 occasione

180 4426 530 4485 lacerandos
558 4424 1393 4498 permitteremus.lnterventu
1425 4423 1625 4496 itaque
1654 4428 1838 4497 Agne-

179 4515 262 4573 tis
290 4516 501 4572 nostraa
532 4511 755 4570 dilectae
810 4511 1172 4579 contectalis,
1223 4516 1281 4567 et
1336 4511 1609 4584 Opizonis
1648 4514 1836 4569 nostri

1938 620 2067 660 eam
2099 605 2425 676 portionem
2459 622 2635 678 quam
2687 606 2999 679 praedictus
3043 607 3353 680 episcOpus
3393 608 3465 664 de
3493 624 3588 663 ca-

1940 693 2104 749 stello
2135 693 2207 749 de
2239 695 2614 768 Montegabro
2635 694 2965 768 acquisivit,
2993 712 3095 752 seu
3127 695 3414 769 quidquid
3441 714 3586 770 prae-

1940 781 2097 838 dicta
2125 782 2370 838 ecclesia
2400 784 2459 839 in
2491 784 2727 841 castello
2758 784 2830 841 de
2857 783 3106 841 Casallia
3124 786 3380 854 tenebat,
3412 791 3468 842 et
3488 787 3587 858 ju-

1940 870 2199 927 dicatum
2232 873 2386 944 quod
2420 872 2540 945 Ugo
2570 873 2882 929 Cunizonis
2913 872 3071 929 ﬁlius
3097 875 3379 946 praedictae
3403 875 3587 931 eccle-

1942 959 2041 1016 siae
2074 960 2227 1026 fecit,
2257 965 2313 1017 et
2341 960 2540 1017 omnia
2569 978 2695 1033 quae
2731 963 2842 1017 Deo
2874 966 3168 1017 annuente
3189 963 3393 1018 eadem
3415 963 3592 1020 eccle-

1942 1048 2031 1105 sia
2051 1049 2213 1120 juste
2243 1053 2301 1105 et
2328 1048 2593 1123 legaliter
2638 1050 2955 1106 admodum
3004 1049 3346 1123 acquireret.
3392 1055 3593 1107 nostra

1941 1137 2272 1211 praiceptali
2300 1138 2645 1194 auctoritate
2686 1138 2852 1194 dicta:
2901 1138 3159 1195 ecclesiae
3192 1139 3593 1196 conﬁrmando

1943 1226 2301 1295 stabilimus,
2328 1243 2394 1283 eo
2421 1227 2690 1283 videlicet
2719 1227 2920 1283 ordine
2950 1232 3014 1284 ut
3042 1226 3243 1283 nullus
3267 1228 3407 1294 dux,
3436 1245 3590 1284 mar-

1944 1316 2098 1386 chio,
2131 1333 2326 1373 comes
2357 1333 2459 1372 seu
2488 1316 2763 1389 quaelibet
2793 1333 3007 1390 magna
3027 1332 3318 1389 parvaque
3344 1333 3593 1389 persona

1942 1405 2278 1478 prmdictam
2308 1405 2611 1462 ecclesiam
2642 1404 2729 1462 vel
2763 1406 3064 1479 episcopos
3078 1410 3457 1479 pertempora
3476 1407 3593 1462 Deo

1944 1495 2119 1550 dante
2146 1494 2365 1550 ibidem
2396 1495 2697 1551 ordinatos
2728 1494 2798 1550 de
2829 1493 3108 1550 omnibus
3138 1511 3265 1566 quae
3296 1512 3476 1567 supra
3506 1494 3595 1551 le-

1943 1585 2182 1654 guntur,
2215 1582 2520 1639 disvestire
2552 1599 2653 1638 seu
2686 1581 2999 1638 molestare
3028 1584 3431 1656 prtesumat.Si
3461 1583 3594 1655 quis

1943 1669 2126 1743 igitur
2170 1671 2350 1742 hujus
2398 1676 2609 1727 nostra
2658 1670 2988 1726 donationis
3033 1676 3092 1727 et
3137 1672 3595 1728 conﬁrmationis

1944 1765 2299 1833 praeceptum
2348 1759 2565 1815 violare
2614 1760 3074 1833 praesumpserit,
3126 1763 3439 1832 componat
3467 1760 3595 1816 auri

1944 1847 2151 1920 optimi
2176 1847 2357 1903 libras
2387 1853 2643 1914 centum,
2677 1848 3047 1903 medietatem
3080 1864 3320 1903 camerae
3360 1852 3595 1914 nostrae,

1946 1940 2004 1991 et
2033 1936 2402 1992 medietatem
2442 1937 2569 2009 jam
2620 1936 2784 1993 dicta:
2833 1936 3107 2004 ecclesiae,
3142 1937 3383 2009 suisque
3412 1940 3595 1992 recto-

1946 2023 2130 2082 ribus.
2160 2024 2321 2089 Quod
2358 2029 2419 2081 ut
2448 2025 2641 2081 verius
2688 2026 2982 2091 credatur,
3017 2024 3476 2098 diligentiusque
3524 2026 3596 2082 ab

1947 2115 2226 2171 omnibus
2252 2115 2610 2181 observetur,
2644 2131 2821 2170 manu
2855 2113 3091 2187 propria
3128 2115 3488 2182 roborantes,
3518 2114 3594 2169 si-

1947 2203 2086 2276 gillo
2116 2208 2314 2259 nostro
2346 2203 2453 2258 hoc
2482 2208 2836 2276 praeceptum
2867 2201 3137 2275 insigniri
3159 2202 3473 2273 jussimus.

2019 2292 2250 2364 Signum
2274 2291 2462 2346 damni
2490 2292 2735 2347 Heinrici
2761 2291 2988 2346 secundi
3017 2295 3387 2346 Romanorum
3432 2292 3600 2363 impe-

1949 2382 2150 2437 ratoris
2180 2382 2426 2453 Augusti.

2020 2469 2194 2542 Opizo
2225 2468 2611 2525 cancellarius
2637 2468 2758 2524 vice
2782 2467 3123 2524 Herimanni
3173 2467 3597 2542 archiepiscopi

1949 2562 2007 2616 et
2036 2557 2554 2615 archicancellarii.

2018 2650 2227 2703 Actum
2257 2664 2330 2702 xv
2363 2646 2648 2702 Kalendas
2676 2645 2837 2711 Julii,
2871 2662 3023 2701 anno
3054 2646 3368 2702 Dominicae
3401 2646 3594 2702 Incar-

1951 2736 2205 2792 nationis
2247 2736 2403 2804 1052,
2450 2752 2602 2790 anno
2651 2738 2846 2790 autem
2895 2733 3097 2790 domni
3140 2734 3391 2791 Heinrici
3440 2735 3595 2793 tertii

1950 2825 2104 2898 regis
2137 2824 2376 2881 secundi
2408 2823 2800 2896 imperatoris,
2849 2823 3236 2879 ordinationis
3284 2824 3412 2895 ejus
3440 2841 3596 2895 xxxv,

1949 2913 2179 2987 imperii
2210 2930 2287 2971 v1.

2019 3004 2230 3057 Actum
2262 3003 2549 3074 Turengo,
2578 3000 2840 3057 feliciter.
2874 3002 3077 3056 Amen.

2092 3091 2405 3163 Sequuntur
2431 3092 2591 3160 signa
2620 3091 2964 3146 notariorum
2989 3090 3085 3161 qui
3110 3089 3507 3162 descripserunt
3529 3107 3600 3148 ex

2196 3181 2528 3236 authentico.

2692 3276 2859 3332 XXV.

1951 3378 2237 3434 Heinricus
2268 3378 2412 3432 inter
2432 3390 2590 3448 reges
2618 3376 2987 3443 tertius,inter
3010 3373 3290 3448 Augustos,
3308 3375 3595 3445 secundus,

2025 3449 2163 3503 bona
2208 3464 2272 3503 ac
2308 3448 2443 3519 jura
2471 3447 2665 3502 cuncta
2713 3462 2812 3501 suo
2856 3450 3127 3517 praecepto
3152 3447 3445 3519 conﬁrmat
3490 3448 3596 3503 Ec-

2021 3521 2205 3576 clesia?
2237 3515 2579 3586 Vercellensi,
2611 3519 2833 3589 ejusque
2857 3515 3107 3588 episcopo
3138 3515 3409 3589 Gregorio.

2571 3616 2757 3687 (Anno
2792 3616 2972 3685 1051.)

2261 3716 2611 3786 [MURATORI,
2641 3715 2821 3786 Antig.
2854 3714 2975 3770 Ital.
3005 3718 3100 3775 VI.
3134 3715 3239 3770 319
3268 3716 3283 3786 ]

2021 3804 2083 3859 In
2117 3804 2355 3860 nomine
2380 3808 2592 3860 sancte:
2623 3807 2680 3857 ct
2709 3802 3020 3858 individuze
3062 3803 3388 3859 Trinitatis.
3421 3803 3595 3860 Hem—

1949 3909 2138 3961 mcus,
2172 3892 2371 3948 divina
2399 3893 2628 3949 favente
2673 3890 3003 3959 clementia,
3038 3891 3436 3947 Romanorum
3486 3892 3594 3947 im-

1947 3986 2180 4055 perator
2207 3983 2527 4054 Augustus.

2019 4071 2165 4137 Quia
2193 4067 2392 4125 nullus
2421 4072 2583 4124 extra
2612 4066 2929 4124 Ecclesium
2979 4066 3175 4123 salvus
3226 4072 3415 4140 potest
3446 4069 3593 4136 ﬁeri,

1949 4175 2315 4231 consequens
2335 4161 2425 4213 est
2446 4162 2509 4213 ut
2530 4156 2940 4229 unusquisque
2964 4155 3214 4212 ﬁdeliter
3242 4156 3516 4212 laborans
3538 4158 3597 4212 in

1947 4265 2086 4322 agro
2121 4247 2213 4303 Dei
2247 4247 2373 4301 sine
2411 4243 2846 4301 intermissione
2896 4245 3200 4301 incumbat
3241 4244 3599 4311 incremento

1945 4335 2348 4394 ecclesiasticae
2382 4333 2482 4390 rei.
2516 4335 2753 4389 Certum
2787 4340 2876 4390 est
2905 4334 3060 4389 enim
3094 4335 3233 4406 quia
3263 4335 3417 4390 sicut
3444 4334 3597 4391 exal-

1943 4431 2105 4483 tatur
2133 4431 2320 4494 mater
2347 4424 2613 4481 omnium
2635 4422 3062 4491 viventium,ita
3083 4429 3353 4479 crescunt
3375 4440 3600 4480 merces

1946 4516 2209 4571 omnium
2241 4513 2352 4570 sibi
2385 4512 2784 4570 servientium.
2804 4513 3168 4585 Quoproptcr
3194 4513 3601 4569 universorum

178 4601 921 4672 cancellarii,concedimus
951 4601 1228 4673 praedicto
1267 4599 1560 4673 episcopo,
1595 4602 1836 4674 suisque
1866 4619 1914 4684 Ι)
1944 4604 2211 4675 ejusdem
2238 4602 2647 4669 ﬁdelium,tam
2671 4601 3045 4674 praesentium
3068 4618 3246 4673 quam
3270 4603 3603 4658 luturorum

177 4691 626 4752 successoribus
653 4690 899 4747 clericos
941 4694 999 4746 et
1036 4688 1312 4757 famulos,
1346 4688 1610 4763 aliosque
1661 4708 1839 4764 super

176 4786 399 4840 terram
428 4798 549 4838 suis
577 4779 847 4837 Ecclesiae
872 4778 1268 4837 inhabitantes
1300 4779 1359 4835 in
1392 4796 1501 4836 sua
1531 4784 1834 4852 potestate,

178 4869 249 4927 ut
276 4868 450 4927 liceat
479 4884 614 4927 eum
636 4872 770 4926 ante
800 4885 863 4925 se
892 4884 1133 4926 causam
1155 4874 1409 4943 agere,et
1428 4868 1831 4942 perduellium

179 4956 443 5033 qualibet
470 4954 645 5031 legali
676 4956 968 5014 sententia
994 4956 1157 5012 litem
1175 4957 1707 5026 deﬁnire,omnium
1728 4957 1832 5013 ho-

1947 4693 2173 4748 noverit
2201 4690 2642 4763 charitas,quod
2674 4706 2782 4745 nos
2812 4689 3223 4746 ecclesiasticis
3246 4690 3603 4762 profectibus

1948 4780 2450 4847 incumbentes,ac
2482 4778 2878 4834 dilectissimae
2901 4783 3111 4833 [105th
3134 4779 3405 4851 conjugis
3424 4778 3603 4849 impe-

1948 4868 2201 4935 ratricis,
2239 4884 2343 4924 seu
2376 4865 2713 4923 charissimi
2745 4865 2927 4922 nostri
2960 4864 3065 4919 ﬁlii
3129 4865 3284 4937 regis
3348 4863 3602 4920 Heinrici

1941 4959 2212 5033 precibus
2225 4956 2457 5031 pietatis
2467 4972 2637 5013 aures
2650 4953 3176 5019 accommodantes,
3187 4970 3289 5027 per
3300 4953 3604 5027 praesentis

179 5048 414 5106 minum
444 5049 669 5105 remota
697 5045 1461 5104 contradictionePrzeterea
1487 5047 1686 5104 omnia
1706 5064 1833 5119 quae
1943 5046 2212 5121 praecepti
2243 5044 2457 5104 stabile
2498 5046 2938 5100 firmamentum
2988 5046 3203 5097 sanctae
3250 5039 3602 5097 Vercellensi

179 5134 466 5195 Adelmus
492 5136 661 5193 bona:
691 5135 987 5192 memoria
1019 5151 1154 5191 cum
1186 5150 1362 5190 uxore
1393 5151 1502 5191 sua
1540 5152 1647 5209 per
1668 5136 1835 5192 char-

178 5223 370 5283 tulam
399 5223 713 5282 oblatiOnis
744 5223 1104 5281 Volterrensi
1134 5221 1402 5278 Ecclesia:
1432 5224 1699 5293 contulit,
1724 5224 1836 5279 sci-

177 5312 320 5371 licet
348 5311 656 5370 castellum
682 5313 753 5370 de
780 5310 1125 5377 Pulliciano,
1158 5326 1291 5366 cum
1325 5312 1676 5367 monasterio
1696 5317 1836 5367 San-

182 5402 263 5460 cti
289 5401 575 5475 Sepulcri,
602 5400 855 5475 aliisque
882 5397 1272 5473 perlinentiis,
1326 5403 1383 5455 et
1428 5399 1737 5456 castellum
1768 5401 1838 5457 de

184 5488 647 5560 Monteacutulo,
679 5506 815 5547 cum
847 5489 974 5546 suis
1005 5486 1395 5562 pertinentiis,
1431 5492 1489 5545 et
1516 5505 1687 5545 suam
1713 5506 1841 5563 por-

256 5596 635 5671 (17)__Scilicet
664 5590 1144 5671 Eicbstadiensis,
1175 5594 1277 5671 qui
1308 5599 1434 5671 tum
1482 5600 1609 5671 erat
1649 5594 1842 5671 regia

185 5666 461 5728 cancellis
490 5673 548 5726 et
576 5666 1365 5743 consiliis,quiquedefuncto
1391 5666 1745 5744 Leonipaps'a
1767 5669 1840 5728 IX

1942 5135 2209 5193 Ecclesia:
2241 5136 2668 5191 conﬁrmamus
2699 5130 2900 5188 omnia
2928 5131 3078 5186 bona
3112 5130 3305 5202 quiete
3352 5130 3605 5187 tenenda

1949 5241 2016 5281 ac
2045 5225 2285 5299 paciﬁce
2306 5225 2366 5280 in
2389 5228 2670 5280 mternum
2703 5220 3104 5292 fruenda,quze
3126 5224 3328 5275 sancto
3349 5218 3601 5275 Eusebio

1950 5313 2089 5369 olim
2123 5312 2333 5369 collata
2366 5316 2503 5369 sunt
2521 5328 2553 5365 a
2570 5308 2786 5366 nostris
2817 5306 3345 5379 prmdeccssoribus
3365 5306 3601 5379 regibus

1946 5401 2038 5458 vel
2072 5401 2545 5475 imperatoribus,
2572 5415 2677 5455 seu
2708 5396 3158 5470 quibuscunque
3188 5394 3600 5453 ﬁdelibus.Sed

1947 5495 2014 5547 ut
2046 5495 2271 5548 mentes
2302 5489 2564 5547 ﬁdelium
2596 5486 2828 5561 plenius
2857 5486 3171 5558 gaudeant,
3204 5489 3259 5541 et
3297 5485 3600 5559 praedones

1950 5597 2306 5727 ἓὲἓὲοῗδὲἓε
2335 5601 2426 5655 est
2454 5609 2726 5654 summus
2758 5591 3036 5664 pontifex,
3076 5592 3273 5651 Victor
3302 5592 3374 5659 ll,
3406 5591 3599 5649 dictus

1952 5686 2106 5728 anno
2138 5686 2297 5727 lUDO.
