3968 6126
194 254 371 351 nu.

196 483 453 541 Heinrici
484 484 640 541 tertii
682 484 861 558 regis,
907 484 1277 557 imperatoris
1336 489 1533 541 autem
1586 487 1847 554 secundi,

197 572 589 631 ordinationis
634 574 763 645 ejus
782 589 951 633 xxvu.
983 573 1149 647 regni
1190 574 1429 647 quidem
1458 588 1590 642 xvn,
1621 574 1850 648 imperii

198 679 330 719 vero
358 677 416 718 1X
424 703 437 718 .

268 753 478 809 Actum
497 750 979 825 Guaresallieﬂeg.
1002 750 1371 820 Guarstallae]
1400 751 1461 807 in
1481 751 1586 809 Dei
1615 752 1853 809 nomine

199 839 465 898 feliciter.
496 843 702 897 Amen.

917 955 1138 1012 XXVII.

204 1046 493 1129 Heinrjcus
522 1060 625 1100 rex
669 1046 770 1129 III,
821 1046 1124 1129 imperator
1170 1046 1540 1129 Hacanonicif
1588 1045 1855 1129 Ecclesza‘:

344 1118 724 1174 Cremonensis
755 1115 943 1173 omnia
971 1117 1201 1172 illorum
1232 1117 1372 1172 bona
1399 1115 1706 1187 confirmat.

824 1206 1010 1276 (Anno
1043 1204 1226 1277 1055.)

523 1285 881 1357 [Memnona
911 1287 1098 1357 Antiq.
1147 1286 1269 1341 Ital.
1299 1286 1371 1355 II,
1416 1286 1532 1356 75.]

270 1375 332 1431 In
366 1375 601 1433 nomine
625 1379 837 1431 sanctis
870 1379 927 1431 et
958 1374 1267 1430 individua:
1310 1374 1636 1430 Trinitatis.
1690 1374 1855 1430 Hem-

202 1464 601 1533 mcus,divina
627 1464 854 1520 favente
871 1463 1199 1531 clementia,
1236 1464 1638 1518 Romanorum
1672 1462 1853 1535 impe-

200 1556 363 1609 rator
392 1555 712 1625 Augustus.

284 1641 341 1697 Si
371 1640 490 1698 illis
514 1643 614 1715 qui
647 1642 719 1699 ad
747 1640 875 1698 toea
906 1657 1071 1697 sacra
1102 1639 1374 1697 destinati
1407 1639 1621 1695 divinis
1647 1639 1857 1695 ofﬁciis

1541 258 1938 328 HENHICUS
1981 258 2064 325 III
2106 256 2271 327 IMP.

196 395 454 454 nationis
482 395 642 464 1055,
672 388 995 453 indictione
1050 411 1171 464 vm,
1231 409 1389 453 anno
1420 402 1615 453 autem
1647 398 1847 455 domni
1879 400 1932 466 Α

3453 266 3608 336 1122

2653 398 2909 456 XXVIII.

1961 488 2182 563 Henrici
2206 488 2298 563 III,
2335 486 2637 563 Gemmm'ze
2662 506 2724 545 ac
2762 490 2940 547 Italiae
2978 493 3141 561 regis,
3175 495 3223 546 et
3262 494 3608 563 imperatoris

2030 560 2096 625 II,
2128 560 2488 630 privilegium
2514 577 2821 617 concessum
2846 560 3189 618 Ferrariensi
3219 560 3422 634 populo
3448 582 3460 619 :
3490 612 3495 623 ι

2582 659 2769 730 (Anno
2800 658 2987 729 4055.)

2265 743 2620 817 [Muaarom,
2663 747 2995 817 Antiq.1tut.
3048 748 3114 815 V,
3153 750 3305 818 753.]

2032 839 2095 895 In
2120 841 2357 897 nomine
2379 847 2594 898 sanctae
2616 847 2675 899 et
2696 844 3006 899 individure
3032 844 3361 901 Trinitatis.
3382 847 3612 903 Hamm-

1961 930 2304 996 cus,divina
2324 931 2550 988 favente
2572 932 2897 1000 clementia,
2932 934 3327 990 Romanorum
3360 935 3609 1009 impera-

1966 1022 2059 1074 tor
2077 1021 2400 1092 Augustus.
3428 1084 3436 1094 .

2038 1107 2314 1163 Noverint
2344 1125 2549 1164 omnes
2580 1114 2794 1166 sanctae
2839 1110 2938 1166 Dei
2971 1110 3258 1179 Ecclesiae,
3312 1113 3613 1186 nostrique

1964 1195 2187 1264 ﬁdeles,
2222 1200 2345 1252 tam
2380 1198 2560 1252 futuri
2595 1215 2773 1269 quam
2836 1204 3171 1271 praesentes,
3226 1200 3479 1273 qualiter
3508 1220 3611 1275 pro

1964 1284 2219 1339 remedio
2242 1285 2450 1347 animae
2473 1290 2706 1355 nostrae,
2736 1290 2791 1341 et
2812 1289 2883 1342 ob
2922 1287 3310 1343 interventum
3336 1291 3608 1363 conjugis

1967 1377 2175 1429 nostra:
2192 1373 2583 1446 imperatricis
2600 1376 2862 1447 Agnetis,
2894 1380 2949 1430 et
2972 1382 3203 1448 propter
3224 1377 3612 1433 interventum

1966 1461 2333 1517 dilectissimi
2364 1463 2462 1517 ﬁlii
2491 1465 2671 1518 nostri
2698 1464 2920 1519 llenrici
2946 1466 3137 1536 quarti
3158 1466 3627 1541 regis,universo.

1967 1548 2180 1621 populo
2213 1550 2569 1606 Ferraricnsi
2608 1551 2775 1606 nobis
2806 1552 3154 1623 supplicanti
3217 1571 3321 1625 pro
3363 1554 3513 1611 ﬁdeli
3547 1571 3613 1611 ac

1969 1638 2172 1692 devoto
2195 1654 2395 1694 eorum
2430 1640 2661 1695 servitio
2694 1657 2898 1696 omnes
2930 1644 3532 1699 curtensesadatione
3554 1645 3613 1698 in

197 1729 548 1800 inserviunt,
581 1733 791 1787 nostra:
824 1729 1147 1801 imperialis
1179 1726 1595 1784 muniﬁcentiae
1624 1726 1854 1783 benivo-
1884 1774 1933 1838 Β
1974 1726 2207 1798 placito,
2241 1744 2368 1799 quae
2400 1729 2607 1783 Tertiae
2640 1729 2935 1793 dicuntur,
2969 1736 3126 1785 tutos
3167 1748 3293 1787 esse
3326 1732 3615 1803 permitti—

197 1816 433 1838 Ἰ--ιιὲι-Α
470 1817 521 1838 3-
561 1818 681 1838 —--!_
719 1816 1096 1838 A_L!13__2L__-
1137 1816 1442 1838 -1-_.-_A-_
1503 1832 1563 1838 --
1602 1816 1848 1838 L__:._._-
1967 1832 2098 1838 _.--__
2138 1816 2397 1838 ‘7ill-_-_
2432 1817 2594 1838 -1}---
2625 1817 2762 1838 _'_-P,_
2801 1824 2970 1838 1-1--..
3012 1819 3048 1838 μ’
3082 1819 3221 1838 νεινις
3273 1837 3279 1838 κ
3320 1820 3385 1838 Π-
3529 1820 3539 1832 ⁸

196 1816 439 1877 lentiam
469 1817 529 1872 in
557 1818 685 1875 suis
715 1816 1098 1890 petitionibus
1131 1816 1446 1873 clementer
1501 1832 1567 1872 ac
1602 1816 1853 1888 benigne

200 1907 739 1973 demonstramus,a
753 1910 864 1962 Deo
882 1906 1150 1961 omnium
1168 1922 1361 1961 rerum
1389 1904 1715 1976 inspectore
1739 1919 1855 1960 me-

201 1993 377 2051 ritam
406 1994 832 2068 eteondignam
858 1994 1304 2051 retributionem
1327 2010 1435 2050 nos
1455 1993 1711 2065 recipere
1734 2009 1857 2065 spe-

202 2098 424 2140 ramus.
452 2083 617 2141 Unde
640 2083 907 2140 omnium
949 2087 1165 2139 sanctae
1197 2082 1300 2139 Dei
1331 2082 1596 2138 Ecclesia:
1628 2085 1854 2137 nostro-

202 2187 453 2244 rumque
472 2172 886 2240 fidelium,tam
900 2172 1233 2228 futurorum
1260 2188 1436 2235 quam
1460 2169 1855 2243 praesentium,

204 2260 457 2335 diligens
500 2260 792 2320 industria
820 2260 1044 2319 noverit
1073 2260 1441 2333 qualiterpro
1457 2259 1715 2316 remedio
1730 2260 1859 2313 ani—

207 2365 316 2407 mae
328 2353 559 2419 nostris,
587 2353 646 2407 et
670 2351 742 2406 ob
758 2350 1149 2407 interventum
1165 2348 1437 2422 conjugis
1458 2347 1857 2404 nostraedilec-

204 2437 853 2510 tissimaaimperatricis
864 2439 1124 2512 Agnetis,
1159 2456 1262 2495 nec
1285 2454 1401 2493 non
1419 2444 1657 2509 prepler
1673 2435 1861 2492 incre-

209 2530 479 2585 mentum
499 2526 604 2581 ﬁlii
627 2526 811 2583 nostri
837 2527 1168 2584 charissimi
1215 2526 1469 2583 Heinriei
1492 2526 1681 2599 quarti
1713 2525 1865 2580 vide-

209 2614 351 2672 licet
369 2614 967 2688 regis,can‘onicorum
997 2620 1211 2672 sancta:
1241 2615 1651 2672 Cremonensis
1682 2614 1861 2670 eccle-

214 2704 313 2761 size
339 2704 401 2761 in
432 2704 716 2760 honorem
758 2705 1110 2761 beatissima:
1157 2705 1253 2762 Dei
1302 2705 1617 2761 Genitricis
1668 2703 1862 2759 Mariae

214 2797 565 2851 constrch
579 2792 1029 2850 necessitatibus
1045 2794 1412 2866 providentes
1426 2792 1543 2849 illis
1561 2794 1802 2849 conﬁrm
1811 2809 1866 2848 a-

219 2898 376 2951 mns,
406 2897 476 2940 ac
495 2887 700 2939 nostra
726 2882 1014 2955 imperiali
1042 2884 1386 2939 auctoritate
1419 2882 1866 2938 corroboramus

219 2976 407 3031 terras
435 2988 759 3045 suas,quas
780 2973 1028 3044 praefatae
1052 2973 1341 3029 canonica:
1373 2970 1649 3045 praesules
1677 2969 1866 3025 eidem

217 3058 473 3117 ecclesia:
503 3060 558 3117 .vi
589 3065 647 3118 et
675 3060 893 3131 injuste
923 3062 1197 3125 tulerant,
1258 3059 1526 3117 videlicet
1583 3057 1866 3115 Butanin-

1967 1832 2120 1884 mus,
2138 1816 2400 1872 Villanos
2426 1817 2601 1872 etiam
2625 1817 2778 1873 infra
2800 1824 2977 1873 totam
3002 1819 3291 1875 civitatem
3320 1820 3613 1887 Ferrariae,

1967 1904 2052 1960 vel
2085 1905 2422 1977 ubicunque
2478 1905 2537 1960 in
2569 1922 2769 1961 eorum
2802 1912 2958 1962 terra
3000 1907 3289 1975 habitant,
3321 1909 3393 1963 ad
3426 1907 3616 1981 publi-

1968 2010 2100 2047 cum
2130 1993 2409 2066 placitum
2440 2011 2555 2049 non
2587 1995 2802 2061 venire,
2828 1996 2927 2049 sed
2965 1996 3221 2052 dominis
3252 1997 3335 2052 eis
3365 2014 3468 2070 pro
3500 1995 3617 2053 illis

1968 2083 2323 2154 respondere
2368 2082 2762 2138 concedimus.
2799 2084 2981 2139 Naves
3013 2101 3152 2140 suas
3177 2089 3234 2140 et
3262 2085 3520 2142 caballos
3547 2086 3618 2141 ad

1972 2175 2032 2226 P.
2062 2171 2323 2225 ofﬁcium
2353 2170 2680 2242 persolvere
2711 2189 2823 2227 non
2858 2181 3159 2246 cogantur,
3195 2174 3308 2229 nisi
3349 2191 3485 2231 cum
3512 2192 3618 2232 nos

1973 2261 2030 2316 in
2072 2275 2319 2331 regnum
2355 2259 2618 2316 Italicum
2650 2261 3008 2328 veniremus,
3031 2261 3120 2317 vel
3151 2266 3348 2319 noster
3377 2264 3615 2321 missus.

1973 2350 2256 2404 Praeterea
2287 2348 2337 2404 si
2371 2348 2506 2420 quis
2538 2349 2609 2403 ad
2644 2349 2924 2420 placitum
2957 2356 3212 2420 vocatur,
3247 2358 3303 2406 et
3355 2353 3618 2409 debitum

1973 2455 2150 2493 suum
2185 2442 2392 2509 sponte
2424 2437 2756 2506 conﬁtetur,
2792 2456 2824 2494 a
2857 2456 3027 2510 poena
3044 2440 3372 2497 Tertiarum
3390 2441 3619 2498 solutus

1975 2528 2069 2583 sit.
2102 2526 2384 2582 Similiter
2414 2526 2589 2582 etiam
2620 2532 2677 2582 et
2734 2527 2937 2584 viduas
2991 2546 3024 2583 a
3055 2530 3267 2585 Tertiis
3310 2531 3366 2585 in
3407 2531 3619 2603 placito

1974 2616 2277 2672 solvimus.
2313 2616 2549 2671 Bannus
2582 2621 2778 2672 autem
2809 2615 3045 2672 illorum
3102 2620 3423 2674 secundum
3470 2618 3619 2675 anti-

1976 2722 2159 2777 quum
2184 2706 2428 2760 modum
2454 2710 2686 2760 centum
2710 2709 2767 2761 et
2787 2710 2913 2761 octo
2934 2706 3156 2762 denarii
3187 2707 3617 2779 sit.Ripaticum

1974 2810 2092 2850 non
2123 2794 2280 2860 dent,
2314 2792 2429 2848 nisi
2461 2793 2673 2866 Papiae,
2704 2794 3013 2849 duodecim
3053 2795 3323 2852 denarios
3354 2796 3618 2867 ejusdem

1975 2883 2527 2937 monetamCremone
2545 2887 2740 2939 autem
2768 2884 2817 2939 si
2848 2884 2993 2940 forte
3019 2886 3334 2957 quisquam
3369 2887 3621 2959 negotia-

1975 2976 2166 3026 torum
2202 2975 2465 3026 moratus
2488 2970 2682 3037 fuerit,
2714 2975 2771 3027 et
2792 2971 2931 3027 alibi
2953 2972 3187 3045 aliquod
3215 2974 3513 3045 negotium
3548 2975 3619 3029 de

1979 3058 2101 3114 sale
2131 3060 2348 3126 fecerit,
2382 3059 2498 3113 duo
2530 3057 2708 3114 oralia
2738 3059 3048 3131 persolvat.
3090 3061 3168 3115 De
3203 3061 3464 3132 piscibus
3512 3078 3617 3132 pro

214 3158 380 3221 gum,
412 3151 871 3217 Castrumvetus,
897 3149 1179 3215 Insulam,
1214 3147 1657 3214 Raduldiscum,
1685 3148 1861 3203 Casa-
1895 3131 1939 3198 C
1977 3163 2331 3219 unaquaque
2347 3150 2546 3221 vegeto
2568 3148 2717 3202 duos
2739 3147 3009 3203 denarios
3025 3131 3487 3205 Medidlanenses
3515 3131 3621 3205 tri-

166 3246 175 3256 ”
215 3236 852 3303 novam,Butalianum,
883 3235 1632 3309 Fontanellam,cappellam
1665 3234 1863 3290 Sancti

212 3324 532 3382 Salvatoris
555 3341 690 3382 cum
710 3326 837 3382 suis
857 3325 1245 3397 pertinentiis,
1269 3341 1374 3381 nec
1400 3341 1517 3381 non
1543 3328 1599 3381 et
1628 3327 1864 3379 caeteras

212 3415 400 3471 terras
432 3430 581 3491 quas
613 3414 879 3471 canonici
910 3413 1170 3487 praedicti
1230 3430 1384 3468 nunc
1439 3412 1529 3468 vel
1576 3412 1637 3468 in
1668 3413 1864 3468 futuro

207 3503 369 3575 juste
400 3514 467 3559 ac
490 3502 754 3576 legaliter
783 3503 1042 3559 detinere
1067 3502 1361 3569 videntur,
1401 3504 1533 3557 eum
1570 3500 1862 3569 districto,

216 3606 351 3649 cum
383 3590 573 3664 porcis
597 3596 656 3648 et
674 3592 1176 3659 vervecibus,cum
1205 3592 1503 3665 operibus,
1520 3595 1577 3647 et
1589 3590 1864 3646 omnibus

213 3680 438 3737 scuﬁis.
472 3679 752 3739 Prmterea
784 3683 1086 3739 sancimus
1145 3685 1321 3754 atque
1374 3679 1746 3753 praecipimus
1802 3682 1867 3734 ut

215 3768 417 3829 nullus
441 3768 994 3843 episcopus,comes,
1011 3773 1351 3843 procurator
1380 3773 1481 3824 aut
1512 3769 1768 3824 decanus
1794 3767 1866 3822 de

207 3858 341 3929 ipsa
368 3857 649 3917 canonica
708 3859 939 3915 fodrum
985 3864 1087 3916 aut
1116 3859 1375 3931 aliquam
1419 3857 1711 3914 dationem
1747 3855 1864 3912 illis

208 3945 435 4016 tollere,
466 3951 569 4002 aut
597 3945 971 4020 aliquomodo
1002 3948 1128 4004 sine
1186 3946 1355 4021 legali
1406 3945 1632 4018 judicio
1690 3943 1864 4001 mole-

203 4037 362 4091 stare
389 4034 476 4091 vel
504 4034 812 4093 disvestire
840 4041 1180 4108 praesumat.
1215 4037 1275 4093 Si
1333 4036 1467 4109 quis
1496 4051 1631 4091 vero
1662 4038 1865 4089 contra

202 4120 389 4193 hujus
411 4125 624 4178 nostra:
655 4123 1121 4179 conﬁrmationis
1179 4125 1581 4181 auctoritatem
1615 4128 1861 4180 temera-

206 4210 336 4266 rius
358 4208 604 4267 violator
630 4211 937 4278 exstiterit,
970 4216 1203 4268 centum
1265 4213 1444 4269 libras
1477 4213 1605 4269 auri
1655 4212 1861 4284 optimi

210 4300 546 4367 componat,
574 4296 945 4354 medietatem
984 4315 1225 4354 camera:
1277 4306 1488 4356 nostra;
1547 4301 1861 4372 imperiali,

211 4387 273 4441 et
302 4382 675 4446 medietatem
707 4386 1000 4457 thBletiS
1032 4387 1349 4443 canonicis.
1384 4389 1544 4453 Quod
1579 4393 1643 4442 ut
1668 4389 1861 4444 verius

1976 3238 2138 3292 buat.
2187 3232 2470 3291 Ravenna:
2527 3236 2676 3291 duos
2734 3240 2979 3291 monetae
3036 3232 3308 3292 Venetiae.
3368 3238 3621 3293 Venetiae

1973 3342 2107 3381 vero
2139 3324 2447 3380 duodecim
2482 3325 2748 3395 ejusdem
2801 3329 3062 3380 monetae.
3118 3327 3187 3380 Et
3242 3330 3449 3398 praeter
3501 3326 3621 3382 hinc

1977 3413 2396 3486 prmnominata
2428 3413 2554 3468 loca
2573 3429 2807 3468 omnem
2833 3420 3155 3470 mercatum
3181 3413 3450 3470 Italicum
3482 3416 3622 3471 abs-

1976 3520 2089 3575 que
2121 3502 2380 3574 qualibet
2409 3502 2708 3558 exactione
2738 3519 2939 3558 secure
2966 3503 3353 3575 frequentent.
3403 3508 3622 3560 Secun—

1976 3593 2115 3646 dum
2147 3592 2324 3646 etiam
2358 3592 2515 3662 quod
2539 3590 2630 3646 lex
2669 3592 2858 3662 jubet,
2894 3592 2951 3646 in
2987 3591 3196 3664 placito
3228 3592 3474 3649 induciae
3503 3592 3620 3650 illis

1975 3681 2386 3748 concedantur,
2451 3680 2565 3735 nisi
2622 3697 2756 3736 cum
2791 3698 2896 3736 nos
2953 3686 3053 3736 aut
3085 3686 3282 3738 noster
3311 3684 3530 3739 missus
3560 3683 3620 3738 in

1976 3785 2219 3841 regnum
2252 3768 2519 3824 Italicum
2548 3769 2904 3826 venerimus.
2939 3770 3218 3827 Generale
3248 3772 3527 3843 placitum
3561 3773 3619 3827 in

1974 3874 2127 3913 anno
2155 3858 2245 3912 bis
2278 3858 2629 3925 custodiant,
2690 3864 2748 3914 et
2778 3858 2885 3914 hoc
2917 3859 3189 3914 solvendo
3229 3860 3401 3915 modo
3430 3860 3619 3918 tribus

1975 3945 2182 4002 diebus
2212 3950 2269 4001 et
2300 3963 2653 4017 unaquaque
2711 3947 2804 4001 die
2834 3952 2955 4003 tres
3012 3964 3218 4019 porcos
3265 3951 3620 4020 centumque

1974 4051 2176 4107 panes,
2208 4051 2384 4090 unam
2410 4034 2622 4089 libram
2642 4034 2880 4106 piperis,
2905 4040 2961 4090 et
2990 4035 3231 4091 alteram
3277 4036 3615 4105 zinamomi,

1972 4131 2208 4195 tresque
2231 4122 2512 4180 sextarios
2538 4122 2730 4178 mellis
2756 4141 2769 4191 ;
2793 4123 3003 4195 hisque
3024 4123 3212 4179 tribus
3243 4124 3451 4180 diebus
3481 4128 3616 4179 tan-

1973 4212 2277 4267 tummodo
2338 4226 2516 4266 unam
2575 4215 2831 4283 vegetem
2890 4212 3052 4267 vini:
3113 4216 3322 4284 quarta
3356 4229 3491 4267 vero
3525 4211 3617 4268 die

1972 4318 2154 4357 unum
2179 4317 2401 4356 verrem
2424 4316 2491 4355 ac
2522 4301 2954 4374 quinquaginta
2983 4318 3162 4374 panes
3189 4300 3491 4374 placitanti
3520 4301 3619 4356 tri-

1970 4390 2175 4446 buant.
2210 4391 2449 4447 Fotrum
2502 4393 2698 4445 autem
2757 4390 2926 4445 nobis
2957 4396 3058 4446 aut
3086 4396 3286 4447 nostro
3331 4390 3511 4447 misso
3542 4392 3614 4448 ad

210 4472 505 4561 credatur,
524 4472 996 4547 diligentiusque
1050 4476 1122 4530 ab
1165 4476 1443 4531 omnibus
1501 4476 1859 4542 observetur,
1893 4498 1939 4561 D
1968 4478 2199 4535 Italiam
2229 4480 2479 4534 venienti
2512 4479 2852 4550 plenissime
2901 4479 3270 4552 persolvant;
3304 4480 3425 4537 haec
3456 4480 3614 4537 enim

210 4561 365 4617 hanc
385 4559 649 4618 chartam
675 4562 807 4619 inde
837 4563 1227 4637 conscriptam
1259 4580 1438 4620 manu
1467 4564 1704 4637 propria
1732 4565 1865 4620 sub-

204 4656 296 4706 ter
324 4650 792 4718 corroborantes,
825 4651 1002 4725 sigilli
1044 4652 1226 4710 nostri
1264 4652 1653 4727 impressione
1675 4650 1858 4723 jussi-

206 4753 343 4801 mns
372 4738 662 4812 insigniri.

273 4825 509 4895 Signum
526 4826 719 4885 domui
737 4830 985 4886 Heinrici
1007 4832 1164 4887 tertii
1205 4832 1351 4904 regis
1376 4831 1745 4896 invictissimi,
1772 4844 1854 4885 se—

200 4914 371 4973 cundi
395 4916 766 4973 Rmnanorum
793 4919 1141 4990 imperatoris
1168 4920 1417 4991 Augusti.

264 5004 641 5081 Guntherius
672 5007 1054 5064 caneellarius
1108 5008 1229 5064 vice
1287 5006 1625 5064 Herimanni
1672 5006 1855 5063 archi-

208 5091 545 5148 cancellarii
576 5095 925 5166 recognovit.

279 5179 427 5236 Data
458 5181 596 5238 Idus
615 5181 902 5252 Octobris,
924 5199 1076 5239 anno
1095 5183 1404 5241 Dominicis
1431 5184 1855 5242 Incarnationis

208 5267 369 5338 1055,
394 5269 714 5327 indictione
760 5288 873 5337 VIII,
938 5288 1089 5329 anno
1139 5275 1336 5331 autem
1366 5274 1567 5331 domni
1601 5273 1852 5332 Heinrici

208 5356 365 5414 tertii
379 5358 555 5431 regis,
570 5359 943 5433 imperatoris
959 5365 1156 5418 autem
1173 5361 1436 5430 secundi,
1469 5362 1853 5421 ordinationis

205 5445 334 5518 ejus
362 5459 531 5516 xxv",
565 5448 729 5520 regni
761 5448 997 5521 quidem
1045 5462 1175 5519 xv",
1208 5449 1441 5523 imperii
1468 5467 1602 5508 vero
1633 5464 1709 5508 lx.

274 5536 492 5603 Actum
520 5535 774 5603 Mantuae
805 5538 867 5599 in
912 5539 1014 5599 Dei
1064 5539 1302 5603 nomine
1342 5538 1609 5601 'feiiciter.
1641 5542 1849 5607 Amen.

1973 4567 2323 4638 omnia,quae
2351 4568 2709 4639 praescripta,
2738 4584 2843 4625 nec
2875 4587 2989 4626 non
3021 4586 3300 4627 concessa
3325 4575 3482 4637 sunt,
3515 4569 3616 4626 illa

1969 4655 2303 4729 exceptione
2334 4654 2668 4711 stabilimus
2713 4661 2770 4711 et
2800 4659 3221 4715 conﬁrmamus
3280 4660 3352 4715 ad
3406 4664 3615 4717 caetera

1968 4743 2405 4815 tempora;nisi
2437 4760 2570 4798 cum
2595 4761 2701 4800 nos
2723 4750 2826 4801 aut
2847 4751 3044 4802 noster
3074 4748 3293 4804 missus
3344 4748 3401 4802 in
3432 4764 3611 4821 regno

1968 4830 2170 4886 Italico
2188 4830 2542 4886 steterimus.
2568 4832 2626 4885 Si
2659 4832 2791 4904 quis
2809 4839 3004 4889 autem
3032 4835 3210 4904 hujus
3240 4840 3448 4891 nostra:
3480 4852 3611 4891 con-

1965 4919 2249 4976 cessionis
2271 4924 2327 4973 ct
2359 4922 2829 4977 conﬁrmationis
2858 4921 3100 4978 violator
3138 4923 3443 4990 exstiterit,
3477 4940 3610 4979 cen-

1964 5014 2090 5064 tum
2121 5008 2303 5064 libras
2333 5008 2462 5062 auri
2495 5008 2702 5080 optimi
2735 5017 3067 5082 componat,
3102 5013 3471 5068 medietatem
3520 5030 3611 5070 ca-

1965 5116 2138 5154 merae
2169 5101 2404 5167 nostrae,
2427 5100 2484 5153 et
2525 5098 2897 5156 medietatem
2930 5102 3207 5173 praedicto
3257 5100 3609 5158 Ferrariensi

1961 5187 2200 5261 pepulo.
2228 5188 2299 5243 Et
2328 5186 2530 5243 uthzec
2551 5191 2760 5244 nostrae
2783 5190 3247 5247 conﬁrmationis
3290 5190 3607 5248 auctoritas

1963 5276 2195 5334 stabilis
2229 5293 2295 5332 ac
2324 5277 2497 5333 ﬁrma
2525 5284 2884 5349 permaneat,
2940 5279 3091 5335 hanc
3150 5280 3413 5337 chartam
3473 5280 3609 5337 inde

1962 5365 2352 5439 conscriptam
2371 5382 2551 5424 manu
2581 5369 2836 5441 prepria,
2861 5373 2925 5424 ut
2952 5368 3107 5426 infra
3133 5370 3379 5439 videtur,
3412 5387 3604 5427 corro-

1961 5455 2256 5527 borantes,
2290 5455 2466 5531 sigilli
2501 5458 2686 5516 nostri
2716 5457 3101 5535 impressione
3138 5459 3428 5534 jussimus
3459 5460 3602 5522 insi-

1959 5543 2132 5627 gniri.
