3968 6126
389 244 546 305 “23

1745 242 2059 308 MONUM.
2107 244 2432 310 DIPLOM.

3642 246 3827 310 1124

456 379 685 450 Signum
726 377 916 433 damni
950 376 1195 438 Heinricz‘
1244 382 1394 435 tertii
1448 380 1594 449 regis
1651 378 2028 449 invictissimi,
2055 380 2109 445 Α
2140 379 2250 435 sibi
2273 379 2544 435 abbatem
2567 395 2728 436 more
2743 376 2912 436 solito
2932 380 3152 453 deipsa
3176 380 3655 454 congregatione,
3692 400 3821 439 nec

382 468 606 524 secundi
635 469 1001 523 Romanorum
1032 469 1395 539 imperatoris.

455 556 771 612 Gunterius
800 555 1179 611 cancellarius
1210 558 1331 613 vice
1372 558 1667 614 llerimani
1724 556 2028 614 archican-

382 646 601 703 cellarii
627 646 979 718 recognovit.

457 739 597 791 Data
624 749 714 790 vm
760 734 1047 791 Kalendas
1106 736 1493 808 Septembris,
1523 753 1674 792 anno
1706 734 2024 791 Dominicis

380 823 802 881 Incarnationis
830 824 1309 889 1055,indictione
1329 839 1599 893 vm,anno
1631 829 1828 880 autem
1863 823 2027 879 dom-

380 912 705 969 niHeinrici
728 912 880 968 tertii
907 911 1078 985 regis,
1114 914 1479 986 imperatoris
1519 919 1716 969 autem
1748 912 2013 978 secundi,

380 1002 762 1058 ordinationis
786 1002 912 1073 ejus
934 1015 1106 1071 xxv",
1142 1003 1302 1076 regni
1340 1003 1578 1075 quidem
1610 1015 1739 1069 xvu,
1792 1001 2022 1074 imperii

378 1109 510 1148 \‘BI‘O
542 1108 614 1146 IX.

448 1185 656 1236 Actum
719 1182 786 1235 ad
864 1184 1104 1236 Pontem
1176 1181 1232 1236 in
1292 1182 1387 1237 Dei
1458 1182 1693 1237 nomine
1753 1179 2017 1235 feliciter.

375 1273 579 1326 Amen.

1106 1385 1287 1441 ΧΧΙΧ.

377 1497 717 1565 Ρνίεεθρῑιιηι
745 1492 933 1546 damni
961 1493 1208 1548 Heinrici
1264 1494 1338 1548 Ill
1392 1494 1738 1565 imperatoris
1791 1491 2023 1565 Augusti

443 1564 927 1635 pro'monasterio
984 1565 1315 1619 Prumicnsi.
1377 1564 1803 1634 —’Con/irmat
1848 1564 2019 1632 ipsius

444 1654 478 1707 1,
487 1638 539 1690 ri
543 1637 740 1705 vilegia
756 1639 806 1689 et
826 1636 1198 1705 possessiones.

999 1750 1185 1818 (Anno
1215 1749 1399 1820 4056.)

379 1862 663 1933 [MARTEN.
717 1864 893 1934 Ampl.
959 1864 1185 1919 ϐοηθοὶ.
1250 1865 1343 1930 ΙΙΙ,
1413 1865 1534 1932 443,
1604 1880 1673 1919 ex
1728 1861 2018 1918 chartario

1008 1935 1386 2005 Prumiensi.)

447 2078 509 2133 In
542 2077 777 2132 nomine
800 2084 1010 2131 sanctas
1038 2081 1094 2132 et
1112 2077 1424 2133 individua:
1448 2075 1771 2131 Trinitatis.
1797 2076 2021 2135 Hamm-

373 2166 706 2234 cus,divina
737 2166 960 2221 favente
991 2165 1319 2233 clementia,
1344 2182 1462 2221 rex.

443 2263 500 2320 Si
534 2279 672 2334 erga
702 2262 826 2318 loca
847 2261 1060 2319 divinis
1087 2262 1345 2319 cultibus
1367 2262 1699 2334 mancipata
1729 2279 1930 2318 curam
1964 2266 2023 2317 et

373 2350 737 2424 diligentiam
771 2352 1141 2420 adhibemus,
1203 2356 1512 2423 parentum
1550 2368 1617 2407 ac
1646 2351 2021 2406 decessorum

373 2444 707 2495 nostrorum
742 2438 1009 2495 instituta
1059 2457 1174 2494 non
1207 2440 1398 2495 solum
1433 2440 1758 2506 firmamus,
1791 2455 2020 2493 verum-

370 2528 546 2583 etiam
580 2533 961 2600 augmentare
994 2529 1340 2599 satagimus,
1372 2528 1429 2581 id
1489 2528 1659 2583 nobis
1709 2528 1764 2581 in
1798 2532 2021 2583 aeternae

373 2617 865 2671 remunerationis
896 2616 1279 2671 rertibutione
1310 2617 1684 2687 profuturum
1740 2616 2024 2671 veraciter

374 2704 749 2759 confidimus.
779 2706 1141 2775 Quapropter
1171 2704 1448 2759 omnibus
1480 2708 1692 2759 sanctae
1715 2704 1813 2759 Dei
1838 2704 2025 2760 Eccle-

373 2794 470 2847 sia}
495 2792 828 2864 nostrisque
848 2792 1140 2859 fidelibus,
1168 2794 1553 2864 praesentibus
1570 2793 2023 2864 videlicetatque

373 2882 609 2950 futuris,
647 2882 946 2953 cognitum
985 2898 1113 2936 esse
1154 2880 1429 2937 volumus
1457 2882 1736 2953 quoniam
1770 2879 2023 2953 inclytus

379 2987 445 3026 ac
461 2970 807 3026 venerabilis
836 2971 1128 3025 Robertus
1153 2970 1334 3025 abbas
1356 2970 1716 3025 Prumiensis
1738 2973 2025 3026 monaste-

377 3058 466 3125 rii,
500 3058 653 3129 quod
686 3057 826 3111 divm
868 3057 1166 3113 memoriae
1226 3057 1507 3129 Pippinus
1566 3058 1864 3129 quondam
1925 3074 2023 3112 rex

2138 466 2373 524 aliunde
2396 466 2709 540 recipiendi
2732 473 3013 525 rectorem
3034 470 3088 524 vi
3105 467 3194 525 vel
3220 472 3508 542 potestate
3532 469 3824 542 alicujus

2136 574 2396 627 personae
2420 576 2432 623 ;
2458 558 2559 612 sed
2588 558 2644 612 in
2667 558 2869 614 eadem
2896 557 3175 614 electione
3207 558 3398 631 vigeat
3426 575 3559 614 cum
3585 563 3822 615 nostro

2137 661 2426 701 consensu
2450 652 2622 718 atque
2643 646 2887 703 consilio
2909 647 3208 702 seniorum
3232 647 3302 703 de
3321 646 3452 719 ipsa
3471 663 3827 721 congrega-

2134 735 2288 790 tione
2323 736 2747 809 sapientiorum
2778 736 3040 809 probitas
3089 753 3155 792 ac
3186 734 3430 793 humilis
3456 737 3800 811 suggestio.

2132 822 2421 880 Volumus
2442 828 2740 897 praeterea,
2755 824 2959 896 sicque
2980 825 3373 892 decernimus,
3396 829 3462 881 ut
3474 841 3590 894 res,
3605 825 3808 895 villa,

2132 911 2306 981 cellae,
2338 918 2510 986 atque
2550 912 2970 986 possessiones,
3030 913 3090 970 in
3143 914 3599 988 quibuscunque
3658 915 3806 971 sitae

2131 1000 2249 1055 sint
2279 1002 2616 1074 provinciis,
2650 1007 2708 1057 et
2736 1002 2976 1075 priefato
3009 1002 3256 1058 subdita;
3290 1002 3502 1059 debent
3552 1004 3794 1060 servire

2130 1088 2274 1158 loco,
2309 1091 2419 1147 sub
2450 1091 2786 1147 defensione
2819 1096 3028 1147 nostrae
3050 1091 3317 1149 tuitionis
3337 1095 3513 1165 atque
3544 1092 3799 1149 mundi-

2129 1178 2316 1235 burdo
2349 1180 2421 1235 ab
2443 1180 2602 1236 omni
2633 1180 2928 1236 exactione
2954 1197 3020 1236 ac
3042 1180 3408 1237 discussione
3443 1182 3791 1255 cuiuspiam

2130 1267 2422 1323 immunes
2453 1274 2511 1324 et
2547 1270 2775 1326 intactae
2801 1285 3034 1342 semper
3062 1269 3402 1326 consistant.
3463 1269 3676 1326 Nullus
3724 1271 3787 1327 in

2129 1357 2213 1412 eis
2235 1373 2430 1414 comes
2452 1358 2570 1413 sive
2587 1358 2786 1431 aliqua
2808 1359 3125 1429 judiciaria
3144 1363 3424 1431 potestas,
3457 1376 3791 1433 eorumque

2129 1445 2342 1519 aliquis
2359 1447 2459 1518 qui
2479 1447 2902 1520 rempublicam
2919 1448 3329 1504 administrare
3340 1447 3785 1516 debent,locum

2129 1534 2340 1591 habeat
2361 1537 2591 1591 tenendi
2616 1537 2973 1593 audientiam
3002 1537 3090 1594 vel
3112 1537 3415 1610 placitum,
3434 1538 3509 1595 ab
3539 1538 3625 1594 eis
3656 1539 3783 1596 exi-

2127 1625 2298 1695 gendi
2344 1625 2526 1697 freda,
2561 1626 2920 1697 parafredos,
2953 1628 3267 1698 conjectos,
3311 1626 3631 1695 vehiculos,
3665 1628 3779 1684 ali-

2049 1752 2097 1816 B
2131 1714 2460 1784 cujusmodi
2485 1715 2821 1816 requirendi
2843 1715 3105 1815 bannum
3133 1714 3222 1770 vel
3235 1715 3628 1772 heribannum
3652 1720 3778 1772 tam

2129 1819 2164 1857 a
2192 1803 2580 1859 servientibus
2612 1806 2668 1859 et
2694 1802 2935 1871 colonis,
2970 1803 3069 1876 qui
3102 1820 3206 1875 per
3235 1805 3501 1861 eamdem
3546 1806 3775 1877 passim

2129 1891 2385 1946 resident
2414 1891 2724 1959 territoria,
2787 1908 2965 1964 quam
3021 1892 3197 1947 etiam
3256 1909 3292 1948 a
3342 1892 3543 1949 liberis
3589 1898 3647 1950 et
3701 1895 3778 1950 de

2130 1978 2359 2034 hisdem
2393 1979 2675 2035 beneficia
2702 1979 3076 2045 habentibus,
3112 1980 3251 2053 quia
3306 1980 3391 2036 sic
3430 1983 3664 2039 censuit
3703 1983 3779 2039 de

2128 2067 2213 2123 eis
2244 2068 2483 2124 Carolus
2503 2069 2732 2143 Pippini
2756 2068 2911 2125 filius
2942 2068 3261 2142 imperator
3288 2071 3602 2140 maximus,
3647 2088 3777 2128 om-

2129 2174 2349 2229 nesque
2395 2162 2527 2231 post
2578 2174 2714 2214 eum
2746 2175 2930 2231 usque
2961 2158 3031 2215 ad
3074 2158 3195 2215 haec
3224 2163 3491 2232 tempora
3520 2176 3685 2233 reges
3725 2166 3790 2218 et

2130 2245 2361 2317 augusti
2373 2289 2383 2300 .
2395 2246 2459 2300 Et
2474 2250 2539 2301 ut
2554 2246 2736 2302 abbas
2778 2264 2918 2303 suos
2931 2248 3242 2305 advocatos
3260 2247 3789 2306 habeatlicentiam

2131 2334 2448 2402 statuendi,
2511 2336 2638 2390 sine
2698 2334 2851 2408 regis
2879 2336 3209 2408 praesentia,
3270 2336 3329 2392 in
3375 2338 3791 2409 cujuscunque

2131 2422 2361 2478 comitis
2384 2421 2629 2478 mallum
2651 2422 2918 2479 voluerit.
2943 2423 3238 2497 Quidquid
3262 2441 3398 2482 vero
3420 2426 3524 2497 jus
3555 2426 3682 2483 fisci
3711 2426 3790 2482 de

2132 2510 2485 2583 supradictis
2509 2513 2683 2569 rebus
2715 2514 2785 2569 ad
2818 2512 3008 2585 regies
3057 2531 3202 2569 usus
3253 2513 3787 2587 ministrorumque

2131 2601 2259 2670 ejus
2280 2599 2503 2672 exigere
2526 2600 2754 2672 poterit,
2781 2603 2853 2657 ad
2874 2602 3191 2659 luminaria
3210 2604 3475 2676 ejusdem
3498 2604 3783 2670 ecclesia,

2132 2705 2196 2743 ac
2226 2689 2610 2745 recreationes
2642 2690 3051 2763 indigentium,
3098 2692 3253 2748 sicut
3307 2693 3378 2749 ab
3410 2693 3494 2748 eis
3525 2698 3614 2749 est
3642 2710 3784 2749 con-

2132 2794 2385 2844 cessum,
2419 2782 2475 2833 et
2532 2779 2588 2833 in
2634 2779 3062 2851 sempiternum
3090 2781 3487 2838 concedimus.
3524 2785 3601 2837 De
3631 2780 3783 2838 telo-

2133 2867 2257 2921 neis
2274 2883 2507 2938 quoque
2522 2868 2749 2924 eunetis
2787 2869 2964 2925 etiam
3017 2870 3445 2940 occasionibus,
3469 2871 3785 2927 exactioni-

2132 2956 2263 3023 bus,
2297 2957 2794 3028 quemadmodum
2829 2963 3055 3014 constat
3086 2958 3439 3031 praafinitum
3462 2959 3784 3031 asupradi-

2132 3044 2241 3099 etis
2292 3045 2549 3118 regibus,
2608 3046 2995 3119 praecipiendo
3053 3047 3450 3117 decernimus,
3508 3064 3579 3103 ne
3642 3047 3779 3120 quis

376 3119 727 3203 Francorum
750 3151 1029 3219 suggestu
1053 3150 1109 3201 et
1130 3119 1417 3202 consensu
1447 3119 2017 3219 BertradzeAugustaa

2134 3134 2361 3206 exigere
2386 3139 2704 3207 praesumat
2718 3134 2790 3189 ab
2816 3151 3019 3190 eorum
3043 3136 3331 3193 ministris
3353 3141 3409 3193 et
3430 3119 3780 3210 missis,7qui

371 3235 641 3308 conjugis
667 3253 807 3301 sua),
841 3235 898 3290 in
934 3236 1152 3291 honore
1176 3236 1407 3291 Domini
1429 3236 1610 3291 nostri
1632 3236 1773 3291 Jesu
1805 3236 2017 3293 Christi

371 3325 615 3396 ejusque
641 3324 1025 3380 sanctissimze
1056 3324 1365 3380 Genitricis
1395 3325 1611 3393 Mariae,
1656 3325 1713 3379 in
1737 3318 1900 3396 juris.
1926 3324 2019 3380 sui

372 3412 1180 3484 proprietateafundamentis
1207 3413 1552 3481 construxit,
1586 3430 1701 3468 una
1732 3429 1868 3467 cum
1901 3412 2020 3467 col-

370 3500 519 3571 legio
553 3501 970 3555 monachorum
1005 3502 1114 3555 sub
1139 3517 1205 3555 eo
1264 3500 1611 3573 regulariter
1657 3500 2016 3571 degentium,

371 3588 515 3643 adiit
544 3588 875 3643 serenitatis
906 3593 1115 3642 nostra:
1156 3587 1550 3653 clementiam,
1604 3588 1924 3659 deprecans
1957 3592 2021 3642 ut

371 3681 752 3731 monumenta
765 3681 822 3730 et
842 3676 1217 3731 auctoritates
1234 3682 1622 3749 augustorum
1645 3675 1876 3747 abipso,
1905 3676 2017 3731 sci-

371 3764 503 3820 licet
530 3763 777 3835 Pippino
807 3769 865 3820 et
886 3764 1191 3836 infra,quze
1210 3781 1386 3837 super
1402 3769 1599 3819 tenore
1618 3781 1683 3820 ac
1697 3768 1850 3820 statu
1874 3781 2016 3835 prae-

371 3852 471 3907 fati
506 3852 839 3907 monasterii
861 3853 985 3908 suis
1008 3852 1309 3925 praeceptis
1331 3857 1387 3908 et
1408 3853 1615 3908 edictis
1648 3854 2015 3920 roborarunt,

368 3941 571 3997 eadem
617 3958 723 3996 nos
781 3942 1059 3997 innovare
1108 3946 1165 3997 et
1196 3941 1375 4014 regali
1406 3942 1751 3997 auctoritate
1783 3943 2018 3997 firmare

368 4031 557 4086 denuo
588 4030 1249 4102 dignaremur.Quorum
1280 4030 1661 4102 petitionibus
1694 4030 2015 4087 libentissi-

369 4135 462 4174 me
493 4126 841 4185 annuentes,
873 4120 1285 4192 praepositique
1308 4118 1401 4174 sui
1426 4119 1815 4175 constantiam
1846 4118 1903 4173 in
1936 4118 2018 4173 dio

366 4207 518 4263 vinis
538 4209 1165 4264 excubiisindefessam
1198 4209 1318 4263 fore
1349 4212 1785 4280 cognoscentes,
1820 4208 2016 4261 decre-

367 4295 559 4351 vimus
586 4296 666 4350 ita
689 4297 895 4363 fieri,et
916 4296 1210 4367 jussimus
1244 4297 1350 4351 hoc
1385 4313 1637 4367 praesens
1670 4294 2015 4350 muniminis

371 4382 551 4436 nostri
588 4383 875 4438 conscribi
910 4389 1286 4455 praeceptum,
1320 4400 1423 4455 per
1478 4384 1631 4454 quod
1662 4386 2017 4455 cognoscant

2130 3224 2201 3279 ob
2232 3222 2494 3279 diversas
2532 3240 2740 3279 causas
2789 3241 2854 3279 ac
2903 3224 3278 3282 necessitates
3307 3226 3643 3283 discurrunt
3669 3241 3780 3298 per

2129 3314 2354 3368 diversa
2400 3311 2545 3379 loca,
2579 3313 2681 3368 sed
2727 3329 2914 3385 neque
2945 3314 3018 3369 ab
3048 3314 3166 3370 ullo
3196 3315 3267 3371 de
3307 3318 3431 3371 tota
3461 3313 3684 3370 familia
3714 3315 3771 3371 S.

2128 3401 2447 3457 Salvatoris
2469 3401 2528 3456 in
2553 3401 2714 3457 nullo
2748 3406 3000 3458 mercato
3033 3404 3217 3476 regni,
3252 3403 3457 3472 nostri,
3489 3408 3778 3476 portuque

2129 3491 2339 3556 navali,
2376 3490 2460 3546 vel
2515 3491 2726 3547 naulus
2748 3490 2836 3547 vel
2868 3491 3135 3548 teloneus
3166 3494 3516 3566 requiratur,
3544 3490 3803 3566 sintque

2128 3596 2359 3652 semper
2385 3585 2442 3636 et
2499 3581 2714 3653 ubique
2772 3581 2843 3636 ab
2902 3581 3244 3653 hujusmodi
3305 3582 3665 3638 exactoribus
3716 3585 3778 3638 et

2127 3669 2423 3724 exactione
2456 3670 2750 3725 immunes
2801 3675 2858 3724 et
2885 3671 3096 3739 securi,
3130 3685 3483 3742 quocunque
3511 3668 3775 3726 locorum

2126 3756 2368 3812 ditionis
2400 3763 2608 3813 nostrae
2636 3757 2930 3829 potuerint
2967 3760 3282 3830 pervenire.
3334 3758 3558 3814 Placuit
3594 3757 3771 3815 etiam

2126 3844 2271 3900 illud
2324 3846 2688 3914 interserere,
2722 3851 2789 3901 ut
2827 3846 2876 3902 si
2909 3844 3129 3919 aliquid
3161 3848 3356 3902 minus
3389 3847 3670 3920 reperitur
3697 3848 3770 3902 de
3804 3844 3807 3847 λ

2126 3933 2529 4006 imperialibus
2558 3933 2785 4002 edictis,
2828 3934 3240 4008 regalibusque
3297 3936 3623 4009 praeceptis,
3676 3934 3769 3991 vel

2124 4021 2535 4079 instrumentis
2557 4022 3028 4096 chartarum,per
3053 4041 3184 4096 quae
3205 4024 3329 4082 loco
3354 4023 3682 4097 supradicto
3712 4029 3773 4079 et

2127 4111 2411 4167 nobilium
2446 4109 2583 4166 filiis
2614 4128 2707 4167 res
2736 4111 2824 4167 vel
2858 4113 3077 4184 praedia
3099 4112 3364 4186 legaliter
3392 4113 3512 4169 sint
3540 4111 3767 4182 collata,

2126 4200 2277 4271 quod
2306 4204 2429 4255 tum
2449 4200 2803 4255 crematione
2829 4200 3084 4256 incendii
3107 4202 3240 4257 facti
3266 4218 3371 4275 per
3390 4202 3771 4275 irruptionem

2126 4305 2627 4361 paganorum,seu
2665 4288 3250 4364 aliquanegligentia,
3284 4290 3371 4346 vel
3400 4290 3584 4347 nimia
3611 4296 3770 4347 vetu-

2126 4383 2273 4434 state
2332 4378 2628 4451 deperissc
2695 4379 2976 4450 probatur
3017 4396 3031 4445 ;
3088 4378 3286 4435 nullus
3331 4385 3533 4436 contra
3577 4378 3766 4436 locum

368 4486 575 4525 omnes
606 4470 707 4525 Dei
742 4471 943 4526 lideles
971 4477 1028 4526 et
1056 4472 1241 4527 nostri
1274 4476 1393 4526 tam
1426 4472 1610 4526 futuri
1658 4488 1836 4543 quam
1870 4489 2014 4544 praz-
2044 4488 2093 4553 D
2123 4466 2290 4522 illum
2350 4469 2593 4539 ejusque
2651 4467 2955 4541 privilegia
3012 4468 3240 4541 aliquas
3280 4469 3659 4542 repetitiones
3685 4468 3771 4524 vel

370 4562 585 4626 sentes,
621 4558 897 4630 quoniam
930 4559 1213 4631 quidquid
1274 4560 1345 4615 de
1403 4564 1560 4615 statu
1614 4560 1871 4632 praedicti
1903 4560 2012 4616 loci

370 4650 829 4720 cunctorumque
863 4648 933 4703 ad
968 4647 1133 4703 illum
1167 4648 1605 4720 pertinentium,
1640 4647 1893 4704 universi
1924 4649 2018 4704 de-

369 4752 631 4793 cessores
662 4737 845 4793 nostri
869 4737 1228 4793 serenissimi
1255 4738 1496 4809 Augusti
1515 4737 1730 4792 utiliter
1746 4737 2018 4809 perfecte-

369 4843 483 4899 que
504 4831 843 4895 sanxerunt,
870 4827 926 4882 id
945 4844 1050 4898 pro
1075 4827 1328 4881 remedio
1354 4826 1534 4881 nostri
1560 4826 1743 4898 patris
1765 4826 2014 4881 Heinrici

368 4916 605 4973 secundi
642 4916 1038 4972 Romanorum
1072 4915 1442 4987 imperatoris
1472 4914 1740 4989 Augusti,
1761 4930 1865 4970 nec
1898 4931 2013 4971 non

367 5006 439 5059 ob
461 5005 850 5062 interventum
883 5011 1094 5062 nostra:
1128 5003 1487 5061 charissimze
1520 5004 1747 5070 matris,
1794 5002 2015 5059 scilicet

366 5094 603 5163 Agnetis
627 5094 1014 5167 imperatrieis
1045 5092 1759 5165 Augustae,inconvulsum
1793 5109 1858 5147 ac
1890 5096 2013 5148 sta-

367 5180 481 5236 bile
515 5184 704 5238 modis
734 5184 1015 5241 omnibus
1043 5186 1284 5238 cunctas
1325 5197 1428 5254 per
1453 5180 1856 5237 successiones
1889 5196 2011 5236 ma-

370 5285 502 5324 nere
534 5271 923 5330 decernimus.
956 5272 1141 5346 Igitur
1170 5270 1496 5326 secundum
1559 5271 1911 5340 praeceptum
1955 5272 2013 5324 et

368 5355 621 5413 edictum
657 5360 1086 5430 praeclarissimi
1118 5358 1343 5433 praefati
1407 5356 1561 5430 regis
1600 5355 1851 5428 Pippini,
1884 5373 2012 5412 om-

367 5442 647 5514 niumque
662 5463 1066 5505 successorum
1088 5450 1217 5521 ejus
1240 5452 1627 5521 augustorum
1645 5445 2009 5516 auctoritate,

366 5528 735 5620 privilegium
765 5536 842 5594 sit
871 5536 1175 5596 monachis
1204 5534 1465 5612 predicti
1487 5533 1734 5593 ceenobii
1754 5533 2009 5609 eligendi

2125 4556 2461 4613 occasiones
2483 4561 2717 4629 propter
2737 4556 3075 4628 hujusmodi
3100 4574 3221 4613 rem
3246 4574 3478 4614 movere
3504 4558 3773 4630 deinceps

2125 4650 2475 4717 praesumat;
2518 4646 2619 4701 sed
2646 4646 3038 4716 quodcunque
3059 4645 3141 4701 illi
3174 4646 3300 4702 loco
3332 4647 3658 4704 secundum
3688 4646 3767 4702 le-

2125 4751 2257 4807 gem
2273 4752 2305 4789 a
2322 4750 2672 4807 quocunque
2693 4732 2970 4790 collatum
2990 4734 3394 4803 est,hactenus
3418 4734 3546 4791 sine
3567 4734 3765 4808 repeti-

2124 4826 2280 4879 tione
2310 4822 2588 4895 possedit,
2605 4822 2832 4895 jugiter
2851 4822 3074 4896 absque
3105 4823 3564 4880 contradictione
3596 4824 3765 4880 alicu-

2115 4913 2216 4983 jus
2249 4911 2566 4983 possideat,
2600 4916 2657 4966 et
2696 4911 2746 4966 si
2780 4911 2980 4984 aliqua
3009 4912 3217 4969 exinde
3275 4929 3378 4986 per
3424 4913 3761 4985 pravitatem

2122 5017 2431 5072 pravorum
2462 4999 2770 5056 hominum
2819 5006 2959 5056 sunt
3018 5002 3232 5058 educta
3287 5001 3409 5058 sive
3450 5002 3760 5068 subtracta,

2124 5089 2416 5162 repetendi
2440 5106 2507 5145 ea
2527 5088 2772 5145 liberam
2804 5089 3017 5146 habeat
3065 5088 3427 5146 facultatem.
3464 5090 3620 5147 Inter
3646 5091 3763 5147 huic

2121 5177 2393 5234 liberales
2406 5194 2640 5251 quoque
2660 5178 3024 5247 donationes,
3042 5194 3192 5251 quas
3222 5179 3559 5237 decessores
3588 5179 3763 5236 nostri

2122 5284 2286 5340 reges
2306 5266 2431 5323 loco
2462 5266 2649 5324 eidem
2681 5267 3075 5331 contulerunt,
3124 5268 3411 5341 reperitur
3446 5268 3555 5325 hoc
3585 5268 3654 5323 ab
3683 5268 3764 5325 eis

2120 5373 2247 5412 esse
2274 5373 2638 5426 concessum,
2694 5360 2984 5429 quatenus
3044 5357 3094 5412 si
3154 5361 3409 5413 rectores
3460 5358 3588 5430 ejus
3630 5356 3765 5415 utile

2115 5446 2524 5518 judicaverint,
2558 5450 2882 5502 rrercatum
2914 5449 3187 5503 statuant
3209 5447 3269 5503 in
3294 5463 3640 5520 quocunque
3666 5463 3765 5520 po-

2116 5534 2346 5595 testatis
2372 5552 2491 5596 suae
2522 5534 2647 5596 loco
2675 5534 2985 5607 voluerint,
3015 5535 3360 5618 propriizue
3390 5534 3763 5605 numismetie
