3968 6126
136 304 321 377 1125

1508 304 1900 380 HENRICUS
1937 298 2020 378 ιν
2060 308 2227 377 1MP.
3138 338 3161 369 ο

3378 306 3574 379 ’1126

134 450 899 521 percussuram,monetam
934 444 1198 502 videlicet
1215 445 1460 502 faciendi
1481 447 1720 519 ibidem,
1746 467 1819 506 ex
1843 451 1898 517 Α
1925 449 2125 505 tinuas
2156 464 2355 519 preces
2377 447 2719 521 debitasque
2744 443 2858 506 Deo
2905 448 3109 505 laudes
3141 450 3234 505 die
3286 456 3568 524 nocteque

138 537 327 611 regia
350 537 635 594 haberent
664 536 1007 594 auctoritate
1052 535 1370 592 licentiam.
1404 538 1566 603 Quod
1596 542 1653 593 et
1681 556 1810 607 nos,

136 626 203 681 si
240 626 330 682 sic
360 626 545 683 abbas
577 625 972 683 necessarium
1005 624 1256 693 duxerit,
1317 624 1568 683 libenter
1604 627 1814 683 annui-

133 731 318 787 mus,
338 718 398 771 et
429 715 772 771 auctoritate
804 719 1003 771 nostra
1031 716 1399 783 roboramus,
1432 714 1626 788 sitque
1650 716 1813 773 locus

131 803 257 859 ille
288 802 782 876 praeclarissimus
839 805 951 860 sub
1009 802 1317 871 tutamine,
1379 808 1435 860 et
1491 805 1813 861 emunitate

132 897 376 949 nostra:
408 891 789 960 defensionis,
825 892 995 949 sicuti
1030 892 1212 949 fuisse
1239 893 1522 964 probatur
1545 895 1654 950 sub
1687 911 1811 950 om-

136 981 329 1039 nium
362 981 465 1054 qui
496 987 629 1037 ante
658 998 766 1038 nos
795 982 1032 1038 fuerunt
1060 998 1267 1055 regum
1299 981 1643 1039 tuitione.Et
1674 982 1813 1055 quia

138 1088 262 1129 rex
282 1068 534 1128 caelestis
557 1071 821 1141 ejusdem
843 1070 954 1127 loci
984 1070 1357 1144 peculiariter
1383 1089 1499 1128 non
1532 1072 1810 1145 dedigna-

141 1165 259 1215 tur
289 1174 418 1216 esse
448 1175 775 1231 possessor,
838 1176 974 1215 cum
1024 1163 1182 1216 totus
1237 1160 1367 1231 ejus
1412 1159 1490 1216 sit
1535 1160 1692 1217 orbis
1723 1160 1810 1233 ip-

142 1249 406 1321 siusque
441 1247 892 1321 plenitudo,'rex
922 1254 1191 1304 terrenus
1224 1249 1284 1304 in
1317 1254 1600 1321 quantum
1636 1249 1809 1315 valet,

145 1338 233 1393 ad
256 1336 442 1392 vicem
473 1337 655 1409 hujus
685 1337 1069 1410 infatigabilis
1093 1338 1323 1393 studeat
1345 1354 1472 1393 esse
1516 1339 1807 1408 defensor,

148 1432 457 1499 quatenus
486 1426 704 1483 milites
748 1426 963 1482 Christi
1008 1427 1150 1481 inibi
1197 1427 1471 1500 degentes
1504 1444 1607 1499 pro
1639 1427 1838 1483 nobis

148 1515 512 1588 cunctisque
534 1517 606 1571 ad
631 1532 736 1572 nos
759 1516 1207 1588 pertinentibus,
1234 1521 1406 1587 atque
1433 1516 1593 1588 regni
1626 1516 1808 1572 nostri

151 1607 561 1672 statu,cuncta
581 1605 756 1660 etiam
771 1604 829 1660 in
847 1609 966 1660 toto
988 1605 1125 1660 orbe
1138 1604 1351 1660 diffusa
1381 1604 1657 1671 Ecclesia,
1673 1621 1807 1661 con-

156 1757 2082 1785 3m

1924 536 2255 611 persolvere
2286 536 2554 592 alacriter
2583 543 2823 593 certent.
2858 543 2922 593 Et
2954 544 3017 593 ut
3048 538 3168 594 haec
3199 538 3570 595 liberalitatis

1924 631 2136 682 nostrae
2197 626 2490 681 institutio
2550 626 2867 681 ﬁrmiorem
2928 627 2985 681 in
3043 627 3140 683 Dei
3202 629 3439 685 nomine
3469 644 3574 701 per

1922 706 2120 771 omnia
2150 714 2348 770 futura
2376 720 2643 787 tempora
2669 715 2930 770 obtineat
2961 716 3361 786 stabilitatem,
3388 734 3571 773 manu

1923 808 2123 861 nostra
2174 803 2385 859 subtus
2443 820 2572 858 eam
2623 803 3008 869 firmavimus,
3059 805 3354 877 sigillique
3385 806 3571 863 nostri

1923 892 2310 966 impressione
2332 892 2630 964 jussimus
2662 892 2953 964 insigniri.

1991 982 2223 1053 Signum
2252 981 2441 1037 damni
2468 981 2713 1036 Heinrici
2741 982 2928 1054 quarti
2956 983 3118 1052 regis.

1990 1070 2336 1126 Winiterius
2362 1069 2744 1125 caneellarius
2775 1068 2893 1125 vice
2936 1070 3232 1126 Luitholdi
3269 1070 3570 1127 archican-

1921 1158 2160 1227 cellarii,
2195 1158 2618 1231 archiepiscopi
2653 1159 2979 1230 recognovi.

1990 1248 2133 1304 Data
2161 1265 2347 1303 nonas
2378 1247 2733 1314 Decembris,
2768 1264 2919 1302 anno
2954 1248 3263 1303 Dominicae
3295 1253 3576 1305 Incarna-

1919 1338 2095 1393 tionis
2132 1338 2288 1403 1056,
2311 1337 2623 1392 indictione
2656 1354 2731 1399 ιχ,
2760 1354 2910 1390 anno
2938 1343 3133 1392 autem
3166 1338 3367 1394 demni
3397 1338 3569 1394 Hein-

1923 1427 2025 1481 rici
2059 1426 2131 1481 IV
2162 1426 2315 1499 regis
2345 1426 2598 1481 ordinat.
2635 1443 2714 1491 III,
2751 1426 2910 1496 regni
2946 1444 2983 1480 ι.

1990 1516 2201 1571 Actum
2225 1515 2470 1571 Coloniae
2490 1515 2549 1568 in
2573 1515 2674 1569 Dei
2700 1516 2935 1570 nomine
2966 1514 3227 1572 feliciter.
3261 1518 3466 1574 Amen.

1069 1907 1935 2009 HENBIGUS
2027 1909 2209 2008 IV
2297 1910 2675 2008 IMP.

635 2094 858 2152 IIUJUS
898 2093 1198 2150 NOMINIS
1228 2094 1445 2150 INTER
1484 2094 1715 2151 REGES
1746 2094 2094 2163 QUARTUS,
2147 2095 2368 2151 INTER
2404 2096 2775 2151 AUGUSTOS
2805 2098 3109 2153 TERTIUS

1568 2238 1714 2317 (An.
1782 2238 2182 2318 1056-1106.)

742 2390 1316 2486 HEINBICI
1388 2391 1542 2483 IV.
1616 2388 1862 2482 IMP.

1939 2388 3011 2483 CONSTITUTIONES

1138 2570 1363 2640 (Pen'rz,
1396 2567 1632 2623 Monum.
1668 2567 1842 2624 Germ.
1885 2568 2035 2632 hist.,
2077 2567 2209 2640 Leg.
2242 2572 2282 2622 t.
2320 2565 2389 2633 II,
2419 2583 2474 2638 p.
2510 2567 2621 2637 49.)

1672 2718 2093 2727 .——.——.—.—-——.

499 2923 831 2963 conm-smus
872 2923 1359 2962 orrennnmansrs
1400 2907 1494 2978 (Ι).

753 2997 879 3068 (Αη.
918 2997 1075 3063 1076,
1108 2996 1256 3068 Oct.)

176 3085 484 3143 Promissio
513 3088 769 3143 Heinrici
823 3088 992 3154 regis,
1058 3102 1224 3157 quam
1278 3087 1407 3157 fecit
1466 3085 1829 3140 Hildebrando

632 3174 820 3230 papae,
852 3159 951 3228 qui
969 3165 1020 3213 et
1044 3159 1355 3226 Gregorius.

245 3263 498 3320 Consilio
523 3262 785 3320 fidelium
819 3267 1151 3319 nostrorum
1176 3262 1535 3328 admonitus,
1554 3260 1828 3333 sediapo—

172 3351 395 3408 stolicte
428 3355 485 3408 et
514 3351 621 3407 tibi
652 3351 931 3425 Gregorio
963 3367 1124 3423 papae
1158 3350 1414 3405 debitam
1459 3351 1518 3405 in
1549 3350 1825 3405 omnibus

170 3428 405 3498 servare
423 3440 814 3498 obedientiam
837 3439 1113 3512 promitto
1132 3440 1246 3506 ',et
1276 3456 1639 3511 quaecunque
1668 3438 1825 3510 ejus-

172 3530 309 3586 dem
335 3515 491 3586 sedis
539 3529 628 3586 vel
678 3529 763 3584 tui
819 3527 1057 3584 honoris
1089 3526 1403 3582 imminuto
1436 3544 1540 3599 per
1565 3545 1671 3584 nos
1701 3531 1828 3583 orta

169 3618 422 3686 videtur,
440 3619 643 3674 devota
661 3616 1055 3674 satisfactione
1077 3616 1388 3672 emendare
1409 3616 1644 3671 curabo.
1679 3617 1828 3682 Quia

170 3724 311 3763 vero
332 3706 597 3782 graviora
628 3706 895 3779 quaedam
926 3706 998 3761 de
1045 3705 1215 3761 nobis
1254 3705 1575 3776 jactentur,
1608 3722 1734 3776 quas
1764 3704 1824 3760 in

173 3797 443 3853 eamdem
475 3797 673 3853 sedem
698 3799 755 3851 et
781 3800 943 3851 tuam
975 3794 1356 3850 reverentiam
1399 3794 1725 3861 statuerim,
1759 3811 1827 3849 ea

172 3890 709 3958 congruotempore
727 3886 748 3919 ³
769 3884 857 3940 vel
882 3884 1227 3939 innocentiae
1254 3882 1551 3954 suffragio,
1584 3881 1671 3938 vel
1705 3883 1825 3955 opi-

171 3973 401 4029 tulante
428 3973 566 4041 Deo,
611 3973 969 4046 expurgabo,
1003 3972 1089 4028 vel
1122 3977 1247 4027 tum
1278 3972 1513 4027 demum
1575 3989 1678 4045 pro
1731 3971 1824 4029 his

173 4065 601 4135 competentem
621 4060 1026 4133 paenitentiam
1060 4060 1310 4116 libenter
1329 4061 1667 4133 amplectar.
1683 4061 1826 4117 Con-

169 4150 545 4207 decetautem
567 4153 624 4205 et
642 4148 1011 4205 sanctitatem
1044 4152 1229 4216 tuam,
1261 4166 1329 4205 ea
1356 4166 1483 4221 quae
1515 4150 1587 4205 de
1616 4154 1672 4205 te
1700 4148 1822 4205 vul-

1854 2828 1902 2892 B
1936 2816 2265 2886 ehionibus,
2296 2818 2694 2885 comitibus,et
2723 2820 3128 2892 cujuscunque
3155 2819 3460 2892 dignitatis
3490 2838 3582 2877 or-

1937 2908 2084 2975 dini,
2116 2907 2279 2962 bonze
2312 2924 2430 2962 suae
2459 2907 2777 2963 voluntatis
2811 2907 3124 2980 gloriosam
3157 2908 3581 2980 dignationem.

1937 2996 2082 3059 Quia
2096 2996 2537 3051 mansuetudini
2551 3001 2760 3051 nostra:
2777 3001 2978 3051 contra
2991 2998 3187 3052 sedem
3204 2999 3586 3069 apostolicam

1936 3087 2182 3158 ejusque
2194 3086 2588 3141 venerandum
2604 3084 2913 3156 praesulem
2928 3086 3212 3141 domuum
3237 3086 3583 3160 Gregorium

1935 3190 2147 3245 papam
2171 3174 2243 3229 ab
2266 3173 2563 3245 aliquibus
2583 3173 2929 3245 subreptum
2945 3190 3074 3229 esse
3088 3172 3349 3228 fidelium
3364 3178 3589 3231 nostro-

1936 3279 2067 3317 rum
2100 3262 2470 3336 suggestione
2500 3262 2963 3335 recognovimus,
2998 3262 3217 3334 placuit
3248 3263 3417 3318 nobis
3436 3263 3587 3336 prio-

1936 3368 2057 3406 rem
2090 3351 2441 3407 sententiam
2474 3350 2699 3407 salubri
2729 3349 2973 3405 consilio
3032 3354 3280 3419 mutare,
3330 3356 3389 3407 et
3419 3368 3580 3408 more

1933 3444 2369 3496 antecessorum
2400 3439 2956 3512 progenitorumque
3014 3443 3347 3495 nostrorum
3390 3439 3580 3497 eidem

1934 3533 2314 3584 sacrosanctae
2337 3528 2459 3584 sedi
2484 3531 2541 3582 et
2562 3528 2661 3600 qui
2688 3527 2737 3582 ei
2762 3528 3352 3601 prreessedignoscitu
3363 3529 3581 3604 r,dom-_

1935 3633 2008 3672 no
2040 3616 2316 3690 Gregorio
2348 3634 2529 3689 papae,
2555 3633 2659 3689 per
2679 3616 2877 3672 omnia
2896 3616 3155 3673 debitam
3182 3635 3410 3675 servare
3444 3619 3581 3676 obe-

1933 3705 2236 3772 dientiam,
2265 3712 2319 3761 et
2355 3706 2403 3761 si
2436 3705 2576 3776 quid
2610 3706 2669 3761 in
2703 3722 2838 3761 eum
2881 3707 3116 3779 gravius
3157 3712 3584 3781 praesumptum

1933 3798 2042 3859 est,
2074 3794 2426 3866 competenti
2463 3794 2861 3849 satisfactione
2892 3812 3259 3867 componere.
3287 3797 3578 3853 Volumus

1934 3886 2152 3950 autem,
2185 3888 2251 3937 ut
2279 3887 2336 3938 et
2365 3899 2467 3937 vos
2497 3883 2828 3938 serenitatis
2859 3888 3069 3939 nostrae
3090 3884 3353 3955 exemplo
3380 3886 3581 3942 admo-

1932 3970 2060 4037 niti,
2093 3971 2413 4026 solemnem
2441 3972 2608 4026 beato
2641 3972 2811 4026 Petro
2837 3971 3084 4042 ejusque
3115 3970 3326 4027 vicario
3351 3972 3586 4028 satisfa-

1932 4059 2181 4115 ctionem
2205 4059 2474 4115 exhibere
2499 4076 2616 4114 non
2649 4058 2931 4114 dubitetis
2958 4061 3000 4126 ³,
3030 4066 3083 4114 et
3105 4059 3440 4132 quicunque
3459 4062 3589 4133 ejus

1932 4150 2125 4204 banno
2178 4164 2240 4203 se
2297 4148 2567 4204 astrictos
2621 4146 2974 4219 intelligunt,
3025 4149 3096 4203 ab
3151 4149 3278 4220 ipso
3322 4150 3588 4207 videlicet

174 4197 545 4207 mum”-..
569 4197 1011 4205 --___----_--..-
1050 4197 1229 4216 ---κη
1265 4197 1328 4205 η
1358 4197 1482 4221 γ..
1517 4197 1584 4205 π
1621 4197 1670 4205 --
1713 4197 1798 4205 τ--
1933 4197 2121 4204 πη--
2178 4197 2237 4203 _-
2300 4197 2565 4204 --------_
2622 4197 2974 4219 --------o__--,
3026 4197 3093 4203 _-
3151 4197 3274 4220 τ--
3335 4197 3582 4207 .._--.--.

169 4241 309 4313 gata
338 4236 684 4293 scandalum
708 4236 961 4293 ecclesia:
979 4237 1234 4309 pariunt,
1271 4255 1383 4293 non
1417 4237 1818 4309 dissimulare,
1852 4197 1893 4263 α
1932 4237 2145 4292 domno
2177 4253 2328 4308 papa
2353 4236 2629 4309 Gregorio
2653 4234 2991 4291 solemniter
3013 4236 3236 4293 absolvi
3260 4238 3582 4297 elaborent.

172 4327 281 4385 sed
313 4328 533 4398 remoto
555 4342 589 4379 a
618 4324 849 4397 publica
899 4325 1253 4383 conscientia
1298 4331 1355 4383 et
1383 4326 1491 4383 hoc
1522 4327 1822 4400 scrupulo,

170 4412 570 4471 universalem
583 4416 701 4468 tam
730 4413 983 4471 ecclesiae
1016 4432 1192 4488 quam
1224 4415 1388 4489 regni
1432 4415 1822 4487 tranquillita-

172 4510 297 4561 tem
328 4517 433 4575 per
461 4505 621 4557 tuam
653 4502 1000 4575 sapientiam
1033 4504 1301 4560 stabiliri.

722 4591 974 4647 Edictum
1000 4597 1270 4661 generate.

250 4679 315 4736 Η.
353 4678 453 4737 Dei
478 4680 667 4753 gratia
697 4697 815 4748 rex,
834 4680 1308 4754 archiepiscopis,
1327 4680 1638 4754 episcOpis,
1669 4697 1825 4737 mar-

2326 4430 2655 4470 coxsz'rUs
2693 4431 3051 4471 TRICINENSIS
3092 4414 3191 4489 (2).

2219 4505 2280 4560 In
2309 4505 2536 4560 consilio
2569 4505 2812 4560 Heinrici
2841 4506 3186 4577 imperatoris
3203 4506 3292 4563 III.

2007 4592 2291 4655 Quoniam
2325 4599 2587 4646 sanctam
2620 4593 2719 4647 Dei
2768 4594 3075 4651 ecclesiam
3135 4612 3170 4650 a
3220 4612 3581 4667 paganorum

1935 4681 2582 4754 persecutionibus,Deo
2597 4681 2860 4752 juvante,
2876 4684 3125 4739 cessisse
3152 4685 3579 4755 cognoscimus,

1540 4797 1782 4853 VARle
1818 4796 2225 4853 LECTIONES.

250 4885 268 4919 ί
291 4901 346 4957 p.
379 4900 429 4941 s.
461 4900 518 4941 ο.
538 4888 593 4940 2.
671 4887 691 4920 ²
714 4886 991 4959 temporis
1014 4885 1064 4941 l.
1143 4888 1165 4921 ³
1184 4886 1463 4944 rccusetis
1481 4889 1534 4942 2.

1708 4975 1941 5031 NOTzE.

251 5079 651 5162 (t)?romissio
672 5081 829 5154 regis
851 5083 922 5138 de
944 5081 1277 5139 obedientia
1303 5099 1462 5207 pagina
1494 5083 1830 5155 praestanda

265 5152 521 5207 edictum
551 5152 622 5207 de
653 5157 885 5207 cassata
913 5154 972 5207 in
1004 5153 1344 5207 Gregorium
1441 5152 1487 5207 ΙΙ
1536 5153 1830 5207 sententia

180 5155 239 5209 et
265 5152 622 5225 edictumgde
653 5152 885 5225 cessata
913 5152 1344 5225 in‘Gregorium
1380 5152 1514 5207 VIII
1536 5153 1830 5225 sententia

181 5224 485 5280 conventui
509 5223 1001 5349 Oppenheimensi
1023 5223 1368 5281 inscribenda
1388 5239 1517 5279 esse
1535 5224 1821 5281 videntur.

181 5294 571 5349 Servanturin
629 5294 867 5349 lcodice
896 5295 1192 5349 enistolari
1216 5295 1467 5349 Udalrici
1499 5294 1821 5349 Babenber-

180 5294 579 5377 Servanturin:
596 5294 646 5377 1)
670 5296 867 5377 codice
896 5295 1192 5377 epistolari
1216 5295 1467 5377 Udalrici
1499 5294 1826 5377 Debenber-

181 5366 376 5439 gensis
400 5382 455 5421 n.
484 5366 585 5421 145
599 5371 656 5421 et
677 5366 780 5421 455
800 5366 974 5439 atque
1005 5367 1063 5432 2)
1096 5367 1152 5422 in
1187 5366 1383 5423 codice
1411 5366 1568 5438 regio
1594 5366 1826 5423 Hanno-

182 5453 393 5493 verano
424 5436 521 5491 l'ol.
555 5437 626 5492 53
652 5442 708 5492 et
735 5439 840 5504 54;
893 5438 1153 5492 edictum
1207 5454 1440 5504 quoque
1494 5439 1823 5504 Tegnagelli

182 5453 393 5493 verane
424 5453 521 5491 ιοι.
555 5453 626 5492 οδ
652 5453 708 5492 et
735 5453 840 5504 ea;
893 5453 1153 5492 edictum
1207 5454 1440 5508 quoque
1494 5453 1728 5512 Tegnag

182 5507 517 5566 Collectioni
547 5524 606 5566 ι).
638 5509 746 5563 342
775 5508 1065 5564 insertum
1093 5511 1199 5565 est.

253 5579 332 5660 (2)
360 5579 505 5640 Acta
535 5578 679 5653 haec,
708 5580 772 5641 in
802 5579 1149 5641 membrana
1167 5578 1367 5640 amuli
1391 5596 1447 5640 XI
1490 5580 1707 5643 archivi
1738 5598 1829 5641 ca-

1937 5080 2225 5139 thedralis
2249 5080 2503 5139 ecclesia:
2523 5078 2855 5152 Parmensis
2872 5081 2944 5136 ab
2960 5081 3174 5138 Irenaeo
3195 5080 3318 5137 Aﬂ’o
3332 5086 3579 5152 reperta,

1937 5155 2125 5210 edidit
2154 5153 2446 5225 Canciani,
2480 5156 2521 5205 t.
2544 5151 2625 5225 _V,
2666 5170 2723 5225 p.
2766 5153 2856 5217 45,
2889 5154 2958 5207 46
2987 5170 3000 5220 ;
3052 5154 3208 5209 unde
3254 5170 3340 5222 ea,
3373 5151 3580 5210 distin-

1938 5227 2131 5282 ctione
2164 5224 2391 5296 meliori
2418 5223 2708 5292 instituta,
2743 5225 3145 5296 proponimus.
3191 5226 3348 5281 (Etas
3378 5243 3580 5283 eorum

1938 5315 2069 5353 cum
2104 5298 2321 5353 incerta
2350 5295 2520 5361 sit,ea
2547 5295 2898 5367 expeditioni
2923 5295 3175 5352 Heinrici
3202 5297 3408 5353 Italicae
3441 5299 3579 5354 anni

1940 5370 2219 5448 1081,qua
2245 5368 2573 5448 Romanum
2598 5366 2707 5448 iter
2726 5382 3274 5448 aggress.urus,cum
3292 5368 3579 5442 episcopis

1938 5438 2273 5511 eaeterisque
2292 5438 2708 5511 Langobardirae
2733 5438 3093 5509 primoribus
3105 5440 3175 5496 de
3189 5438 3363 5496 rebus
3375 5438 3578 5499 eorum

1938 5510 2206 5567 tractavit
2232 5510 2569 5591 (ljonesa'ri,
2604 5510 2722 5591 Vite
2769 5511 3064 5583 Bennonis,
3117 5528 3164 5571 c.
3196 5514 3308 5585 22),
3341 5513 3579 5590 potissi-

1935 5597 2101 5642 mum
2133 5580 2478 5641 ascribenda
2507 5580 2868 5639 censuimus.
