3968 6126
403 248 561 336 1127

1766 226 2077 317 MONUM.
2121 223 2442 327 DIPLOM.

3644 219 3823 305 1133

400 366 579 435 nimis
600 342 915 435 dolendum
935 375 1315 444 est,eamdem
1339 371 1550 427 horum
1583 370 1682 443 qui
1712 368 2039 425 Christiano
2070 366 2124 433 Α
2156 362 2491 419 admonitus
2539 361 2719 415 fuero.
2769 358 2901 414 Haec
2951 349 3148 413 omnia
3202 371 3308 428 per
3352 355 3553 413 decem
3614 372 3818 412 annos

399 472 711 526 censentur
740 468 976 523 nomine
1007 463 1294 522 attenuari
1350 459 1866 533 Oppugnatinibus.
1934 457 2043 512 Res

398 559 595 630 itaque
615 556 995 612 ecclesiarum
1027 560 1463 609 antecessorum
1495 551 1827 604 nostrorum
1870 562 2045 617 opera

398 647 844 720 opulentissime
869 640 1661 716 congestas,corumdemque
1688 635 1923 691 solertia
1955 635 2041 688 in-

397 735 708 810 tegerrime
728 733 1255 802 conservatas,jam
1282 745 1433 785 nunc
1461 728 1792 798 iniquorum
1816 729 2041 778 nostro-

397 843 532 881 rum
563 825 871 880 hominum
904 838 1079 894 opera
1103 820 1305 875 fraude
1329 823 1385 874 et
1414 817 1642 873 astucia
1690 816 2039 878 attenuatas,

396 917 516 971 fore
544 913 782 970 omnino
804 910 1200 983 conspicimus
1221 908 1559 979 dissipatas.
1576 904 1659 959 Ad
1691 902 2041 958 devastatio-

398 1021 502 1060 nes
526 1004 721 1075 itaque
743 1001 1122 1057 ecclesiarum
1151 1001 1400 1054 utuntur
1424 992 1732 1050 libellariis
1764 996 1925 1047 extra
1962 990 2043 1045 1e-

395 1108 528 1166 gem
548 1090 807 1164 scriptis,
842 1088 1137 1161 precariis,
1166 1083 1750 1148 commutationibus,
1784 1081 1841 1134 in
1875 1078 2043 1135 detri-

394 1186 590 1237 mento
618 1197 812 1235 rerum
846 1177 1375 1234 ecclesiasticarum
1436 1172 1624 1228 factis.
1684 1172 1942 1235 Quorum
1983 1170 2046 1221 ut

391 1274 579 1327 cesset
610 1267 868 1324 insolens
901 1268 1176 1337 impetus,
1219 1262 1472 1319 decrevit
1525 1263 1729 1315 sancta
1787 1258 2043 1330 synodus

391 1355 772 1411 cuiinterfuit
822 1354 1025 1408 tertius
1074 1370 1175 1408 rex
1200 1351 1539 1406 Heinricus:
1594 1346 1909 1403 De‘rehus
1948 1361 2043 1400 ec-

392 1446 705 1501 clesiarum
728 1443 1018 1498 libellaria
1038 1442 1270 1513 penitus
1303 1438 1465 1493 nulla
1516 1436 1658 1503 fieri,
1685 1437 1922 1507 jussum
1956 1436 2045 1488 est

394 1533 740 1606 antiquitus,
774 1536 829 1587 et
853 1548 959 1586 nos
976 1532 1030 1585 id
1056 1531 1249 1602 ipsum
1273 1529 1383 1585 sub
1406 1526 1777 1583 anathemate
1801 1523 2041 1579 interdi-

393 1623 601 1679 cimus.
627 1622 707 1677 De
728 1620 931 1675 hzeresi
957 1618 1279 1674 simoniaca
1300 1636 1313 1684 ;
1337 1633 1467 1687 quis
1490 1615 1766 1687 quoniam
1798 1612 2043 1667 increvit

2154 452 2491 517 observabo,
2526 452 2761 521 excepto
2785 449 2833 502 si
2857 448 2915 502 in
2939 445 3304 519 expeditione
3348 449 3450 500 aut
3478 443 3537 499 in
3569 443 3818 500 hostem

2149 541 2268 596 iero
2320 557 2421 612 per
2476 541 2831 612 prazceptum
2890 536 3063 609 regis,
3123 531 3211 590 vel
3267 532 3445 606 super
3490 532 3817 589 inimicum

2152 630 2359 701 ipsius,
2384 632 2485 683 aut
2503 644 2679 699 super
2705 625 2873 680 illum
2898 625 2995 697 qui
3016 623 3137 678 'hoc
3168 623 3372 694 jurare
3409 621 3671 678 noluerit
3705 627 3813 677 aut

2151 719 2373 773 factum
2398 716 2711 784 violaverit,
2740 713 2898 771 salva
2921 712 3203 769 ﬁdelitate
3225 715 3284 768 et
3314 710 3602 784 praecepto
3633 709 3814 767 Hein-

2154 806 2256 862 rici
2288 805 2466 879 regis.

2930 919 3033 974 III.

2602 1024 2933 1065 CONVENTL'S
2965 1023 3122 1062 MOGU
3132 1021 3359 1063 NTINUS.

2655 1118 2784 1186 (An.
2820 1115 2978 1182 1084,
3022 1113 3159 1171 Νον.
3192 1113 3308 1183 29.)

2153 1236 2379 1291 Litterae
2437 1234 2783 1305 imperatoris
2838 1230 3346 1358 quibggtprincipes
3385 1227 3458 1284 ad
3486 1233 3809 1287 conventum

2868 1320 2982 1358 ιηυι
3074 1343 3085 1355 .

2868 1320 3085 1358 ιηυιιαι.

2224 1446 2527 1504 Heinricus
2580 1446 2674 1501 Dei
2700 1445 2886 1518 gratia
2913 1445 3308 1500 Romanorum
3359 1443 3678 1516 imperator
3697 1458 3804 1497 au-

2153 1542 2361 1610 gustus
2383 1537 2449 1592 R.
2464 1538 2483 1569 ⁸
2499 1534 2966 1607 Babenbergensi
2991 1533 3245 1589 ecclesia:
3267 1532 3536 1605 episcopo
3555 1529 3806 1606 gratiam

2154 1632 2210 1681 et
2242 1643 2413 1681 omne
2447 1625 2686 1680 bonum.
2721 1624 2937 1679 Notum
2986 1626 3075 1679 est
3120 1622 3248 1691 tibi,
3292 1625 3514 1694 quanto
3545 1617 3805 1693 periculo

394 1712 818 1782 inepta,sancta
842 1707 1091 1763 decrevit
1112 1708 1131 1740 τ’
1155 1706 1433 1778 synodus,
1450 1703 1678 1759 nullum
1702 1702 2039 1773 episcopum

2155 1719 2274 1770 tota
2298 1714 2543 1769 ﬂuctuat
2565 1712 2831 1777 ecclesia,
2864 1714 3122 1784 quantus
3142 1727 3305 1767 error
3332 1710 3391 1765 in
3422 1709 3583 1767 omni
3614 1708 3805 1781 surgit

395 1803 496 1854 aut
526 1796 900 1853 ecclesiarum
935 1796 1427 1851 consecrationem
1461 1798 1562 1848 aut
1614 1792 1921 1847 clericatus
1950 1788 2037 1844 vel

394 1887 658 1943 ordinem
684 1890 785 1941 aut
814 1884 1207 1950 diaconatum,
1240 1884 1380 1938 aut6
1417 1883 1904 1954 presbyteratum,
1937 1882 2040 1934 aut

395 1975 931 2031 commendationes
954 1973 1245 2038 altarium,
1279 1975 1379 2026 aut
1398 1970 1740 2025 traditiones
1767 1967 2038 2024 ecclesia-

396 2081 552 2131 rum,
587 2068 687 2119 aut
717 2063 1002 2127 abbatias,
1023 2065 1124 2117 aut
1144 2060 1561 2133 praeposituras
1580 2059 1827 2114 vendere
1852 2075 1864 2126 ;
1886 2056 2042 2129 quis-

396 2155 529 2227 quis
586 2151 926 2208 conduxerit
980 2156 1081 2206 aut
1134 2149 1479 2216 vendiderit,
1551 2148 1865 2204 anathema
1940 2145 2035 2201 sit.

398 2244 544 2299 Fiat.

395 2352 468 2405 De
495 2354 759 2422 praerepto
787 2352 835 2422 et
861 2350 1018 2418 ﬁrma
1063 2346 1324 2422 ﬁdelitate
1370 2347 1615 2401 Ilez'nrz'cz'
1654 2346 1802 2422 regis
1851 2347 2040 2399 contra

606 2418 1001 2492 déprzrdatores
1032 2436 1095 2473 ac
1131 2418 1465 2474 scachatores
1504 2419 1661 2487 regni
1687 2418 1822 2487 ejus.

463 2511 549 2565 Ah
577 2510 685 2565 hac
709 2512 851 2565 hora
872 2508 930 2563 in
948 2512 1117 2563 antea
1139 2507 1425 2577 adjuvain
1457 2506 1792 2560 Heinricum
1843 2521 2038 2576 regem

398 2600 497 2672 qui
521 2617 677 2654 nunc
702 2596 981 2669 regnatin
1008 2596 1195 2664 Italia,
1227 2600 1285 2650 et
1324 2595 1560 2650 nuntios
1592 2596 1741 2664 ejus,
1773 2598 1829 2649 et
1859 2594 2037 2648 comi-

399 2696 485 2744 tes
513 2704 660 2759 quos
685 2687 807 2758 ipso
829 2686 900 2740 ad
943 2686 1050 2740 hoc
1073 2683 1309 2756 elegerit
1353 2684 1424 2738 ad
1449 2683 1745 2755 justitiam
1772 2687 1827 2736 et
1853 2681 2038 2753 legem

402 2777 748 2840 faciendam,
781 2774 1117 2845 dependens
1150 2772 1474 2827 secundum
1506 2771 2038 2841 rectumjudicium

401 2871 455 2921 et
478 2866 546 2920 de
564 2864 788 2921 caeteris
810 2864 985 2918 rebus
1008 2878 1154 2933 quas
1178 2862 1362 2916 facere
1386 2859 1475 2916 lex
1502 2860 1803 2932 prohibet;
1838 2860 1909 2914 de
1940 2860 2037 2914 be-

399 2954 621 3010 neficiis
643 2956 838 3007 autem
873 2952 1196 3006 secundum
1231 2954 1452 3005 rectum
1479 2949 1769 3021 judicium
1803 2964 2038 3020 compa-

397 3040 1153 3108 rium.Furtum,schacum,
1179 3038 1266 3094 vel
1300 3039 1588 3111 rapinam,
1627 3043 1727 3093 aut
1758 3039 2036 3110 przedam,

2151 1802 2766 1873 Saxonia,quantaque
2791 1798 3149 1856 desolatione
3171 1798 3382 1855 nobilis
3403 1796 3503 1853 illa
3522 1796 3802 1853 Metensis

2149 1890 2384 1965 penitus
2428 1891 2751 1946 destruitur
2799 1889 3062 1957 ecclesia,
3096 1892 3154 1944 et
3192 1905 3306 1943 non
3338 1886 3528 1944 solum
3560 1885 3667 1954 ibi,
3700 1885 3799 1941 sed

2148 1979 2283 2036 etin
2309 1979 2556 2035 diversis
2579 1977 2847 2051 partibus
2896 1976 3141 2033 ecclesia
3164 1975 3348 2032 nostri
3384 1974 3670 2031 dividitur
3696 1973 3801 2030 im-

2146 2067 2513 2140 perii.1gitur
2542 2066 2784 2123 consilio
2817 2069 3152 2123 nostrorum
3176 2063 3440 2121 ﬁdelium
3482 2062 3799 2120 statuimus

2148 2156 2272 2212 ﬁeri
2302 2155 2613 2230 Moguntia:
2671 2154 3030 2227 colloquium
3084 2154 3142 2209 in
3201 2152 3497 2209 dominico
3542 2151 3638 2207 die
3667 2156 3798 2208 ante

2147 2245 2478 2317 proximum
2511 2246 2695 2299 sancti
2726 2244 2967 2299 Andreas
2997 2242 3235 2299 festum.
3296 2240 3442 2297 Huic
3500 2239 3792 2313 colloquio

2148 2350 2354 2390 omnes
2385 2332 2547 2405 regni
2580 2332 2874 2404 principes
2925 2330 3109 2387 nostri
3141 2330 3339 2386 ﬁdeles
3370 2329 3648 2385 intersint
3668 2331 3713 2399 9,
3742 2332 3797 2385 et

2151 2426 2427 2495 praeterea
2447 2436 2672 2487 omnes,
2701 2436 2953 2491 quorum
2977 2419 3146 2475 nobis
3164 2417 3325 2474 utilis
3345 2416 3678 2473 declaratur
3698 2422 3797 2472 aut

2150 2510 2293 2566 ﬁdes
2339 2513 2439 2565 aut
2496 2506 2724 2564 consilii
2757 2507 3143 2581 providentia.
3174 2507 3263 2562 Ad
3320 2506 3475 2578 quod
3515 2505 3710 2562 venire
3739 2509 3793 2561 te

2149 2616 2325 2671 quam
2350 2597 2554 2653 intime
2595 2614 2893 2670 rogamus,
2926 2596 3065 2669 quia
3094 2596 3429 2651 nullatenus
3457 2598 3578 2651 tam
3610 2594 3793 2651 ardua

2148 2688 2379 2761 negotia
2405 2685 2565 2759 regni
2583 2690 2639 2741 et
2668 2685 2874 2741 divisio
2924 2684 3178 2741 ecclesiae
3210 2683 3523 2740 coadunari
3554 2683 3790 2756 poterit,

2148 2777 2273 2831 sine
2304 2780 2407 2831 tua
2456 2773 2711 2829 maxima
2767 2774 3057 2846 sapientia
3093 2779 3152 2829 et
3180 2773 3424 2829 consilio
3453 2772 3684 2845 egregio
3734 2776 3790 2828 et

2148 2866 2416 2937 ﬁde,quze
2448 2864 2729 2920 hactenus
2761 2864 2928 2920 nobis
2958 2865 3291 2936 frequenter
3321 2863 3382 2918 in
3420 2862 3790 2919 necessitati-

2147 2955 2259 3010 bus
2301 2959 2358 3009 et
2406 2953 2745 3025 hujusmodi
2797 2951 3207 3009 controversiis
3260 2951 3446 3024 regni,
3479 2954 3655 3023 prout
3681 2967 3788 3007 nos

2146 3041 2439 3098 voluimus
2452 3047 2508 3097 et
2529 3057 2621 3097 res
2643 3046 2928 3114 exegerat,
2956 3045 3168 3115 prmsto
3189 3039 3409 3096 fuit.Ad
3430 3039 3586 3112 quod
3613 3038 3791 3111 collo-

398 3149 490 3189 me
523 3132 740 3187 sciente
770 3129 857 3186 vel
892 3146 1019 3184 mea
1048 3133 1255 3201 sponte
1298 3144 1413 3183 non
1470 3127 1679 3182 faciam
1740 3129 1896 3182 ultra
1939 3144 2038 3181 sex
2069 3104 2111 3171 (ἶ
2149 3132 2353 3204 quium
2384 3146 2587 3186 omnes
2625 3104 2878 3186 Saxones
2914 3104 3112 3187 nostri
3171 3127 3374 3184 fideles
3412 3104 3666 3196 venient,
3697 3104 3794 3184 ro-

398 3221 617 3278 solidos
643 3221 700 3275 in
733 3218 1288 3285 anno.Incendium,
1320 3216 1409 3271 vel
1446 3216 1659 3273 saltum
1694 3217 1764 3271 ad
1799 3215 2039 3271 castella

396 3316 452 3367 et
474 3311 543 3365 ad
566 3310 914 3373 domos,non
940 3306 1233 3363 faciam.Si
1258 3307 1400 3362 forte
1432 3306 1687 3361 evenerit
1717 3310 1779 3359 ut
1806 3304 2036 3371 faciam,

396 3399 549 3454 infra
581 3415 763 3454 unum
815 3413 1073 3452 mensem
1131 3396 1389 3467 idipsum
1436 3394 1484 3450 si
1526 3400 1723 3467 potero
1756 3393 2035 3462 reddam;

398 3490 445 3543 si
469 3505 601 3543 vero
631 3487 886 3558 idipsum
931 3486 1168 3540 reddere
1190 3502 1304 3540 non
1328 3488 1545 3556 potero,
1580 3483 1905 3539 secundum
1930 3482 2038 3537 hoc

398 3577 553 3648 quod
576 3575 821 3630 valuerit
844 3574 1167 3644 restituam,
1201 3574 1251 3627 si
1275 3573 1531 3644 accipere
1570 3570 1817 3626 voluerit
1864 3570 1915 3625 is
1945 3570 2039 3625 cui

399 3666 680 3720 damnum
712 3663 940 3718 illatum
976 3663 1171 3717 fuerit.
1204 3662 1259 3715 Si
1293 3678 1393 3734 per
1432 3677 1619 3716 meam
1652 3659 1885 3731 culpam
1916 3659 2037 3714 ine-

400 3754 742 3834 mendatum
761 3751 1281 3807 remanseritinfra
1330 3766 1514 3805 unum
1561 3750 2042 3820 mensem,juxta

399 3842 555 3913 quod
604 3841 696 3897 lex
726 3840 987 3913 praecipit
1016 3840 1360 3909 emendabo,
1390 3840 1438 3895 si
1467 3837 1729 3912 legaliter
1760 3837 2040 3893 invitatus

398 3933 579 3987 fuero.
615 3931 729 3985 Hos
760 3947 893 3985 vero
944 3928 1209 3985 homines
1242 3926 1339 4000 qui
1365 3927 1823 3999 hocjuramento
1856 3927 2042 3981 facere

401 4019 713 4085 noluerint,
747 4023 849 4074 aut
897 4019 1113 4074 factum
1154 4016 1555 4084 violaverint7,
1590 4016 1924 4071 Heinricum
1959 4032 2042 4070 re-

400 4113 663 4182 gem,aut
684 4126 856 4164 suum
888 4113 1109 4163 certum
1134 4106 1407 4161 nuntium
1440 4110 1539 4161 aut
1569 4106 1909 4178 episcopum
1943 4110 2045 4160 aut

401 4198 671 4254 comitem
705 4200 808 4269 qui
840 4215 932 4253 me
965 4197 1034 4251 ad
1076 4197 1184 4251 hoc
1216 4194 1542 4251 invitaverit
1590 4212 1689 4266 per
1722 4198 1938 4249 rectam
1972 4194 2042 4246 ti-

402 4287 535 4340 dem
557 4285 845 4354 adjuvabo
860 4282 1507 4349 devastare,secundum
1524 4285 1873 4353 praeceptum
1891 4279 2045 4353 regis

403 4378 503 4428 aut
524 4373 614 4427 sui
647 4372 787 4426 certi
836 4371 1046 4426 nuntii.
1084 4377 1159 4425 De
1190 4388 1282 4425 me
1314 4371 1438 4442 ipso
1462 4370 1703 4441 quidem
1729 4368 2045 4440 unicuique

2142 3224 2351 3294 gantes
2372 3235 2771 3291 summopere,
2803 3234 2912 3276 nos
2930 3218 2990 3273 in
3014 3217 3327 3275 Saxoniam
3356 3216 3575 3286 venire,
3600 3222 3661 3274 et
3685 3216 3795 3274 hos

2146 3326 2324 3365 novos
2355 3324 2580 3364 errores
2621 3323 2990 3379 componere.
3048 3307 3336 3363 Metenses
3370 3310 3568 3363 autem
3597 3321 3631 3361 e
3657 3322 3795 3363 con-

2148 3398 2325 3454 trario
2358 3398 2557 3454 Metim
2585 3396 2842 3454 clamant
2868 3413 2974 3453 nos
3006 3395 3277 3465 transire,
3340 3398 3634 3467 quatenus
3670 3394 3794 3461 illic

2147 3488 2384 3543 tandem
2402 3503 2514 3558 pax
2530 3490 2585 3542 et
2612 3484 2894 3542 securitas
2918 3485 3199 3540 reddatur
3211 3482 3625 3540 ecclesiaNos
3652 3500 3797 3557 quo-

2148 3594 2281 3649 que,
2317 3575 2596 3631 invitante
2648 3573 3105 3647 archiepiscopo,
3141 3572 3393 3629 Colonia;
3432 3572 3797 3637 nativitatem

2148 3664 2381 3722 Domini
2410 3663 2755 3719 celebraturi
2815 3680 3043 3730 sumus,
3105 3666 3161 3718 et
3191 3661 3404 3718 idcirco
3455 3661 3795 3730 statuimus,

2148 3754 2257 3810 hoc
2277 3752 2636 3826 colloquium
2654 3757 2786 3807 ante
2805 3752 3023 3816 ﬁeri,ut
3044 3750 3382 3822 hujusmodi
3399 3749 3797 3817 dissensiones

2150 3842 2312 3916 regni
2343 3841 2509 3914 prius
2537 3856 3226 3912 componeremus,quam
3260 3855 3363 3894 nos
3396 3838 3456 3893 in
3486 3837 3800 3899 remotiora

2150 3930 2537 3986 transiremus
2559 3928 2702 3984 loca.
2729 3929 2841 3984 Sed
2866 3928 3078 3984 idcirco
3114 3927 3453 4000 pradictam
3479 3924 3797 3999 expeditio-

2151 4017 2960 4089 nemdistulimus,quatenus
2973 4015 3271 4073 communi
3287 4016 3796 4083 omniumnostro-

2152 4124 2283 4164 rum
2302 4106 2703 4178 consilio,quae
2721 4105 2889 4162 nobis
2910 4105 3135 4179 agenda
3164 4104 3305 4174 sint,
3336 4104 3799 4163 considerentur.

2152 4197 2298 4268 Ergo
2324 4211 2601 4269 rogamus
2632 4198 2688 4251 te
2719 4210 2821 4267 per
2843 4211 2994 4261 eam,
3013 4211 3130 4267 qua
3160 4198 3459 4267 compater
3482 4193 3653 4259 nobis
3672 4193 3802 4250 effe-

2153 4288 2281 4339 ctus
2315 4300 2397 4353 es,
2432 4282 2827 4351 dilectionem,
2892 4299 2963 4339 ne
2995 4288 3049 4338 te
3108 4282 3367 4354 corporis
3397 4280 3802 4354 aegritudovel

2155 4372 2427 4446 quaelibet
2448 4371 2561 4428 alia
2578 4390 2670 4427 res
2703 4371 3151 4444 impediat,quin
3185 4371 3258 4427 ad
3285 4370 3594 4444 praefatum
3624 4369 3803 4429 collo-

404 4461 729 4516 secundum
747 4456 1568 4530 rectumjudiciumjustitiam
1585 4458 1792 4512 faciam
1815 4457 2045 4530 deipsis
2076 4470 2125 4532 υ
2152 4462 2359 4533 quium
2387 4466 2647 4534 tempore
2669 4464 2888 4517 statuto
2908 4461 3127 4528 venias,
3153 4464 3209 4515 et
3238 4460 3499 4531 ibijuma
3527 4475 3803 4533 magnam

332 4590 338 4595 .
406 4549 580 4604 rebus
603 4566 730 4619 qua:
752 4548 823 4602 ad
852 4547 1038 4620 legem
1072 4548 1398 4619 pertinent;
1451 4546 1522 4602 de
1562 4546 1860 4602 beneﬁciis
1909 4563 2043 4603 vero

406 4637 729 4694 secundum
744 4636 1264 4707 rectumjudicium
1279 4634 1663 4707 comparium,
1684 4634 2042 4709 siperlegem

2155 4550 2503 4623 sapientiam
2522 4554 2579 4606 et
2600 4550 2833 4606 solitam
2858 4550 3032 4605 fidem
3055 4553 3216 4604 tuam
3238 4548 3310 4604 de
3333 4553 3535 4605 nostra
3563 4551 3621 4605 et
3640 4547 3801 4621 regni

2157 4637 2431 4707 utilitate,
2462 4655 2587 4711 qua
2621 4636 2948 4695 necessaria
2977 4642 3136 4705 sunt,
3172 4636 3480 4694 nobiscum
3502 4636 3801 4708 disponas.

1770 4803 2010 4862 VARI/E
2047 4808 2456 4865 LECTIONES.

477 4929 498 4961 ‘
530 4929 608 4982 ita
637 4926 911 4993 distinxi,-
966 4926 1233 4981 Cunciuni
1282 4924 1437 4979 habet
1473 4941 1485 4977 :
1520 4920 1825 4977 Heinricus
1852 4924 1922 4978 de
1971 4955 2035 4966 —-
2084 4925 2230 4981 tleri.
2282 4924 2526 4979 Jussum
2582 4954 2645 4965 -—
2694 4923 3100 4979 interdicimus
3131 4923 3203 4979 de
3234 4922 3465 4994 heresi,
3496 4926 3605 4994 etc.

1417 4998 1438 5029 θ
1468 4995 1523 5048 d.
1560 5013 1611 5049 a.
1646 4996 1725 5049 ita
1754 4996 1970 5066 explevi
2000 4997 2254 5052 lacunam
2286 4995 2431 5067 apud
2461 4995 2620 5051 Cano.

408 5000 654 5070 suppleat
682 5019 703 5065 ;
744 4999 1011 5053 Canciani
1041 4999 1145 5053 dcc
1181 5040 1191 5052 .
1228 5040 1240 5051 .
1278 5040 1290 5070 _.
1328 5038 1340 5050 .

408 5070 430 5105 ⁹
460 5067 750 5127 intersunt
772 5086 816 5126 ε.
858 5070 1147 5137 Vindobon,
1179 5078 1228 5124 et
1260 5067 1559 5124 Goldastus.

3687 4921 3807 4977 δίεα

2698 4996 2715 5030 7
2748 4996 3046 5051 violaverit
3079 4996 3242 5052 Cane.
3318 4996 3339 5031 ⁸
3370 4997 3412 5051 ἱ.
3443 4992 3491 5052 e.
3536 4992 3805 5050 Roberto.
