3968 6126
136 274 296 378 1129

1480 314 1638 381 HEN
1649 313 1876 380 RICUS
1921 314 2002 380 IV
2047 311 2210 376 IMP.

1802 449 1894 506 IV.

3393 317 3552 379 1130

1471 556 1728 596 svnonus
1757 555 2089 594 MOGUNTINA
2121 539 2220 610 (3).

1582 630 1710 702 (An.
1750 629 1907 696 1085,
1941 629 2117 699 vere.)

137 727 462 783 Constitutio
490 729 640 799 pacis
668 728 767 784 Dei
792 730 850 784 in
879 728 1084 800 synodo
1130 728 1469 796 ,Colonz’ensz',
1517 745 1568 783 a.
1625 728 1786 794 1083,
1819 729 1872 794 Α
1905 728 2126 782 Henrici
2152 726 2217 780 IV
2245 727 2607 800 imperatoris
2653 728 2964 800 constitutio
3011 729 3166 800 pacis
3211 728 3310 784 Dei
3355 729 3418 782 in
3464 743 3563 799 sy-

564 799 617 854 ά.
649 802 720 853 20
749 799 951 870 aprilis
975 801 1348 872 promulgata.

206 887 529 943 SIGIWINUS
561 891 778 944 sanctze
810 887 1175 944 Coloniensis
1210 888 1485 944 aecclesiaa
1518 885 1641 943 solo
1692 904 1794 942 no-

140 975 298 1031 mine
352 975 686 1048 episcopus,
746 977 1096 1032 Faxrsnmco
1155 977 1428 1032 confratri
1497 981 1553 1032 et
1604 977 1793 1048 coepi-

135 1079 311 1135 scopo
342 1065 438 1136 (lt),
481 1064 874 1121 voluntariam
928 1071 1048 1122 tam
1098 1065 1460 1122 devotissimi
1513 1066 1794 1122 oraminis

133 1168 314 1223 quam
346 1154 680 1210 serviminis
711 1155 807 1210 sui
840 1155 1286 1212 exhibitionem.

206 1244 351 1296 Cum
385 1241 600 1298 nostris
633 1244 1001 1316 temporibus
1022 1243 1180 1300 ultra
1208 1245 1448 1300 modum
1476 1244 1795 1300 tribulatio-

134 1328 312 1385 nibus
343 1329 639 1402 variisque
671 1332 964 1404 angustiis
1005 1337 1210 1388 sancta
1257 1332 1517 1389 aecclesia
1565 1333 1623 1388 in
1669 1333 1793 1389 suis

132 1418 417 1474 membris
437 1417 814 1492 afﬂigeretur,
834 1422 977 1476 adeo
995 1426 1061 1477 ut
1088 1421 1486 1494 tranquillitas
1509 1426 1566 1476 et
1582 1439 1695 1494 pax
1727 1438 1795 1478 ex

131 1506 362 1579 integro
382 1508 815 1580 desperaretur,
841 1511 1246 1582 compatienzlo
1269 1514 1352 1565 tot
1373 1527 1578 1582 pressu
1589 1510 1666 1565 ris
1691 1514 1794 1566 tot-

126 1611 246 1666 que
264 1596 883 1668 periculis,subvenire
896 1597 1124 1665 illi,Deo
1140 1599 1792 1671 propitiante,tractavi-

135 1701 297 1752 mus;
333 1688 389 1740 et
421 1685 528 1742 hoc
561 1688 797 1741 tandem
833 1687 916 1742 illi
948 1689 1268 1744 remedium
1293 1688 1541 1745 consilio
1565 1695 1792 1744 nostro-

132 1790 272 1828 rum
304 1773 565 1829 ﬁdelium
598 1775 980 1846 providimus,
1014 1782 1079 1832 ut
1104 1794 1303 1850 pacem
1337 1795 1514 1849 quam
1541 1779 1793 1850 peccatis

128 1862 357 1918 nostris
374 1863 740 1935 exigentibus
763 1865 1108 1922 continuare
1136 1883 1254 1922 non
1276 1867 1595 1938 potuimus,
1624 1868 1796 1923 inter-

125 1951 335 2007 missis
365 1950 575 2007 saltem
609 1952 816 2009 diebus
839 1959 1125 2025 quantum
1152 1954 1334 2010 nostri
1359 1955 1515 2026 juris
1539 1955 1648 2010 fuit
1685 1955 1790 2011 ali-

126 2045 426 2111 quatenus
461 2057 963 2112 recuperaremus.
991 2043 1256 2100 Fecimus
1277 2045 1434 2099 enim
1457 2044 1564 2098 hoc
1586 2048 1642 2098 et
1659 2061 1789 2116 pro-

2153 796 2288 851 nodo
2311 797 2626 868 Moguntina
2662 814 2716 852 a.
2751 798 2892 853 1085
2925 796 3309 870 promulgata.

1976 884 2120 940 Cum
2153 883 2372 940 nostris
2397 885 2758 957 temporibus
2781 885 2937 941 ultra
2961 887 3203 942 modum
3225 886 3567 943 tribulatio-

1905 973 2078 1028 nibus
2111 977 2316 1029 sancta
2347 972 2611 1029 Ecclesia
2643 974 3022 1047 afﬂigeretur,
3049 975 3458 1047 compatiendo
3479 978 3566 1032 tot

1903 1061 2196 1133 pressuris
2228 1065 2429 1134 totque
2461 1061 2755 1134 periculis,
2783 1064 3096 1119 subvenire
3132 1062 3238 1132 illi,
3282 1063 3397 1119 Deo
3430 1081 3565 1137 pro-

1904 1150 2652 1221 pitiante,tractavimus,ut
2666 1168 2869 1224 pacem
2884 1169 3063 1224 quam
3077 1152 3332 1225 peccatis
3346 1151 3564 1208 nostris

1903 1239 2274 1312 exigentibus
2307 1239 2650 1296 continuare
2682 1258 2796 1318 non
2830 1241 3154 1313 potuimus,
3202 1240 3565 1298 intermissis

1904 1327 2113 1383 saltem
2140 1328 2352 1384 diebus
2370 1328 2744 1400 aliquatenus
2759 1330 3266 1386 conﬁrmaremus.
3282 1333 3447 1387 Anno
3462 1332 3564 1386 do-

1905 1415 2120 1471 minice
2149 1415 2573 1472 incarnationis
2607 1418 2764 1487 1085,
2794 1418 3117 1474 indictione
3164 1421 3218 1485 8,
3270 1418 3388 1475 Deo
3437 1434 3564 1474 me-

1903 1505 2106 1562 diante
2137 1510 2256 1561 tam
2291 1504 2443 1562 clero
2468 1522 2644 1579 quam
2670 1506 2885 1580 populo
2912 1507 3038 1580 pari
3061 1506 3565 1564 consentientibus

1905 1599 2056 1661 voto,
2093 1595 2483 1650 constitutum
2516 1599 2624 1664 est,
2658 1601 2782 1651 uta
2811 1597 3001 1667 primo
3033 1596 3126 1652 die
3147 1597 3433 1654 adventus
3453 1596 3564 1653 Do-

1907 1683 2051 1737 mini
2084 1701 2272 1756 usquc
2307 1685 2377 1739 ad
2411 1689 2676 1741 exactum
2707 1685 2862 1741 diem
2897 1685 3244 1758 epiphaniaa,
3279 1690 3335 1740 et
3366 1686 3439 1741 ab
3469 1685 3564 1740 in-

1902 1775 2091 1827 trante
2123 1773 2559 1846 septuagesima
2575 1791 2763 1846 usque
2784 1774 2841 1829 in
2866 1778 3099 1830 octavas
3120 1778 3485 1847 pentecostes
3506 1779 3564 1830 et

1903 1877 2004 1931 per
2024 1865 2204 1916 totam
2230 1862 2392 1917 illam
2417 1862 2595 1930 diem,
2627 1863 2905 1935 omnique
2933 1863 3076 1919 feria
3110 1863 3337 1936 quinta,
3377 1866 3560 1930 sexta,

1903 1949 2166 2018 sabbato,
2192 1949 2491 2006 dominica
2513 1951 2625 2020 die,
2650 1969 2837 2024 usque
2864 1953 2936 2008 ad
2964 1957 3158 2008 ortum
3183 1952 3325 2009 solis
3349 1968 3560 2009 secun-

1902 2038 1984 2092 dae
2017 2038 2192 2105 feriae,
2211 2040 2411 2094 addita
2437 2041 2578 2096 feria
2595 2041 2900 2113 10quatuor
2913 2045 3265 2114 temporum,
3281 2041 3560 2114 omnique

131 2090 165 2111 Ἰ
184 2090 424 2096 ““”““⁷⁷“””
461 2090 963 2112 ’””“”Ι”“““”’“¹”“““““”
991 2090 1009 2097 ¹¹⁵
1036 2090 1256 2100 ν“’“’⁸⁴““¹
1279 2090 1434 2099 ν⁵““’⁵“
1459 2090 1562 2098 ⁸¹ν⁹
1588 2090 1759 2116 ννιην
2019 2090 2192 2105 ““““”’¹
2215 2090 2410 2094 “““”⁷⁷’”
2437 2090 2578 2096 “”“”“
2653 2090 2891 2113 ’1““”“““““
2917 2090 3557 2114 ""'l'""""""""1"'

126 2129 400 2185 fecimus.
435 2130 773 2186 Convocatis
807 2131 984 2203 igitur
1014 2132 1416 2202 parrochianis
1453 2133 1670 2188 nostris
1721 2133 1790 2188 ad
1824 2090 1870 2156 Β
1903 2126 2300 2197 apostolorum
2333 2128 2535 2200 vigilia
2565 2131 2814 2185 cumdie
2834 2131 3121 2202 sequenti,
3142 2130 3384 2204 insuper
3401 2131 3562 2186 omni

123 2217 390 2289 legitime
409 2218 744 2273 condictum
772 2219 1109 2286 concilium,
1133 2221 1286 2291 quod
1313 2220 1558 2275 Coloniae
1577 2221 1631 2274 in
1659 2239 1789 2275 san-

120 2306 204 2362 cti
236 2307 390 2362 Petri
423 2307 678 2362 matrice:
713 2307 974 2364 aacclesia
1004 2326 1154 2364 anno
1178 2309 1493 2365 Dominicze
1516 2310 1784 2365 Incarna-

118 2395 303 2450 tionis
341 2397 498 2462 1083,
530 2395 846 2452 indictione
877 2398 931 2460 6,
969 2399 1035 2453 12
1066 2396 1308 2453 Kalend.
1342 2398 1478 2453 Maii
1514 2398 1785 2455 habitum

118 2488 234 2550 est,
271 2484 556 2541 ordinatis
585 2484 739 2554 aliis,
758 2487 910 2557 quod
935 2488 1006 2542 de
1028 2486 1120 2542 his
1146 2487 1331 2543 facere
1353 2488 1782 2559 disposuimus,

118 2574 186 2627 in
221 2572 454 2644 publico
477 2574 708 2629 recitari
733 2574 999 2630 fecimus.
1033 2576 1190 2639 Quod
1228 2579 1538 2647 postquam
1566 2577 1636 2632 ab
1662 2594 1785 2631 om-

124 2661 306 2716 nibus
337 2660 700 2734 aliquamdiu
734 2662 962 2717 diverso
1005 2664 1175 2717 modo
1227 2667 1541 2719 tractatum
1593 2669 1682 2719 cst
1731 2670 1786 2718 et

127 2754 537 2817 retractatum,
564 2750 678 2805 Deo
702 2749 992 2805 mediante
1011 2750 1069 2804 in
1092 2768 1272 2805 unum
1289 2752 1520 2806 tandem
1536 2768 1782 2807 conven-

123 2845 256 2894 tum
279 2842 386 2902 est,
421 2843 479 2893 et
510 2843 629 2892 tam
663 2837 813 2893 clero
847 2855 1024 2910 quam
1060 2837 1273 2910 populo
1304 2839 1428 2910 pari
1464 2845 1591 2894 voto
1644 2856 1780 2895 con-

123 2926 538 2994 sentientibus,
559 2944 673 2998 quo
696 2928 868 2983 modo
891 2932 946 2982 et
965 2928 1180 3000 quibus
1204 2945 1306 3000 per
1327 2946 1547 3002 annum
1566 2929 1781 3002 spaciis

119 3016 418 3072 observari
442 3017 654 3071 debeat
667 3017 1028 3072 edocuimus.
1053 3017 1332 3072 Videlicet
1353 3022 1467 3073 uta
1487 3018 1674 3090 primo
1689 3018 1781 3074 die

119 3106 411 3160 adventus
442 3105 674 3161 Domini
709 3123 898 3178 usque
936 3106 1008 3161 ad
1036 3111 1302 3162 exactum
1330 3107 1692 3179 epyphania’,
1724 3113 1781 3162 et

118 3196 196 3250 ab
227 3194 484 3250 intrante
503 3194 938 3267 septuagesima
959 3212 1143 3266 usque
1166 3196 1226 3249 in
1252 3199 1482 3251 octavas
1504 3200 1778 3267 penteco—

1901 2215 1993 2270 die
2025 2216 2298 2272 canonice
2329 2217 2400 2272 ad
2425 2218 2822 2288 jejunandum
2853 2218 2938 2274 vel
2971 2219 3301 2275 feriendum
3336 2224 3558 2276 statuta

1898 2302 1988 2360 vel
2018 2305 2351 2369 statuenda,
2385 2305 2492 2360 hoc
2524 2306 2687 2377 pacis
2718 2307 3018 2363 decretum
3040 2311 3328 2376 teneatur,
3354 2313 3556 2380 quate-

1899 2410 2012 2448 nus
2046 2394 2384 2448 iterantium
2420 2394 2696 2465 domique
2725 2395 3094 2451 manentium
3121 2396 3454 2452 securitatis
3477 2397 3556 2452 sit

1897 2481 2196 2538 tutissima
2227 2482 2482 2551 traditio,
2517 2488 2584 2538 ut
2616 2483 2784 2539 cedes
2815 2487 2871 2539 et
2901 2483 3189 2552 incendia,
3235 2485 3446 2557 predas
3496 2488 3554 2540 et

1881 2569 2157 2645 lassultus
2192 2588 2361 2627 nemo
2395 2571 2591 2641 faciat,
2627 2589 2796 2628 nemo
2817 2573 2972 2628 fuste
2989 2577 3092 2628 aut
3109 2572 3302 2647 gladio
3326 2577 3429 2629 aut
3451 2573 3561 2630 ali-

1896 2675 2008 2730 quo
2043 2677 2340 2716 armorum
2373 2677 2583 2733 genere
2632 2678 2988 2734 quemquam
3041 2661 3217 2732 ledat,
3269 2667 3326 2718 et
3375 2679 3547 2719 nemo

1895 2749 2161 2819 quamvis
2193 2749 2366 2822 culpa
2386 2750 2639 2806 faicosus
2657 2751 2727 2807 ab
2747 2752 3000 2808 adventu
3027 2751 3254 2808 Domini
3277 2768 3465 2824 usque
3485 2753 3550 2808 in

1893 2845 2122 2892 octavas
2146 2839 2481 2910 epiphanie,
2504 2844 2559 2894 et
2585 2857 2617 2893 a
2639 2842 3075 2913 septuagesima
3095 2858 3282 2914 usque
3304 2841 3362 2897 in
3385 2846 3544 2898 octa-

1890 2943 1991 2981 vas
2024 2930 2386 2998 pentecostes
2417 2927 2618 2984 tollere
2640 2946 2805 2984 arma
2827 2935 3147 3002 presumat,
3172 2935 3426 3000 scutum,
3451 2931 3540 2988 vel

1889 3015 2150 3088 gladium
2171 3015 2259 3070 vel
2277 3014 2651 3080 lanceam,vel
2670 3018 3072 3090 cujuscunque
3088 3034 3330 3089 prorsus
3347 3036 3541 3075 arma-

1888 3110 2031 3160 turae
2063 3103 2377 3160 sarcinam.
2408 3103 2692 3160 Similiter
2722 3105 2782 3160 in
2823 3105 3064 3178 reliquis
3106 3106 3333 3175 diebus,
3381 3108 3538 3168 idem

1890 3193 2199 3249 dominicis
2231 3193 2437 3266 quinta
2467 3199 2523 3249 et
2553 3197 2713 3250 sexta
2760 3193 2922 3260 feria,
2974 3195 3216 3250 sabbato
3263 3196 3542 3268 omnique

118 3289 263 3348 stes,
298 3288 354 3338 et
384 3300 486 3355 per
514 3283 874 3338 totamillam
900 3283 1261 3355 diem,etper
1278 3300 1498 3338 annum
1513 3285 1778 3340 omnidie
1885 3281 2084 3356 vigilia
2113 3281 2510 3354 apostolorum
2542 3299 2677 3337 cum
2710 3283 2803 3337 die
2832 3282 3237 3355 subsequenti,
3285 3287 3344 3339 et
3383 3284 3541 3340 omni

118 3372 416 3428 dominica
438 3372 694 3444 Ieriaque
718 3377 901 3439 sexta,
925 3377 981 3427 et
1004 3372 1063 3427 in
1085 3373 1347 3440 sabbato,
1389 3374 1588 3428 addita
1627 3391 1775 3445 qua-

1888 3373 1979 3427 die
2012 3373 2082 3427 ad
2104 3372 2498 3443 jejunandum
2523 3372 2643 3427 sive
2669 3371 2996 3426 feriandum
3025 3372 3303 3428 canonice
3324 3376 3544 3429 statuta

119 3467 257 3516 tuor
275 3464 606 3533 temporum
627 3461 790 3528 feria,
815 3461 1198 3532 omniumque
1222 3460 1616 3533 apostolorum
1637 3462 1781 3534 vigi-
1812 3459 1855 3526 Ο
1892 3460 1978 3516 vel
2012 3460 2341 3526 statuenda,
2380 3477 2493 3515 non
2524 3459 2659 3515 licet
2679 3477 2844 3516 arma
2865 3461 3013 3516 ferre
3035 3461 3148 3518 nisi
3167 3461 3337 3535 longe
3357 3461 3542 3518 eunti-

127 3550 208 3604 lia
237 3565 371 3604 cum
405 3549 497 3604 die
529 3551 865 3616 subsecuta,
904 3549 1145 3622 insuper
1183 3549 1580 3605 indifferenter
1626 3550 1784 3605 omni

121 3639 220 3693 die
247 3638 525 3694 canonice
554 3639 625 3693 ad
651 3639 1047 3709 jejunandum
1078 3639 1166 3694 vel
1200 3638 1529 3694 feriandum
1564 3643 1786 3695 statuta

117 3727 208 3782 vel
242 3728 576 3794 statuenda,
611 3727 718 3782 hoc
748 3728 910 3800 pacis
942 3729 1241 3783 decretum
1273 3731 1563 3794 teneatur;
1591 3733 1652 3783 ut
1689 3728 1782 3782 iti-

120 3816 469 3872 nerantibus
496 3815 770 3887 domique
788 3817 1164 3871 manentibus
1177 3816 1471 3871 securitati
1488 3821 1545 3872 et
1569 3815 1782 3888 quietis

121 3904 424 3960 tutissima
456 3905 532 3960 sit
563 3905 819 3972 traditio,
846 3910 912 3959 ut
934 3905 1104 3961 cedes
1126 3904 1484 3972 etincendia,
1505 3905 1711 3977 predas
1725 3909 1782 3960 et

118 3993 384 4049 assultus
403 4011 572 4049 nemo
594 3994 787 4060 faciat,
815 4011 985 4049 nemo
1008 3993 1161 4049 fuste
1184 3997 1239 4048 et
1256 3991 1449 4064 gladio
1466 3997 1568 4048 aut
1583 3991 1778 4064 aliquo

121 4099 424 4138 armorum
478 4099 687 4155 genere
736 4099 1093 4155 quemquam
1139 4073 1318 4148 ledat,
1380 4087 1436 4137 et
1500 4087 1563 4137 ut
1611 4099 1778 4138 nemo

117 4173 328 4243 quavis
354 4171 528 4243 culpa
559 4171 810 4226 faicosus
845 4172 916 4226 ab
947 4171 1195 4225 adventu
1229 4170 1457 4225 Domini
1484 4187 1672 4242 usque
1716 4169 1776 4224 in

116 4265 357 4316 octavas
389 4259 732 4331 zepiphania:
764 4265 819 4314 et
849 4257 1332 4330 aseptuagesima
1349 4259 1779 4330 usqueinocta-

116 4367 222 4405 vas
268 4351 631 4419 pentecostes
680 4346 883 4402 tollere
932 4351 1248 4418 praesumat
1277 4363 1462 4414 arma,
1514 4351 1775 4415 scutum,

113 4436 512 4511 gladium,aut
525 4435 904 4502 lanceam,vel
919 4436 1090 4506 cujus
1104 4452 1600 4507 cumqueprorsus
1614 4453 1777 4491 arma

1894 3551 2024 3616 bus,
2058 3566 2125 3605 ea
2157 3553 2349 3605 tamen
2376 3548 2707 3604 conditione
2731 3553 2796 3604 ut
2813 3548 2957 3605 nulli
2982 3549 3244 3622 quolibet
3265 3552 3437 3607 modo
3460 3551 3538 3608 le-

1894 3638 2117 3694 sionem
2152 3639 2378 3694 inferat.
2414 3637 2472 3693 Si
2506 3655 2742 3694 necesse
2775 3639 2949 3694 fuerit
2984 3638 3160 3696 alicui
3207 3639 3360 3697 infra
3407 3657 3539 3716 spa-

1893 3727 2048 3782 cium
2079 3727 2356 3782 condicta:
2389 3728 2548 3800 pacis
2580 3729 2638 3782 in
2671 3727 2852 3784 alium
2884 3727 3078 3785 locum
3121 3747 3236 3802 quo
3275 3747 3386 3802 pax
3427 3731 3543 3787 ista

1893 3831 2006 3871 non
2040 3815 2379 3870 observetur
2409 3816 2512 3882 ire,
2549 3833 2712 3872 arma
2749 3817 2914 3884 ferat,
2937 3817 3017 3874 ita
3037 3822 3235 3874 tamen
3257 3835 3330 3874 ne
3368 3818 3541 3874 alicui

1889 3907 2110 3970 noceat,
2150 3903 2260 3959 nisi
2295 3905 2693 3975 impugnetur,
2729 3909 2793 3960 ut
2824 3921 2885 3960 se
2934 3906 3231 3974 defendat,
3274 3922 3540 3963 reversus

1889 3995 2084 4046 autem
2118 3991 2332 4047 iterum
2357 4009 2522 4046 arma
2546 3993 2823 4064 deponat.
2848 3993 2906 4047 Si
2925 3994 3235 4066 contigerit
3256 3999 3320 4050 ut
3339 3995 3540 4052 castel-

1886 4081 2010 4135 lum
2043 4081 2401 4146 obsideatur,
2436 4097 2539 4152 per
2571 4080 2695 4135 dies
2726 4080 2828 4152 qui
2859 4081 3012 4136 infra
3039 4098 3240 4153 pacem
3276 4099 3540 4155 compre-

1887 4169 2057 4224 hensi
2076 4173 2214 4225 sunt
2232 4169 2304 4225 ab
2321 4168 2398 4224 im
2406 4169 2765 4241 pugnatione
2783 4173 3030 4238 cessent,
3055 4170 3170 4225 nisi
3193 4171 3264 4226 ab
3284 4171 3540 4228 obsessis

1889 4259 2314 4332 impugnentur
2345 4259 2382 4293 “
2409 4262 2464 4314 et
2497 4275 2824 4331 repugnare
2854 4264 3154 4331 cogantur.

1961 4348 2031 4403 Et
2063 4365 2133 4403 ne
2165 4347 2286 4402 haec
2316 4347 2477 4419 pacis
2508 4350 2731 4404 statuta
2751 4347 2986 4403 traditio
3010 4365 3043 4404 a
3065 4350 3270 4422 quavis
3292 4365 3543 4423 persona

1886 4435 2106 4508 inpune
2137 4434 2407 4504 violetur,
2441 4437 2514 4492 ab
2545 4436 2821 4493 omnibus
2853 4436 3008 4494 dicta
3037 4443 3126 4495 est
3147 4439 3456 4497 sententia.
3482 4440 3545 4521 Si

1415 4569 1419 4574 ς
1495 4532 1582 4586 VA
1593 4533 1733 4588 RIzE
1765 4533 2173 4591 LECTIONES.

195 4626 238 4660 ¹⁰
269 4623 434 4680 Feria
464 4624 586 4680 IIII.
621 4628 873 4696 quatuor
919 4623 1106 4691 codex,
1140 4623 1177 4657 “
1229 4621 1610 4695 impugnetur
1656 4623 1769 4679 cod.

1720 4719 1953 4777 NOT/E.

198 4813 274 4883 (3)
307 4810 612 4884 HeinriCus
645 4811 717 4884 III
767 4811 1104 4884 imperator,
1138 4809 1405 4884 testibus
1451 4808 1781 4884 Annalibus

122 4883 608 4956 Sangallenﬁsibus
621 4883 1780 4956 etBabenbcrgensibus.IIer_mannoCon-

124 4953 312 5010 tracto
343 4960 398 5008 et
424 4955 730 5009 Lamberto
761 4953 1354 5024 Aschafﬂaburgensi,
1401 4953 1459 5006 in
1494 4958 1780 5008 conventu

125 5027 499 5094 Constantiaa,
534 5025 734 5080 habito
765 5044 917 5081 anno
953 5027 1109 5094 1043,
1134 5041 1336 5095 pacem
1371 5025 1655 5079 hactenus
1694 5025 1781 5078 in-

127 5097 390 5152 auditam
421 5103 543 5152 tam
576 5097 633 5151 in
667 5102 786 5152 tota
815 5097 1020 5152 Suevia
1046 5114 1221 5168 quam
1248 5095 1304 5149 in
1329 5095 1461 5149 aliis
1503 5095 1661 5167 regni
1691 5095 1783 5168 sui

127 5168 444 5240 provinciis
477 5185 579 5239 per
607 5168 865 5223 edictum
898 5169 1066 5240 regiae
1097 5183 1358 5222 censura:
1384 5167 1779 5240 conﬁrmavit.

126 5237 311 5310 Cujus
344 5237 510 5294 tenor
537 5256 672 5295 cum
703 5240 875 5296 hodie
903 5237 1101 5303 lateat,
1135 5255 1218 5310 eo
1242 5237 1432 5310 magis
1467 5237 1781 5310 gratulan-

128 5308 270 5365 dum
303 5316 392 5366 est
420 5311 491 5365 de
524 5311 940 5366 constitutione
971 5308 1224 5365 Heinrici
1256 5308 1580 5372 1V,’eadem
1606 5310 1677 5364 de
1701 5325 1782 5378 re,

128 5382 425 5437 annalista
457 5382 918 5452 Babenbergensi
944 5385 1108 5446 teste,
1132 5381 1191 5434 in
1209 5379 1430 5452 synodo
1456 5379 1784 5452 Moguntin-

128 5453 316 5520 censi,
352 5453 560 5523 primis
593 5455 728 5508 anni
755 5449 894 5508 1085
923 5453 1225 5508 mensibus
1246 5449 1642 5523 promulgata.
1677 5453 1784 5509 Re-

129 5469 316 5520 cens1,
352 5470 560 5523 primis
593 5470 728 5508 anni
755 5468 894 5508 108:)
923 5468 1225 5508 mensibus
1250 5468 1642 5575 promulgata.
1677 5468 1784 5509 ne-

129 5525 394 5604 perimug
422 5541 550 5604 eam
566 5543 636 5604 _a.
672 5524 902 5604 1833_in
935 5524 1128 5604 codice
1147 5523 1290 5604 bib_.
1313 5521 1789 5604 reg..Babenber-

131 5594 328 5672 gensis
359 5596 417 5652 S.
451 5596 742 5653 Ambrosii
775 5595 956 5652 libros
998 5595 1072 5652 De
1119 5594 1334 5652 officiis
1377 5594 1787 5654 ministrorum

452 5722 722 5790 PATRUL.
770 5722 916 5789 GLI.

1893 4810 2226 4884 continente
2255 4809 2467 4884 saeculo
2499 4810 3192 4884 duodecimoiexaratam,
3215 4813 3461 4884 ejusque
3510 4829 3540 4868 e

1892 4881 2071 4954 latere
2101 4881 2576 4954 constitutionem
2609 4884 2778 4954 cujus
2804 4883 2876 4938 ad
2907 4899 3172 4939 normam
3197 4881 3397 4940 eiecta
3429 4888 3537 4951 est,

1894 4953 2114 5026 scilicet
2142 4953 2347 5026 synodi
2379 4952 2746 5026 Coloniensis
2774 4955 2882 5026 sub
2915 4954 3210 5026 Sigevvino
3251 4955 3539 5026 archiepi-

1893 5041 2069 5098 scopo
2103 5024 2331 5098 habitae,
2367 5025 2670 5098 exicodice
2693 5024 3027 5098 saeculiiXIf,
3042 5025 3181 5080 olim
3201 5024 3538 5098 Abdinglio-

1894 5095 2063 5169 (ensi,
2083 5097 2214 5169 jam
2241 5111 2374 5169 vero
2407 5095 2512 5169 viri
2535 5095 2846 5169 clarissimi
2877 5097 2947 5169 Β.
2976 5095 3539 5169 Meyercapitularis

1895 5167 2410 5235 Paderbornensis,
2466 5167 2656 5239 denuo
2700 5166 3536 5239 descriptam'colloéavimus.

1897 5238 2232 5313 Ij‘ormulam
2247 5237 2592 5310 juramenti,
2623 5255 2764 5313 quis,
2781 5239 2837 5293 in
2858 5237 3054 5313 codice
3074 5239 3541 5313 Babenbergensi

1895 5310 2282 5375 desideratur,
2316 5315 2512 5364 testate
2545 5311 2833 5434 praaterita
2877 5310 3143 5383 Lugduni
3194 5310 3540 5367 Batavorum

1895 5398 1963 5434 ex
1992 5381 2188 5434 codice
2219 5380 2358 5434 olim
2379 5380 2542 5434 Wert
2588 5381 2778 5434 inensi
2801 5381 2995 5434 saeculi
3018 5398 3075 5434 x1
3097 5383 3540 5434 exscripsimus-

1895 5398 1963 5455 ex
1992 5381 2188 5436 codice
2219 5380 2778 5455 olim_Werthinensi
2801 5380 3075 5455 saeculim
3097 5383 3541 5455 exscripsimus,

1897 5453 2186 5535 iniquqet
2217 5451 2426 5535 sicculo
2454 5469 2554 5534 xm
2584 5452 3125 5535 iterumr‘descripta
3164 5451 3433 5535 habetur.

1896 5521 2046 5654 61(211i)
2074 5523 2651 5599 Monasteriensiqui
2682 5540 2735 5580 a.
2772 5525 2909 5580 1804
2958 5521 3122 5583 obiit.
3174 5525 3446 5586 Schaten.
3498 5525 3540 5598 Ι,

3147 5685 3310 5798 ac
