3968 6158
439 281 597 392 ὶιει

1761 351 1764 354 ’
1795 328 2109 400 MONUM.
2157 327 2485 397 DIPLOM.

3691 324 3848 397 1132

443 466 587 519 turaa
618 463 932 523 sarcinam.
953 466 1018 524 In
1040 466 1283 542 reliquis
1302 485 1435 526 vero
1456 467 1684 538 diebus,
1709 469 1767 524 id
1791 473 1879 525 est
1900 469 1960 525 in
1986 469 2085 524 do-‘
2114 469 2170 536 Α
2199 466 2346 524 liber
2367 467 2454 523 vel
2476 465 2691 524 nobilis
2711 482 2840 524 eam
2861 465 3180 533 violaverit,
3209 466 3366 522 idem
3391 464 3443 522 si
3463 463 3847 522 homicidium

446 551 680 609 minicis
703 558 761 610 et
776 555 810 610 6
827 556 1006 625 feriis,
1027 557 1303 630 omnique
1323 557 1722 630 apostolorum
1745 557 1938 630 vigilia
1955 574 2087 613 cum

445 641 538 698 die
566 641 898 714 subsecuta,
920 649 977 702 et
991 646 1149 702 omni
1169 647 1263 703 die
1281 648 1351 702 ad
1363 648 1388 719 j
1397 648 1445 719 ej
1454 649 1757 704 unandum
1771 647 1862 702 vel
1881 647 2091 703 ferian-

443 731 584 786 dum
615 735 835 788 statuta
852 733 939 790 vel
962 736 1292 792 statuenda.
1323 736 1615 792 armaillis
1631 735 2091 803 ferrelicebit,ea

437 823 635 877 tamen
662 820 996 880 conditione
1026 828 1090 880 ut
1123 824 1270 880 nulli
1302 825 1562 898 quolibet
1602 826 1776 882 modo
1807 824 2088 880 lesionem

439 908 710 966 inferant.
745 910 806 966 Si
831 928 1066 968 necesse
1091 913 1268 968 fuerit
1292 913 1466 970 alicui
1489 913 1644 969 intra
1667 914 1931 987 spacium
1953 930 2090 969 cou-

439 997 574 1054 dita:
605 998 785 1071 pacis,
813 999 872 1056 id
893 1004 983 1057 est
1014 1001 1086 1056 ab
1119 1002 1366 1057 adventu
1390 1002 1618 1058 Domini
1641 1019 1827 1074 usque
1848 1003 1918 1057 ad
1945 1007 2094 1057 oeta-

437 1103 540 1143 vas
570 1087 911 1162 sepiphaniaa
945 1093 1003 1146 et
1032 1107 1066 1145 a
1097 1091 1533 1164 septuagesima
1559 1108 1746 1164 usque
1769 1091 1826 1145 in
1861 1095 2092 1147 octavas

439 1179 833 1249 pentecostes,
866 1178 1020 1234 exire
1051 1179 1124 1235 de
1163 1183 1363 1236 nostro
1411 1179 1749 1252 episcopatu
1799 1179 1857 1234 in
1908 1179 2091 1235 alium

442 1281 558 1338 quo
589 1265 699 1321 ista
728 1283 843 1340 pax
873 1284 990 1324 non
1021 1271 1273 1338 tenetur,
1299 1285 1463 1325 arma
1489 1269 1657 1336 ferat,
1681 1269 1765 1324 ita
1804 1272 1998 1324 tamen
2021 1285 2094 1324 ne

442 1353 617 1410 alicui
641 1359 866 1425 noceat,
908 1357 1020 1413 nisi
1044 1357 1095 1414 si
1118 1357 1477 1431 inpugnetur
1498 1362 1563 1412 ut
1586 1375 1647 1412 se
1669 1358 1959 1413 defendat.
1986 1357 2093 1413 Re-

439 1461 646 1500 versus
669 1448 865 1500 autem
887 1445 947 1501 in
971 1446 1375 1519 episcopatum
1401 1450 1689 1512 nostrum,
1711 1446 1909 1502 statim
1933 1463 2096 1501 arma

442 1534 715 1606 deponat.
750 1534 811 1589 Si
843 1535 1150 1608 contigerit
1177 1540 1240 1592 ut
1270 1536 1477 1592 debeat
1508 1535 1761 1591 obsideri
1793 1534 2095 1590 castellum

448 1621 706 1696 aliquod,
741 1641 843 1695 per
874 1624 999 1681 dies
1030 1625 1131 1696 qui
1161 1625 1313 1682 infra
1329 1641 1530 1697 pacem
1556 1624 1940 1697 conprehensi
1959 1628 2099 1679 sunt

448 1711 519 1765 ab
534 1711 977 1784 impugnatione
993 1719 1242 1782 cessent,
1263 1714 1375 1770 nisi
1395 1715 1466 1769 ab
1484 1713 1742 1770 obsessis
1755 1713 2100 1785 impugnen-

445 1803 563 1868 tur,
597 1803 655 1856 et
683 1816 1009 1873 repugnare
1030 1805 1331 1875 cogantur.
1369 1803 1434 1857 Et
1456 1819 1528 1857 ne
1549 1803 1669 1857 haec
1695 1803 1856 1875 pacis
1879 1805 2100 1858 statuta

445 1887 683 1945 traditio
705 1905 738 1944 a
755 1889 959 1961 quavis
980 1907 1230 1962 persona
1248 1895 1465 1946 temere
1487 1895 1543 1948 et
1565 1891 1802 1964 impune
1824 1890 2089 1958 violetur,

2197 557 2396 612 fecerit
2426 560 2528 612 aut
2559 555 2816 629 aliquem
2845 555 3258 623 vulneraverit,
3293 559 3397 611 aut
3430 554 3544 611 alio
3593 552 3850 626 quolibet

2198 646 2369 702 modo
2401 645 2796 713 defectaverit,
2836 646 3060 718 absque
3084 646 3126 680 ²²
3168 645 3328 700 omni
3372 646 3719 716 sumptuum
3753 648 3852 700 aut

2199 735 2523 790 amicorum
2550 735 2975 790 interventione
3007 733 3226 790 finibus
3258 732 3579 788 conﬁnium
3607 749 3849 789 suorum

2197 823 2538 896 expellatur,
2572 827 2880 896 totumque
2911 823 3180 896 predium
3211 822 3341 894 ejus
3363 820 3606 878 heredes
3626 821 3718 877 sui
3743 822 3850 876 tol-

2201 913 2343 979 lunt,
2377 916 2434 967 et
2464 911 2512 968 si
2547 913 2894 968 beneﬁcium
2927 911 3222 981 habuerit,
3253 910 3532 967 dominus
3562 910 3632 966 ad
3676 927 3849 982 quem

2202 1002 2451 1073 pertinet
2483 1000 2626 1056 illud
2660 1001 2954 1074 accipiat..
2979 1001 3059 1070 Si,
3081 1017 3216 1056 vero
3238 1000 3482 1055 heredes
3503 999 3595 1055 sui
3631 997 3848 1071 aliquid

2199 1089 2627 1162 illi,pcstquam
2644 1089 2925 1162 expulsus
2941 1087 3484 1156 fuerit,suhsidium
3499 1092 3556 1144 et
3568 1091 3854 1144 sustenta-

2202 1178 2398 1234 culum
2414 1179 2770 1251 impendisse
2783 1178 3003 1235 inventi
3017 1179 3234 1235 fuerint
3245 1182 3302 1234 et
3313 1175 3849 1250 convicti,predium

2201 1265 2318 1323 illis
2350 1269 2666 1336 auferatur,
2699 1272 2756 1324 et
2786 1269 2956 1341 regia:
2989 1267 3258 1341 dignitati
3283 1266 3668 1339 mancipetur.
3691 1265 3848 1331 Quod

2205 1356 2253 1412 si
2287 1373 2350 1411 se
2379 1356 2449 1410 de
2471 1356 2716 1427 objectis
2743 1372 2993 1429 purgare
3014 1355 3286 1422 voluerit,
3311 1372 3448 1410 cum
3473 1357 3557 1422 12,
3582 1353 3680 1426 qui
3706 1369 3853 1425 eque

2205 1444 2450 1512 nobiles,
2485 1462 2548 1499 ac
2580 1443 2770 1513 liberi,
2793 1444 3014 1500 fuerint
3025 1444 3160 1515 jure
3174 1443 3314 1498 ‘3.Si
3357 1459 3554 1499 servus
3575 1441 3858 1497 occiderit

2207 1534 2525 1600 hominem,
2561 1532 2896 1602 decolletur;
2932 1533 2979 1588 si
3011 1531 3421 1600 vulneraverit,
3453 1547 3624 1586 manu
3648 1530 3857 1585 dextra

2206 1626 2547 1688 truncetur;
2584 1621 2631 1676 si
2666 1619 2777 1675 alio
2809 1621 2982 1675 modo
3012 1619 3098 1674 vel
3130 1635 3328 1693 pugno
3362 1618 3448 1676 vel
3495 1617 3688 1690 lapide
3737 1616 3854 1672 sive

2208 1711 2359 1766 fuste
2389 1710 2475 1765 vel
2509 1709 2773 1782 quolibet
2810 1710 2982 1766 modo
3033 1709 3411 1781 percutiendo
3462 1705 3850 1774 defectaverit,

2207 1800 2540 1854 verberetur
2571 1805 2627 1853 et
2661 1797 3061 1870 decapilletur.
3097 1798 3156 1854 Si
3189 1803 3384 1855 autem
3415 1797 3507 1853 cui
3532 1797 3858 1870 imputatur

2207 1903 2269 1942 se
2290 1887 2658 1942 innocentem
2683 1888 2930 1959 probare
2952 1886 3216 1952 voluerit,
3235 1885 3458 1958 judicio
3480 1901 3634 1957 aque
3655 1883 3859 1957 frigide

444 1975 786 2048 hujusmodi
804 1976 1259 2034 violatoribusin
1281 1995 1592 2035 commune
1615 1980 1686 2035 ab
1709 1978 1984 2035 omnibus
2006 1983 2096 2035 est
2204 1993 2266 2032 se
2297 1981 2595 2049 expurget,
2634 1976 2714 2031 ita
2745 1980 2940 2032 tamen
2973 1979 3037 2031 ut
3065 1977 3189 2048 ipse
3219 1980 3278 2032 et
3299 1992 3469 2031 nemo
3491 1974 3646 2030 alius
3670 1990 3777 2047 pro
3797 1989 3858 2028 eo

444 2065 662 2122 dictata
690 2067 997 2123 sententia.
1029 2068 1086 2122 Si
1109 2067 1257 2124 liber
1276 2068 1364 2124 vel
1391 2068 1604 2124 nobilis
1621 2086 1749 2124 eam
1771 2067 2090 2137 violaverit,
2202 2065 2261 2120 in
2297 2082 2510 2137 aquam
2537 2065 2827 2120 mittatur.
2853 2064 2912 2120 Si
2935 2070 3133 2121 autem
3155 2065 3371 2121 timens
3385 2063 3686 2136 judicium
3709 2061 3860 2135 quod

444 2154 504 2210 id
535 2158 625 2210 est
653 2155 1036 2212 homicidium
1067 2156 1266 2212 fecerit
1285 2160 1385 2212 aut
1406 2157 1660 2229 aliquem
1683 2157 2090 2228 vulneraverit,
2203 2154 2261 2209 in
2288 2171 2420 2210 eum
2451 2154 2734 2208 dictatum
2765 2156 2854 2208 est
2884 2153 3191 2226 aufugerit,
3215 2156 3504 2224 perpetuae
3526 2167 3861 2207 excommu-

442 2241 533 2299 vel
565 2243 829 2315 quolibet
861 2243 972 2300 alio
1004 2245 1176 2301 modo
1223 2245 1611 2312 defeetaverit,
1663 2246 1885 2318 absque
1933 2245 2094 2301 omni
2208 2243 2488 2298 nicationi
2525 2243 2844 2314 subjaceat,
2875 2247 2932 2297 et
2963 2242 3022 2298 in
3056 2257 3410 2314 quocunque
3451 2240 3575 2298 loco
3625 2239 3861 2296 auditus

445 2336 794 2406 sumptuum
825 2336 926 2389 aut
954 2333 1280 2390 amicorum
1331 2334 1752 2391 interventione
1804 2353 1838 2391 a
1879 2335 2094 2390 finibus
2204 2333 2398 2398 fuerit,
2432 2332 2741 2387 mittantur
2772 2330 2910 2386 illuc
2955 2329 3141 2400 litere,
3196 2329 3415 2402 quibus
3472 2329 3855 2385 denuntietur

445 2422 766 2478 confinium
797 2439 1039 2478 suorum
1073 2422 1416 2495 expellatur,
1457 2427 1762 2497 totumque
1809 2425 2093 2497 praedium
2205 2419 2376 2476 illum
2410 2420 2981 2476 excommunicatum
3011 2436 3138 2476 esse
3164 2423 3222 2474 et
3261 2419 3418 2491 quod
3448 2435 3583 2474 cum
3617 2434 3685 2473 eo
3718 2416 3859 2474 nulli

445 2511 576 2582 ejus
594 2509 838 2566 heredes
860 2510 951 2566 sui
973 2510 1202 2579 tollant,
1228 2516 1284 2567 et
1303 2512 1352 2568 si
1370 2512 1716 2568 beneﬁcium
1741 2512 1967 2578 habuit,
1991 2513 2095 2568 do-
2205 2509 2645 2564 communicare
2677 2508 2863 2565 liceat.
2899 2509 3022 2564 Non
3055 2509 3226 2564 debet
3256 2507 3547 2563 truncatio
3572 2523 3857 2564 manuum

446 2599 644 2655 minus
666 2600 738 2654 ad
763 2616 936 2671 quem
965 2600 1214 2672 pertinet
1238 2599 1382 2654 illud
1405 2600 1664 2672 recipiat.
1691 2600 1750 2656 Si
1775 2618 1906 2656 vero
1933 2601 2097 2658 here-
2204 2599 2263 2653 in
2297 2598 2496 2672 pueris
2524 2598 2645 2653 fieri
2679 2598 2780 2669 qui
2813 2598 3076 2653 nondum
3109 2601 3319 2653 etatem
3345 2596 3655 2652 duodecim
3682 2613 3859 2652 anno-

445 2685 1239 2760 desaliquodilli,postquam
1262 2688 1542 2762 expulsus
1573 2689 1766 2757 fuerit,
1795 2694 2094 2746 sustenta-
2204 2706 2336 2743 rum
2383 2687 2795 2759 impleverint;
2848 2686 2895 2743 si
2946 2687 3046 2759 qui
3093 2687 3246 2742 hanc
3293 2685 3647 2758 transgressi
3705 2689 3857 2751 sunt,

446 2773 646 2832 culum
664 2774 753 2831 vel
767 2775 1043 2832 solatium
1058 2776 1414 2848 impendisse
1429 2777 1645 2834 inventi
1659 2778 1942 2834 fuerintet
1953 2797 2094 2834 con-

443 2863 603 2932 victi,
634 2864 919 2937 prendium
952 2863 1068 2922 illis
1094 2866 1392 2921 auferatur
1421 2871 1478 2922 et
1507 2867 1677 2939 regiae
1698 2867 1901 2923 ditioni
1927 2885 2092 2923 man-

446 2952 692 3025 cipetur.
726 2954 889 3018 Quod
921 2953 968 3010 si
1001 2971 1064 3010 se
1091 2971 1341 3028 purgare
1370 2956 1442 3010 de
1495 2957 1738 3028 objectis
1783 2957 2092 3026 voluerint,

446 3058 580 3098 cum
612 3042 921 3100 duodecim
952 3043 1052 3115 qui
1084 3061 1230 3116 eque
1262 3043 1486 3101 nobiles
1501 3045 1589 3101 vel
1611 3062 1759 3118 eque
1779 3045 1944 3101 liberi
1968 3046 2094 3102 fue-

443 3130 563 3186 rint
569 3132 794 3203 jurent.
815 3132 871 3186 Si
890 3147 1095 3188 servus
1111 3133 1387 3189 occiderit
1407 3133 1725 3200 hominem,
1751 3135 2086 3191 decolletur.

2205 2777 2390 2850 pueri,
2420 2781 2649 2832 tantum
2680 2777 3020 2833 verberibus
3041 2775 3419 2849 castigentur.
3445 2774 3571 2830 Non
3593 2774 3860 2848 infringit

2204 2882 2428 2937 pacem,
2455 2865 2502 2920 si
2527 2865 2660 2937 quis
2682 2864 3120 2937 delinquentem
3145 2873 3376 2920 servum
3394 2862 3481 2919 vel
3499 2861 3859 2936 discipulum

2201 2953 2289 3010 vel
2314 2953 2575 3027 quolibet
2591 2955 2762 3009 modo
2786 2954 2896 3010 sibi
2921 2955 3250 3025 subjectum
3275 2953 3468 3024 scopis
3484 2951 3570 3009 vel
3596 2952 3857 3008 fustibus

2204 3044 2327 3100 cedi
2354 3042 2620 3115 jusserit.
2655 3042 2952 3116 Excipitur
2978 3042 3157 3098 etiam
3187 3042 3260 3097 ab
3288 3041 3397 3098 hac
3428 3039 3588 3114 pacis
3633 3041 3853 3097 consti-

2204 3132 2446 3198 tutione,
2471 3131 2520 3187 si
2543 3130 2817 3187 dominus
2839 3131 3157 3203 imperator
3177 3129 3406 3203 publice
3423 3129 3854 3202 expeditionem

436 3218 498 3276 Si
527 3219 940 3290 vulneraverit,
973 3237 1152 3277 manu
1184 3221 1482 3294 puniatur.
1517 3223 1576 3278 Si
1617 3222 1730 3279 alio
1777 3225 1950 3280 modo
1997 3223 2086 3280 vel
2120 3205 2162 3272 C
2201 3221 2324 3276 fieri
2347 3221 2594 3291 jusserit
2624 3225 2859 3293 propter
2879 3221 3236 3292 appetendos
3261 3217 3424 3292 regni
3446 3218 3750 3285 inimicos,
3771 3217 3851 3274 vel

433 3324 630 3382 pugno
652 3309 772 3366 sive
794 3309 947 3366 fuste
966 3309 1053 3366 vel
1076 3309 1270 3383 lapide
1292 3311 1670 3384 percutiendo
1689 3312 2086 3380 defectaverit,

432 3397 823 3454 detondeatur
845 3401 902 3454 et
916 3399 1260 3454 excorietur.
1287 3400 1346 3454 Si
1373 3404 1564 3457 autem
1583 3401 1676 3455 cui
1700 3401 2088 3474 imputabitur

434 3501 496 3542 se
525 3485 893 3542 innocentem
909 3487 1155 3560 probare
1166 3486 1435 3555 voluerit,
1443 3490 1667 3560 judicio
1683 3507 1846 3562 aqua:
1861 3490 2084 3563 frigidae

433 3590 496 3630 se
525 3579 826 3648 expurget,
858 3574 939 3630 ita
963 3579 1160 3632 tamen
1191 3580 1256 3631 ut
1283 3575 1412 3649 ipse
1433 3581 1487 3632 et
1511 3576 1714 3633 nullus
1728 3578 1878 3633 alius
1896 3596 1999 3651 pro
2017 3595 2084 3635 eo

433 3661 492 3716 in
523 3679 739 3736 aquam
771 3663 1060 3719 mittatur.
1080 3663 1139 3719 Si
1153 3669 1350 3720 autem
1365 3665 1578 3722 timens
1602 3666 1920 3724 vindictam
1955 3685 2082 3740 quae

430 3752 490 3808 in
522 3769 656 3809 eum
679 3751 895 3810 dictata
914 3758 1004 3810 est
1025 3754 1335 3826 aufugerit,
1360 3759 1650 3826 perpetuae
1677 3758 2084 3813 excommuni-

429 3841 642 3897 cationi
675 3841 1023 3914 subjacebit,
1055 3847 1113 3898 et
1151 3842 1210 3897 in
1259 3859 1628 3916 quocumque
1673 3843 1796 3901 loco
1845 3847 2082 3902 auditus

430 3931 625 4001 fuerit,
658 3931 1126 3988 mittanturilluc
1149 3931 1376 4003 litterze,
1401 3950 1504 4006 per
1524 3950 1672 4005 quas
1694 3935 2083 3992 denuncictur

429 4019 706 4098 omnibus
735 4021 888 4093 quod
911 4021 1452 4079 excommunicatus
1468 4028 1576 4091 est,
1600 4028 1658 4079 et
1683 4025 1838 4096 quod
1856 4041 1990 4081 cum
2013 4043 2078 4082 eo

427 4110 864 4167 communicare
893 4109 1041 4166 nulli
1067 4111 1293 4167 licitum
1316 4116 1424 4168 est.
1450 4111 1574 4167 Non
1596 4112 1767 4168 debet
1787 4114 2077 4171 truncatio

426 4215 720 4256 manuum
753 4199 813 4254 in
846 4201 1044 4272 pueris
1069 4200 1191 4256 ﬁeri
1215 4200 1315 4272 qui
1337 4201 1598 4256 nondum
1637 4201 1942 4258 duodecim
1973 4221 2076 4260 an-

424 4304 637 4343 norum
657 4291 868 4344 etatem
901 4287 1290 4360 impleverint,
1310 4290 1408 4344 sed
1435 4290 1494 4343 in
1534 4287 1652 4345 illis
1691 4289 1793 4362 qui
1828 4291 1899 4346 ab
1925 4295 2076 4348 etate

424 4374 480 4430 id
515 4380 604 4430 est
632 4391 666 4430 a
695 4375 1002 4431 duodecim
1036 4375 1206 4432 annis
1237 4376 1310 4432 ad
1343 4377 1625 4447 majorem
1667 4384 2071 4448 pervenerunt.

395 4475 400 4486 ‘
423 4461 590 4519 Pueri
606 4468 801 4519 tamen
824 4464 874 4520 si
895 4464 1302 4536 pugnaverint,
1325 4464 1666 4521 verberibus
1687 4466 2069 4540 castigentur,

2197 3309 2509 3365 concilium
2543 3308 2653 3364 sibi
2687 3308 2900 3364 habere
2929 3308 3236 3380 placuerit,
3267 3311 3504 3379 propter
3531 3306 3854 3377 dijudican-

2196 3399 2302 3454 dos
2323 3398 2565 3470 justicie
2596 3398 2981 3454 adversarios.
3017 3397 3141 3452 Non
3175 3395 3423 3452 violatur
3452 3412 3586 3468 pax,
3614 3395 3664 3451 si
3701 3396 3850 3452 inte-

2196 3487 2306 3543 rim
2341 3488 2461 3543 dux
2489 3491 2591 3542 aut
2621 3485 2718 3541 alii
2751 3485 2993 3542 comites
3023 3485 3110 3541 vel
3139 3485 3399 3541 advocati
3431 3483 3516 3539 vel
3539 3483 3641 3555 qui
3663 3484 3848 3539 vicem

2193 3575 2430 3632 illorum
2462 3576 2790 3647 funguntur
2820 3575 3034 3647 placita
3058 3574 3393 3643 habuerint,
3433 3577 3492 3628 et
3521 3572 3847 3628 secundum

2192 3666 2348 3738 quod
2369 3665 2461 3720 lex
2483 3663 2660 3720 habet
2677 3664 2735 3718 in
2763 3663 2920 3720 fures
2946 3668 3000 3719 et
3019 3662 3306 3737 predones
3325 3666 3381 3718 et
3402 3661 3548 3716 alios
3570 3666 3849 3717 nocentes

2183 3754 2411 3826 judicia
2439 3753 2822 3809 exercuerint.
2846 3751 3187 3808 Securitatis
3208 3751 3394 3825 gratia
3415 3751 3697 3806 omnibus
3719 3766 3849 3823 pre-

2189 3843 2359 3916 cipue
2389 3842 2624 3897 faicosis
2655 3841 2837 3912 hujus
2869 3841 3160 3896 dominice
3191 3840 3351 3912 pacis
3374 3843 3598 3895 statuta
3619 3844 3716 3894 est
3738 3843 3851 3894 tra-

2189 3932 2364 4003 dieio,
2397 3931 2497 3987 sed
2532 3948 2645 3987 non
2678 3935 2744 3985 ut
2773 3935 2906 4003 post
2946 3929 3234 4002 expletam
3285 3945 3488 4001 pacem
3535 3945 3747 4000 rapere
3793 3931 3857 3983 et

2187 4019 2418 4092 predari
2449 4037 2551 4092 per
2570 4018 2739 4075 villas
2761 4023 2818 4075 et
2838 4035 2942 4092 per
2961 4020 3169 4075 domos
3191 4018 3463 4082 audeant,
3487 4017 3624 4089 quia
3645 4032 3768 4088 que
3790 4017 3854 4071 in

2186 4109 2317 4165 illos
2349 4114 2664 4181 antequam
2698 4110 2813 4165 ista
2841 4125 2953 4180 pax
2981 4112 3338 4164 statueretur
3367 4107 3455 4163 lex
3474 4111 3529 4162 et
3549 4105 3859 4162 sententia

2185 4199 2404 4254 dictata
2433 4202 2522 4254 est
2541 4197 2988 4270 diligentissime
3010 4197 3322 4262 tenebitur,
3346 4199 3411 4251 ut
3437 4194 3507 4250 ab
3528 4192 3855 4266 iniquitate

2185 4288 2582 4360 proibeantur,
2619 4287 2757 4359 quia
2783 4287 3121 4358 predatores
3151 4289 3209 4340 et
3237 4286 3602 4358 grassatores
3637 4282 3714 4338 ab
3738 4282 3852 4338 hac

2184 4376 2379 4431 divina
2409 4392 2550 4448 pace
2577 4380 2634 4432 et
2659 4376 2730 4431 ab
2754 4375 2912 4430 omni
2942 4391 3184 4448 prorsus
3210 4372 3600 4446 excipiuntur.
3624 4371 3684 4426 Si
3709 4370 3847 4444 quis

2182 4464 2318 4521 huic
2350 4465 2442 4537 pie
2468 4464 2871 4520 constitutioni
2902 4463 3194 4520 contraire
3221 4461 3447 4528 nititur,
3483 4465 3549 4516 ut
3580 4477 3690 4516 nec
3734 4477 3845 4533 pa-

420 4552 860 4624 etapugnando
882 4553 1303 4608 deterreantur.
1328 4552 1452 4610 Non
1473 4551 1616 4608 ledit
1635 4571 1837 4626 pacem
1862 4558 1911 4612 si
1934 4558 2067 4630 quis
2099 4573 2149 4638 υ
2180 4571 2307 4611 cem
2337 4555 2451 4610 Deo
2479 4554 2821 4626 promittere
2849 4569 2954 4609 nec
2983 4553 3159 4609 etiam
3209 4551 3516 4607 observare
3563 4549 3840 4614 voluerit,

420 4639 858 4712 delinquentem
874 4657 1106 4696 servum
1126 4657 1322 4709 suum,
1338 4640 1424 4696 vel
1447 4641 1803 4716 discipulum
1825 4645 1912 4701 vel
1927 4663 2070 4718 quo-

422 4728 564 4785 libet
592 4729 765 4785 modo
797 4729 910 4788 sibi
943 4729 1248 4784 subditum
1281 4730 1472 4802 secpis
1507 4731 1594 4786 vel
1644 4732 1900 4790 fustibus
1947 4736 2072 4791 cedi

413 4818 678 4890 jusserit.
693 4817 991 4890 Excipitur
1015 4817 1191 4874 etiam
1223 4819 1292 4874 ab
1311 4819 1417 4874 hac
1441 4820 1601 4891 pacis
1632 4821 2068 4893 constitutione,

421 4905 471 4962 si
501 4906 756 4961 domnus
787 4922 887 4961 rex
917 4904 1149 4978 publice
1179 4907 1604 4978 expeditionem
1638 4909 1760 4964 fieri
1797 4910 2067 4984 jusserit,

419 4999 657 5068 propter
678 4995 1035 5067 appetendos
1067 4995 1229 5068 regni
1275 4995 1566 5064 inimicos,
1615 4997 1705 5053 vel
1753 5000 2066 5056 concilium

419 5084 530 5140 sibi
562 5084 776 5141 habere
807 5083 1092 5156 placuerit
1119 5088 1356 5156 propter
1385 5086 1794 5157 dijudicandos
1814 5090 2068 5159 justicize

418 5171 800 5228 adversarios.
833 5169 958 5228 Non
988 5171 1235 5227 violatur
1266 5189 1397 5243 pax,
1442 5173 1490 5227 si
1540 5173 1773 5230 interim
1818 5177 1935 5232 dux
1980 5176 2067 5233 vel

415 5259 512 5315 alii
545 5261 810 5329 comites,
842 5259 932 5317 vel
962 5259 1246 5330 advocati,
1279 5261 1367 5316 vel
1399 5261 1500 5332 qui
1528 5261 1649 5317 vice
1680 5262 1914 5320 illorum
1940 5267 2069 5322 fun-

415 5353 657 5421 guntur,
690 5349 902 5422 placita
930 5349 1270 5419 habuerint,
1299 5354 1358 5405 et
1401 5351 1726 5407 secundum
1767 5355 1924 5425 quod
1976 5354 2068 5411 lex

2183 4644 2428 4699 missam
2450 4641 2535 4698 illi
2551 4642 2751 4698 nullus
2775 4642 3235 4715 presbiterorum
3259 4642 3496 4696 cantare
3509 4642 3840 4710 presumat,

2179 4737 2236 4788 et
2256 4731 2478 4787 nullam
2502 4729 2714 4786 salutis
2731 4747 2936 4787 curam
2959 4731 3259 4804 inpendat;
3285 4728 3334 4785 si
3361 4725 3840 4784 inﬁrmeturnul-

2179 4820 2271 4877 lus
2294 4819 2760 4876 Christianorum
2789 4837 2924 4876 cum
2945 4820 3180 4876 visitare
3200 4821 3526 4891 presumat,
3549 4820 3608 4871 et
3630 4816 3841 4871 viatico

2178 4910 2354 4965 etiam
2390 4908 2447 4962 in
2483 4908 2616 4977 fine,
2652 4907 2765 4964 nisi
2798 4907 3125 4980 resipiscat,
3161 4910 3373 4963 careat.
3397 4905 3456 4961 Si
3479 4904 3615 4978 quis
3637 4909 3836 4960 autem

2178 4998 2339 5054 illam
2371 4997 2490 5053 sive
2521 4997 2579 5052 in
2615 4998 2868 5070 presenti
2900 5003 3160 5071 tempore
3210 4997 3329 5052 sive
3375 4996 3432 5051 in
3481 4998 3841 5067 perpetuum

2178 5087 2330 5160 apud
2356 5091 2615 5158 posteros
2639 5092 2870 5143 nostros
2892 5086 3106 5142 violare
3132 5083 3578 5158 presumpserit,
3604 5100 3640 5139 a
3663 5082 3841 5139 nobis

2177 5174 2715 5247 inrecuperabiliter
2737 5176 3278 5231 excommunicatus
3308 5177 3416 5230 est.
3462 5172 3591 5228 Non
3643 5171 3844 5245 magis

2174 5264 2234 5320 in
2256 5264 2540 5320 comitum
2563 5263 2649 5319 vel
2673 5263 3047 5320 tribunorum
3064 5263 3188 5319 sive
3210 5260 3613 5336 quorumlibet
3633 5264 3848 5334 poten-

2175 5359 2300 5410 tum
2331 5370 2509 5426 quam
2542 5354 2604 5409 in
2634 5353 2814 5410 totius
2850 5352 3053 5427 populi
3102 5351 3496 5410 communiter
3543 5354 3853 5423 potestate

1769 5502 2009 5562 VARIzE
2041 5503 2457 5565 LECTIONES.

489 5612 534 5654 ³³
560 5611 816 5690 abseque
843 5631 891 5674 ο.
926 5616 970 5654 ³³
991 5618 1194 5691 jurent
1221 5631 1268 5675 σ.
