3968 6126
117 295 276 358 1183

1375 336 1382 350 ι
1468 299 1862 401 HENRICUS
1905 302 1985 370 1v
2026 302 2191 370 IMP.

3369 311 3531 374 1134

115 429 292 485 habet
325 429 383 486 in
412 429 593 501 fures,
616 434 672 488 et
693 433 1014 506 praedones,
1041 438 1095 491 et
1116 434 1262 491 alios
1294 441 1567 493 nocentes
1599 439 1760 509 judi-
1790 442 1843 506 Α
1873 445 2139 497 constare
2171 442 2494 512 sanximus,
2529 446 2592 498 ut
2620 443 2906 500 vindictas
2939 459 3118 515 supra
3147 449 3523 513 memoratas,

111 517 265 574 dicia
292 521 673 578 exercuerlnt.
700 523 1042 580 Securitatis
1092 525 1280 597 gratia
1311 525 1585 581 omnibus
1618 545 1760 598 pra:-

107 607 279 680 cipue
310 609 545 666 faicosis
567 609 746 682 hujus
772 613 1077 668 dominicae
1097 614 1255 685 pacis
1280 618 1500 670 statuta
1525 616 1760 671 traditio

109 703 222 764 est,
257 698 357 753 sed
391 716 505 754 non
540 704 606 755 ut
636 701 1073 774 postexpletam
1098 719 1298 774 pacem
1322 720 1522 776 rapere
1545 709 1600 760 et
1622 722 1762 774 prae-

109 785 239 841 dari
274 803 374 858 per
403 786 570 844 villas
602 795 659 845 et
687 807 789 862 per
818 791 1024 846 domos
1057 791 1329 860 audeant,
1365 791 1502 864 quia
1527 809 1654 864 quae
1703 794 1761 848 in

105 872 242 931 illos
273 879 586 949 antequam
621 878 735 935 ista
757 897 867 953 pax
905 884 1266 936 statueretur
1292 880 1381 937 lex
1402 886 1456 936 et
1479 881 1765 938 sententia

107 963 327 1020 dictata
357 968 414 1020 et
438 965 696 1039 legitime
729 969 1046 1034 tenebitur,
1080 961 1246 1025 ut'ab
1277 970 1584 1042 iniquitate
1627 987 1759 1042 pro-

111 1051 446 1122 hibeantur,
483 1056 622 1128 quia
652 1057 1002 1129 praedatores
1033 1061 1089 1113 et
1130 1063 1492 1128 grassatores
1537 1059 1608 1114 ab
1653 1059 1762 1114 hac

109 1141 308 1198 divina
336 1149 392 1199 et
423 1145 494 1200 ab
531 1146 689 1200 omni
723 1163 962 1218 prorsus
995 1147 1534 1219 paceexcipiuntur.
1553 1148 1761 1220 Siquis

108 1231 245 1288 huic
275 1232 382 1304 piae
414 1232 772 1289 institutioni
796 1235 1081 1290 contraire
1106 1233 1332 1300 nititur,
1359 1239 1540 1291 utnec
1558 1253 1759 1308 pacem

91 1337 243 1391 cum
273 1320 402 1377 aliis
437 1321 552 1378 Deo
584 1325 922 1394 promittere
954 1340 1060 1379 nec
1089 1324 1262 1379 etiam
1306 1325 1611 1380 observare
1659 1342 1759 1380 vo-

104 1407 299 1476 luerit,
331 1411 576 1467 missam
602 1411 685 1466 illi
721 1412 920 1468 nullus
952 1412 1407 1485 presbiterorum
1448 1413 1507 1469 in
1562 1418 1760 1470 nostro

102 1497 442 1571 episc0patu
476 1505 711 1556 cantare
741 1506 1086 1573 praesumat,
1106 1505 1162 1556 et
1183 1500 1406 1556 nullam
1429 1501 1637 1557 salutis
1659 1519 1758 1557 cu-

103 1603 231 1641 ram
263 1587 585 1660 impendat,
619 1594 674 1644 et
704 1589 752 1644 si
787 1589 1142 1656 infirmatur,
1176 1589 1376 1645 nullus
1403 1607 1538 1645 eum
1598 1590 1759 1645 Chri-

99 1675 428 1734 stianorum
461 1678 694 1733 visitare
721 1679 952 1745 audeat,
985 1685 1041 1734 et
1071 1679 1282 1734 viatico
1315 1679 1489 1734 etiam
1525 1679 1582 1733 in
1617 1683 1754 1748 fine,

98 1763 154 1818 si
186 1781 299 1820 non
336 1765 647 1838 resipiscit,
681 1772 892 1823 careat.
917 1769 1305 1824 Summavero
1320 1767 1434 1823 Deo
1452 1767 1754 1840 promissa:
1790 1805 1836 1870 Β

99 1853 264 1927 pacis
295 1858 351 1910 et
380 1861 773 1911 communiter
803 1856 1160 1924 collaudatis,
1214 1857 1327 1912 ista
1373 1857 1500 1924 erit,
1550 1861 1614 1912 ut
1668 1875 1760 1912 so-

101 1943 407 2000 lummodo
433 1962 546 2000 non
567 1946 783 2001 nostris
807 1946 1190 2018 temporibus,
1213 1947 1308 2001 sed
1335 1945 1392 2000 in
1413 1951 1758 2018 perpetuum

100 2033 260 2104 apud
293 2037 557 2105 posteros
578 2039 810 2090 nostros
846 2035 1205 2101 observetur,
1242 2035 1378 2107 quia
1405 2035 1454 2090 si
1476 2035 1609 2107 quis
1630 2053 1758 2091 eam

96 2120 352 2190 irritare,
383 2122 472 2178 vel
501 2124 820 2192 destruere,
874 2129 976 2179 aut
1031 2123 1244 2179 violare
1295 2125 1758 2196 praesumpserit,

71 2210 221 2284 _sive
253 2210 364 2266 hoc
395 2215 654 2284 tempore
686 2230 787 2267 seu
820 2213 919 2284 qui
952 2218 1084 2285 post
1115 2213 1335 2271 multos
1367 2231 1553 2269 annos
1606 2214 1757 2269 circa

96 2300 278 2355 finem
292 2300 473 2357 seculi
488 2302 821 2357 nasciturus
836 2303 965 2368 erit,
983 2319 1016 2356 a
1031 2301 1199 2357 nobis
1215 2302 1759 2373 inrecuperabiliter

97 2389 644 2447 excommunicatus
678 2396 784 2446 est.
815 2391 940 2446 Non
971 2391 1160 2463 magis
1193 2392 1250 2445 in
1303 2390 1604 2460 comitum,
1657 2395 1758 2446 aut

98 2469 500 2547 tribunorum,
531 2479 618 2534 vel
651 2486 979 2552 potentum,
1005 2497 1184 2552 quam
1207 2479 1266 2535 in
1290 2482 1470 2536 totius
1493 2497 1755 2536 commu-

99 2566 258 2624 niter
287 2567 488 2640 populi
522 2573 806 2639 potestate
836 2575 893 2626 et
923 2570 1163 2624 arbitrio
1195 2570 1508 2635 constabit,
1532 2574 1596 2624 ut
1637 2571 1757 2624 vin-

1871 528 2249 586 violatoribus
2282 535 2479 586 sancte
2511 533 2671 604 pacis
2699 532 2990 599 inferant;
3027 536 3083 586 et
3113 531 3222 586 hoc
3281 532 3526 604 diligen-

1872 617 2097 674 tissime
2111 625 2370 682 caveant,
2391 637 2461 675 ne
2477 621 2530 675 in
2547 621 2842 692 puniendo
2856 621 3182 676 amiciciam
3204 620 3289 676 vel
3304 621 3530 693 odium,

1872 706 1958 760 vel
1984 707 2141 762 aliud
2176 709 2330 779 quod
2351 709 2596 779 justitine
2619 710 2979 766 contrarium
3002 711 3080 765 sit
3099 713 3423 776 exerceant,
3452 726 3526 765 ne

1873 793 2082 850 delicta
2096 795 2427 867 aliquorum
2443 799 2808 854 abscondant
2827 800 2926 854 sed
2947 797 3208 870 potiusin
3226 797 3529 869 publicum

1873 884 2186 953 proferant.
2225 885 2432 940 Nullus
2464 904 2566 957 pro
2598 886 2952 943 redimendis
2985 887 3082 958 qui
3115 886 3175 940 in
3207 885 3380 958 culpa
3428 887 3527 942 de-

1873 970 2144 1041 prehensi
2179 973 2408 1029 fuerant
2431 975 2740 1046 pecuniam
2771 976 3036 1046 accipiat.
3073 975 3418 1030 Mercatores
3466 975 3526 1029 in

1872 1059 2076 1116 itinere
2099 1079 2210 1134 quo
2243 1064 2636 1135 negotiantur,
2670 1065 2869 1119 rustici
2901 1065 3039 1118 dum
3064 1062 3525 1135 rusticalioperi,

1870 1149 2108 1216 arando,
2147 1151 2433 1217 fodiendo,
2467 1153 2756 1216 metendo,
2793 1157 2849 1206 et
2869 1152 3001 1207 aliis
3021 1151 3363 1222 hujusmodi
3413 1169 3521 1225 ope

1872 1255 1994 1292 ram
2027 1249 2060 1293 α]
2073 1243 2190 1304 ant,
2216 1240 2375 1294 omni
2397 1241 2490 1295 die
2514 1258 2715 1312 pacem
2741 1241 3012 1296 habeant.
3039 1241 3308 1296 Mulieres
3332 1245 3525 1296 autem

1872 1331 1927 1381 et
1953 1344 2155 1383 omnes
2187 1328 2367 1384 sacris
2415 1329 2720 1385 ordinibus
2753 1329 3044 1384 adtitulati
3067 1335 3346 1402 perpetua
3384 1347 3526 1402 pace

1871 1415 2169 1483 fruantur;
2204 1417 2261 1471 in
2293 1417 2554 1473 ecclesiis
2573 1436 2704 1474 vero
2727 1423 2782 1473 et
2805 1418 3187 1474 ecclesiarum
3211 1418 3516 1474 cimiteriis

1869 1503 2056 1560 honor
2087 1511 2142 1560 et
2165 1505 2418 1561 reventia
2455 1507 2569 1561 Deo
2601 1507 2932 1579 prebeatur,
2983 1511 3048 1561 ut
3093 1507 3140 1562 si
3197 1505 3338 1562 illuc
3387 1523 3524 1562 con-

1872 1593 2081 1664 fugerit
2111 1599 2308 1666 raptor
2335 1595 2420 1649 vel
2453 1587 2565 1659 iur,
2603 1594 2841 1650 minime
2859 1596 3142 1668 capiatur,
3167 1597 3267 1651 sed
3291 1595 3518 1650 tamdiu

1869 1682 1946 1735 ibi
1977 1683 2332 1750 obsideatur,
2365 1684 2548 1738 donec
2581 1685 2732 1738 fame
2765 1689 3004 1756 cogente
3047 1684 3116 1738 ad
3154 1683 3512 1738 deditionem

1868 1775 2128 1842 cogatur.
2163 1771 2221 1826 Si
2255 1771 2470 1846 aliquis
2499 1772 2897 1827 defensionem
2931 1789 3049 1839 reo,
3075 1789 3258 1841 arma,
3274 1772 3514 1842 victum,

1870 1859 1957 1914 vel
1991 1859 2189 1931 fugam
2234 1859 2425 1915 moliri
2459 1861 2906 1932 presumpserit,
2937 1860 3131 1931 equali
3173 1877 3332 1932 pense
3374 1859 3528 1915 sicut

1872 1965 2005 2004 reus
2037 1949 2380 2019 subjacebit.
2416 1950 2615 2005 Banno
2647 1951 2822 2004 etiam
2854 1954 3053 2005 nostro
3092 1948 3523 2016 interdicimus,

1871 2054 1942 2092 ne
1966 2037 2181 2109 aliquis
2199 2037 2349 2093 sacri
2364 2038 2699 2110 ordinishuj
2711 2056 2778 2094 us
2799 2042 2996 2094 sancte
3014 2037 3173 2110 pacis
3195 2042 3525 2109 transgres-

1872 2143 1968 2181 sor
1985 2127 2307 2188 convictus,
2329 2125 2517 2180 laicali
2541 2126 2800 2181 vindicta
2815 2127 3116 2197 puniatur,
3137 2127 3234 2182 sed
3253 2126 3524 2198 episcopo

1871 2219 2258 2286 prcsentetur.
2296 2214 2457 2269 Unde
2482 2214 2616 2269 laici
2647 2213 3028 2280 decollentur,
3059 2214 3398 2269 indeclerici
3421 2215 3520 2268 de-

1869 2303 2224 2375 gradentur;
2260 2303 2414 2357 unde
2446 2301 2575 2357 laici
2603 2303 3042 2370 detruncentur,
3077 2303 3211 2357 inde
3233 2301 3424 2357 clerici
3447 2300 3520 2354 ab

1869 2391 2078 2447 officiis
2101 2391 2540 2463 suspendantur
2566 2409 2578 2459 ;
2607 2394 2663 2446 et
2683 2408 2973 2446 consensu
2994 2389 3275 2446 laicorum
3299 2389 3518 2447 crebris

1860 2479 2104 2551 jejuniis
2136 2484 2191 2535 et
2220 2479 2555 2534 verberibus
2575 2496 2760 2551 usque
2785 2481 2856 2534 ad
2881 2478 3340 2536 satisfactionem
3367 2477 3517 2536 affli-

1871 2573 2102 2641 gantur.
2135 2570 2337 2623 Amen.

99 2657 297 2713 dictas
337 2658 612 2730 superius
642 2659 890 2714 dictatas
925 2658 1305 2714 violatoribus
1335 2663 1550 2714 sancta:
1583 2659 1741 2731 pacis
1773 2659 2054 2724 inferant;
2089 2663 2144 2712 et
2176 2656 2284 2713 hoc
2317 2656 2766 2728 diligentissime
2798 2661 3056 2725 caveant,
3119 2675 3188 2712 ne
3247 2657 3307 2712 in

97 2746 420 2819 puniendis
442 2745 788 2815 amiciciam,
823 2747 910 2803 vel
940 2748 1160 2813 odium,
1197 2747 1282 2803 vel
1316 2747 1475 2802 aliud
1508 2748 1662 2819 quod
1689 2747 1936 2818 justitize
1971 2745 2334 2801 contrarium
2369 2747 2445 2800 sit
2474 2750 2800 2814 exerceant,
2832 2763 2901 2802 ne
2933 2746 2978 2802 si
3014 2745 3292 2803 abscondi

101 2840 356 2908 possunt
376 2835 590 2892 delicta
610 2836 939 2909 aliquorum
965 2838 1346 2904 abscondant,
1374 2837 1474 2892 sed
1501 2837 1694 2908 potius
1712 2837 1769 2890 in
1794 2834 2096 2908 publicum
2129 2835 2411 2890 deferant.
2446 2834 2656 2890 Nullus
2687 2851 2791 2907 pro
2815 2835 3172 2890 redimendis
3195 2835 3296 2905 qui

105 2924 170 2980 in
203 2924 375 2996 culpa
405 2925 753 2997 deprehensi
790 2925 1004 2982 fuerint
1032 2926 1339 2999 pecuniam
1363 2926 1630 2996 accipiat,
1665 2941 1769 2980 nec
1801 2925 1992 2980 favore
2023 2924 2299 2995 quopiam
2326 2922 2648 2996 culpabiles
2666 2925 2939 2996 adjuvare
2956 2923 3290 2990 contendat,

108 3012 251 3084 quia
275 3014 374 3085 qui
403 3014 623 3080 fecerit,
649 3015 1012 3072 intolerabile
1035 3015 1243 3070 animae
1270 3015 1692 3086 suaejudicium
1713 3014 1978 3079 incurrit,
2014 3030 2079 3067 ac
2110 3029 2212 3084 per
2243 3030 2446 3068 omnes
2477 3012 2677 3068 fideles
2709 3013 3051 3067 meminisse
3083 3015 3308 3082 oportet

108 3118 226 3156 non
248 3102 472 3157 homini
498 3104 598 3159 sed
633 3103 756 3160 solo
779 3104 894 3160 Deo
926 3103 1079 3160 hanc
1102 3121 1302 3176 pacem
1327 3104 1679 3176 promissam
1705 3103 1908 3169 fuisse,
1939 3107 1996 3156 et
2025 3106 2185 3156 tanto
2214 3101 2476 3156 tenacius
2511 3100 2853 3172 firmiusque
2884 3099 3309 3155 observandam

106 3207 261 3246 esse.
287 3191 569 3254 Quocirca
600 3192 901 3249 universos
918 3194 1295 3249 obsecramus
1328 3193 1385 3247 in
1408 3192 1637 3248 Christo
1662 3196 1724 3247 ut
1745 3192 1859 3247 ista
1888 3191 2050 3263 pacis
2072 3191 2402 3246 necessaria
2433 3190 2648 3244 taxatio
2680 3187 3089 3243 inviolabiliter
3118 3192 3308 3243 custo-

107 3278 329 3348 diatur,
362 3283 426 3334 nt
454 3279 504 3334 si
535 3279 668 3350 quis
693 3296 820 3334 eam
855 3280 1132 3352 deinceps
1155 3279 1370 3336 violare
1407 3279 1867 3352 pralsumpserit,
1902 3278 2142 3334 omnino
2173 3295 2207 3332 a
2236 3282 2447 3333 sanctae
2481 3276 2773 3343 aacclesiai,
2808 3275 2946 3330 filiis
2979 3279 3303 3346 sequestre-

107 3373 226 3434 tur,
263 3371 320 3422 et
347 3368 541 3424 banno
571 3369 1196 3424 excommunicationis
1224 3368 1711 3440 inrecupcrabilis
1740 3371 1797 3425 et
1828 3367 2198 3423 anathemate
2232 3383 2526 3421 mansura;
2550 3364 2897 3438 perditionis
2926 3364 3296 3435 dampnetur.

105 3456 174 3511 In
197 3454 476 3512 azcclesiis
506 3472 640 3512 vero
674 3462 730 3512 et
759 3457 1154 3512 aecclesiarum
1187 3458 1502 3513 cimeteriis
1534 3457 1720 3513 honor
1750 3462 1806 3513 et
1836 3456 2159 3513 reverentia
2215 3456 2328 3511 Deo
2388 3455 2734 3527 praebeatur,
2760 3459 2826 3509 ut
2857 3453 2906 3509 si
2937 3453 3074 3508 illuc
3105 3453 3303 3508 confu-

104 3544 258 3618 gerit
315 3551 532 3617 raptor,
565 3546 650 3601 vel
679 3547 794 3614 fur,
825 3546 1066 3602 minime
1097 3547 1489 3602 interficiatur
1517 3547 1602 3602 vel
1640 3547 1906 3620 capiatur
1936 3545 2036 3602 sed
2070 3549 2190 3601 tam
2249 3545 2351 3600 diu
2383 3543 2527 3599 inibi
2586 3543 2924 3600 obsideatur
2945 3543 3126 3599 donec
3153 3542 3308 3598 fame

110 3638 359 3706 urgente
390 3635 461 3691 ad
494 3635 846 3692 deditionem
879 3642 1139 3709 cogatur.
1175 3636 1234 3692 Si
1262 3635 1461 3707 aliqua
1490 3653 1740 3708 persona
1770 3653 1866 3692 reo
1936 3652 2118 3702 arma,
2188 3635 2430 3699 victum,
2497 3631 2584 3689 vel
2653 3649 2860 3706 sugam
2920 3631 3113 3688 moliri
3161 3649 3305 3704 pra:-

112 3723 454 3795 sumpserit,
485 3725 766 3796 zequalem
801 3743 1033 3797 poenam
1066 3726 1219 3782 sicut
1251 3743 1386 3781 reus
1419 3724 1751 3782 sustinebit.
1786 3724 2037 3780 Clericos
2058 3741 2191 3779 vero
2223 3730 2279 3780 et
2307 3741 2513 3779 omnes
2572 3723 2681 3780 sub
2713 3723 2823 3778 hoc
2877 3723 3079 3779 ordino
3127 3722 3308 3776 vitam

111 3813 411 3884 degentes,
450 3812 644 3869 banno
679 3818 876 3870 nostro
907 3814 1314 3871 interdicimus
1340 3814 1532 3870 laicali
1566 3815 1825 3871 vindicta
1856 3814 2074 3887 puniri,
2111 3814 2212 3868 sed
2243 3813 2553 3869 manifesto
2623 3812 2870 3868 crimine
2937 3811 3312 3883 deprehensi,

115 3900 663 3974 episcopoipsorum
681 3904 1296 3975 prmsententurﬂnde
1319 3904 1450 3960 laici
1474 3903 1664 3960 clerici
1680 3903 2063 3970 decollentur,
2089 3902 2223 3958 inde
2239 3901 2433 3956 clerici
2455 3903 2878 3973 degradentur;
2900 3901 3054 3956 unde
3075 3898 3204 3954 laici
3225 3899 3323 3953 de-

115 3993 485 4060 truncentur,
547 3990 683 4047 inde
715 3992 908 4048 clerici
939 3993 1011 4049 ab
1033 3994 1242 4051 officiis
1265 3995 1798 4067 suspendantur;et
1829 4009 1962 4048 cum
1993 4008 2280 4047 consensu
2313 3990 2595 4046 laicorum
2625 3989 2846 4045 crebris
2870 3987 3116 4060 jejuniis

66 4148 69 4150 _
115 4081 173 4132 et
206 4079 548 4135 verberibus
576 4096 764 4152 usque
786 4082 856 4137 ad
892 4082 1349 4139 satisfactionem
1382 4083 1740 4157 affligantur.

607 4295 988 4350 Iura-mentum
1014 4298 1166 4367 pacis
1189 4297 1300 4351 Dei.

184 4418 269 4472 Ab
285 4416 534 4472 adventu
556 4416 782 4474 Domini
809 4435 994 4490 usque
1021 4420 1091 4474 ad
1112 4419 1435 4490 proximam
1450 4419 1767 4476 diemlunae

113 4509 250 4579 post
279 4504 708 4578 aepyphaniam,
742 4507 881 4563 item
908 4525 941 4563 a
982 4507 1419 4580 septuagesima
1471 4525 1658 4579 usque
1697 4510 1767 4563 ad

114 4599 381 4653 octavam
415 4600 800 4666 pentecostes,
835 4597 975 4652 item
1002 4596 1062 4651 in
1083 4595 1358 4653 omnibus
1389 4594 1583 4668 vigilis
1601 4599 1657 4651 et
1689 4597 1768 4653 fe-

116 4681 362 4737 rialibus
397 4682 578 4751 festis,
612 4690 668 4740 et
695 4686 884 4742 tribus
916 4686 1121 4742 diebus
1151 4685 1207 4741 in
1241 4683 1398 4741 omni
1419 4684 1766 4756 septimana,

117 4769 342 4825 scilicet
374 4788 407 4825 a
435 4788 676 4844 vespera
708 4776 923 4847 quinta:
951 4775 1104 4831 feriae
1137 4791 1324 4846 usque
1349 4774 1420 4829 ad
1444 4773 1769 4830 diluculum

118 4860 389 4914 secundae
423 4861 597 4930 feriae,
633 4881 745 4935 pax
775 4865 853 4920 sit
884 4864 1123 4936 ubique,
1159 4865 1238 4920 ita
1281 4868 1346 4918 ut
1400 4880 1570 4919 nemo
1617 4863 1772 4920 ledat

114 4945 424 5002 inimicum
441 4966 636 5005 suum.
655 4952 760 5017 Qui
776 4952 1069 5020 occiderit,
1086 4951 1394 5022 capitalem
1422 4970 1485 5007 su
1499 4954 1770 5008 beatsen-

115 5035 383 5090 tentiam.
403 5037 930 5106 Quivulncraverit,
947 5057 1186 5095 manum
1207 5041 1429 5111 perdat.
1450 5042 1554 5107 Qui
1575 5059 1768 5114 pugno

117 5125 492 5196 percusserit,
530 5127 580 5182 si
613 5129 825 5184 nobilis
855 5133 964 5196 est,
999 5128 1151 5183 libra
1181 5136 1509 5200 componat.
1543 5132 1599 5185 Si
1624 5131 1770 5188 liber

115 5215 220 5267 aut
252 5214 679 5284 ministerialis,
712 5218 910 5273 decem
943 5215 1180 5284 solidis;
1216 5217 1263 5271 si
1289 5235 1511 5284 servus,
1547 5224 1674 5274 cute
1714 5225 1770 5276 et

115 5300 370 5373 capillis.
407 5304 612 5360 Omnis
660 5307 892 5373 domus,
943 5306 1138 5361 omnis
1186 5322 1321 5361 area
1368 5323 1568 5378 pacem
1619 5308 1770 5367 infra

116 5394 284 5462 septa
316 5408 426 5446 sua
447 5391 661 5448 habeat
704 5395 954 5450 firmam.
1005 5393 1214 5449 Nullus
1263 5395 1518 5462 invadat,
1573 5399 1769 5456 nullus

114 5478 380 5552 effingat,
415 5479 616 5537 nullus
647 5482 799 5539 infra
829 5482 1050 5556 positos
1078 5488 1295 5540 temere
1326 5485 1620 5557 inquirere
1671 5492 1772 5545 aut

115 5566 400 5629 violenter
428 5569 758 5647 opprimere
787 5575 1126 5649 praesumat.
1161 5571 1269 5642 Qui
1309 5576 1766 5651 praesumpserit,

2341 4299 2367 4361 1‘
2394 4298 2778 4350 Juramentum
2803 4293 2956 4364 pacis
2980 4292 3095 4347 Dei.

1948 4421 2036 4475 Ab
2050 4421 2295 4476 adventu
2311 4419 2538 4475 Domini
2555 4435 2743 4491 usque
2757 4418 2826 4472 ad
2841 4415 3171 4490 proximum
3195 4414 3350 4470 diem
3373 4413 3523 4470 lunae

1881 4513 2012 4580 post
2041 4508 2437 4580 epiphaniam,
2469 4509 2608 4565 item
2653 4526 2686 4564 a
2731 4506 3166 4580 septuagesima
3219 4521 3407 4576 usque
3453 4503 3526 4560 ad

1881 4604 2139 4652 octavam
2168 4601 2554 4668 pentecostes,
2588 4602 2653 4652 ut
2675 4598 2730 4652 in
2762 4595 3038 4651 omnibus
3059 4593 3274 4666 vigiliis
3292 4591 3528 4648 etferia-

1880 4685 2037 4740 libus
2068 4685 2231 4741 festis
2263 4690 2319 4740 et
2349 4687 2538 4740 tribus
2566 4686 2772 4740 diebus
2793 4687 2852 4740 in
2872 4681 3532 4755 omniseptimana,sci—

1880 4775 2011 4829 licet
2040 4793 2073 4830 a
2103 4791 2340 4844 vespera
2397 4773 2613 4844 quintae
2664 4773 2816 4828 feriae
2874 4788 3061 4844 usque
3092 4771 3164 4826 ad
3203 4766 3530 4824 diluculum

1881 4863 2146 4917 secunda:
2178 4861 2351 4926 feriae,
2386 4877 2497 4931 pax
2529 4861 2606 4915 sit
2636 4862 2873 4932 ubique,
2908 4861 2988 4915 ita
3044 4864 3109 4914 ut
3155 4873 3325 4914 nemo
3372 4856 3530 4911 ledat

1880 4951 2184 5005 inimicum
2218 4967 2415 5005 suum.
2452 4951 2558 5013 Qui
2617 4951 2911 5015 occiderit,
2964 4947 3268 5019 capitalem
3323 4945 3533 5001 subeat

1881 5039 2248 5096 sententiam.
2283 5037 2388 5102 Qui
2449 5036 2854 5104 vulneraverit,
2889 5053 3130 5092 manum
3161 5035 3384 5106 perdat.
3422 5032 3530 5098 Qui

1881 5146 2075 5201 pugno
2108 5125 2482 5198 percusserit,
2507 5125 2554 5180 si
2588 5125 2800 5181 nobilis
2818 5130 2922 5192 est,
2949 5125 3098 5180 libra
3115 5125 3442 5193 componat.
3468 5121 3528 5178 Si

1881 5217 2048 5284 liber,
2082 5219 2182 5270 aut
2215 5214 2638 5283 ministerialis,
2686 5216 2882 5270 decem
2917 5213 3138 5270 solidis.
3192 5211 3250 5266 Si
3301 5227 3525 5278 servus,

1881 5311 2012 5361 cute
2043 5309 2098 5360 et
2129 5303 2374 5376 capillis.
2410 5304 2615 5360 Omnis
2647 5305 2877 5369 domus,
2908 5301 3101 5357 omnis
3133 5317 3268 5355 area
3324 5315 3527 5371 pacem

1885 5397 2038 5450 infra
2052 5398 2215 5466 septa
2232 5410 2339 5449 sua
2352 5392 2565 5449 habeat
2580 5395 2828 5449 firmam.
2849 5389 3361 5454 Nullusinvadat,n
3372 5387 3526 5444 ullus

1881 5484 2172 5556 effringet,
2206 5481 2404 5537 nullus
2434 5482 2584 5537 infra
2605 5485 2827 5554 positos
2851 5487 3067 5537 temere
3090 5477 3404 5550 inquirere,
3427 5481 3529 5533 aut

1878 5573 2162 5632 violenter
2180 5571 2510 5647 opprimere
2541 5574 2874 5646 praesumat.
2909 5569 3015 5639 Qui
3061 5565 3525 5645 praesumpserit,
