  <div class='ocr_page' id='page_1' title='image "/cluster/home/n/w/nwhite01/storage/ocr_20150623/151/hvd.32044054760095/573.png"; bbox 0 0 3968 6158; ppageno 0'>
   <div class='ocr_carea' id='block_1_1' title="bbox 432 301 606 402">
    <p class='ocr_par' dir='ltr' id='par_1_1' title="bbox 432 301 606 402">
     <span class='ocr_line' id='line_1_1' title="bbox 432 301 606 402; baseline -0.011 0"><span class='ocrx_word' id='word_1_1' title='bbox 432 301 606 402; x_wconf 57' lang='grc'><strong>”1135</strong></span> 
     </span>
    </p>
   </div>
   <div class='ocr_carea' id='block_1_2' title="bbox 1820 302 2499 409">
    <p class='ocr_par' dir='ltr' id='par_1_2' title="bbox 1820 302 2499 409">
     <span class='ocr_line' id='line_1_2' title="bbox 1820 302 2499 409; baseline -0.001 -15"><span class='ocrx_word' id='word_1_2' title='bbox 1820 327 2137 397; x_wconf 83' lang='lat' dir='ltr'>MONUM:</span> <span class='ocrx_word' id='word_1_3' title='bbox 2169 302 2499 409; x_wconf 76' lang='lat' dir='ltr'>-DIPLbM.</span> 
     </span>
    </p>
   </div>
   <div class='ocr_carea' id='block_1_3' title="bbox 3702 319 3868 385">
    <p class='ocr_par' dir='ltr' id='par_1_3' title="bbox 3702 319 3868 385">
     <span class='ocr_line' id='line_1_3' title="bbox 3702 319 3868 385; baseline 0.006 -1"><span class='ocrx_word' id='word_1_4' title='bbox 3702 319 3868 385; x_wconf 73' lang='grc'><strong>1136</strong></span> 
     </span>
    </p>
   </div>
   <div class='ocr_carea' id='block_1_4' title="bbox 448 439 3872 545">
    <p class='ocr_par' dir='ltr' id='par_1_4' title="bbox 448 439 3872 545">
     <span class='ocr_line' id='line_1_4' title="bbox 448 439 3872 545; baseline -0.005 -15"><span class='ocrx_word' id='word_1_5' title='bbox 448 474 874 545; x_wconf 85' lang='lat' dir='ltr'>cujuscumque</span> <span class='ocrx_word' id='word_1_6' title='bbox 900 471 979 529; x_wconf 89' lang='lat' dir='ltr'>sit</span> <span class='ocrx_word' id='word_1_7' title='bbox 1007 469 1381 536; x_wconf 84' lang='lat' dir='ltr'>conditionis,</span> <span class='ocrx_word' id='word_1_8' title='bbox 1441 466 1629 540; x_wconf 85' lang='lat' dir='ltr'>capite</span> <span class='ocrx_word' id='word_1_9' title='bbox 1687 464 1995 539; x_wconf 84' lang='lat' dir='ltr'>plectatur.</span> <span class='ocrx_word' id='word_1_10' title='bbox 2024 464 2084 521; x_wconf 91' lang='lat' dir='ltr'>Si</span> <span class='ocrx_word' id='word_1_11' title='bbox 2115 466 2168 532; x_wconf 79' lang='grc' dir='ltr'>Α</span> <span class='ocrx_word' id='word_1_12' title='bbox 2200 465 2639 539; x_wconf 80' lang='lat' dir='ltr'>cujuscumque</span> <span class='ocrx_word' id='word_1_13' title='bbox 2662 461 2741 517; x_wconf 89' lang='lat' dir='ltr'>sit</span> <span class='ocrx_word' id='word_1_14' title='bbox 2768 457 3153 527; x_wconf 83' lang='lat' dir='ltr'>condicionis,</span> <span class='ocrx_word' id='word_1_15' title='bbox 3186 455 3377 533; x_wconf 84' lang='lat' dir='ltr'>capite</span> <span class='ocrx_word' id='word_1_16' title='bbox 3435 455 3765 543; x_wconf 33' lang='lat' dir='ltr'>plectaturr</span> <span class='ocrx_word' id='word_1_17' title='bbox 3806 439 3872 513; x_wconf 72' lang='grc' dir='ltr'>εί</span> 
     </span>
    </p>
   </div>
   <div class='ocr_carea' id='block_1_5' title="bbox 357 553 2096 635">
    <p class='ocr_par' dir='ltr' id='par_1_5' title="bbox 357 553 2096 635">
     <span class='ocr_line' id='line_1_5' title="bbox 357 553 2096 635; baseline -0.006 -17"><span class='ocrx_word' id='word_1_18' title='bbox 357 622 363 628; x_wconf 61' lang='grc'><strong><em>,</em></strong></span> <span class='ocrx_word' id='word_1_19' title='bbox 449 561 683 635; x_wconf 83' lang='lat' dir='ltr'>fugiens</span> <span class='ocrx_word' id='word_1_20' title='bbox 715 559 929 634; x_wconf 85' lang='lat' dir='ltr'>aliquis</span> <span class='ocrx_word' id='word_1_21' title='bbox 958 560 1285 628; x_wconf 90' lang='lat' dir='ltr'>inimicum,</span> <span class='ocrx_word' id='word_1_22' title='bbox 1317 557 1405 614; x_wconf 85' lang='lat' dir='ltr'>vel</span> <span class='ocrx_word' id='word_1_23' title='bbox 1437 574 1612 614; x_wconf 92' lang='lat' dir='ltr'>suum</span> <span class='ocrx_word' id='word_1_24' title='bbox 1642 554 1733 612; x_wconf 93' lang='lat' dir='ltr'>vel</span> <span class='ocrx_word' id='word_1_25' title='bbox 1780 553 2096 627; x_wconf 87' lang='lat' dir='ltr'>cujuslibet</span> 
     </span>
    </p>
   </div>
   <div class='ocr_carea' id='block_1_6' title="bbox 432 644 2093 723">
    <p class='ocr_par' dir='ltr' id='par_1_6' title="bbox 432 644 2093 723">
     <span class='ocr_line' id='line_1_6' title="bbox 432 644 2093 723; baseline -0.005 -16"><span class='ocrx_word' id='word_1_26' title='bbox 432 655 683 723; x_wconf 83' lang='lat' dir='ltr'>&#39;septum</span> <span class='ocrx_word' id='word_1_27' title='bbox 714 651 1033 719; x_wconf 82' lang='lat' dir='ltr'>intraverit,</span> <span class='ocrx_word' id='word_1_28' title='bbox 1058 664 1300 705; x_wconf 90' lang='lat' dir='ltr'>securus</span> <span class='ocrx_word' id='word_1_29' title='bbox 1318 646 1463 703; x_wconf 92' lang='lat' dir='ltr'>inibi</span> <span class='ocrx_word' id='word_1_30' title='bbox 1484 646 1579 703; x_wconf 90' lang='lat' dir='ltr'>sit.</span> <span class='ocrx_word' id='word_1_31' title='bbox 1619 644 1832 710; x_wconf 88' lang='lat' dir='ltr'>Quivel</span> <span class='ocrx_word' id='word_1_32' title='bbox 1862 644 2093 700; x_wconf 86' lang='lat' dir='ltr'>hastam</span> 
     </span>
    </p>
   </div>
   <div class='ocr_carea' id='block_1_7' title="bbox 449 731 2092 812">
    <p class='ocr_par' dir='ltr' id='par_1_7' title="bbox 449 731 2092 812">
     <span class='ocr_line' id='line_1_7' title="bbox 449 731 2092 812; baseline -0.007 -16"><span class='ocrx_word' id='word_1_33' title='bbox 449 740 539 795; x_wconf 87' lang='lat' dir='ltr'>vel</span> <span class='ocrx_word' id='word_1_34' title='bbox 572 738 856 812; x_wconf 91' lang='lat' dir='ltr'>quidlibet</span> <span class='ocrx_word' id='word_1_35' title='bbox 885 754 1181 795; x_wconf 88' lang='lat' dir='ltr'>armorum</span> <span class='ocrx_word' id='word_1_36' title='bbox 1196 736 1352 792; x_wconf 90' lang='lat' dir='ltr'>ultra</span> <span class='ocrx_word' id='word_1_37' title='bbox 1368 738 1711 808; x_wconf 89' lang='lat' dir='ltr'>sepempost</span> <span class='ocrx_word' id='word_1_38' title='bbox 1751 749 1885 788; x_wconf 87' lang='lat' dir='ltr'>eum</span> <span class='ocrx_word' id='word_1_39' title='bbox 1926 731 2092 786; x_wconf 92' lang='lat' dir='ltr'>immi</span> 
     </span>
    </p>
   </div>
   <div class='ocr_carea' id='block_1_8' title="bbox 451 820 2096 900">
    <p class='ocr_par' dir='ltr' id='par_1_8' title="bbox 451 820 2096 900">
     <span class='ocr_line' id='line_1_8' title="bbox 451 820 2096 900; baseline -0.008 -14"><span class='ocrx_word' id='word_1_40' title='bbox 451 828 612 897; x_wconf 90' lang='lat' dir='ltr'>serit,</span> <span class='ocrx_word' id='word_1_41' title='bbox 638 844 879 884; x_wconf 88' lang='lat' dir='ltr'>manum</span> <span class='ocrx_word' id='word_1_42' title='bbox 898 827 1121 900; x_wconf 87' lang='lat' dir='ltr'>perdat.</span> <span class='ocrx_word' id='word_1_43' title='bbox 1141 825 1504 897; x_wconf 88' lang='lat' dir='ltr'>Cuicumque</span> <span class='ocrx_word' id='word_1_44' title='bbox 1514 840 1646 880; x_wconf 91' lang='lat' dir='ltr'>vero</span> <span class='ocrx_word' id='word_1_45' title='bbox 1663 822 1894 879; x_wconf 91' lang='lat' dir='ltr'>violatio</span> <span class='ocrx_word' id='word_1_46' title='bbox 1918 820 2096 891; x_wconf 82' lang='lat' dir='ltr'>hujus</span> 
     </span>
    </p>
   </div>
   <div class='ocr_carea' id='block_1_9' title="bbox 429 911 2096 991">
    <p class='ocr_par' dir='ltr' id='par_1_9' title="bbox 429 911 2096 991">
     <span class='ocr_line' id='line_1_9' title="bbox 429 911 2096 991; baseline -0.007 -17"><span class='ocrx_word' id='word_1_47' title='bbox 429 912 611 991; x_wconf 45' lang='lat' dir='ltr'>&#39;pacis</span> <span class='ocrx_word' id='word_1_48' title='bbox 641 917 920 990; x_wconf 91' lang='lat' dir='ltr'>imposita</span> <span class='ocrx_word' id='word_1_49' title='bbox 948 915 1123 972; x_wconf 89' lang='lat' dir='ltr'>fuerit</span> <span class='ocrx_word' id='word_1_50' title='bbox 1151 919 1208 972; x_wconf 89' lang='lat' dir='ltr'>et</span> <span class='ocrx_word' id='word_1_51' title='bbox 1236 914 1363 989; x_wconf 91' lang='lat' dir='ltr'>ipse</span> <span class='ocrx_word' id='word_1_52' title='bbox 1394 912 1693 987; x_wconf 85' lang='lat' dir='ltr'>negaverit</span> <span class='ocrx_word' id='word_1_53' title='bbox 1721 911 1771 967; x_wconf 90' lang='lat' dir='ltr'>si</span> <span class='ocrx_word' id='word_1_54' title='bbox 1804 911 2096 983; x_wconf 88' lang='lat' dir='ltr'>ingenuus</span> 
     </span>
    </p>
   </div>
   <div class='ocr_carea' id='block_1_10' title="bbox 452 1001 2094 1076">
    <p class='ocr_par' dir='ltr' id='par_1_10' title="bbox 452 1001 2094 1076">
     <span class='ocr_line' id='line_1_10' title="bbox 452 1001 2094 1076; baseline -0.007 -13"><span class='ocrx_word' id='word_1_55' title='bbox 452 1010 543 1063; x_wconf 89' lang='lat' dir='ltr'>est</span> <span class='ocrx_word' id='word_1_56' title='bbox 580 1010 681 1062; x_wconf 91' lang='lat' dir='ltr'>aut</span> <span class='ocrx_word' id='word_1_57' title='bbox 721 1005 890 1073; x_wconf 89' lang='lat' dir='ltr'>liber,</span> <span class='ocrx_word' id='word_1_58' title='bbox 935 1005 1320 1062; x_wconf 90' lang='lat' dir='ltr'>duodedecim</span> <span class='ocrx_word' id='word_1_59' title='bbox 1368 1001 1628 1076; x_wconf 87' lang='lat' dir='ltr'>probatis</span> <span class='ocrx_word' id='word_1_60' title='bbox 1676 1018 1738 1057; x_wconf 90' lang='lat' dir='ltr'>se</span> <span class='ocrx_word' id='word_1_61' title='bbox 1794 1002 2094 1072; x_wconf 82' lang='lat' dir='ltr'>expurget.</span> 
     </span>
    </p>
   </div>
   <div class='ocr_carea' id='block_1_11' title="bbox 455 1087 2099 1167">
    <p class='ocr_par' dir='ltr' id='par_1_11' title="bbox 455 1087 2099 1167">
     <span class='ocr_line' id='line_1_11' title="bbox 455 1087 2099 1167; baseline -0.008 -15"><span class='ocrx_word' id='word_1_62' title='bbox 455 1095 515 1152; x_wconf 91' lang='lat' dir='ltr'>Si</span> <span class='ocrx_word' id='word_1_63' title='bbox 534 1111 755 1163; x_wconf 86' lang='lat' dir='ltr'>servus,</span> <span class='ocrx_word' id='word_1_64' title='bbox 779 1099 901 1150; x_wconf 89' lang='lat' dir='ltr'>tam</span> <span class='ocrx_word' id='word_1_65' title='bbox 921 1093 1023 1150; x_wconf 90' lang='lat' dir='ltr'>lito</span> <span class='ocrx_word' id='word_1_66' title='bbox 1043 1110 1221 1167; x_wconf 88' lang='lat' dir='ltr'>quam</span> <span class='ocrx_word' id='word_1_67' title='bbox 1248 1089 1675 1157; x_wconf 88' lang='lat' dir='ltr'>ministerialis,</span> <span class='ocrx_word' id='word_1_68' title='bbox 1692 1087 1917 1160; x_wconf 90' lang='lat' dir='ltr'>judicio</span> <span class='ocrx_word' id='word_1_69' title='bbox 1935 1102 2099 1157; x_wconf 68' lang='lat' dir='ltr'>aqua:</span> 
     </span>
    </p>
   </div>
   <div class='ocr_carea' id='block_1_12' title="bbox 453 1175 2135 1257">
    <p class='ocr_par' dir='ltr' id='par_1_12' title="bbox 453 1175 2135 1257">
     <span class='ocr_line' id='line_1_12' title="bbox 453 1175 2135 1257; baseline -0.007 -18"><span class='ocrx_word' id='word_1_70' title='bbox 453 1183 700 1257; x_wconf 70' lang='lat' dir='ltr'>frigidae,</span> <span class='ocrx_word' id='word_1_71' title='bbox 732 1183 815 1239; x_wconf 89' lang='lat' dir='ltr'>ita</span> <span class='ocrx_word' id='word_1_72' title='bbox 828 1182 1050 1239; x_wconf 89' lang='lat' dir='ltr'>scilicet</span> <span class='ocrx_word' id='word_1_73' title='bbox 1074 1186 1139 1239; x_wconf 92' lang='lat' dir='ltr'>ut</span> <span class='ocrx_word' id='word_1_74' title='bbox 1162 1182 1411 1255; x_wconf 88' lang='lat' dir='ltr'>ipsemet</span> <span class='ocrx_word' id='word_1_75' title='bbox 1431 1180 1491 1235; x_wconf 90' lang='lat' dir='ltr'>in</span> <span class='ocrx_word' id='word_1_76' title='bbox 1513 1196 1729 1252; x_wconf 90' lang='lat' dir='ltr'>aquam</span> <span class='ocrx_word' id='word_1_77' title='bbox 1754 1177 2020 1232; x_wconf 80' lang='lat' dir='ltr'>mittatur</span> <span class='ocrx_word' id='word_1_78' title='bbox 2040 1175 2099 1230; x_wconf 92' lang='lat' dir='ltr'>Si</span> <span class='ocrx_word' id='word_1_79' title='bbox 2126 1206 2135 1219; x_wconf 59' lang='grc' dir='ltr'><strong>κ</strong></span> 
     </span>
    </p>
   </div>
   <div class='ocr_carea' id='block_1_13' title="bbox 455 1264 2103 1345">
    <p class='ocr_par' dir='ltr' id='par_1_13' title="bbox 455 1264 2103 1345">
     <span class='ocr_line' id='line_1_13' title="bbox 455 1264 2103 1345; baseline -0.006 -17"><span class='ocrx_word' id='word_1_80' title='bbox 455 1273 679 1330; x_wconf 86' lang='lat' dir='ltr'>furtum</span> <span class='ocrx_word' id='word_1_81' title='bbox 703 1272 999 1339; x_wconf 88' lang='lat' dir='ltr'>acciderit,</span> <span class='ocrx_word' id='word_1_82' title='bbox 1030 1276 1131 1329; x_wconf 90' lang='lat' dir='ltr'>aut</span> <span class='ocrx_word' id='word_1_83' title='bbox 1160 1271 1387 1345; x_wconf 85' lang='lat' dir='ltr'>rapina,</span> <span class='ocrx_word' id='word_1_84' title='bbox 1412 1274 1515 1326; x_wconf 86' lang='lat' dir='ltr'>aut</span> <span class='ocrx_word' id='word_1_85' title='bbox 1544 1267 1766 1325; x_wconf 82' lang='lat' dir='ltr'>bellum</span> <span class='ocrx_word' id='word_1_86' title='bbox 1786 1265 1989 1340; x_wconf 69' lang='lat' dir='ltr'>patriae</span> <span class='ocrx_word' id='word_1_87' title='bbox 2011 1264 2103 1319; x_wconf 91' lang='lat' dir='ltr'>in-</span> 
     </span>
    </p>
   </div>
   <div class='ocr_carea' id='block_1_14' title="bbox 456 1352 2103 1437">
    <p class='ocr_par' dir='ltr' id='par_1_14' title="bbox 456 1352 2103 1437">
     <span class='ocr_line' id='line_1_14' title="bbox 456 1352 2103 1437; baseline -0.008 -18"><span class='ocrx_word' id='word_1_88' title='bbox 456 1361 681 1437; x_wconf 85' lang='lat' dir='ltr'>gruerit</span> <span class='ocrx_word' id='word_1_89' title='bbox 708 1365 766 1418; x_wconf 90' lang='lat' dir='ltr'>et</span> <span class='ocrx_word' id='word_1_90' title='bbox 784 1360 1005 1419; x_wconf 90' lang='lat' dir='ltr'>clamor</span> <span class='ocrx_word' id='word_1_91' title='bbox 1024 1377 1185 1417; x_wconf 90' lang='lat' dir='ltr'>more</span> <span class='ocrx_word' id='word_1_92' title='bbox 1208 1360 1407 1433; x_wconf 72' lang='lat' dir='ltr'>patriae</span> <span class='ocrx_word' id='word_1_93' title='bbox 1424 1363 1660 1414; x_wconf 80' lang='lat' dir='ltr'>exortus</span> <span class='ocrx_word' id='word_1_94' title='bbox 1675 1354 1866 1421; x_wconf 90' lang='lat' dir='ltr'>fuerit,</span> <span class='ocrx_word' id='word_1_95' title='bbox 1894 1352 2103 1409; x_wconf 87' lang='lat' dir='ltr'>armati</span> 
     </span>
    </p>
   </div>
   <div class='ocr_carea' id='block_1_15' title="bbox 458 1443 2103 1523">
    <p class='ocr_par' dir='ltr' id='par_1_15' title="bbox 458 1443 2103 1523">
     <span class='ocr_line' id='line_1_15' title="bbox 458 1443 2103 1523; baseline -0.009 -14"><span class='ocrx_word' id='word_1_96' title='bbox 458 1467 663 1509; x_wconf 90' lang='lat' dir='ltr'>omnes</span> <span class='ocrx_word' id='word_1_97' title='bbox 694 1449 1105 1523; x_wconf 88' lang='lat' dir='ltr'>insequantur,</span> <span class='ocrx_word' id='word_1_98' title='bbox 1132 1453 1191 1505; x_wconf 89' lang='lat' dir='ltr'>et</span> <span class='ocrx_word' id='word_1_99' title='bbox 1219 1449 1279 1504; x_wconf 90' lang='lat' dir='ltr'>in</span> <span class='ocrx_word' id='word_1_100' title='bbox 1302 1448 1493 1504; x_wconf 91' lang='lat' dir='ltr'>eundo</span> <span class='ocrx_word' id='word_1_101' title='bbox 1515 1443 1878 1503; x_wconf 90' lang='lat' dir='ltr'>etredeundo</span> <span class='ocrx_word' id='word_1_102' title='bbox 1902 1456 2103 1515; x_wconf 90' lang='lat' dir='ltr'>pacem</span> 
     </span>
    </p>
   </div>
   <div class='ocr_carea' id='block_1_16' title="bbox 458 1528 2105 1613">
    <p class='ocr_par' dir='ltr' id='par_1_16' title="bbox 458 1528 2105 1613">
     <span class='ocr_line' id='line_1_16' title="bbox 458 1528 2105 1613; baseline -0.009 -17"><span class='ocrx_word' id='word_1_103' title='bbox 458 1539 868 1613; x_wconf 86' lang='lat' dir='ltr'>unusquisque</span> <span class='ocrx_word' id='word_1_104' title='bbox 898 1539 1130 1595; x_wconf 87' lang='lat' dir='ltr'>haheat.</span> <span class='ocrx_word' id='word_1_105' title='bbox 1164 1537 1270 1605; x_wconf 89' lang='lat' dir='ltr'>Qui</span> <span class='ocrx_word' id='word_1_106' title='bbox 1316 1554 1449 1594; x_wconf 91' lang='lat' dir='ltr'>vero</span> <span class='ocrx_word' id='word_1_107' title='bbox 1505 1537 1727 1607; x_wconf 84' lang='lat' dir='ltr'>absque</span> <span class='ocrx_word' id='word_1_108' title='bbox 1781 1528 2105 1588; x_wconf 89' lang='lat' dir='ltr'>inevitabili</span> 
     </span>
    </p>
   </div>
   <div class='ocr_carea' id='block_1_17' title="bbox 458 1617 2109 1698">
    <p class='ocr_par' dir='ltr' id='par_1_17' title="bbox 458 1617 2109 1698">
     <span class='ocr_line' id='line_1_17' title="bbox 458 1617 2109 1698; baseline -0.007 -15"><span class='ocrx_word' id='word_1_109' title='bbox 458 1629 805 1685; x_wconf 88' lang='lat' dir='ltr'>necessitate</span> <span class='ocrx_word' id='word_1_110' title='bbox 823 1646 885 1683; x_wconf 91' lang='lat' dir='ltr'>se</span> <span class='ocrx_word' id='word_1_111' title='bbox 905 1627 1278 1693; x_wconf 81' lang='lat' dir='ltr'>subtraxerit,</span> <span class='ocrx_word' id='word_1_112' title='bbox 1299 1626 1350 1683; x_wconf 90' lang='lat' dir='ltr'>si</span> <span class='ocrx_word' id='word_1_113' title='bbox 1371 1625 1701 1698; x_wconf 89' lang='lat' dir='ltr'>principum</span> <span class='ocrx_word' id='word_1_114' title='bbox 1715 1626 1879 1678; x_wconf 62' lang='lat' dir='ltr'>terra:</span> <span class='ocrx_word' id='word_1_115' title='bbox 1893 1617 2109 1690; x_wconf 87' lang='lat' dir='ltr'>aliquis</span> 
     </span>
    </p>
   </div>
   <div class='ocr_carea' id='block_1_18' title="bbox 460 1709 2111 1787">
    <p class='ocr_par' dir='ltr' id='par_1_18' title="bbox 460 1709 2111 1787">
     <span class='ocr_line' id='line_1_18' title="bbox 460 1709 2111 1787; baseline -0.007 -15"><span class='ocrx_word' id='word_1_116' title='bbox 460 1722 568 1783; x_wconf 91' lang='lat' dir='ltr'>est,</span> <span class='ocrx_word' id='word_1_117' title='bbox 598 1718 798 1772; x_wconf 90' lang='lat' dir='ltr'>decem</span> <span class='ocrx_word' id='word_1_118' title='bbox 830 1716 1031 1785; x_wconf 89' lang='lat' dir='ltr'>libras,</span> <span class='ocrx_word' id='word_1_119' title='bbox 1066 1716 1117 1772; x_wconf 88' lang='lat' dir='ltr'>si</span> <span class='ocrx_word' id='word_1_120' title='bbox 1144 1715 1360 1771; x_wconf 87' lang='lat' dir='ltr'>nobilis</span> <span class='ocrx_word' id='word_1_121' title='bbox 1391 1714 1675 1787; x_wconf 90' lang='lat' dir='ltr'>quinque,</span> <span class='ocrx_word' id='word_1_122' title='bbox 1718 1712 1765 1767; x_wconf 89' lang='lat' dir='ltr'>si</span> <span class='ocrx_word' id='word_1_123' title='bbox 1809 1709 1956 1765; x_wconf 91' lang='lat' dir='ltr'>liber</span> <span class='ocrx_word' id='word_1_124' title='bbox 2011 1710 2111 1762; x_wconf 92' lang='lat' dir='ltr'>aut</span> 
     </span>
    </p>
   </div>
   <div class='ocr_carea' id='block_1_19' title="bbox 462 1796 2110 1874">
    <p class='ocr_par' dir='ltr' id='par_1_19' title="bbox 462 1796 2110 1874">
     <span class='ocr_line' id='line_1_19' title="bbox 462 1796 2110 1874; baseline -0.005 -14"><span class='ocrx_word' id='word_1_125' title='bbox 462 1803 864 1861; x_wconf 88' lang='lat' dir='ltr'>ministerialis</span> <span class='ocrx_word' id='word_1_126' title='bbox 896 1805 1063 1873; x_wconf 90' lang='lat' dir='ltr'>duas,</span> <span class='ocrx_word' id='word_1_127' title='bbox 1095 1805 1145 1862; x_wconf 88' lang='lat' dir='ltr'>si</span> <span class='ocrx_word' id='word_1_128' title='bbox 1160 1805 1259 1859; x_wconf 90' lang='lat' dir='ltr'>lito</span> <span class='ocrx_word' id='word_1_129' title='bbox 1278 1808 1379 1860; x_wconf 89' lang='lat' dir='ltr'>aut</span> <span class='ocrx_word' id='word_1_130' title='bbox 1394 1820 1594 1860; x_wconf 91' lang='lat' dir='ltr'>servus</span> <span class='ocrx_word' id='word_1_131' title='bbox 1616 1800 1875 1874; x_wconf 90' lang='lat' dir='ltr'>quinque</span> <span class='ocrx_word' id='word_1_132' title='bbox 1892 1796 2110 1855; x_wconf 90' lang='lat' dir='ltr'>solidos</span> 
     </span>
    </p>
   </div>
   <div class='ocr_carea' id='block_1_20' title="bbox 463 1887 2108 1967">
    <p class='ocr_par' dir='ltr' id='par_1_20' title="bbox 463 1887 2108 1967">
     <span class='ocr_line' id='line_1_20' title="bbox 463 1887 2108 1967; baseline -0.007 -17"><span class='ocrx_word' id='word_1_133' title='bbox 463 1893 773 1967; x_wconf 88' lang='lat' dir='ltr'>persolvat,</span> <span class='ocrx_word' id='word_1_134' title='bbox 807 1897 909 1949; x_wconf 91' lang='lat' dir='ltr'>aut</span> <span class='ocrx_word' id='word_1_135' title='bbox 939 1897 1132 1950; x_wconf 89' lang='lat' dir='ltr'>cutem</span> <span class='ocrx_word' id='word_1_136' title='bbox 1163 1897 1221 1949; x_wconf 90' lang='lat' dir='ltr'>et</span> <span class='ocrx_word' id='word_1_137' title='bbox 1251 1892 1492 1965; x_wconf 88' lang='lat' dir='ltr'>capillos</span> <span class='ocrx_word' id='word_1_138' title='bbox 1512 1891 1733 1964; x_wconf 85' lang='lat' dir='ltr'>perdat.</span> <span class='ocrx_word' id='word_1_139' title='bbox 1759 1887 1865 1953; x_wconf 91' lang='lat' dir='ltr'>Qui</span> <span class='ocrx_word' id='word_1_140' title='bbox 1883 1901 2108 1942; x_wconf 88' lang='lat' dir='ltr'>excom-</span> 
     </span>
    </p>
   </div>
   <div class='ocr_carea' id='block_1_21' title="bbox 464 1978 2111 2054">
    <p class='ocr_par' dir='ltr' id='par_1_21' title="bbox 464 1978 2111 2054">
     <span class='ocr_line' id='line_1_21' title="bbox 464 1978 2111 2054; baseline -0.007 -15"><span class='ocrx_word' id='word_1_141' title='bbox 464 1984 830 2039; x_wconf 89' lang='lat' dir='ltr'>municatum</span> <span class='ocrx_word' id='word_1_142' title='bbox 861 1982 950 2038; x_wconf 91' lang='lat' dir='ltr'>vel</span> <span class='ocrx_word' id='word_1_143' title='bbox 981 1980 1345 2054; x_wconf 89' lang='lat' dir='ltr'>quibuslibet</span> <span class='ocrx_word' id='word_1_144' title='bbox 1375 1979 1693 2037; x_wconf 88' lang='lat' dir='ltr'>sceleribus</span> <span class='ocrx_word' id='word_1_145' title='bbox 1724 1978 2111 2048; x_wconf 90' lang='lat' dir='ltr'>dampnatum</span> 
     </span>
    </p>
   </div>
   <div class='ocr_carea' id='block_1_22' title="bbox 466 2055 2110 2143">
    <p class='ocr_par' dir='ltr' id='par_1_22' title="bbox 466 2055 2110 2143">
     <span class='ocr_line' id='line_1_22' title="bbox 466 2055 2110 2143; baseline -0.007 -24"><span class='ocrx_word' id='word_1_146' title='bbox 466 2063 658 2143; x_wconf 88' lang='lat' dir='ltr'>sciens</span> <span class='ocrx_word' id='word_1_147' title='bbox 679 2062 977 2135; x_wconf 89' lang='lat' dir='ltr'>receperit,</span> <span class='ocrx_word' id='word_1_148' title='bbox 1003 2067 1061 2118; x_wconf 89' lang='lat' dir='ltr'>et</span> <span class='ocrx_word' id='word_1_149' title='bbox 1090 2064 1292 2119; x_wconf 88' lang='lat' dir='ltr'>contra</span> <span class='ocrx_word' id='word_1_150' title='bbox 1320 2061 1478 2134; x_wconf 86' lang='lat' dir='ltr'>leges</span> <span class='ocrx_word' id='word_1_151' title='bbox 1510 2059 1595 2115; x_wconf 89' lang='lat' dir='ltr'>vel</span> <span class='ocrx_word' id='word_1_152' title='bbox 1627 2059 1855 2115; x_wconf 86' lang='lat' dir='ltr'>divinas</span> <span class='ocrx_word' id='word_1_153' title='bbox 1870 2055 1958 2111; x_wconf 86' lang='lat' dir='ltr'>vel</span> <span class='ocrx_word' id='word_1_154' title='bbox 1996 2055 2110 2109; x_wconf 85' lang='lat' dir='ltr'>hu-</span> 
     </span>
    </p>
   </div>
   <div class='ocr_carea' id='block_1_23' title="bbox 466 2141 2111 2218">
    <p class='ocr_par' dir='ltr' id='par_1_23' title="bbox 466 2141 2111 2218">
     <span class='ocr_line' id='line_1_23' title="bbox 466 2141 2111 2218; baseline -0.007 -10"><span class='ocrx_word' id='word_1_155' title='bbox 466 2141 673 2208; x_wconf 87' lang='lat' dir='ltr'>manas</span> <span class='ocrx_word' id='word_1_156' title='bbox 685 2150 1029 2218; x_wconf 90' lang='lat' dir='ltr'>defenderit,</span> <span class='ocrx_word' id='word_1_157' title='bbox 1047 2150 1398 2208; x_wconf 85' lang='lat' dir='ltr'>sententiam</span> <span class='ocrx_word' id='word_1_158' title='bbox 1413 2148 1675 2206; x_wconf 88' lang='lat' dir='ltr'>damnati</span> <span class='ocrx_word' id='word_1_159' title='bbox 1689 2141 2082 2203; x_wconf 86' lang='lat' dir='ltr'>defensorsub</span> <span class='ocrx_word' id='word_1_160' title='bbox 2097 2172 2111 2183; x_wconf 85' lang='grc'><strong><em>-</em></strong></span> 
     </span>
    </p>
   </div>
   <div class='ocr_carea' id='block_1_24' title="bbox 465 2230 2115 2312">
    <p class='ocr_par' dir='ltr' id='par_1_24' title="bbox 465 2230 2115 2312">
     <span class='ocr_line' id='line_1_24' title="bbox 465 2230 2115 2312; baseline -0.008 -15"><span class='ocrx_word' id='word_1_161' title='bbox 465 2244 577 2297; x_wconf 90' lang='lat' dir='ltr'>eat.</span> <span class='ocrx_word' id='word_1_162' title='bbox 610 2239 829 2296; x_wconf 89' lang='lat' dir='ltr'>Viatori</span> <span class='ocrx_word' id='word_1_163' title='bbox 872 2238 1193 2312; x_wconf 86' lang='lat' dir='ltr'>hospitium</span> <span class='ocrx_word' id='word_1_164' title='bbox 1230 2255 1401 2295; x_wconf 91' lang='lat' dir='ltr'>nemo</span> <span class='ocrx_word' id='word_1_165' title='bbox 1455 2239 1720 2310; x_wconf 86' lang='lat' dir='ltr'>deneget.</span> <span class='ocrx_word' id='word_1_166' title='bbox 1778 2230 2115 2290; x_wconf 89' lang='lat' dir='ltr'>Necessaria</span> 
     </span>
    </p>
   </div>
   <div class='ocr_carea' id='block_1_25' title="bbox 469 2322 2115 2400">
    <p class='ocr_par' dir='ltr' id='par_1_25' title="bbox 469 2322 2115 2400">
     <span class='ocr_line' id='line_1_25' title="bbox 469 2322 2115 2400; baseline -0.007 -14"><span class='ocrx_word' id='word_1_167' title='bbox 469 2329 517 2386; x_wconf 95' lang='lat' dir='ltr'>si</span> <span class='ocrx_word' id='word_1_168' title='bbox 543 2328 747 2399; x_wconf 86' lang='lat' dir='ltr'>habet,</span> <span class='ocrx_word' id='word_1_169' title='bbox 770 2344 937 2400; x_wconf 54' lang='lat' dir='ltr'>aequo</span> <span class='ocrx_word' id='word_1_170' title='bbox 965 2328 1077 2384; x_wconf 90' lang='lat' dir='ltr'>sibi</span> <span class='ocrx_word' id='word_1_171' title='bbox 1110 2327 1301 2400; x_wconf 89' lang='lat' dir='ltr'>precio</span> <span class='ocrx_word' id='word_1_172' title='bbox 1331 2328 1568 2395; x_wconf 86' lang='lat' dir='ltr'>vendat;</span> <span class='ocrx_word' id='word_1_173' title='bbox 1603 2325 1651 2381; x_wconf 89' lang='lat' dir='ltr'>si</span> <span class='ocrx_word' id='word_1_174' title='bbox 1686 2341 1800 2380; x_wconf 93' lang='lat' dir='ltr'>non</span> <span class='ocrx_word' id='word_1_175' title='bbox 1830 2322 2030 2387; x_wconf 91' lang='lat' dir='ltr'>habet,</span> <span class='ocrx_word' id='word_1_176' title='bbox 2081 2336 2115 2374; x_wconf 90' lang='lat' dir='ltr'>a</span> 
     </span>
    </p>
   </div>
   <div class='ocr_carea' id='block_1_26' title="bbox 466 2407 2113 2490">
    <p class='ocr_par' dir='ltr' id='par_1_26' title="bbox 466 2407 2113 2490">
     <span class='ocr_line' id='line_1_26' title="bbox 466 2407 2113 2490; baseline -0.007 -17"><span class='ocrx_word' id='word_1_177' title='bbox 466 2417 675 2473; x_wconf 88' lang='lat' dir='ltr'>vicinis</span> <span class='ocrx_word' id='word_1_178' title='bbox 706 2415 806 2490; x_wconf 91' lang='lat' dir='ltr'>qui</span> <span class='ocrx_word' id='word_1_179' title='bbox 829 2416 1047 2473; x_wconf 90' lang='lat' dir='ltr'>habent</span> <span class='ocrx_word' id='word_1_180' title='bbox 1076 2417 1278 2472; x_wconf 90' lang='lat' dir='ltr'>eadem</span> <span class='ocrx_word' id='word_1_181' title='bbox 1311 2415 1691 2472; x_wconf 87' lang='lat' dir='ltr'>conventione</span> <span class='ocrx_word' id='word_1_182' title='bbox 1723 2411 2008 2484; x_wconf 89' lang='lat' dir='ltr'>acquirat.</span> <span class='ocrx_word' id='word_1_183' title='bbox 2056 2407 2113 2462; x_wconf 89' lang='lat' dir='ltr'>Si</span> 
     </span>
    </p>
   </div>
   <div class='ocr_carea' id='block_1_27' title="bbox 467 2496 2113 2579">
    <p class='ocr_par' dir='ltr' id='par_1_27' title="bbox 467 2496 2113 2579">
     <span class='ocr_line' id='line_1_27' title="bbox 467 2496 2113 2579; baseline -0.007 -16"><span class='ocrx_word' id='word_1_184' title='bbox 467 2506 791 2579; x_wconf 88' lang='lat' dir='ltr'>hospitium</span> <span class='ocrx_word' id='word_1_185' title='bbox 822 2506 1182 2579; x_wconf 86' lang='lat' dir='ltr'>negaveritet</span> <span class='ocrx_word' id='word_1_186' title='bbox 1200 2504 1530 2561; x_wconf 88' lang='lat' dir='ltr'>necessaria</span> <span class='ocrx_word' id='word_1_187' title='bbox 1544 2505 1790 2560; x_wconf 88' lang='lat' dir='ltr'>vendere</span> <span class='ocrx_word' id='word_1_188' title='bbox 1808 2500 1894 2557; x_wconf 88' lang='lat' dir='ltr'>vel</span> <span class='ocrx_word' id='word_1_189' title='bbox 1914 2496 2113 2569; x_wconf 91' lang='lat' dir='ltr'>acqui-</span> 
     </span>
    </p>
   </div>
   <div class='ocr_carea' id='block_1_28' title="bbox 469 2590 2115 2667">
    <p class='ocr_par' dir='ltr' id='par_1_28' title="bbox 469 2590 2115 2667">
     <span class='ocr_line' id='line_1_28' title="bbox 469 2590 2115 2667; baseline -0.001 -18"><span class='ocrx_word' id='word_1_190' title='bbox 469 2611 595 2651; x_wconf 87' lang='lat' dir='ltr'>rere</span> <span class='ocrx_word' id='word_1_191' title='bbox 608 2594 944 2667; x_wconf 83' lang='lat' dir='ltr'>neglexerit,</span> <span class='ocrx_word' id='word_1_192' title='bbox 965 2594 1315 2666; x_wconf 87' lang='lat' dir='ltr'>magistrum</span> <span class='ocrx_word' id='word_1_193' title='bbox 1338 2592 1486 2647; x_wconf 63' lang='lat' dir='ltr'>villa:</span> <span class='ocrx_word' id='word_1_194' title='bbox 1508 2592 1694 2648; x_wconf 82' lang='lat' dir='ltr'>viator</span> <span class='ocrx_word' id='word_1_195' title='bbox 1706 2590 1979 2664; x_wconf 86' lang='lat' dir='ltr'>appellat,</span> <span class='ocrx_word' id='word_1_196' title='bbox 2014 2594 2115 2666; x_wconf 92' lang='lat' dir='ltr'>qui</span> 
     </span>
    </p>
   </div>
   <div class='ocr_carea' id='block_1_29' title="bbox 471 2681 2115 2755">
    <p class='ocr_par' dir='ltr' id='par_1_29' title="bbox 471 2681 2115 2755">
     <span class='ocr_line' id='line_1_29' title="bbox 471 2681 2115 2755; baseline 0 -16"><span class='ocrx_word' id='word_1_197' title='bbox 471 2682 801 2739; x_wconf 87' lang='lat' dir='ltr'>convocatis</span> <span class='ocrx_word' id='word_1_198' title='bbox 832 2682 1059 2737; x_wconf 89' lang='lat' dir='ltr'>civibus</span> <span class='ocrx_word' id='word_1_199' title='bbox 1076 2681 1201 2737; x_wconf 87' lang='lat' dir='ltr'>suis</span> <span class='ocrx_word' id='word_1_200' title='bbox 1218 2686 1421 2754; x_wconf 85' lang='lat' dir='ltr'>rogata</span> <span class='ocrx_word' id='word_1_201' title='bbox 1434 2686 1746 2755; x_wconf 89' lang='lat' dir='ltr'>negantem</span> <span class='ocrx_word' id='word_1_202' title='bbox 1771 2682 1841 2736; x_wconf 88' lang='lat' dir='ltr'>ad</span> <span class='ocrx_word' id='word_1_203' title='bbox 1862 2699 2115 2754; x_wconf 70' lang='lat' dir='ltr'>praesens</span> 
     </span>
    </p>
   </div>
   <div class='ocr_carea' id='block_1_30' title="bbox 472 2769 2115 2844">
    <p class='ocr_par' dir='ltr' id='par_1_30' title="bbox 472 2769 2115 2844">
     <span class='ocr_line' id='line_1_30' title="bbox 472 2769 2115 2844; baseline 0.001 -18"><span class='ocrx_word' id='word_1_204' title='bbox 472 2769 886 2844; x_wconf 90' lang='lat' dir='ltr'>decapillatum</span> <span class='ocrx_word' id='word_1_205' title='bbox 919 2770 1190 2826; x_wconf 86' lang='lat' dir='ltr'>excoriet.</span> <span class='ocrx_word' id='word_1_206' title='bbox 1209 2769 1410 2826; x_wconf 84' lang='lat' dir='ltr'>Viator</span> <span class='ocrx_word' id='word_1_207' title='bbox 1425 2770 1472 2825; x_wconf 94' lang='lat' dir='ltr'>si</span> <span class='ocrx_word' id='word_1_208' title='bbox 1491 2769 1866 2841; x_wconf 90' lang='lat' dir='ltr'>importunus</span> <span class='ocrx_word' id='word_1_209' title='bbox 1884 2771 2115 2828; x_wconf 88' lang='lat' dir='ltr'>exstite-</span> 
     </span>
    </p>
   </div>
   <div class='ocr_carea' id='block_1_31' title="bbox 476 2856 2117 2931">
    <p class='ocr_par' dir='ltr' id='par_1_31' title="bbox 476 2856 2117 2931">
     <span class='ocr_line' id='line_1_31' title="bbox 476 2856 2117 2931; baseline 0.001 -17"><span class='ocrx_word' id='word_1_210' title='bbox 476 2860 552 2915; x_wconf 89' lang='lat' dir='ltr'>rit</span> <span class='ocrx_word' id='word_1_211' title='bbox 578 2863 637 2915; x_wconf 91' lang='lat' dir='ltr'>et</span> <span class='ocrx_word' id='word_1_212' title='bbox 677 2856 1013 2914; x_wconf 88' lang='lat' dir='ltr'>violentiam</span> <span class='ocrx_word' id='word_1_213' title='bbox 1072 2857 1131 2913; x_wconf 91' lang='lat' dir='ltr'>in</span> <span class='ocrx_word' id='word_1_214' title='bbox 1190 2857 1446 2931; x_wconf 89' lang='lat' dir='ltr'>hospitio</span> <span class='ocrx_word' id='word_1_215' title='bbox 1495 2858 1837 2924; x_wconf 87' lang='lat' dir='ltr'>exercuerit,</span> <span class='ocrx_word' id='word_1_216' title='bbox 1896 2859 2117 2917; x_wconf 90' lang='lat' dir='ltr'>vicinos</span> 
     </span>
    </p>
   </div>
   <div class='ocr_carea' id='block_1_32' title="bbox 481 2948 2115 3021">
    <p class='ocr_par' dir='ltr' id='par_1_32' title="bbox 481 2948 2115 3021">
     <span class='ocr_line' id='line_1_32' title="bbox 481 2948 2115 3021; baseline 0 -16"><span class='ocrx_word' id='word_1_217' title='bbox 481 2966 621 3006; x_wconf 87' lang='lat' dir='ltr'>suos</span> <span class='ocrx_word' id='word_1_218' title='bbox 644 2948 857 3021; x_wconf 91' lang='lat' dir='ltr'>hospes</span> <span class='ocrx_word' id='word_1_219' title='bbox 889 2952 1183 3016; x_wconf 90' lang='lat' dir='ltr'>convocet,</span> <span class='ocrx_word' id='word_1_220' title='bbox 1219 2948 1496 3020; x_wconf 90' lang='lat' dir='ltr'>injuriam</span> <span class='ocrx_word' id='word_1_221' title='bbox 1514 2948 1846 3016; x_wconf 91' lang='lat' dir='ltr'>denunciet,</span> <span class='ocrx_word' id='word_1_222' title='bbox 1866 2965 2115 3020; x_wconf 90' lang='lat' dir='ltr'>quorum</span> 
     </span>
    </p>
   </div>
   <div class='ocr_carea' id='block_1_33' title="bbox 475 3037 2120 3111">
    <p class='ocr_par' dir='ltr' id='par_1_33' title="bbox 475 3037 2120 3111">
     <span class='ocr_line' id='line_1_33' title="bbox 475 3037 2120 3111; baseline -0.001 -17"><span class='ocrx_word' id='word_1_223' title='bbox 475 3037 716 3094; x_wconf 91' lang='lat' dir='ltr'>consilio</span> <span class='ocrx_word' id='word_1_224' title='bbox 748 3037 1204 3094; x_wconf 80' lang='lat' dir='ltr'>satisfactionem</span> <span class='ocrx_word' id='word_1_225' title='bbox 1236 3037 1428 3111; x_wconf 85' lang='lat' dir='ltr'>exigat</span> <span class='ocrx_word' id='word_1_226' title='bbox 1456 3041 1513 3093; x_wconf 92' lang='lat' dir='ltr'>et</span> <span class='ocrx_word' id='word_1_227' title='bbox 1541 3037 1799 3110; x_wconf 89' lang='lat' dir='ltr'>recipiat.</span> <span class='ocrx_word' id='word_1_228' title='bbox 1829 3038 2053 3103; x_wconf 88' lang='lat' dir='ltr'>Quibus</span> <span class='ocrx_word' id='word_1_229' title='bbox 2070 3038 2120 3095; x_wconf 90' lang='lat' dir='ltr'>si</span> 
     </span>
    </p>
   </div>
   <div class='ocr_carea' id='block_1_34' title="bbox 471 3126 2120 3200">
    <p class='ocr_par' dir='ltr' id='par_1_34' title="bbox 471 3126 2120 3200">
     <span class='ocr_line' id='line_1_34' title="bbox 471 3126 2120 3200; baseline 0 -17"><span class='ocrx_word' id='word_1_230' title='bbox 471 3128 659 3184; x_wconf 89' lang='lat' dir='ltr'>viator</span> <span class='ocrx_word' id='word_1_231' title='bbox 688 3144 806 3183; x_wconf 92' lang='lat' dir='ltr'>non</span> <span class='ocrx_word' id='word_1_232' title='bbox 836 3126 1206 3200; x_wconf 90' lang='lat' dir='ltr'>acquieverit,</span> <span class='ocrx_word' id='word_1_233' title='bbox 1229 3132 1293 3182; x_wconf 92' lang='lat' dir='ltr'>ut</span> <span class='ocrx_word' id='word_1_234' title='bbox 1316 3128 1897 3199; x_wconf 87' lang='lat' dir='ltr'>raptordampnetur.</span> <span class='ocrx_word' id='word_1_235' title='bbox 1920 3127 2120 3185; x_wconf 88' lang='lat' dir='ltr'>Viator</span> 
     </span>
    </p>
   </div>
   <div class='ocr_carea' id='block_1_35' title="bbox 475 3216 2117 3289">
    <p class='ocr_par' dir='ltr' id='par_1_35' title="bbox 475 3216 2117 3289">
     <span class='ocr_line' id='line_1_35' title="bbox 475 3216 2117 3289; baseline 0 -16"><span class='ocrx_word' id='word_1_236' title='bbox 475 3217 523 3273; x_wconf 89' lang='lat' dir='ltr'>si</span> <span class='ocrx_word' id='word_1_237' title='bbox 552 3232 787 3273; x_wconf 91' lang='lat' dir='ltr'>necesse</span> <span class='ocrx_word' id='word_1_238' title='bbox 822 3216 1108 3285; x_wconf 90' lang='lat' dir='ltr'>habuerit,</span> <span class='ocrx_word' id='word_1_239' title='bbox 1134 3217 1282 3272; x_wconf 89' lang='lat' dir='ltr'>duos</span> <span class='ocrx_word' id='word_1_240' title='bbox 1312 3216 1372 3271; x_wconf 90' lang='lat' dir='ltr'>in</span> <span class='ocrx_word' id='word_1_241' title='bbox 1402 3232 1541 3289; x_wconf 88' lang='lat' dir='ltr'>agro</span> <span class='ocrx_word' id='word_1_242' title='bbox 1572 3217 1926 3289; x_wconf 89' lang='lat' dir='ltr'>manipulos,</span> <span class='ocrx_word' id='word_1_243' title='bbox 1946 3222 2047 3273; x_wconf 89' lang='lat' dir='ltr'>aut</span> <span class='ocrx_word' id='word_1_244' title='bbox 2067 3216 2117 3274; x_wconf 92' lang='lat' dir='ltr'>si</span> 
     </span>
    </p>
   </div>
   <div class='ocr_carea' id='block_1_36' title="bbox 475 3304 2111 3379">
    <p class='ocr_par' dir='ltr' id='par_1_36' title="bbox 475 3304 2111 3379">
     <span class='ocr_line' id='line_1_36' title="bbox 475 3304 2111 3379; baseline 0.001 -19"><span class='ocrx_word' id='word_1_245' title='bbox 475 3304 667 3361; x_wconf 90' lang='lat' dir='ltr'>multu</span> <span class='ocrx_word' id='word_1_246' title='bbox 691 3309 891 3376; x_wconf 85' lang='lat' dir='ltr'>mtres,</span> <span class='ocrx_word' id='word_1_247' title='bbox 923 3305 1091 3377; x_wconf 92' lang='lat' dir='ltr'>equis</span> <span class='ocrx_word' id='word_1_248' title='bbox 1114 3304 1240 3361; x_wconf 92' lang='lat' dir='ltr'>suis</span> <span class='ocrx_word' id='word_1_249' title='bbox 1260 3305 1443 3373; x_wconf 88' lang='lat' dir='ltr'>tollat,</span> <span class='ocrx_word' id='word_1_250' title='bbox 1469 3322 1615 3377; x_wconf 89' lang='lat' dir='ltr'>quos</span> <span class='ocrx_word' id='word_1_251' title='bbox 1644 3304 1706 3361; x_wconf 92' lang='lat' dir='ltr'>in</span> <span class='ocrx_word' id='word_1_252' title='bbox 1726 3306 1928 3379; x_wconf 84' lang='lat' dir='ltr'>eodem</span> <span class='ocrx_word' id='word_1_253' title='bbox 1952 3323 2111 3379; x_wconf 84' lang='lat' dir='ltr'>agro;</span> 
     </span>
    </p>
   </div>
   <div class='ocr_carea' id='block_1_37' title="bbox 475 3394 2119 3468">
    <p class='ocr_par' dir='ltr' id='par_1_37' title="bbox 475 3394 2119 3468">
     <span class='ocr_line' id='line_1_37' title="bbox 475 3394 2119 3468; baseline 0.001 -18"><span class='ocrx_word' id='word_1_254' title='bbox 475 3399 575 3450; x_wconf 90' lang='lat' dir='ltr'>aut</span> <span class='ocrx_word' id='word_1_255' title='bbox 606 3395 666 3450; x_wconf 91' lang='lat' dir='ltr'>in</span> <span class='ocrx_word' id='word_1_256' title='bbox 697 3394 964 3467; x_wconf 84' lang='lat' dir='ltr'>proxima</span> <span class='ocrx_word' id='word_1_257' title='bbox 990 3394 1127 3451; x_wconf 90' lang='lat' dir='ltr'>villa</span> <span class='ocrx_word' id='word_1_258' title='bbox 1156 3395 1449 3468; x_wconf 88' lang='lat' dir='ltr'>depascat.</span> <span class='ocrx_word' id='word_1_259' title='bbox 1470 3394 1695 3451; x_wconf 91' lang='lat' dir='ltr'>Pascua</span> <span class='ocrx_word' id='word_1_260' title='bbox 1712 3400 2035 3468; x_wconf 87' lang='lat' dir='ltr'>pratorum,</span> <span class='ocrx_word' id='word_1_261' title='bbox 2062 3401 2119 3452; x_wconf 90' lang='lat' dir='ltr'>et</span> 
     </span>
    </p>
   </div>
   <div class='ocr_carea' id='block_1_38' title="bbox 477 3482 2119 3556">
    <p class='ocr_par' dir='ltr' id='par_1_38' title="bbox 477 3482 2119 3556">
     <span class='ocr_line' id='line_1_38' title="bbox 477 3482 2119 3556; baseline 0.002 -18"><span class='ocrx_word' id='word_1_262' title='bbox 477 3500 670 3556; x_wconf 90' lang='lat' dir='ltr'>poma,</span> <span class='ocrx_word' id='word_1_263' title='bbox 706 3482 906 3539; x_wconf 91' lang='lat' dir='ltr'>nullus</span> <span class='ocrx_word' id='word_1_264' title='bbox 936 3483 1259 3556; x_wconf 88' lang='lat' dir='ltr'>prohibeat.</span> <span class='ocrx_word' id='word_1_265' title='bbox 1294 3484 1624 3556; x_wconf 86' lang='lat' dir='ltr'>Fugitivum</span> <span class='ocrx_word' id='word_1_266' title='bbox 1656 3501 1889 3541; x_wconf 89' lang='lat' dir='ltr'>servum</span> <span class='ocrx_word' id='word_1_267' title='bbox 1920 3484 2119 3541; x_wconf 89' lang='lat' dir='ltr'>nullus</span> 
     </span>
    </p>
   </div>
   <div class='ocr_carea' id='block_1_39' title="bbox 476 3571 2115 3646">
    <p class='ocr_par' dir='ltr' id='par_1_39' title="bbox 476 3571 2115 3646">
     <span class='ocr_line' id='line_1_39' title="bbox 476 3571 2115 3646; baseline 0.001 -20"><span class='ocrx_word' id='word_1_268' title='bbox 476 3571 802 3643; x_wconf 88' lang='lat' dir='ltr'>prohibeat.</span> <span class='ocrx_word' id='word_1_269' title='bbox 837 3571 944 3636; x_wconf 88' lang='lat' dir='ltr'>Qui</span> <span class='ocrx_word' id='word_1_270' title='bbox 972 3572 1317 3640; x_wconf 88' lang='lat' dir='ltr'>defenderit,</span> <span class='ocrx_word' id='word_1_271' title='bbox 1345 3590 1578 3645; x_wconf 66' lang='lat' dir='ltr'>poenam</span> <span class='ocrx_word' id='word_1_272' title='bbox 1625 3572 1850 3646; x_wconf 81' lang='lat' dir='ltr'>fugitivi</span> <span class='ocrx_word' id='word_1_273' title='bbox 1890 3575 2115 3630; x_wconf 87' lang='lat' dir='ltr'>subeat.</span> 
     </span>
    </p>
   </div>
   <div class='ocr_carea' id='block_1_40' title="bbox 476 3659 2123 3730">
    <p class='ocr_par' dir='ltr' id='par_1_40' title="bbox 476 3659 2123 3730">
     <span class='ocr_line' id='line_1_40' title="bbox 476 3659 2123 3730; baseline 0.003 -16"><span class='ocrx_word' id='word_1_274' title='bbox 476 3659 585 3726; x_wconf 89' lang='lat' dir='ltr'>Qui</span> <span class='ocrx_word' id='word_1_275' title='bbox 615 3660 874 3716; x_wconf 88' lang='lat' dir='ltr'>convicia</span> <span class='ocrx_word' id='word_1_276' title='bbox 903 3660 963 3715; x_wconf 92' lang='lat' dir='ltr'>in</span> <span class='ocrx_word' id='word_1_277' title='bbox 993 3659 1176 3716; x_wconf 92' lang='lat' dir='ltr'>alium</span> <span class='ocrx_word' id='word_1_278' title='bbox 1208 3660 1438 3730; x_wconf 85' lang='lat' dir='ltr'>dixerit,</span> <span class='ocrx_word' id='word_1_279' title='bbox 1462 3662 1511 3717; x_wconf 90' lang='lat' dir='ltr'>si</span> <span class='ocrx_word' id='word_1_280' title='bbox 1539 3661 1708 3718; x_wconf 86' lang='lat' dir='ltr'>miles</span> <span class='ocrx_word' id='word_1_281' title='bbox 1731 3662 1954 3719; x_wconf 88' lang='lat' dir='ltr'>baculis</span> <span class='ocrx_word' id='word_1_282' title='bbox 1978 3662 2123 3719; x_wconf 89' lang='lat' dir='ltr'>mul-</span> 
     </span>
    </p>
   </div>
   <div class='ocr_carea' id='block_1_41' title="bbox 474 3740 1883 3822">
    <p class='ocr_par' dir='ltr' id='par_1_41' title="bbox 474 3740 1883 3822">
     <span class='ocr_line' id='line_1_41' title="bbox 474 3740 1883 3822; baseline 0.003 -19"><span class='ocrx_word' id='word_1_283' title='bbox 474 3752 652 3816; x_wconf 91' lang='lat' dir='ltr'>tetur,</span> <span class='ocrx_word' id='word_1_284' title='bbox 682 3748 732 3805; x_wconf 91' lang='lat' dir='ltr'>si</span> <span class='ocrx_word' id='word_1_285' title='bbox 754 3749 1010 3806; x_wconf 90' lang='lat' dir='ltr'>rusticus</span> <span class='ocrx_word' id='word_1_286' title='bbox 1041 3749 1236 3822; x_wconf 91' lang='lat' dir='ltr'>scopis</span> <span class='ocrx_word' id='word_1_287' title='bbox 1268 3751 1609 3807; x_wconf 84' lang='lat' dir='ltr'>excorietur.</span> <span class='ocrx_word' id='word_1_288' title='bbox 1880 3740 1883 3741; x_wconf 15' lang='grc' dir='ltr'><em>ν</em></span> 
     </span>
    </p>
   </div>
   <div class='ocr_carea' id='block_1_42' title="bbox 549 3837 2122 3913">
    <p class='ocr_par' dir='ltr' id='par_1_42' title="bbox 549 3837 2122 3913">
     <span class='ocr_line' id='line_1_42' title="bbox 549 3837 2122 3913; baseline 0.003 -20"><span class='ocrx_word' id='word_1_289' title='bbox 549 3837 651 3894; x_wconf 89' lang='lat' dir='ltr'>Hic</span> <span class='ocrx_word' id='word_1_290' title='bbox 683 3838 817 3894; x_wconf 80' lang='lat' dir='ltr'>finis</span> <span class='ocrx_word' id='word_1_291' title='bbox 852 3837 1197 3910; x_wconf 90' lang='lat' dir='ltr'>juramenti.</span> <span class='ocrx_word' id='word_1_292' title='bbox 1254 3839 1390 3904; x_wconf 68' lang='lat' dir='ltr'>Quae</span> <span class='ocrx_word' id='word_1_293' title='bbox 1448 3857 1583 3896; x_wconf 89' lang='lat' dir='ltr'>vero</span> <span class='ocrx_word' id='word_1_294' title='bbox 1628 3845 1975 3913; x_wconf 85' lang='lat' dir='ltr'>sequuntur,</span> <span class='ocrx_word' id='word_1_295' title='bbox 2025 3859 2122 3898; x_wconf 89' lang='lat' dir='ltr'>ore</span> 
     </span>
    </p>
   </div>
   <div class='ocr_carea' id='block_1_43' title="bbox 477 3926 2119 4003">
    <p class='ocr_par' dir='ltr' id='par_1_43' title="bbox 477 3926 2119 4003">
     <span class='ocr_line' id='line_1_43' title="bbox 477 3926 2119 4003; baseline 0.002 -20"><span class='ocrx_word' id='word_1_296' title='bbox 477 3927 743 3983; x_wconf 89' lang='lat' dir='ltr'>omnium</span> <span class='ocrx_word' id='word_1_297' title='bbox 762 3926 1000 3984; x_wconf 86' lang='lat' dir='ltr'>laudata</span> <span class='ocrx_word' id='word_1_298' title='bbox 1016 3928 1145 3984; x_wconf 88' lang='lat' dir='ltr'>etin</span> <span class='ocrx_word' id='word_1_299' title='bbox 1158 3945 1369 3985; x_wconf 89' lang='lat' dir='ltr'>manus</span> <span class='ocrx_word' id='word_1_300' title='bbox 1387 3930 1793 4002; x_wconf 89' lang='lat' dir='ltr'>episcoporum</span> <span class='ocrx_word' id='word_1_301' title='bbox 1810 3932 2119 4003; x_wconf 90' lang='lat' dir='ltr'>promissa,</span> 
     </span>
    </p>
   </div>
   <div class='ocr_carea' id='block_1_44' title="bbox 468 4017 2123 4092">
    <p class='ocr_par' dir='ltr' id='par_1_44' title="bbox 468 4017 2123 4092">
     <span class='ocr_line' id='line_1_44' title="bbox 468 4017 2123 4092; baseline 0.002 -19"><span class='ocrx_word' id='word_1_302' title='bbox 468 4020 535 4073; x_wconf 87' lang='lat' dir='ltr'>et</span> <span class='ocrx_word' id='word_1_303' title='bbox 562 4017 757 4073; x_wconf 90' lang='lat' dir='ltr'>hanno</span> <span class='ocrx_word' id='word_1_304' title='bbox 790 4017 1062 4074; x_wconf 88' lang='lat' dir='ltr'>roborata</span> <span class='ocrx_word' id='word_1_305' title='bbox 1090 4020 1248 4073; x_wconf 90' lang='lat' dir='ltr'>sunt.</span> <span class='ocrx_word' id='word_1_306' title='bbox 1310 4017 1375 4073; x_wconf 88' lang='lat' dir='ltr'>In</span> <span class='ocrx_word' id='word_1_307' title='bbox 1435 4017 1595 4074; x_wconf 91' lang='lat' dir='ltr'>omni</span> <span class='ocrx_word' id='word_1_308' title='bbox 1644 4019 1804 4091; x_wconf 90' lang='lat' dir='ltr'>pacis</span> <span class='ocrx_word' id='word_1_309' title='bbox 1861 4022 2123 4092; x_wconf 89' lang='lat' dir='ltr'>tempore</span> 
     </span>
    </p>
   </div>
   <div class='ocr_carea' id='block_1_45' title="bbox 477 4104 2124 4180">
    <p class='ocr_par' dir='ltr' id='par_1_45' title="bbox 477 4104 2124 4180">
     <span class='ocr_line' id='line_1_45' title="bbox 477 4104 2124 4180; baseline 0.002 -20"><span class='ocrx_word' id='word_1_310' title='bbox 477 4105 773 4177; x_wconf 59' lang='lat' dir='ltr'>praedicto,</span> <span class='ocrx_word' id='word_1_311' title='bbox 807 4104 1009 4161; x_wconf 90' lang='lat' dir='ltr'>nullus</span> <span class='ocrx_word' id='word_1_312' title='bbox 1042 4122 1207 4162; x_wconf 89' lang='lat' dir='ltr'>arma</span> <span class='ocrx_word' id='word_1_313' title='bbox 1237 4105 1404 4173; x_wconf 88' lang='lat' dir='ltr'>ferat,</span> <span class='ocrx_word' id='word_1_314' title='bbox 1446 4106 1559 4162; x_wconf 90' lang='lat' dir='ltr'>nisi</span> <span class='ocrx_word' id='word_1_315' title='bbox 1611 4106 1711 4161; x_wconf 90' lang='lat' dir='ltr'>illa</span> <span class='ocrx_word' id='word_1_316' title='bbox 1756 4124 1963 4179; x_wconf 48' lang='lat' dir='ltr'>quam-</span> <span class='ocrx_word' id='word_1_317' title='bbox 1989 4123 2124 4180; x_wconf 87' lang='lat' dir='ltr'>pre-</span> 
     </span>
    </p>
   </div>
   <div class='ocr_carea' id='block_1_46' title="bbox 474 4193 1409 4268">
    <p class='ocr_par' dir='ltr' id='par_1_46' title="bbox 474 4193 1409 4268">
     <span class='ocr_line' id='line_1_46' title="bbox 474 4193 1409 4268; baseline 0 -19"><span class='ocrx_word' id='word_1_318' title='bbox 474 4193 822 4266; x_wconf 88' lang='lat' dir='ltr'>seripsimus</span> <span class='ocrx_word' id='word_1_319' title='bbox 850 4195 1169 4251; x_wconf 89' lang='lat' dir='ltr'>necessitas</span> <span class='ocrx_word' id='word_1_320' title='bbox 1200 4194 1409 4268; x_wconf 81' lang='lat' dir='ltr'>exigat.</span> 
     </span>
    </p>
   </div>
   <div class='ocr_carea' id='block_1_47' title="bbox 1270 4352 1339 4407">
    <p class='ocr_par' dir='ltr' id='par_1_47' title="bbox 1270 4352 1339 4407">
     <span class='ocr_line' id='line_1_47' title="bbox 1270 4352 1339 4407; baseline 0 0"><span class='ocrx_word' id='word_1_321' title='bbox 1270 4352 1339 4407; x_wconf 86' lang='lat' dir='ltr'>V.</span> 
     </span>
    </p>
   </div>
   <div class='ocr_carea' id='block_1_48' title="bbox 977 4448 1623 4530">
    <p class='ocr_par' dir='ltr' id='par_1_48' title="bbox 977 4448 1623 4530">
     <span class='ocr_line' id='line_1_48' title="bbox 977 4448 1623 4530; baseline 0 -16"><span class='ocrx_word' id='word_1_322' title='bbox 977 4475 1152 4514; x_wconf 78' lang='lat' dir='ltr'>CURIA</span> <span class='ocrx_word' id='word_1_323' title='bbox 1169 4448 1507 4514; x_wconf 75' lang='lat' dir='ltr'>MOGUN’l‘INA</span> <span class='ocrx_word' id='word_1_324' title='bbox 1523 4458 1623 4530; x_wconf 87' lang='lat'>(5).</span> 
     </span>
    </p>
   </div>
   <div class='ocr_carea' id='block_1_49' title="bbox 994 4547 1626 4621">
    <p class='ocr_par' dir='ltr' id='par_1_49' title="bbox 994 4547 1626 4621">
     <span class='ocr_line' id='line_1_49' title="bbox 994 4547 1626 4621; baseline 0.002 -19"><span class='ocrx_word' id='word_1_325' title='bbox 994 4548 1123 4619; x_wconf 87' lang='lat' dir='ltr'>(An.</span> <span class='ocrx_word' id='word_1_326' title='bbox 1159 4548 1319 4615; x_wconf 87' lang='grc'>1100,</span> <span class='ocrx_word' id='word_1_327' title='bbox 1348 4547 1481 4604; x_wconf 92' lang='lat' dir='ltr'>Dee.</span> <span class='ocrx_word' id='word_1_328' title='bbox 1510 4547 1626 4621; x_wconf 75' lang='lat'>25.)</span> 
     </span>
    </p>
   </div>
   <div class='ocr_carea' id='block_1_50' title="bbox 551 4634 2120 4714">
    <p class='ocr_par' dir='ltr' id='par_1_50' title="bbox 551 4634 2120 4714">
     <span class='ocr_line' id='line_1_50' title="bbox 551 4634 2120 4714; baseline 0.003 -23"><span class='ocrx_word' id='word_1_329' title='bbox 551 4635 869 4691; x_wconf 77' lang='lat' dir='ltr'>HEINnieUs</span> <span class='ocrx_word' id='word_1_330' title='bbox 891 4634 990 4692; x_wconf 88' lang='lat' dir='ltr'>Dei</span> <span class='ocrx_word' id='word_1_331' title='bbox 1013 4635 1203 4709; x_wconf 89' lang='lat' dir='ltr'>gratia</span> <span class='ocrx_word' id='word_1_332' title='bbox 1220 4634 1536 4709; x_wconf 89' lang='lat' dir='ltr'>imperator</span> <span class='ocrx_word' id='word_1_333' title='bbox 1550 4643 1860 4711; x_wconf 89' lang='lat' dir='ltr'>augustus,</span> <span class='ocrx_word' id='word_1_334' title='bbox 1881 4638 2120 4714; x_wconf 90' lang='lat' dir='ltr'>Tegrin-</span> 
     </span>
    </p>
   </div>
   <div class='ocr_carea' id='block_1_51' title="bbox 477 4723 1693 4798">
    <p class='ocr_par' dir='ltr' id='par_1_51' title="bbox 477 4723 1693 4798">
     <span class='ocr_line' id='line_1_51' title="bbox 477 4723 1693 4798; baseline 0 -15"><span class='ocrx_word' id='word_1_335' title='bbox 477 4724 635 4783; x_wconf 89' lang='lat' dir='ltr'>sensi</span> <span class='ocrx_word' id='word_1_336' title='bbox 664 4724 862 4781; x_wconf 90' lang='lat' dir='ltr'>abbati</span> <span class='ocrx_word' id='word_1_337' title='bbox 893 4723 1141 4798; x_wconf 85' lang='lat' dir='ltr'>gratiam</span> <span class='ocrx_word' id='word_1_338' title='bbox 1164 4729 1221 4782; x_wconf 91' lang='lat' dir='ltr'>et</span> <span class='ocrx_word' id='word_1_339' title='bbox 1250 4742 1424 4783; x_wconf 89' lang='lat' dir='ltr'>omne</span> <span class='ocrx_word' id='word_1_340' title='bbox 1452 4727 1693 4783; x_wconf 90' lang='lat' dir='ltr'>bonum.</span> 
     </span>
    </p>
   </div>
   <div class='ocr_carea' id='block_1_52' title="bbox 549 4813 2118 4890">
    <p class='ocr_par' dir='ltr' id='par_1_52' title="bbox 549 4813 2118 4890">
     <span class='ocr_line' id='line_1_52' title="bbox 549 4813 2118 4890; baseline 0.004 -20"><span class='ocrx_word' id='word_1_341' title='bbox 549 4813 854 4886; x_wconf 90' lang='lat' dir='ltr'>Comperto</span> <span class='ocrx_word' id='word_1_342' title='bbox 880 4831 1067 4887; x_wconf 85' lang='lat' dir='ltr'>nuper</span> <span class='ocrx_word' id='word_1_343' title='bbox 1096 4815 1249 4887; x_wconf 90' lang='lat' dir='ltr'>apud</span> <span class='ocrx_word' id='word_1_344' title='bbox 1284 4832 1389 4872; x_wconf 88' lang='lat' dir='ltr'>nos</span> <span class='ocrx_word' id='word_1_345' title='bbox 1430 4815 1653 4872; x_wconf 90' lang='lat' dir='ltr'>domini</span> <span class='ocrx_word' id='word_1_346' title='bbox 1709 4817 2012 4890; x_wconf 88' lang='lat' dir='ltr'>apostolici</span> <span class='ocrx_word' id='word_1_347' title='bbox 2057 4817 2118 4876; x_wconf 92' lang='lat' dir='ltr'>C.</span> 
     </span>
    </p>
   </div>
   <div class='ocr_carea' id='block_1_53' title="bbox 475 4902 2117 4976">
    <p class='ocr_par' dir='ltr' id='par_1_53' title="bbox 475 4902 2117 4976">
     <span class='ocr_line' id='line_1_53' title="bbox 475 4902 2117 4976; baseline 0.002 -18"><span class='ocrx_word' id='word_1_348' title='bbox 475 4903 658 4971; x_wconf 91' lang='lat' dir='ltr'>obitu,</span> <span class='ocrx_word' id='word_1_349' title='bbox 691 4902 987 4976; x_wconf 88' lang='lat' dir='ltr'>principes</span> <span class='ocrx_word' id='word_1_350' title='bbox 1018 4902 1118 4975; x_wconf 91' lang='lat' dir='ltr'>qui</span> <span class='ocrx_word' id='word_1_351' title='bbox 1138 4903 1444 4961; x_wconf 88' lang='lat' dir='ltr'>nobiscum</span> <span class='ocrx_word' id='word_1_352' title='bbox 1465 4909 1651 4974; x_wconf 89' lang='lat' dir='ltr'>erant,</span> <span class='ocrx_word' id='word_1_353' title='bbox 1676 4905 2117 4973; x_wconf 89' lang='lat' dir='ltr'>consuluerunt,</span> 
     </span>
    </p>
   </div>
   <div class='ocr_carea' id='block_1_54' title="bbox 2201 538 3869 626">
    <p class='ocr_par' dir='ltr' id='par_1_54' title="bbox 2201 538 3869 626">
     <span class='ocr_line' id='line_1_54' title="bbox 2201 538 3869 626; baseline -0.005 -18"><span class='ocrx_word' id='word_1_354' title='bbox 2201 553 2431 626; x_wconf 87' lang='lat' dir='ltr'>fugiens</span> <span class='ocrx_word' id='word_1_355' title='bbox 2461 538 2675 624; x_wconf 87' lang='lat' dir='ltr'>aliquis</span> <span class='ocrx_word' id='word_1_356' title='bbox 2706 550 3034 614; x_wconf 91' lang='lat' dir='ltr'>inimicum,</span> <span class='ocrx_word' id='word_1_357' title='bbox 3069 548 3158 606; x_wconf 91' lang='lat' dir='ltr'>vel</span> <span class='ocrx_word' id='word_1_358' title='bbox 3190 564 3368 605; x_wconf 91' lang='lat' dir='ltr'>suum</span> <span class='ocrx_word' id='word_1_359' title='bbox 3400 545 3489 602; x_wconf 90' lang='lat' dir='ltr'>vel</span> <span class='ocrx_word' id='word_1_360' title='bbox 3539 538 3869 618; x_wconf 85' lang='lat' dir='ltr'>cujuslibet</span> 
     </span>
    </p>
   </div>
   <div class='ocr_carea' id='block_1_55' title="bbox 2204 633 3872 714">
    <p class='ocr_par' dir='ltr' id='par_1_55' title="bbox 2204 633 3872 714">
     <span class='ocr_line' id='line_1_55' title="bbox 2204 633 3872 714; baseline -0.006 -16"><span class='ocrx_word' id='word_1_361' title='bbox 2204 647 2438 714; x_wconf 87' lang='lat' dir='ltr'>septum</span> <span class='ocrx_word' id='word_1_362' title='bbox 2469 640 2788 707; x_wconf 87' lang='lat' dir='ltr'>intraverit,</span> <span class='ocrx_word' id='word_1_363' title='bbox 2821 655 3064 695; x_wconf 90' lang='lat' dir='ltr'>securus</span> <span class='ocrx_word' id='word_1_364' title='bbox 3096 637 3241 693; x_wconf 91' lang='lat' dir='ltr'>inibi</span> <span class='ocrx_word' id='word_1_365' title='bbox 3265 636 3496 701; x_wconf 80' lang='lat' dir='ltr'>sit.Qui</span> <span class='ocrx_word' id='word_1_366' title='bbox 3518 633 3608 691; x_wconf 88' lang='lat' dir='ltr'>vel</span> <span class='ocrx_word' id='word_1_367' title='bbox 3630 634 3872 691; x_wconf 81' lang='lat' dir='ltr'>hastam</span> 
     </span>
    </p>
   </div>
   <div class='ocr_carea' id='block_1_56' title="bbox 2203 723 3874 801">
    <p class='ocr_par' dir='ltr' id='par_1_56' title="bbox 2203 723 3874 801">
     <span class='ocr_line' id='line_1_56' title="bbox 2203 723 3874 801; baseline -0.005 -15"><span class='ocrx_word' id='word_1_368' title='bbox 2203 731 2288 786; x_wconf 81' lang='lat' dir='ltr'>vel</span> <span class='ocrx_word' id='word_1_369' title='bbox 2323 729 2609 801; x_wconf 85' lang='lat' dir='ltr'>quidlibet</span> <span class='ocrx_word' id='word_1_370' title='bbox 2637 745 2935 784; x_wconf 89' lang='lat' dir='ltr'>armorum</span> <span class='ocrx_word' id='word_1_371' title='bbox 2960 727 3119 784; x_wconf 90' lang='lat' dir='ltr'>ultra</span> <span class='ocrx_word' id='word_1_372' title='bbox 3170 741 3367 799; x_wconf 89' lang='lat' dir='ltr'>sepem</span> <span class='ocrx_word' id='word_1_373' title='bbox 3399 728 3534 798; x_wconf 93' lang='lat' dir='ltr'>post</span> <span class='ocrx_word' id='word_1_374' title='bbox 3575 740 3709 779; x_wconf 90' lang='lat' dir='ltr'>eum</span> <span class='ocrx_word' id='word_1_375' title='bbox 3757 723 3874 778; x_wconf 89' lang='lat' dir='ltr'>im-</span> 
     </span>
    </p>
   </div>
   <div class='ocr_carea' id='block_1_57' title="bbox 2203 810 3858 889">
    <p class='ocr_par' dir='ltr' id='par_1_57' title="bbox 2203 810 3858 889">
     <span class='ocr_line' id='line_1_57' title="bbox 2203 810 3858 889; baseline -0.005 -15"><span class='ocrx_word' id='word_1_376' title='bbox 2203 819 2447 886; x_wconf 86' lang='lat' dir='ltr'>miserit,</span> <span class='ocrx_word' id='word_1_377' title='bbox 2484 834 2721 873; x_wconf 89' lang='lat' dir='ltr'>manum</span> <span class='ocrx_word' id='word_1_378' title='bbox 2758 817 2978 889; x_wconf 89' lang='lat' dir='ltr'>perdat.</span> <span class='ocrx_word' id='word_1_379' title='bbox 3027 814 3389 885; x_wconf 91' lang='lat' dir='ltr'>Cuicumque</span> <span class='ocrx_word' id='word_1_380' title='bbox 3433 828 3566 868; x_wconf 91' lang='lat' dir='ltr'>vero</span> <span class='ocrx_word' id='word_1_381' title='bbox 3604 810 3858 867; x_wconf 87' lang='lat' dir='ltr'>violacio</span> 
     </span>
    </p>
   </div>
   <div class='ocr_carea' id='block_1_58' title="bbox 2203 900 3861 980">
    <p class='ocr_par' dir='ltr' id='par_1_58' title="bbox 2203 900 3861 980">
     <span class='ocr_line' id='line_1_58' title="bbox 2203 900 3861 980; baseline -0.004 -17"><span class='ocrx_word' id='word_1_382' title='bbox 2203 908 2382 978; x_wconf 88' lang='lat' dir='ltr'>hujus</span> <span class='ocrx_word' id='word_1_383' title='bbox 2415 906 2574 980; x_wconf 87' lang='lat' dir='ltr'>pacis</span> <span class='ocrx_word' id='word_1_384' title='bbox 2603 905 2879 978; x_wconf 87' lang='lat' dir='ltr'>imposita</span> <span class='ocrx_word' id='word_1_385' title='bbox 2918 905 3091 961; x_wconf 89' lang='lat' dir='ltr'>fuerit</span> <span class='ocrx_word' id='word_1_386' title='bbox 3149 906 3206 959; x_wconf 89' lang='lat' dir='ltr'>et</span> <span class='ocrx_word' id='word_1_387' title='bbox 3260 902 3389 975; x_wconf 88' lang='lat' dir='ltr'>ipse</span> <span class='ocrx_word' id='word_1_388' title='bbox 3435 900 3753 974; x_wconf 87' lang='lat' dir='ltr'>negaverit,</span> <span class='ocrx_word' id='word_1_389' title='bbox 3814 901 3861 956; x_wconf 92' lang='lat' dir='ltr'>si</span> 
     </span>
    </p>
   </div>
   <div class='ocr_carea' id='block_1_59' title="bbox 2204 990 3858 1070">
    <p class='ocr_par' dir='ltr' id='par_1_59' title="bbox 2204 990 3858 1070">
     <span class='ocr_line' id='line_1_59' title="bbox 2204 990 3858 1070; baseline -0.002 -19"><span class='ocrx_word' id='word_1_390' title='bbox 2204 996 2496 1070; x_wconf 88' lang='lat' dir='ltr'>ingenuus</span> <span class='ocrx_word' id='word_1_391' title='bbox 2526 1000 2615 1051; x_wconf 90' lang='lat' dir='ltr'>est</span> <span class='ocrx_word' id='word_1_392' title='bbox 2637 994 2758 1051; x_wconf 88' lang='lat' dir='ltr'>sive</span> <span class='ocrx_word' id='word_1_393' title='bbox 2786 993 2934 1050; x_wconf 89' lang='lat' dir='ltr'>liber</span> <span class='ocrx_word' id='word_1_394' title='bbox 2969 996 3078 1059; x_wconf 90' lang='lat' dir='ltr'>est,</span> <span class='ocrx_word' id='word_1_395' title='bbox 3119 991 3429 1048; x_wconf 88' lang='lat' dir='ltr'>duodecim</span> <span class='ocrx_word' id='word_1_396' title='bbox 3478 990 3742 1063; x_wconf 90' lang='lat' dir='ltr'>probatis</span> <span class='ocrx_word' id='word_1_397' title='bbox 3800 1009 3858 1048; x_wconf 88' lang='lat' dir='ltr'>se</span> 
     </span>
    </p>
   </div>
   <div class='ocr_carea' id='block_1_60' title="bbox 2209 1078 3862 1156">
    <p class='ocr_par' dir='ltr' id='par_1_60' title="bbox 2209 1078 3862 1156">
     <span class='ocr_line' id='line_1_60' title="bbox 2209 1078 3862 1156; baseline -0.004 -16"><span class='ocrx_word' id='word_1_398' title='bbox 2209 1087 2517 1156; x_wconf 85' lang='lat' dir='ltr'>expurget;</span> <span class='ocrx_word' id='word_1_399' title='bbox 2548 1083 2595 1138; x_wconf 94' lang='lat' dir='ltr'>si</span> <span class='ocrx_word' id='word_1_400' title='bbox 2627 1099 2850 1149; x_wconf 90' lang='lat' dir='ltr'>servus,</span> <span class='ocrx_word' id='word_1_401' title='bbox 2868 1080 3118 1138; x_wconf 90' lang='lat' dir='ltr'>tamleto</span> <span class='ocrx_word' id='word_1_402' title='bbox 3133 1096 3311 1152; x_wconf 90' lang='lat' dir='ltr'>quam</span> <span class='ocrx_word' id='word_1_403' title='bbox 3329 1078 3862 1151; x_wconf 87' lang='lat' dir='ltr'>ministerialis,ju-</span> 
     </span>
    </p>
   </div>
   <div class='ocr_carea' id='block_1_61' title="bbox 2210 1168 3859 1245">
    <p class='ocr_par' dir='ltr' id='par_1_61' title="bbox 2210 1168 3859 1245">
     <span class='ocr_line' id='line_1_61' title="bbox 2210 1168 3859 1245; baseline -0.002 -16"><span class='ocrx_word' id='word_1_404' title='bbox 2210 1174 2362 1229; x_wconf 91' lang='lat' dir='ltr'>dicio</span> <span class='ocrx_word' id='word_1_405' title='bbox 2392 1190 2558 1244; x_wconf 59' lang='lat' dir='ltr'>aqua</span> <span class='ocrx_word' id='word_1_406' title='bbox 2592 1171 2927 1245; x_wconf 56' lang='lat' dir='ltr'>frigidzedta</span> <span class='ocrx_word' id='word_1_407' title='bbox 2944 1168 3598 1245; x_wconf 82' lang='lat' dir='ltr'>scilicetutipsemoxin</span> <span class='ocrx_word' id='word_1_408' title='bbox 3649 1186 3859 1242; x_wconf 86' lang='lat' dir='ltr'>aquam</span> 
     </span>
    </p>
   </div>
   <div class='ocr_carea' id='block_1_62' title="bbox 2215 1257 3862 1330">
    <p class='ocr_par' dir='ltr' id='par_1_62' title="bbox 2215 1257 3862 1330">
     <span class='ocr_line' id='line_1_62' title="bbox 2215 1257 3862 1330; baseline -0.002 -12"><span class='ocrx_word' id='word_1_409' title='bbox 2215 1262 2496 1318; x_wconf 90' lang='lat' dir='ltr'>mittatur.</span> <span class='ocrx_word' id='word_1_410' title='bbox 2530 1260 2590 1316; x_wconf 91' lang='lat' dir='ltr'>Si</span> <span class='ocrx_word' id='word_1_411' title='bbox 2624 1261 2846 1316; x_wconf 90' lang='lat' dir='ltr'>furtum</span> <span class='ocrx_word' id='word_1_412' title='bbox 2866 1258 3142 1315; x_wconf 89' lang='lat' dir='ltr'>acciderit</span> <span class='ocrx_word' id='word_1_413' title='bbox 3159 1261 3261 1313; x_wconf 90' lang='lat' dir='ltr'>aut</span> <span class='ocrx_word' id='word_1_414' title='bbox 3277 1257 3503 1330; x_wconf 87' lang='lat' dir='ltr'>rapina,</span> <span class='ocrx_word' id='word_1_415' title='bbox 3523 1263 3625 1313; x_wconf 92' lang='lat' dir='ltr'>aut</span> <span class='ocrx_word' id='word_1_416' title='bbox 3640 1257 3862 1314; x_wconf 90' lang='lat' dir='ltr'>bellum</span> 
     </span>
    </p>
   </div>
   <div class='ocr_carea' id='block_1_63' title="bbox 2217 1346 3863 1424">
    <p class='ocr_par' dir='ltr' id='par_1_63' title="bbox 2217 1346 3863 1424">
     <span class='ocr_line' id='line_1_63' title="bbox 2217 1346 3863 1424; baseline -0.003 -17"><span class='ocrx_word' id='word_1_417' title='bbox 2217 1350 2412 1424; x_wconf 85' lang='lat' dir='ltr'>patriae</span> <span class='ocrx_word' id='word_1_418' title='bbox 2432 1349 2739 1420; x_wconf 85' lang='lat' dir='ltr'>ingruerit,</span> <span class='ocrx_word' id='word_1_419' title='bbox 2762 1353 2819 1404; x_wconf 93' lang='lat' dir='ltr'>et</span> <span class='ocrx_word' id='word_1_420' title='bbox 2839 1348 3061 1404; x_wconf 91' lang='lat' dir='ltr'>clamor</span> <span class='ocrx_word' id='word_1_421' title='bbox 3081 1363 3240 1403; x_wconf 91' lang='lat' dir='ltr'>more</span> <span class='ocrx_word' id='word_1_422' title='bbox 3258 1346 3458 1418; x_wconf 70' lang='lat' dir='ltr'>patria:</span> <span class='ocrx_word' id='word_1_423' title='bbox 3482 1349 3715 1403; x_wconf 79' lang='lat' dir='ltr'>exortus</span> <span class='ocrx_word' id='word_1_424' title='bbox 3738 1347 3863 1402; x_wconf 80' lang='lat' dir='ltr'>fue-</span> 
     </span>
    </p>
   </div>
   <div class='ocr_carea' id='block_1_64' title="bbox 2217 1435 3866 1510">
    <p class='ocr_par' dir='ltr' id='par_1_64' title="bbox 2217 1435 3866 1510">
     <span class='ocr_line' id='line_1_64' title="bbox 2217 1435 3866 1510; baseline -0.003 -15"><span class='ocrx_word' id='word_1_425' title='bbox 2217 1441 2309 1504; x_wconf 91' lang='lat' dir='ltr'>rit,</span> <span class='ocrx_word' id='word_1_426' title='bbox 2341 1439 2551 1495; x_wconf 83' lang='lat' dir='ltr'>armati</span> <span class='ocrx_word' id='word_1_427' title='bbox 2582 1455 2788 1494; x_wconf 90' lang='lat' dir='ltr'>omnes</span> <span class='ocrx_word' id='word_1_428' title='bbox 2816 1437 3222 1510; x_wconf 88' lang='lat' dir='ltr'>insequantur,</span> <span class='ocrx_word' id='word_1_429' title='bbox 3254 1439 3313 1491; x_wconf 90' lang='lat' dir='ltr'>et</span> <span class='ocrx_word' id='word_1_430' title='bbox 3341 1435 3400 1490; x_wconf 91' lang='lat' dir='ltr'>in</span> <span class='ocrx_word' id='word_1_431' title='bbox 3422 1435 3607 1491; x_wconf 90' lang='lat' dir='ltr'>eundo</span> <span class='ocrx_word' id='word_1_432' title='bbox 3624 1440 3682 1490; x_wconf 90' lang='lat' dir='ltr'>et</span> <span class='ocrx_word' id='word_1_433' title='bbox 3727 1436 3866 1490; x_wconf 83' lang='lat' dir='ltr'>red-</span> 
     </span>
    </p>
   </div>
   <div class='ocr_carea' id='block_1_65' title="bbox 2214 1524 3868 1600">
    <p class='ocr_par' dir='ltr' id='par_1_65' title="bbox 2214 1524 3868 1600">
     <span class='ocr_line' id='line_1_65' title="bbox 2214 1524 3868 1600; baseline -0.004 -15"><span class='ocrx_word' id='word_1_434' title='bbox 2214 1530 2406 1586; x_wconf 90' lang='lat' dir='ltr'>eundo</span> <span class='ocrx_word' id='word_1_435' title='bbox 2441 1528 3059 1600; x_wconf 85' lang='lat' dir='ltr'>unusquisquepacem</span> <span class='ocrx_word' id='word_1_436' title='bbox 3085 1524 3316 1581; x_wconf 88' lang='lat' dir='ltr'>habeat.</span> <span class='ocrx_word' id='word_1_437' title='bbox 3340 1524 3445 1589; x_wconf 88' lang='lat' dir='ltr'>Qui</span> <span class='ocrx_word' id='word_1_438' title='bbox 3465 1541 3596 1580; x_wconf 90' lang='lat' dir='ltr'>vero</span> <span class='ocrx_word' id='word_1_439' title='bbox 3634 1524 3868 1597; x_wconf 87' lang='lat' dir='ltr'>absque</span> 
     </span>
    </p>
   </div>
   <div class='ocr_carea' id='block_1_66' title="bbox 2217 1612 3858 1686">
    <p class='ocr_par' dir='ltr' id='par_1_66' title="bbox 2217 1612 3858 1686">
     <span class='ocr_line' id='line_1_66' title="bbox 2217 1612 3858 1686; baseline -0.002 -13"><span class='ocrx_word' id='word_1_440' title='bbox 2217 1616 2533 1673; x_wconf 85' lang='lat' dir='ltr'>incvitabili</span> <span class='ocrx_word' id='word_1_441' title='bbox 2568 1616 2909 1672; x_wconf 87' lang='lat' dir='ltr'>necessitate</span> <span class='ocrx_word' id='word_1_442' title='bbox 2940 1632 3000 1670; x_wconf 92' lang='lat' dir='ltr'>se</span> <span class='ocrx_word' id='word_1_443' title='bbox 3031 1613 3409 1684; x_wconf 84' lang='lat' dir='ltr'>subtraxerit,</span> <span class='ocrx_word' id='word_1_444' title='bbox 3440 1612 3489 1669; x_wconf 92' lang='lat' dir='ltr'>si</span> <span class='ocrx_word' id='word_1_445' title='bbox 3519 1612 3858 1686; x_wconf 86' lang='lat' dir='ltr'>principum</span> 
     </span>
    </p>
   </div>
   <div class='ocr_carea' id='block_1_67' title="bbox 2217 1700 3864 1778">
    <p class='ocr_par' dir='ltr' id='par_1_67' title="bbox 2217 1700 3864 1778">
     <span class='ocr_line' id='line_1_67' title="bbox 2217 1700 3864 1778; baseline -0.002 -16"><span class='ocrx_word' id='word_1_446' title='bbox 2217 1713 2383 1762; x_wconf 68' lang='lat' dir='ltr'>terras</span> <span class='ocrx_word' id='word_1_447' title='bbox 2417 1705 2631 1778; x_wconf 88' lang='lat' dir='ltr'>aliquis</span> <span class='ocrx_word' id='word_1_448' title='bbox 2660 1709 2750 1760; x_wconf 91' lang='lat' dir='ltr'>est</span> <span class='ocrx_word' id='word_1_449' title='bbox 2778 1705 2976 1760; x_wconf 88' lang='lat' dir='ltr'>decem</span> <span class='ocrx_word' id='word_1_450' title='bbox 2996 1704 3198 1770; x_wconf 89' lang='lat' dir='ltr'>libras,</span> <span class='ocrx_word' id='word_1_451' title='bbox 3220 1702 3267 1759; x_wconf 92' lang='lat' dir='ltr'>si</span> <span class='ocrx_word' id='word_1_452' title='bbox 3282 1700 3496 1759; x_wconf 89' lang='lat' dir='ltr'>nobilis</span> <span class='ocrx_word' id='word_1_453' title='bbox 3510 1702 3796 1775; x_wconf 89' lang='lat' dir='ltr'>quinque,</span> <span class='ocrx_word' id='word_1_454' title='bbox 3821 1703 3864 1758; x_wconf 87' lang='lat' dir='ltr'>si</span> 
     </span>
    </p>
   </div>
   <div class='ocr_carea' id='block_1_68' title="bbox 2218 1791 3866 1865">
    <p class='ocr_par' dir='ltr' id='par_1_68' title="bbox 2218 1791 3866 1865">
     <span class='ocr_line' id='line_1_68' title="bbox 2218 1791 3866 1865; baseline -0.002 -15"><span class='ocrx_word' id='word_1_455' title='bbox 2218 1795 2365 1850; x_wconf 89' lang='lat' dir='ltr'>liber</span> <span class='ocrx_word' id='word_1_456' title='bbox 2386 1799 2490 1850; x_wconf 88' lang='lat' dir='ltr'>aut</span> <span class='ocrx_word' id='word_1_457' title='bbox 2514 1791 3150 1859; x_wconf 86' lang='lat' dir='ltr'>ministerialisduas,si</span> <span class='ocrx_word' id='word_1_458' title='bbox 3168 1808 3366 1848; x_wconf 85' lang='lat' dir='ltr'>servus</span> <span class='ocrx_word' id='word_1_459' title='bbox 3378 1792 3597 1847; x_wconf 92' lang='lat' dir='ltr'>autlito</span> <span class='ocrx_word' id='word_1_460' title='bbox 3609 1792 3866 1865; x_wconf 89' lang='lat' dir='ltr'>quinque</span> 
     </span>
    </p>
   </div>
   <div class='ocr_carea' id='block_1_69' title="bbox 2221 1879 3863 1954">
    <p class='ocr_par' dir='ltr' id='par_1_69' title="bbox 2221 1879 3863 1954">
     <span class='ocr_line' id='line_1_69' title="bbox 2221 1879 3863 1954; baseline -0.002 -14"><span class='ocrx_word' id='word_1_461' title='bbox 2221 1884 2440 1940; x_wconf 87' lang='lat' dir='ltr'>solidos</span> <span class='ocrx_word' id='word_1_462' title='bbox 2474 1884 2779 1954; x_wconf 87' lang='lat' dir='ltr'>persolvat,</span> <span class='ocrx_word' id='word_1_463' title='bbox 2814 1886 2915 1937; x_wconf 91' lang='lat' dir='ltr'>aut</span> <span class='ocrx_word' id='word_1_464' title='bbox 2950 1885 3144 1936; x_wconf 90' lang='lat' dir='ltr'>cutem</span> <span class='ocrx_word' id='word_1_465' title='bbox 3177 1886 3233 1936; x_wconf 90' lang='lat' dir='ltr'>et</span> <span class='ocrx_word' id='word_1_466' title='bbox 3252 1879 3490 1952; x_wconf 90' lang='lat' dir='ltr'>capillos</span> <span class='ocrx_word' id='word_1_467' title='bbox 3507 1881 3742 1953; x_wconf 88' lang='lat' dir='ltr'>perdat.</span> <span class='ocrx_word' id='word_1_468' title='bbox 3765 1881 3863 1946; x_wconf 91' lang='lat' dir='ltr'>Qui</span> 
     </span>
    </p>
   </div>
   <div class='ocr_carea' id='block_1_70' title="bbox 2221 1968 3869 2041">
    <p class='ocr_par' dir='ltr' id='par_1_70' title="bbox 2221 1968 3869 2041">
     <span class='ocr_line' id='line_1_70' title="bbox 2221 1968 3869 2041; baseline -0.002 -13"><span class='ocrx_word' id='word_1_469' title='bbox 2221 1972 2791 2029; x_wconf 73' lang='lat' dir='ltr'>excommunicatum</span> <span class='ocrx_word' id='word_1_470' title='bbox 2822 1969 2910 2025; x_wconf 91' lang='lat' dir='ltr'>vel</span> <span class='ocrx_word' id='word_1_471' title='bbox 2952 1968 3315 2041; x_wconf 88' lang='lat' dir='ltr'>quibuslibet</span> <span class='ocrx_word' id='word_1_472' title='bbox 3363 1968 3683 2025; x_wconf 88' lang='lat' dir='ltr'>sceleribus</span> <span class='ocrx_word' id='word_1_473' title='bbox 3711 1970 3869 2025; x_wconf 82' lang='lat' dir='ltr'>dam-</span> 
     </span>
    </p>
   </div>
   <div class='ocr_carea' id='block_1_71' title="bbox 2221 2056 3865 2135">
    <p class='ocr_par' dir='ltr' id='par_1_71' title="bbox 2221 2056 3865 2135">
     <span class='ocr_line' id='line_1_71' title="bbox 2221 2056 3865 2135; baseline -0.002 -18"><span class='ocrx_word' id='word_1_474' title='bbox 2221 2066 2397 2135; x_wconf 86' lang='lat' dir='ltr'>pnatu</span> <span class='ocrx_word' id='word_1_475' title='bbox 2410 2077 2461 2115; x_wconf 90' lang='lat' dir='ltr'>m</span> <span class='ocrx_word' id='word_1_476' title='bbox 2482 2060 2670 2115; x_wconf 81' lang='lat' dir='ltr'>sciens</span> <span class='ocrx_word' id='word_1_477' title='bbox 2692 2060 2970 2131; x_wconf 76' lang='lat' dir='ltr'>receperit</span> <span class='ocrx_word' id='word_1_478' title='bbox 2982 2063 3037 2114; x_wconf 90' lang='lat' dir='ltr'>et</span> <span class='ocrx_word' id='word_1_479' title='bbox 3055 2062 3256 2114; x_wconf 85' lang='lat' dir='ltr'>contra</span> <span class='ocrx_word' id='word_1_480' title='bbox 3270 2057 3425 2131; x_wconf 74' lang='lat' dir='ltr'>leges</span> <span class='ocrx_word' id='word_1_481' title='bbox 3439 2058 3527 2115; x_wconf 87' lang='lat' dir='ltr'>vel</span> <span class='ocrx_word' id='word_1_482' title='bbox 3540 2056 3773 2116; x_wconf 88' lang='lat' dir='ltr'>divinas</span> <span class='ocrx_word' id='word_1_483' title='bbox 3788 2060 3865 2116; x_wconf 83' lang='lat' dir='ltr'>vel</span> 
     </span>
    </p>
   </div>
   <div class='ocr_carea' id='block_1_72' title="bbox 2220 2146 3865 2206">
    <p class='ocr_par' dir='ltr' id='par_1_72' title="bbox 2220 2146 3865 2206">
     <span class='ocr_line' id='line_1_72' title="bbox 2220 2146 3865 2206; baseline -0.002 0"><span class='ocrx_word' id='word_1_484' title='bbox 2220 2151 2513 2206; x_wconf 84' lang='lat' dir='ltr'>humanas</span> <span class='ocrx_word' id='word_1_485' title='bbox 2543 2147 2883 2204; x_wconf 77' lang='lat' dir='ltr'>deifenderit</span> <span class='ocrx_word' id='word_1_486' title='bbox 2908 2148 2951 2182; x_wconf 75' lang='lat'>“</span> <span class='ocrx_word' id='word_1_487' title='bbox 2981 2146 3339 2203; x_wconf 88' lang='lat' dir='ltr'>sentenciam</span> <span class='ocrx_word' id='word_1_488' title='bbox 3373 2147 3637 2203; x_wconf 86' lang='lat' dir='ltr'>damnati</span> <span class='ocrx_word' id='word_1_489' title='bbox 3675 2148 3865 2204; x_wconf 85' lang='lat' dir='ltr'>defen-</span> 
     </span>
    </p>
   </div>
   <div class='ocr_carea' id='block_1_73' title="bbox 2222 2234 3866 2309">
    <p class='ocr_par' dir='ltr' id='par_1_73' title="bbox 2222 2234 3866 2309">
     <span class='ocr_line' id='line_1_73' title="bbox 2222 2234 3866 2309; baseline -0.002 -13"><span class='ocrx_word' id='word_1_490' title='bbox 2222 2257 2320 2296; x_wconf 87' lang='lat' dir='ltr'>sor</span> <span class='ocrx_word' id='word_1_491' title='bbox 2348 2240 2577 2295; x_wconf 90' lang='lat' dir='ltr'>subeat.</span> <span class='ocrx_word' id='word_1_492' title='bbox 2607 2235 2827 2291; x_wconf 86' lang='lat' dir='ltr'>Viatori</span> <span class='ocrx_word' id='word_1_493' title='bbox 2846 2252 3019 2291; x_wconf 89' lang='lat' dir='ltr'>nemo</span> <span class='ocrx_word' id='word_1_494' title='bbox 3037 2234 3368 2308; x_wconf 90' lang='lat' dir='ltr'>hospicium</span> <span class='ocrx_word' id='word_1_495' title='bbox 3385 2235 3652 2309; x_wconf 89' lang='lat' dir='ltr'>deneget,</span> <span class='ocrx_word' id='word_1_496' title='bbox 3680 2254 3866 2293; x_wconf 85' lang='lat' dir='ltr'>neces-</span> 
     </span>
    </p>
   </div>
   <div class='ocr_carea' id='block_1_74' title="bbox 2222 2325 3865 2399">
    <p class='ocr_par' dir='ltr' id='par_1_74' title="bbox 2222 2325 3865 2399">
     <span class='ocr_line' id='line_1_74' title="bbox 2222 2325 3865 2399; baseline -0.002 -14"><span class='ocrx_word' id='word_1_497' title='bbox 2222 2328 2381 2387; x_wconf 87' lang='lat' dir='ltr'>saria</span> <span class='ocrx_word' id='word_1_498' title='bbox 2414 2328 2460 2383; x_wconf 89' lang='lat' dir='ltr'>si</span> <span class='ocrx_word' id='word_1_499' title='bbox 2488 2327 2685 2393; x_wconf 89' lang='lat' dir='ltr'>habet,</span> <span class='ocrx_word' id='word_1_500' title='bbox 2718 2342 2881 2399; x_wconf 79' lang='lat' dir='ltr'>aequo</span> <span class='ocrx_word' id='word_1_501' title='bbox 2912 2325 3024 2381; x_wconf 90' lang='lat' dir='ltr'>sibi</span> <span class='ocrx_word' id='word_1_502' title='bbox 3056 2325 3264 2397; x_wconf 58' lang='lat' dir='ltr'>pracio</span> <span class='ocrx_word' id='word_1_503' title='bbox 3278 2326 3526 2394; x_wconf 86' lang='lat' dir='ltr'>vendat;</span> <span class='ocrx_word' id='word_1_504' title='bbox 3553 2325 3603 2381; x_wconf 95' lang='lat' dir='ltr'>si</span> <span class='ocrx_word' id='word_1_505' title='bbox 3626 2343 3746 2382; x_wconf 89' lang='lat' dir='ltr'>non</span> <span class='ocrx_word' id='word_1_506' title='bbox 3771 2326 3865 2382; x_wconf 86' lang='lat' dir='ltr'>ha-</span> 
     </span>
    </p>
   </div>
   <div class='ocr_carea' id='block_1_75' title="bbox 2222 2413 3866 2488">
    <p class='ocr_par' dir='ltr' id='par_1_75' title="bbox 2222 2413 3866 2488">
     <span class='ocr_line' id='line_1_75' title="bbox 2222 2413 3866 2488; baseline -0.002 -14"><span class='ocrx_word' id='word_1_507' title='bbox 2222 2419 2339 2483; x_wconf 86' lang='lat' dir='ltr'>bet,</span> <span class='ocrx_word' id='word_1_508' title='bbox 2373 2434 2406 2471; x_wconf 87' lang='lat' dir='ltr'>a</span> <span class='ocrx_word' id='word_1_509' title='bbox 2436 2414 2641 2471; x_wconf 88' lang='lat' dir='ltr'>vicinis</span> <span class='ocrx_word' id='word_1_510' title='bbox 2675 2415 2775 2488; x_wconf 91' lang='lat' dir='ltr'>qui</span> <span class='ocrx_word' id='word_1_511' title='bbox 2809 2414 3027 2470; x_wconf 88' lang='lat' dir='ltr'>habent</span> <span class='ocrx_word' id='word_1_512' title='bbox 3056 2414 3258 2470; x_wconf 90' lang='lat' dir='ltr'>eadem</span> <span class='ocrx_word' id='word_1_513' title='bbox 3292 2413 3681 2471; x_wconf 89' lang='lat' dir='ltr'>convensione</span> <span class='ocrx_word' id='word_1_514' title='bbox 3715 2416 3866 2487; x_wconf 87' lang='lat' dir='ltr'>aqui-</span> 
     </span>
    </p>
   </div>
   <div class='ocr_carea' id='block_1_76' title="bbox 2221 2503 3865 2577">
    <p class='ocr_par' dir='ltr' id='par_1_76' title="bbox 2221 2503 3865 2577">
     <span class='ocr_line' id='line_1_76' title="bbox 2221 2503 3865 2577; baseline -0.001 -15"><span class='ocrx_word' id='word_1_515' title='bbox 2221 2508 2330 2562; x_wconf 88' lang='lat' dir='ltr'>rat.</span> <span class='ocrx_word' id='word_1_516' title='bbox 2363 2506 2420 2560; x_wconf 88' lang='lat' dir='ltr'>Si</span> <span class='ocrx_word' id='word_1_517' title='bbox 2454 2503 2782 2576; x_wconf 88' lang='lat' dir='ltr'>hospicium</span> <span class='ocrx_word' id='word_1_518' title='bbox 2812 2503 3108 2577; x_wconf 83' lang='lat' dir='ltr'>negaverit</span> <span class='ocrx_word' id='word_1_519' title='bbox 3136 2507 3195 2559; x_wconf 90' lang='lat' dir='ltr'>et</span> <span class='ocrx_word' id='word_1_520' title='bbox 3251 2504 3580 2559; x_wconf 89' lang='lat' dir='ltr'>necessaria</span> <span class='ocrx_word' id='word_1_521' title='bbox 3625 2506 3865 2560; x_wconf 84' lang='lat' dir='ltr'>vendere</span> 
     </span>
    </p>
   </div>
   <div class='ocr_carea' id='block_1_77' title="bbox 2221 2591 3864 2667">
    <p class='ocr_par' dir='ltr' id='par_1_77' title="bbox 2221 2591 3864 2667">
     <span class='ocr_line' id='line_1_77' title="bbox 2221 2591 3864 2667; baseline 0.001 -17"><span class='ocrx_word' id='word_1_522' title='bbox 2221 2594 2310 2651; x_wconf 91' lang='lat' dir='ltr'>vel</span> <span class='ocrx_word' id='word_1_523' title='bbox 2345 2593 2609 2666; x_wconf 84' lang='lat' dir='ltr'>aquircre</span> <span class='ocrx_word' id='word_1_524' title='bbox 2642 2591 2978 2665; x_wconf 79' lang='lat' dir='ltr'>neglexerit,</span> <span class='ocrx_word' id='word_1_525' title='bbox 3014 2591 3363 2665; x_wconf 83' lang='lat' dir='ltr'>magistrum</span> <span class='ocrx_word' id='word_1_526' title='bbox 3384 2592 3533 2648; x_wconf 65' lang='lat' dir='ltr'>villae</span> <span class='ocrx_word' id='word_1_527' title='bbox 3554 2593 3749 2650; x_wconf 89' lang='lat' dir='ltr'>viator</span> <span class='ocrx_word' id='word_1_528' title='bbox 3777 2611 3864 2667; x_wconf 86' lang='lat' dir='ltr'>ap-</span> 
     </span>
    </p>
   </div>
   <div class='ocr_carea' id='block_1_78' title="bbox 2225 2681 3866 2757">
    <p class='ocr_par' dir='ltr' id='par_1_78' title="bbox 2225 2681 3866 2757">
     <span class='ocr_line' id='line_1_78' title="bbox 2225 2681 3866 2757; baseline -0.001 -18"><span class='ocrx_word' id='word_1_529' title='bbox 2225 2683 2416 2757; x_wconf 88' lang='lat' dir='ltr'>pellet,</span> <span class='ocrx_word' id='word_1_530' title='bbox 2451 2682 2551 2754; x_wconf 90' lang='lat' dir='ltr'>qui</span> <span class='ocrx_word' id='word_1_531' title='bbox 2583 2683 2912 2737; x_wconf 88' lang='lat' dir='ltr'>convocatis</span> <span class='ocrx_word' id='word_1_532' title='bbox 2942 2682 3167 2738; x_wconf 89' lang='lat' dir='ltr'>civibus</span> <span class='ocrx_word' id='word_1_533' title='bbox 3198 2683 3239 2716; x_wconf 81' lang='grc'>¹⁵</span> <span class='ocrx_word' id='word_1_534' title='bbox 3261 2681 3385 2738; x_wconf 90' lang='lat' dir='ltr'>suis</span> <span class='ocrx_word' id='word_1_535' title='bbox 3403 2682 3636 2755; x_wconf 87' lang='lat' dir='ltr'>quesita</span> <span class='ocrx_word' id='word_1_536' title='bbox 3657 2686 3866 2757; x_wconf 87' lang='lat' dir='ltr'>negan-</span> 
     </span>
    </p>
   </div>
   <div class='ocr_carea' id='block_1_79' title="bbox 2228 2770 3865 2844">
    <p class='ocr_par' dir='ltr' id='par_1_79' title="bbox 2228 2770 3865 2844">
     <span class='ocr_line' id='line_1_79' title="bbox 2228 2770 3865 2844; baseline 0.001 -16"><span class='ocrx_word' id='word_1_537' title='bbox 2228 2778 2344 2829; x_wconf 89' lang='lat' dir='ltr'>tem</span> <span class='ocrx_word' id='word_1_538' title='bbox 2380 2772 2453 2829; x_wconf 90' lang='lat' dir='ltr'>ad</span> <span class='ocrx_word' id='word_1_539' title='bbox 2484 2788 2740 2844; x_wconf 79' lang='lat' dir='ltr'>praesens</span> <span class='ocrx_word' id='word_1_540' title='bbox 2771 2770 3185 2844; x_wconf 84' lang='lat' dir='ltr'>decapillatum</span> <span class='ocrx_word' id='word_1_541' title='bbox 3217 2770 3485 2828; x_wconf 85' lang='lat' dir='ltr'>excoriet.</span> <span class='ocrx_word' id='word_1_542' title='bbox 3518 2771 3725 2828; x_wconf 88' lang='lat' dir='ltr'>Viator</span> <span class='ocrx_word' id='word_1_543' title='bbox 3746 2789 3865 2829; x_wconf 84' lang='lat' dir='ltr'>vero</span> 
     </span>
    </p>
   </div>
   <div class='ocr_carea' id='block_1_80' title="bbox 2227 2856 3871 2935">
    <p class='ocr_par' dir='ltr' id='par_1_80' title="bbox 2227 2856 3871 2935">
     <span class='ocr_line' id='line_1_80' title="bbox 2227 2856 3871 2935; baseline 0.001 -19"><span class='ocrx_word' id='word_1_544' title='bbox 2227 2860 2277 2917; x_wconf 90' lang='lat' dir='ltr'>si</span> <span class='ocrx_word' id='word_1_545' title='bbox 2307 2861 2682 2932; x_wconf 87' lang='lat' dir='ltr'>importunus</span> <span class='ocrx_word' id='word_1_546' title='bbox 2715 2859 3002 2915; x_wconf 85' lang='lat' dir='ltr'>exstiterit</span> <span class='ocrx_word' id='word_1_547' title='bbox 3030 2864 3087 2915; x_wconf 89' lang='lat' dir='ltr'>et</span> <span class='ocrx_word' id='word_1_548' title='bbox 3115 2856 3449 2916; x_wconf 88' lang='lat' dir='ltr'>violentiam</span> <span class='ocrx_word' id='word_1_549' title='bbox 3503 2861 3561 2916; x_wconf 93' lang='lat' dir='ltr'>in</span> <span class='ocrx_word' id='word_1_550' title='bbox 3612 2861 3871 2935; x_wconf 90' lang='lat' dir='ltr'>hospicio</span> 
     </span>
    </p>
   </div>
   <div class='ocr_carea' id='block_1_81' title="bbox 2227 2947 3872 3021">
    <p class='ocr_par' dir='ltr' id='par_1_81' title="bbox 2227 2947 3872 3021">
     <span class='ocr_line' id='line_1_81' title="bbox 2227 2947 3872 3021; baseline -0.002 -14"><span class='ocrx_word' id='word_1_551' title='bbox 2227 2949 2567 3016; x_wconf 84' lang='lat' dir='ltr'>exercuerit,</span> <span class='ocrx_word' id='word_1_552' title='bbox 2598 2947 2820 3004; x_wconf 89' lang='lat' dir='ltr'>vicinos</span> <span class='ocrx_word' id='word_1_553' title='bbox 2851 2963 2989 3003; x_wconf 87' lang='lat' dir='ltr'>suos</span> <span class='ocrx_word' id='word_1_554' title='bbox 3011 2948 3224 3020; x_wconf 85' lang='lat' dir='ltr'>hospes</span> <span class='ocrx_word' id='word_1_555' title='bbox 3253 2953 3546 3018; x_wconf 88' lang='lat' dir='ltr'>convocet,</span> <span class='ocrx_word' id='word_1_556' title='bbox 3594 2948 3872 3021; x_wconf 89' lang='lat' dir='ltr'>injuriam</span> 
     </span>
    </p>
   </div>
   <div class='ocr_carea' id='block_1_82' title="bbox 2228 3036 3875 3111">
    <p class='ocr_par' dir='ltr' id='par_1_82' title="bbox 2228 3036 3875 3111">
     <span class='ocr_line' id='line_1_82' title="bbox 2228 3036 3875 3111; baseline -0.001 -16"><span class='ocrx_word' id='word_1_557' title='bbox 2228 3037 2559 3105; x_wconf 88' lang='lat' dir='ltr'>denunciet,</span> <span class='ocrx_word' id='word_1_558' title='bbox 2595 3054 2848 3110; x_wconf 90' lang='lat' dir='ltr'>quorum</span> <span class='ocrx_word' id='word_1_559' title='bbox 2867 3036 3110 3094; x_wconf 92' lang='lat' dir='ltr'>consilio</span> <span class='ocrx_word' id='word_1_560' title='bbox 3129 3037 3592 3094; x_wconf 83' lang='lat' dir='ltr'>satisfactionem</span> <span class='ocrx_word' id='word_1_561' title='bbox 3611 3039 3806 3111; x_wconf 86' lang='lat' dir='ltr'>exigat</span> <span class='ocrx_word' id='word_1_562' title='bbox 3821 3043 3875 3094; x_wconf 90' lang='lat' dir='ltr'>et</span> 
     </span>
    </p>
   </div>
   <div class='ocr_carea' id='block_1_83' title="bbox 2231 3126 3875 3201">
    <p class='ocr_par' dir='ltr' id='par_1_83' title="bbox 2231 3126 3875 3201">
     <span class='ocr_line' id='line_1_83' title="bbox 2231 3126 3875 3201; baseline -0.001 -17"><span class='ocrx_word' id='word_1_563' title='bbox 2231 3129 2493 3201; x_wconf 90' lang='lat' dir='ltr'>recipiat.</span> <span class='ocrx_word' id='word_1_564' title='bbox 2517 3126 2740 3192; x_wconf 88' lang='lat' dir='ltr'>Quibus</span> <span class='ocrx_word' id='word_1_565' title='bbox 2770 3127 2819 3182; x_wconf 88' lang='lat' dir='ltr'>si</span> <span class='ocrx_word' id='word_1_566' title='bbox 2848 3126 3034 3183; x_wconf 88' lang='lat' dir='ltr'>viator</span> <span class='ocrx_word' id='word_1_567' title='bbox 3059 3144 3172 3182; x_wconf 89' lang='lat' dir='ltr'>non</span> <span class='ocrx_word' id='word_1_568' title='bbox 3188 3127 3559 3199; x_wconf 89' lang='lat' dir='ltr'>acquieverit,</span> <span class='ocrx_word' id='word_1_569' title='bbox 3588 3132 3656 3183; x_wconf 90' lang='lat' dir='ltr'>ut</span> <span class='ocrx_word' id='word_1_570' title='bbox 3678 3133 3875 3201; x_wconf 89' lang='lat' dir='ltr'>raptor</span> 
     </span>
    </p>
   </div>
   <div class='ocr_carea' id='block_1_84' title="bbox 2149 3204 3870 3290">
    <p class='ocr_par' dir='ltr' id='par_1_84' title="bbox 2149 3204 3870 3290">
     <span class='ocr_line' id='line_1_84' title="bbox 2149 3204 3870 3290; baseline -0.001 -17"><span class='ocrx_word' id='word_1_571' title='bbox 2149 3204 2191 3272; x_wconf 85' lang='lat' dir='ltr'>C</span> <span class='ocrx_word' id='word_1_572' title='bbox 2231 3219 2602 3290; x_wconf 90' lang='lat' dir='ltr'>dampnetur.</span> <span class='ocrx_word' id='word_1_573' title='bbox 2648 3209 2977 3288; x_wconf 86' lang='lat' dir='ltr'>Fugitivum</span> <span class='ocrx_word' id='word_1_574' title='bbox 2992 3232 3226 3272; x_wconf 85' lang='lat' dir='ltr'>servum</span> <span class='ocrx_word' id='word_1_575' title='bbox 3240 3214 3439 3271; x_wconf 92' lang='lat' dir='ltr'>nullus</span> <span class='ocrx_word' id='word_1_576' title='bbox 3454 3215 3749 3272; x_wconf 80' lang='lat' dir='ltr'>defendat.</span> <span class='ocrx_word' id='word_1_577' title='bbox 3769 3218 3870 3284; x_wconf 89' lang='lat' dir='ltr'>Qui</span> 
     </span>
    </p>
   </div>
   <div class='ocr_carea' id='block_1_85' title="bbox 2223 3304 3870 3378">
    <p class='ocr_par' dir='ltr' id='par_1_85' title="bbox 2223 3304 3870 3378">
     <span class='ocr_line' id='line_1_85' title="bbox 2223 3304 3870 3378; baseline -0.002 -14"><span class='ocrx_word' id='word_1_578' title='bbox 2223 3307 2568 3373; x_wconf 86' lang='lat' dir='ltr'>defenderit,</span> <span class='ocrx_word' id='word_1_579' title='bbox 2598 3322 2807 3378; x_wconf 89' lang='lat' dir='ltr'>penam</span> <span class='ocrx_word' id='word_1_580' title='bbox 2841 3305 3065 3378; x_wconf 83' lang='lat' dir='ltr'>fugitivi</span> <span class='ocrx_word' id='word_1_581' title='bbox 3089 3306 3314 3361; x_wconf 88' lang='lat' dir='ltr'>subeat.</span> <span class='ocrx_word' id='word_1_582' title='bbox 3349 3304 3549 3362; x_wconf 88' lang='lat' dir='ltr'>Viator</span> <span class='ocrx_word' id='word_1_583' title='bbox 3564 3305 3616 3361; x_wconf 88' lang='lat' dir='ltr'>si</span> <span class='ocrx_word' id='word_1_584' title='bbox 3639 3323 3870 3362; x_wconf 83' lang='lat' dir='ltr'>necesse</span> 
     </span>
    </p>
   </div>
   <div class='ocr_carea' id='block_1_86' title="bbox 2224 3392 3867 3469">
    <p class='ocr_par' dir='ltr' id='par_1_86' title="bbox 2224 3392 3867 3469">
     <span class='ocr_line' id='line_1_86' title="bbox 2224 3392 3867 3469; baseline -0.002 -16"><span class='ocrx_word' id='word_1_585' title='bbox 2224 3396 2516 3463; x_wconf 87' lang='lat' dir='ltr'>habuerit,</span> <span class='ocrx_word' id='word_1_586' title='bbox 2547 3396 2696 3452; x_wconf 92' lang='lat' dir='ltr'>duos</span> <span class='ocrx_word' id='word_1_587' title='bbox 2725 3394 2784 3451; x_wconf 90' lang='lat' dir='ltr'>in</span> <span class='ocrx_word' id='word_1_588' title='bbox 2817 3412 2956 3469; x_wconf 87' lang='lat' dir='ltr'>agro</span> <span class='ocrx_word' id='word_1_589' title='bbox 2974 3392 3327 3467; x_wconf 90' lang='lat' dir='ltr'>manipulos,</span> <span class='ocrx_word' id='word_1_590' title='bbox 3353 3401 3454 3451; x_wconf 90' lang='lat' dir='ltr'>aut</span> <span class='ocrx_word' id='word_1_591' title='bbox 3479 3395 3528 3450; x_wconf 91' lang='lat' dir='ltr'>si</span> <span class='ocrx_word' id='word_1_592' title='bbox 3547 3396 3589 3430; x_wconf 82' lang='grc'>¹⁶</span> <span class='ocrx_word' id='word_1_593' title='bbox 3617 3395 3867 3451; x_wconf 90' lang='lat' dir='ltr'>multum</span> 
     </span>
    </p>
   </div>
   <div class='ocr_carea' id='block_1_87' title="bbox 2227 3482 3868 3558">
    <p class='ocr_par' dir='ltr' id='par_1_87' title="bbox 2227 3482 3868 3558">
     <span class='ocr_line' id='line_1_87' title="bbox 2227 3482 3868 3558; baseline -0.002 -16"><span class='ocrx_word' id='word_1_594' title='bbox 2227 3491 2366 3556; x_wconf 90' lang='lat' dir='ltr'>tres,</span> <span class='ocrx_word' id='word_1_595' title='bbox 2400 3486 2570 3558; x_wconf 90' lang='lat' dir='ltr'>equis</span> <span class='ocrx_word' id='word_1_596' title='bbox 2599 3484 2725 3540; x_wconf 91' lang='lat' dir='ltr'>suis</span> <span class='ocrx_word' id='word_1_597' title='bbox 2758 3482 2943 3553; x_wconf 88' lang='lat' dir='ltr'>tollat,</span> <span class='ocrx_word' id='word_1_598' title='bbox 2976 3500 3125 3556; x_wconf 90' lang='lat' dir='ltr'>quos</span> <span class='ocrx_word' id='word_1_599' title='bbox 3156 3483 3214 3538; x_wconf 92' lang='lat' dir='ltr'>in</span> <span class='ocrx_word' id='word_1_600' title='bbox 3250 3484 3451 3540; x_wconf 90' lang='lat' dir='ltr'>eodem</span> <span class='ocrx_word' id='word_1_601' title='bbox 3483 3500 3623 3557; x_wconf 89' lang='lat' dir='ltr'>agro</span> <span class='ocrx_word' id='word_1_602' title='bbox 3671 3489 3777 3540; x_wconf 84' lang='lat' dir='ltr'>aut</span> <span class='ocrx_word' id='word_1_603' title='bbox 3815 3483 3868 3538; x_wconf 89' lang='lat' dir='ltr'>in</span> 
     </span>
    </p>
   </div>
   <div class='ocr_carea' id='block_1_88' title="bbox 2229 3563 3871 3649">
    <p class='ocr_par' dir='ltr' id='par_1_88' title="bbox 2229 3563 3871 3649">
     <span class='ocr_line' id='line_1_88' title="bbox 2229 3563 3871 3649; baseline -0.002 -18"><span class='ocrx_word' id='word_1_604' title='bbox 2229 3575 2495 3649; x_wconf 84' lang='lat' dir='ltr'>proxima</span> <span class='ocrx_word' id='word_1_605' title='bbox 2534 3574 2670 3630; x_wconf 91' lang='lat' dir='ltr'>villa</span> <span class='ocrx_word' id='word_1_606' title='bbox 2719 3563 3015 3647; x_wconf 82' lang='lat' dir='ltr'>depascat.</span> <span class='ocrx_word' id='word_1_607' title='bbox 3064 3573 3284 3629; x_wconf 89' lang='lat' dir='ltr'>Pascua</span> <span class='ocrx_word' id='word_1_608' title='bbox 3330 3577 3633 3646; x_wconf 86' lang='lat' dir='ltr'>pratorum</span> <span class='ocrx_word' id='word_1_609' title='bbox 3679 3573 3871 3629; x_wconf 90' lang='lat' dir='ltr'>nullus</span> 
     </span>
    </p>
   </div>
   <div class='ocr_carea' id='block_1_89' title="bbox 2230 3660 3870 3738">
    <p class='ocr_par' dir='ltr' id='par_1_89' title="bbox 2230 3660 3870 3738">
     <span class='ocr_line' id='line_1_89' title="bbox 2230 3660 3870 3738; baseline -0.002 -17"><span class='ocrx_word' id='word_1_610' title='bbox 2230 3665 2554 3738; x_wconf 89' lang='lat' dir='ltr'>prohibeat.</span> <span class='ocrx_word' id='word_1_611' title='bbox 2587 3664 2691 3730; x_wconf 88' lang='lat' dir='ltr'>Qui</span> <span class='ocrx_word' id='word_1_612' title='bbox 2727 3662 2982 3718; x_wconf 89' lang='lat' dir='ltr'>convicia</span> <span class='ocrx_word' id='word_1_613' title='bbox 3012 3663 3072 3718; x_wconf 90' lang='lat' dir='ltr'>in</span> <span class='ocrx_word' id='word_1_614' title='bbox 3105 3660 3287 3718; x_wconf 89' lang='lat' dir='ltr'>alium</span> <span class='ocrx_word' id='word_1_615' title='bbox 3319 3662 3549 3731; x_wconf 88' lang='lat' dir='ltr'>dixerit,</span> <span class='ocrx_word' id='word_1_616' title='bbox 3588 3663 3639 3718; x_wconf 88' lang='lat' dir='ltr'>si</span> <span class='ocrx_word' id='word_1_617' title='bbox 3684 3663 3870 3728; x_wconf 88' lang='lat' dir='ltr'>miles,</span> 
     </span>
    </p>
   </div>
   <div class='ocr_carea' id='block_1_90' title="bbox 2228 3751 3772 3824">
    <p class='ocr_par' dir='ltr' id='par_1_90' title="bbox 2228 3751 3772 3824">
     <span class='ocr_line' id='line_1_90' title="bbox 2228 3751 3772 3824; baseline -0.002 -14"><span class='ocrx_word' id='word_1_618' title='bbox 2228 3752 2454 3810; x_wconf 91' lang='lat' dir='ltr'>baculis</span> <span class='ocrx_word' id='word_1_619' title='bbox 2486 3752 2785 3821; x_wconf 81' lang='lat' dir='ltr'>multetur,</span> <span class='ocrx_word' id='word_1_620' title='bbox 2821 3752 2869 3808; x_wconf 92' lang='lat' dir='ltr'>si</span> <span class='ocrx_word' id='word_1_621' title='bbox 2903 3751 3159 3807; x_wconf 89' lang='lat' dir='ltr'>rusticus</span> <span class='ocrx_word' id='word_1_622' title='bbox 3190 3752 3381 3824; x_wconf 91' lang='lat' dir='ltr'>scopis</span> <span class='ocrx_word' id='word_1_623' title='bbox 3412 3752 3772 3808; x_wconf 90' lang='lat' dir='ltr'>verberetur.</span> 
     </span>
    </p>
   </div>
   <div class='ocr_carea' id='block_1_91' title="bbox 2301 3840 3877 3914">
    <p class='ocr_par' dir='ltr' id='par_1_91' title="bbox 2301 3840 3877 3914">
     <span class='ocr_line' id='line_1_91' title="bbox 2301 3840 3877 3914; baseline -0.001 -15"><span class='ocrx_word' id='word_1_624' title='bbox 2301 3844 2404 3899; x_wconf 89' lang='lat' dir='ltr'>Hic</span> <span class='ocrx_word' id='word_1_625' title='bbox 2436 3840 2924 3914; x_wconf 82' lang='lat' dir='ltr'>ﬁnisjuramenti.</span> <span class='ocrx_word' id='word_1_626' title='bbox 2952 3843 3085 3907; x_wconf 64' lang='lat' dir='ltr'>Quae</span> <span class='ocrx_word' id='word_1_627' title='bbox 3116 3857 3250 3897; x_wconf 91' lang='lat' dir='ltr'>vero</span> <span class='ocrx_word' id='word_1_628' title='bbox 3302 3845 3651 3913; x_wconf 85' lang='lat' dir='ltr'>sequuntur,</span> <span class='ocrx_word' id='word_1_629' title='bbox 3709 3858 3811 3897; x_wconf 88' lang='lat' dir='ltr'>ore</span> <span class='ocrx_word' id='word_1_630' title='bbox 3840 3841 3877 3875; x_wconf 71' lang='grc' dir='ltr'>ίτ</span> 
     </span>
    </p>
   </div>
   <div class='ocr_carea' id='block_1_92' title="bbox 2230 3930 3879 4003">
    <p class='ocr_par' dir='ltr' id='par_1_92' title="bbox 2230 3930 3879 4003">
     <span class='ocr_line' id='line_1_92' title="bbox 2230 3930 3879 4003; baseline -0.003 -13"><span class='ocrx_word' id='word_1_631' title='bbox 2230 3932 2493 3990; x_wconf 90' lang='lat' dir='ltr'>omnium</span> <span class='ocrx_word' id='word_1_632' title='bbox 2523 3931 2762 3988; x_wconf 87' lang='lat' dir='ltr'>laudata</span> <span class='ocrx_word' id='word_1_633' title='bbox 2792 3932 2852 3997; x_wconf 71' lang='grc'>³⁸,</span> <span class='ocrx_word' id='word_1_634' title='bbox 2890 3947 2990 4003; x_wconf 92' lang='lat' dir='ltr'>per</span> <span class='ocrx_word' id='word_1_635' title='bbox 3019 3948 3230 3987; x_wconf 90' lang='lat' dir='ltr'>manus</span> <span class='ocrx_word' id='word_1_636' title='bbox 3278 3930 3686 4003; x_wconf 89' lang='lat' dir='ltr'>episcoporum</span> <span class='ocrx_word' id='word_1_637' title='bbox 3743 3947 3879 4002; x_wconf 59' lang='lat' dir='ltr'>pro-</span> 
     </span>
    </p>
   </div>
   <div class='ocr_carea' id='block_1_93' title="bbox 2231 4017 3884 4092">
    <p class='ocr_par' dir='ltr' id='par_1_93' title="bbox 2231 4017 3884 4092">
     <span class='ocr_line' id='line_1_93' title="bbox 2231 4017 3884 4092; baseline -0.002 -14"><span class='ocrx_word' id='word_1_638' title='bbox 2231 4022 2432 4089; x_wconf 91' lang='lat' dir='ltr'>missa,</span> <span class='ocrx_word' id='word_1_639' title='bbox 2466 4025 2525 4077; x_wconf 89' lang='lat' dir='ltr'>et</span> <span class='ocrx_word' id='word_1_640' title='bbox 2553 4022 2746 4076; x_wconf 90' lang='lat' dir='ltr'>hanno</span> <span class='ocrx_word' id='word_1_641' title='bbox 2777 4021 3047 4076; x_wconf 89' lang='lat' dir='ltr'>roborata</span> <span class='ocrx_word' id='word_1_642' title='bbox 3075 4021 3119 4055; x_wconf 79' lang='grc'>¹⁹</span> <span class='ocrx_word' id='word_1_643' title='bbox 3148 4023 3305 4075; x_wconf 89' lang='lat' dir='ltr'>sunt.</span> <span class='ocrx_word' id='word_1_644' title='bbox 3348 4023 3410 4075; x_wconf 94' lang='lat' dir='ltr'>ln</span> <span class='ocrx_word' id='word_1_645' title='bbox 3444 4017 3661 4075; x_wconf 67' lang='lat' dir='ltr'>&quot;omni</span> <span class='ocrx_word' id='word_1_646' title='bbox 3719 4019 3884 4092; x_wconf 87' lang='lat' dir='ltr'>pacis</span> 
     </span>
    </p>
   </div>
   <div class='ocr_carea' id='block_1_94' title="bbox 2231 4106 3881 4183">
    <p class='ocr_par' dir='ltr' id='par_1_94' title="bbox 2231 4106 3881 4183">
     <span class='ocr_line' id='line_1_94' title="bbox 2231 4106 3881 4183; baseline -0.001 -17"><span class='ocrx_word' id='word_1_647' title='bbox 2231 4115 2490 4183; x_wconf 88' lang='lat' dir='ltr'>tempore</span> <span class='ocrx_word' id='word_1_648' title='bbox 2520 4107 2792 4182; x_wconf 69' lang='lat' dir='ltr'>pracdicto</span> <span class='ocrx_word' id='word_1_649' title='bbox 2825 4107 3024 4164; x_wconf 91' lang='lat' dir='ltr'>nullus</span> <span class='ocrx_word' id='word_1_650' title='bbox 3055 4125 3220 4164; x_wconf 90' lang='lat' dir='ltr'>arma</span> <span class='ocrx_word' id='word_1_651' title='bbox 3244 4108 3410 4175; x_wconf 86' lang='lat' dir='ltr'>ferat,</span> <span class='ocrx_word' id='word_1_652' title='bbox 3437 4107 3550 4164; x_wconf 91' lang='lat' dir='ltr'>nisi</span> <span class='ocrx_word' id='word_1_653' title='bbox 3571 4106 3675 4164; x_wconf 86' lang='lat' dir='ltr'>illa</span> <span class='ocrx_word' id='word_1_654' title='bbox 3698 4125 3881 4182; x_wconf 89' lang='lat' dir='ltr'>quam</span> 
     </span>
    </p>
   </div>
   <div class='ocr_carea' id='block_1_95' title="bbox 2231 4198 3377 4271">
    <p class='ocr_par' dir='ltr' id='par_1_95' title="bbox 2231 4198 3377 4271">
     <span class='ocr_line' id='line_1_95' title="bbox 2231 4198 3377 4271; baseline -0.001 -17"><span class='ocrx_word' id='word_1_655' title='bbox 2231 4216 2491 4271; x_wconf 78' lang='lat' dir='ltr'>praesens</span> <span class='ocrx_word' id='word_1_656' title='bbox 2520 4214 2715 4255; x_wconf 89' lang='lat' dir='ltr'>rerum</span> <span class='ocrx_word' id='word_1_657' title='bbox 2746 4198 3064 4255; x_wconf 86' lang='lat' dir='ltr'>necessitas</span> <span class='ocrx_word' id='word_1_658' title='bbox 3092 4198 3134 4233; x_wconf 82' lang='grc'>²¹</span> <span class='ocrx_word' id='word_1_659' title='bbox 3166 4198 3377 4271; x_wconf 87' lang='lat' dir='ltr'>exigat.</span> 
     </span>
    </p>
   </div>
   <div class='ocr_carea' id='block_1_96' title="bbox 2231 4372 3874 4447">
    <p class='ocr_par' dir='ltr' id='par_1_96' title="bbox 2231 4372 3874 4447">
     <span class='ocr_line' id='line_1_96' title="bbox 2231 4372 3874 4447; baseline -0.003 -15"><span class='ocrx_word' id='word_1_660' title='bbox 2231 4379 2297 4432; x_wconf 91' lang='lat' dir='ltr'>ut</span> <span class='ocrx_word' id='word_1_661' title='bbox 2317 4375 2604 4432; x_wconf 89' lang='lat' dir='ltr'>universis</span> <span class='ocrx_word' id='word_1_662' title='bbox 2651 4373 3014 4447; x_wconf 91' lang='lat' dir='ltr'>principibus</span> <span class='ocrx_word' id='word_1_663' title='bbox 3036 4374 3257 4431; x_wconf 90' lang='lat' dir='ltr'>curiam</span> <span class='ocrx_word' id='word_1_664' title='bbox 3278 4373 3611 4447; x_wconf 87' lang='lat' dir='ltr'>generalem</span> <span class='ocrx_word' id='word_1_665' title='bbox 3625 4373 3687 4431; x_wconf 93' lang='lat' dir='ltr'>in</span> <span class='ocrx_word' id='word_1_666' title='bbox 3701 4372 3874 4431; x_wconf 86' lang='lat' dir='ltr'>natali</span> 
     </span>
    </p>
   </div>
   <div class='ocr_carea' id='block_1_97' title="bbox 2232 4462 3875 4536">
    <p class='ocr_par' dir='ltr' id='par_1_97' title="bbox 2232 4462 3875 4536">
     <span class='ocr_line' id='line_1_97' title="bbox 2232 4462 3875 4536; baseline -0.001 -16"><span class='ocrx_word' id='word_1_667' title='bbox 2232 4462 2465 4520; x_wconf 91' lang='lat' dir='ltr'>Domini</span> <span class='ocrx_word' id='word_1_668' title='bbox 2514 4464 2667 4536; x_wconf 88' lang='lat' dir='ltr'>apud</span> <span class='ocrx_word' id='word_1_669' title='bbox 2724 4463 3083 4533; x_wconf 85' lang='lat' dir='ltr'>Moguntiam</span> <span class='ocrx_word' id='word_1_670' title='bbox 3122 4462 3540 4531; x_wconf 89' lang='lat' dir='ltr'>indiceremus,</span> <span class='ocrx_word' id='word_1_671' title='bbox 3589 4468 3875 4536; x_wconf 86' lang='lat' dir='ltr'>quatenus</span> 
     </span>
    </p>
   </div>
   <div class='ocr_carea' id='block_1_98' title="bbox 2153 4552 3876 4636">
    <p class='ocr_par' dir='ltr' id='par_1_98' title="bbox 2153 4552 3876 4636">
     <span class='ocr_line' id='line_1_98' title="bbox 2153 4552 3876 4636; baseline -0.001 -27"><span class='ocrx_word' id='word_1_672' title='bbox 2153 4570 2201 4636; x_wconf 84' lang='lat' dir='ltr'><strong>D</strong></span> <span class='ocrx_word' id='word_1_673' title='bbox 2229 4570 2434 4610; x_wconf 91' lang='lat' dir='ltr'>eorum</span> <span class='ocrx_word' id='word_1_674' title='bbox 2448 4552 3001 4609; x_wconf 90' lang='lat' dir='ltr'>communiconsilio</span> <span class='ocrx_word' id='word_1_675' title='bbox 3023 4552 3463 4609; x_wconf 83' lang='lat' dir='ltr'>Romanasedes</span> <span class='ocrx_word' id='word_1_676' title='bbox 3478 4552 3805 4619; x_wconf 88' lang='lat' dir='ltr'>ordinetur,</span> <span class='ocrx_word' id='word_1_677' title='bbox 3827 4555 3876 4607; x_wconf 87' lang='lat' dir='ltr'>et</span> 
     </span>
    </p>
   </div>
   <div class='ocr_carea' id='block_1_99' title="bbox 2232 4640 3873 4715">
    <p class='ocr_par' dir='ltr' id='par_1_99' title="bbox 2232 4640 3873 4715">
     <span class='ocr_line' id='line_1_99' title="bbox 2232 4640 3873 4715; baseline -0.001 -17"><span class='ocrx_word' id='word_1_678' title='bbox 2232 4641 2614 4698; x_wconf 72' lang='lat' dir='ltr'>reicrmanda:</span> <span class='ocrx_word' id='word_1_679' title='bbox 2648 4641 2891 4696; x_wconf 90' lang='lat' dir='ltr'>unitatis</span> <span class='ocrx_word' id='word_1_680' title='bbox 2920 4640 3348 4709; x_wconf 61' lang='lat' dir='ltr'>ecclesiastica,</span> <span class='ocrx_word' id='word_1_681' title='bbox 3384 4658 3512 4714; x_wconf 61' lang='lat' dir='ltr'>quae</span> <span class='ocrx_word' id='word_1_682' title='bbox 3545 4640 3722 4715; x_wconf 84' lang='lat' dir='ltr'>longe</span> <span class='ocrx_word' id='word_1_683' title='bbox 3754 4642 3873 4713; x_wconf 86' lang='lat' dir='ltr'>jam</span> 
     </span>
    </p>
   </div>
   <div class='ocr_carea' id='block_1_100' title="bbox 2232 4724 3877 4804">
    <p class='ocr_par' dir='ltr' id='par_1_100' title="bbox 2232 4724 3877 4804">
     <span class='ocr_line' id='line_1_100' title="bbox 2232 4724 3877 4804; baseline -0.003 -17"><span class='ocrx_word' id='word_1_684' title='bbox 2232 4735 2491 4804; x_wconf 89' lang='lat' dir='ltr'>tempore</span> <span class='ocrx_word' id='word_1_685' title='bbox 2517 4730 2930 4787; x_wconf 88' lang='lat' dir='ltr'>miserabiliter</span> <span class='ocrx_word' id='word_1_686' title='bbox 2945 4724 3132 4787; x_wconf 73' lang='lat' dir='ltr'>Scissa</span> <span class='ocrx_word' id='word_1_687' title='bbox 3151 4735 3260 4797; x_wconf 90' lang='lat' dir='ltr'>est,</span> <span class='ocrx_word' id='word_1_688' title='bbox 3286 4730 3431 4786; x_wconf 89' lang='lat' dir='ltr'>ratio</span> <span class='ocrx_word' id='word_1_689' title='bbox 3453 4730 3745 4803; x_wconf 86' lang='lat' dir='ltr'>capiatur.</span> <span class='ocrx_word' id='word_1_690' title='bbox 3763 4730 3877 4793; x_wconf 85' lang='lat' dir='ltr'>Qua</span> 
     </span>
    </p>
   </div>
   <div class='ocr_carea' id='block_1_101' title="bbox 2231 4818 3875 4892">
    <p class='ocr_par' dir='ltr' id='par_1_101' title="bbox 2231 4818 3875 4892">
     <span class='ocr_line' id='line_1_101' title="bbox 2231 4818 3875 4892; baseline -0.003 -16"><span class='ocrx_word' id='word_1_691' title='bbox 2231 4821 2301 4876; x_wconf 88' lang='lat' dir='ltr'>de</span> <span class='ocrx_word' id='word_1_692' title='bbox 2325 4836 2384 4876; x_wconf 91' lang='lat' dir='ltr'>re</span> <span class='ocrx_word' id='word_1_693' title='bbox 2406 4819 2719 4888; x_wconf 90' lang='lat' dir='ltr'>monendo,</span> <span class='ocrx_word' id='word_1_694' title='bbox 2742 4819 3000 4892; x_wconf 87' lang='lat' dir='ltr'>rogando</span> <span class='ocrx_word' id='word_1_695' title='bbox 3022 4824 3078 4875; x_wconf 92' lang='lat' dir='ltr'>et</span> <span class='ocrx_word' id='word_1_696' title='bbox 3097 4818 3484 4892; x_wconf 69' lang='lat' dir='ltr'>praecipiendo</span> <span class='ocrx_word' id='word_1_697' title='bbox 3498 4819 3761 4875; x_wconf 84' lang='lat' dir='ltr'>debitam</span> <span class='ocrx_word' id='word_1_698' title='bbox 3783 4822 3875 4874; x_wconf 86' lang='lat' dir='ltr'>ate</span> 
     </span>
    </p>
   </div>
   <div class='ocr_carea' id='block_1_102' title="bbox 2232 4906 3879 4981">
    <p class='ocr_par' dir='ltr' id='par_1_102' title="bbox 2232 4906 3879 4981">
     <span class='ocr_line' id='line_1_102' title="bbox 2232 4906 3879 4981; baseline -0.003 -19"><span class='ocrx_word' id='word_1_699' title='bbox 2232 4908 2401 4964; x_wconf 93' lang='lat' dir='ltr'>nobis</span> <span class='ocrx_word' id='word_1_700' title='bbox 2430 4909 2605 4964; x_wconf 82' lang='lat' dir='ltr'>fidem</span> <span class='ocrx_word' id='word_1_701' title='bbox 2638 4907 3090 4981; x_wconf 88' lang='lat' dir='ltr'>diligentissime</span> <span class='ocrx_word' id='word_1_702' title='bbox 3132 4908 3537 4975; x_wconf 78' lang='lat' dir='ltr'>convenimus,</span> <span class='ocrx_word' id='word_1_703' title='bbox 3593 4911 3682 4974; x_wconf 84' lang='lat' dir='ltr'>ut,</span> <span class='ocrx_word' id='word_1_704' title='bbox 3734 4906 3879 4964; x_wconf 88' lang='lat' dir='ltr'>sicut</span> 
     </span>
    </p>
   </div>
   <div class='ocr_carea' id='block_1_103' title="bbox 1826 5004 2663 5065">
    <p class='ocr_par' dir='ltr' id='par_1_103' title="bbox 1826 5004 2663 5065">
     <span class='ocr_line' id='line_1_103' title="bbox 1826 5004 2663 5065; baseline 0.007 -7"><span class='ocrx_word' id='word_1_705' title='bbox 1826 5004 2064 5059; x_wconf 64' lang='lat' dir='ltr'>VARI/li</span> <span class='ocrx_word' id='word_1_706' title='bbox 2086 5005 2490 5062; x_wconf 82' lang='lat' dir='ltr'>LECTlONES.</span> <span class='ocrx_word' id='word_1_707' title='bbox 2660 5062 2663 5065; x_wconf 84' lang='lat'>.</span> 
     </span>
    </p>
   </div>
   <div class='ocr_carea' id='block_1_104' title="bbox 551 5091 3877 5168">
    <p class='ocr_par' dir='ltr' id='par_1_104' title="bbox 551 5091 3877 5168">
     <span class='ocr_line' id='line_1_104' title="bbox 551 5091 3877 5168; baseline 0.001 -22"><span class='ocrx_word' id='word_1_708' title='bbox 551 5091 1157 5168; x_wconf 60' lang='lat' dir='ltr'>“_deffenderet_corfr_.</span> <span class='ocrx_word' id='word_1_709' title='bbox 1218 5092 1563 5168; x_wconf 29' lang='lat' dir='ltr'>d‘effcnderit</span> <span class='ocrx_word' id='word_1_710' title='bbox 1591 5093 2130 5168; x_wconf 20' lang='lat' dir='ltr'>codewnw‘vicibus</span> <span class='ocrx_word' id='word_1_711' title='bbox 2187 5096 2469 5168; x_wconf 66' lang='lat' dir='ltr'>CQLICJ),&#39;(1[</span> <span class='ocrx_word' id='word_1_712' title='bbox 2524 5096 2680 5168; x_wconf 78' lang='lat' dir='ltr'>copia</span> <span class='ocrx_word' id='word_1_713' title='bbox 2728 5111 2831 5151; x_wconf 85' lang='lat' dir='ltr'>sec.</span> <span class='ocrx_word' id='word_1_714' title='bbox 2892 5098 3009 5153; x_wconf 82' lang='lat' dir='ltr'><strong><em>XIII</em></strong></span> <span class='ocrx_word' id='word_1_715' title='bbox 3063 5097 3309 5153; x_wconf 90' lang='lat' dir='ltr'>civibus.</span> <span class='ocrx_word' id='word_1_716' title='bbox 3371 5097 3411 5131; x_wconf 82' lang='grc'>¹⁶</span> <span class='ocrx_word' id='word_1_717' title='bbox 3464 5111 3570 5168; x_wconf 74' lang='lat' dir='ltr'>vox</span> <span class='ocrx_word' id='word_1_718' title='bbox 3630 5096 3877 5168; x_wconf 62' lang='lat' dir='ltr'>observa.</span> 
     </span>
    </p>
   </div>
   <div class='ocr_carea' id='block_1_105' title="bbox 475 5162 1176 5219">
    <p class='ocr_par' dir='ltr' id='par_1_105' title="bbox 475 5162 1176 5219">
     <span class='ocr_line' id='line_1_105' title="bbox 475 5162 1176 5219; baseline 0.001 -2"><span class='ocrx_word' id='word_1_719' title='bbox 475 5162 519 5197; x_wconf 84' lang='grc'>¹⁷</span> <span class='ocrx_word' id='word_1_720' title='bbox 576 5163 724 5218; x_wconf 82' lang='lat' dir='ltr'>deest</span> <span class='ocrx_word' id='word_1_721' title='bbox 773 5164 833 5219; x_wconf 78' lang='lat' dir='ltr'>in</span> <span class='ocrx_word' id='word_1_722' title='bbox 883 5180 929 5218; x_wconf 78' lang='grc' dir='ltr'>ε.</span> <span class='ocrx_word' id='word_1_723' title='bbox 992 5164 1032 5197; x_wconf 81' lang='grc'>¹⁸</span> <span class='ocrx_word' id='word_1_724' title='bbox 1087 5165 1176 5219; x_wconf 77' lang='lat' dir='ltr'>hic</span> 
     </span>
    </p>
   </div>
   <div class='ocr_carea' id='block_1_106' title="bbox 477 5234 1742 5306">
    <p class='ocr_par' dir='ltr' id='par_1_106' title="bbox 477 5234 1742 5306">
     <span class='ocr_line' id='line_1_106' title="bbox 477 5234 1742 5306; baseline 0 -16"><span class='ocrx_word' id='word_1_725' title='bbox 477 5241 535 5290; x_wconf 76' lang='lat' dir='ltr'>at</span> <span class='ocrx_word' id='word_1_726' title='bbox 555 5234 845 5304; x_wconf 85' lang='lat' dir='ltr'>legendum</span> <span class='ocrx_word' id='word_1_727' title='bbox 875 5238 936 5290; x_wconf 80' lang='lat' dir='ltr'>ut</span> <span class='ocrx_word' id='word_1_728' title='bbox 965 5235 1025 5289; x_wconf 72' lang='lat' dir='ltr'>in</span> <span class='ocrx_word' id='word_1_729' title='bbox 1043 5234 1362 5306; x_wconf 82' lang='lat' dir='ltr'>juramento</span> <span class='ocrx_word' id='word_1_730' title='bbox 1384 5234 1524 5291; x_wconf 66' lang='lat' dir='ltr'>mihi</span> <span class='ocrx_word' id='word_1_731' title='bbox 1581 5237 1742 5292; x_wconf 73' lang='grc'>4081.</span> 
     </span>
    </p>
   </div>
   <div class='ocr_carea' id='block_1_107' title="bbox 1228 5165 3882 5237">
    <p class='ocr_par' dir='ltr' id='par_1_107' title="bbox 1228 5165 3882 5237">
     <span class='ocr_line' id='line_1_107' title="bbox 1228 5165 3882 5237; baseline 0.001 -19"><span class='ocrx_word' id='word_1_732' title='bbox 1228 5166 1358 5235; x_wconf 74' lang='lat' dir='ltr'>ﬁnis</span> <span class='ocrx_word' id='word_1_733' title='bbox 1416 5166 1589 5237; x_wconf 64' lang='lat' dir='ltr'>capia?</span> <span class='ocrx_word' id='word_1_734' title='bbox 1631 5165 1828 5223; x_wconf 62' lang='lat' dir='ltr'>seaculi</span> <span class='ocrx_word' id='word_1_735' title='bbox 1876 5166 2010 5221; x_wconf 86' lang='lat' dir='ltr'><strong><em>XIII.</em></strong></span> <span class='ocrx_word' id='word_1_736' title='bbox 2072 5166 2114 5200; x_wconf 73' lang='grc' dir='ltr'>ιθ</span> <span class='ocrx_word' id='word_1_737' title='bbox 2173 5167 2407 5224; x_wconf 90' lang='lat' dir='ltr'>robrata</span> <span class='ocrx_word' id='word_1_738' title='bbox 2462 5165 2598 5223; x_wconf 55' lang='lat' dir='ltr'>codf</span> <span class='ocrx_word' id='word_1_739' title='bbox 2636 5168 2682 5203; x_wconf 84' lang='grc'>²⁰</span> <span class='ocrx_word' id='word_1_740' title='bbox 2738 5183 2845 5223; x_wconf 75' lang='lat' dir='ltr'>v0.2:</span> <span class='ocrx_word' id='word_1_741' title='bbox 2899 5169 3198 5225; x_wconf 79' lang='lat' dir='ltr'>obscurior.</span> <span class='ocrx_word' id='word_1_742' title='bbox 3257 5170 3301 5205; x_wconf 80' lang='grc'>²¹</span> <span class='ocrx_word' id='word_1_743' title='bbox 3354 5169 3434 5224; x_wconf 78' lang='lat' dir='ltr'>ita</span> <span class='ocrx_word' id='word_1_744' title='bbox 3493 5167 3605 5237; x_wconf 82' lang='lat' dir='ltr'>legi</span> <span class='ocrx_word' id='word_1_745' title='bbox 3666 5167 3882 5223; x_wconf 73' lang='lat' dir='ltr'>videtur</span> 
     </span>
    </p>
   </div>
   <div class='ocr_carea' id='block_1_108' title="bbox 2048 5316 2277 5373">
    <p class='ocr_par' dir='ltr' id='par_1_108' title="bbox 2048 5316 2277 5373">
     <span class='ocr_line' id='line_1_108' title="bbox 2048 5316 2277 5373; baseline 0.004 -1"><span class='ocrx_word' id='word_1_746' title='bbox 2048 5316 2277 5373; x_wconf 70' lang='lat' dir='ltr'>NOT/E.</span> 
     </span>
    </p>
   </div>
   <div class='ocr_carea' id='block_1_109' title="bbox 546 5401 2116 5472">
    <p class='ocr_par' dir='ltr' id='par_1_109' title="bbox 546 5401 2116 5472">
     <span class='ocr_line' id='line_1_109' title="bbox 546 5401 2116 5472; baseline 0.003 -16"><span class='ocrx_word' id='word_1_747' title='bbox 546 5401 623 5472; x_wconf 83' lang='lat'>(5)</span> <span class='ocrx_word' id='word_1_748' title='bbox 660 5402 900 5459; x_wconf 88' lang='lat' dir='ltr'>Litteras</span> <span class='ocrx_word' id='word_1_749' title='bbox 931 5403 1003 5459; x_wconf 90' lang='lat' dir='ltr'>ad</span> <span class='ocrx_word' id='word_1_750' title='bbox 1030 5419 1158 5459; x_wconf 90' lang='lat' dir='ltr'>eam</span> <span class='ocrx_word' id='word_1_751' title='bbox 1193 5403 1556 5460; x_wconf 86' lang='lat' dir='ltr'>invitatorias</span> <span class='ocrx_word' id='word_1_752' title='bbox 1582 5404 1643 5458; x_wconf 92' lang='grc' dir='ltr'>Β.</span> <span class='ocrx_word' id='word_1_753' title='bbox 1666 5407 1775 5459; x_wconf 88' lang='lat' dir='ltr'>Pez</span> <span class='ocrx_word' id='word_1_754' title='bbox 1806 5404 1864 5459; x_wconf 92' lang='lat' dir='ltr'>in</span> <span class='ocrx_word' id='word_1_755' title='bbox 1910 5405 2116 5461; x_wconf 89' lang='lat' dir='ltr'>Codice</span> 
     </span>
    </p>
   </div>
   <div class='ocr_carea' id='block_1_110' title="bbox 477 5471 2119 5551">
    <p class='ocr_par' dir='ltr' id='par_1_110' title="bbox 477 5471 2119 5551">
     <span class='ocr_line' id='line_1_110' title="bbox 477 5471 2119 5551; baseline 0.005 -28"><span class='ocrx_word' id='word_1_756' title='bbox 477 5471 629 5551; x_wconf 60' lang='lat' dir='ltr'>Qipl.</span> <span class='ocrx_word' id='word_1_757' title='bbox 659 5473 733 5551; x_wconf 85' lang='lat' dir='ltr'>_II,</span> <span class='ocrx_word' id='word_1_758' title='bbox 769 5476 950 5551; x_wconf 69' lang='lat' dir='ltr'>p_._47,</span> <span class='ocrx_word' id='word_1_759' title='bbox 971 5491 1040 5531; x_wconf 84' lang='lat' dir='ltr'>ex</span> <span class='ocrx_word' id='word_1_760' title='bbox 1061 5474 1699 5551; x_wconf 72' lang='lat' dir='ltr'>codiceTegernseensi</span> <span class='ocrx_word' id='word_1_761' title='bbox 1715 5475 1989 5551; x_wconf 79' lang='lat' dir='ltr'>vulgavit,</span> <span class='ocrx_word' id='word_1_762' title='bbox 2017 5477 2119 5534; x_wconf 89' lang='lat' dir='ltr'>sed</span> 
     </span>
    </p>
   </div>
   <div class='ocr_carea' id='block_1_111' title="bbox 477 5491 2120 5629">
    <p class='ocr_par' dir='ltr' id='par_1_111' title="bbox 477 5491 2120 5629">
     <span class='ocr_line' id='line_1_111' title="bbox 478 5491 2119 5597; baseline 0.004 -71"><span class='ocrx_word' id='word_1_763' title='bbox 478 5491 629 5551; x_wconf 74' lang='lat' dir='ltr'>unpi.</span> <span class='ocrx_word' id='word_1_764' title='bbox 666 5491 733 5541; x_wconf 85' lang='grc' dir='ltr'>ιι,</span> <span class='ocrx_word' id='word_1_765' title='bbox 860 5491 950 5541; x_wconf 71' lang='lat' dir='ltr'>tu,</span> <span class='ocrx_word' id='word_1_766' title='bbox 971 5491 1040 5531; x_wconf 85' lang='lat' dir='ltr'>ex</span> <span class='ocrx_word' id='word_1_767' title='bbox 1061 5491 1258 5531; x_wconf 77' lang='lat'>000108</span> <span class='ocrx_word' id='word_1_768' title='bbox 1279 5491 1989 5549; x_wconf 74' lang='lat' dir='ltr'>&#39;l&#39;egernseenswuigavu,</span> <span class='ocrx_word' id='word_1_769' title='bbox 2017 5491 2119 5534; x_wconf 83' lang='lat' dir='ltr'>seu</span> 
     </span>
     <span class='ocr_line' id='line_1_112' title="bbox 477 5540 2120 5629; baseline 0.004 -32"><span class='ocrx_word' id='word_1_770' title='bbox 477 5540 745 5624; x_wconf 77' lang='lat' dir='ltr'>Heinrico</span> <span class='ocrx_word' id='word_1_771' title='bbox 794 5545 943 5629; x_wconf 47' lang='lat' dir='ltr'>‘Inet</span> <span class='ocrx_word' id='word_1_772' title='bbox 965 5563 1117 5629; x_wconf 78' lang='lat' dir='ltr'>anno</span> <span class='ocrx_word' id='word_1_773' title='bbox 1156 5547 1283 5629; x_wconf 47' lang='lat'>“21.</span> <span class='ocrx_word' id='word_1_774' title='bbox 1319 5563 1620 5629; x_wconf 86' lang='lat' dir='ltr'>perperam</span> <span class='ocrx_word' id='word_1_775' title='bbox 1653 5547 1947 5629; x_wconf 63' lang='lat' dir='ltr'>ascripsit,</span> <span class='ocrx_word' id='word_1_776' title='bbox 1985 5565 2120 5629; x_wconf 70' lang='lat' dir='ltr'>curn</span> 
     </span>
    </p>
   </div>
   <div class='ocr_carea' id='block_1_112' title="bbox 476 5615 2119 5697">
    <p class='ocr_par' dir='ltr' id='par_1_112' title="bbox 476 5615 2119 5697">
     <span class='ocr_line' id='line_1_113' title="bbox 476 5615 2119 5697; baseline 0.002 -23"><span class='ocrx_word' id='word_1_777' title='bbox 476 5615 711 5674; x_wconf 81' lang='lat' dir='ltr'>nonnisi</span> <span class='ocrx_word' id='word_1_778' title='bbox 741 5615 813 5672; x_wconf 90' lang='lat' dir='ltr'>ad</span> <span class='ocrx_word' id='word_1_779' title='bbox 844 5616 1181 5679; x_wconf 86' lang='lat' dir='ltr'>Heinricum</span> <span class='ocrx_word' id='word_1_780' title='bbox 1210 5617 1283 5676; x_wconf 91' lang='lat' dir='ltr'>IV</span> <span class='ocrx_word' id='word_1_781' title='bbox 1305 5615 1363 5676; x_wconf 79' lang='lat' dir='ltr'>et</span> <span class='ocrx_word' id='word_1_782' title='bbox 1405 5615 1627 5677; x_wconf 80' lang='lat' dir='ltr'>annum</span> <span class='ocrx_word' id='word_1_783' title='bbox 1677 5615 1834 5692; x_wconf 67' lang='lat'>1100&#39;,</span> <span class='ocrx_word' id='word_1_784' title='bbox 1885 5636 2002 5697; x_wconf 90' lang='lat' dir='ltr'>quo</span> <span class='ocrx_word' id='word_1_785' title='bbox 2046 5621 2119 5678; x_wconf 87' lang='lat' dir='ltr'>ad</span> 
     </span>
    </p>
   </div>
   <div class='ocr_carea' id='block_1_113' title="bbox 2228 5406 3890 5484">
    <p class='ocr_par' dir='ltr' id='par_1_113' title="bbox 2228 5406 3890 5484">
     <span class='ocr_line' id='line_1_114' title="bbox 2228 5406 3890 5484; baseline 0.003 -22"><span class='ocrx_word' id='word_1_786' title='bbox 2228 5407 2404 5484; x_wconf 80' lang='lat' dir='ltr'>finem</span> <span class='ocrx_word' id='word_1_787' title='bbox 2433 5412 2707 5484; x_wconf 83' lang='lat' dir='ltr'>vergente</span> <span class='ocrx_word' id='word_1_788' title='bbox 2723 5406 3000 5484; x_wconf 30' lang='lat' dir='ltr'>AClemens</span> <span class='ocrx_word' id='word_1_789' title='bbox 3011 5408 3095 5484; x_wconf 89' lang='lat' dir='ltr'>_III</span> <span class='ocrx_word' id='word_1_790' title='bbox 3116 5427 3267 5483; x_wconf 91' lang='lat' dir='ltr'>papa</span> <span class='ocrx_word' id='word_1_791' title='bbox 3288 5410 3602 5467; x_wconf 86' lang='lat' dir='ltr'>defunctus</span> <span class='ocrx_word' id='word_1_792' title='bbox 3621 5414 3738 5477; x_wconf 90' lang='lat' dir='ltr'>est,</span> <span class='ocrx_word' id='word_1_793' title='bbox 3757 5425 3890 5484; x_wconf 86' lang='lat' dir='ltr'>per-</span> 
     </span>
    </p>
   </div>
   <div class='ocr_carea' id='block_1_114' title="bbox 2230 5479 3894 5551">
    <p class='ocr_par' dir='ltr' id='par_1_114' title="bbox 2230 5479 3894 5551">
     <span class='ocr_line' id='line_1_115' title="bbox 2230 5479 3894 5551; baseline 0.002 -17"><span class='ocrx_word' id='word_1_794' title='bbox 2230 5479 2416 5551; x_wconf 82' lang='lat' dir='ltr'>tinere</span> <span class='ocrx_word' id='word_1_795' title='bbox 2446 5479 2617 5551; x_wconf 72' lang='lat' dir='ltr'>posse</span> <span class='ocrx_word' id='word_1_796' title='bbox 2646 5479 2974 5537; x_wconf 87' lang='lat' dir='ltr'>videantur.</span> <span class='ocrx_word' id='word_1_797' title='bbox 3010 5479 3429 5551; x_wconf 75' lang='lat' dir='ltr'>Imperatorem</span> <span class='ocrx_word' id='word_1_798' title='bbox 3450 5498 3518 5538; x_wconf 88' lang='lat' dir='ltr'>eo</span> <span class='ocrx_word' id='word_1_799' title='bbox 3539 5498 3698 5539; x_wconf 87' lang='lat' dir='ltr'>anno</span> <span class='ocrx_word' id='word_1_800' title='bbox 3722 5479 3894 5538; x_wconf 69' lang='lat' dir='ltr'>nata-</span> 
     </span>
    </p>
   </div>
   <div class='ocr_carea' id='block_1_115' title="bbox 2228 5549 3886 5679">
    <p class='ocr_par' dir='ltr' id='par_1_115' title="bbox 2228 5549 3886 5679">
     <span class='ocr_line' id='line_1_116' title="bbox 2228 5549 3886 5679; baseline 0.002 -73"><span class='ocrx_word' id='word_1_801' title='bbox 2228 5549 2611 5679; x_wconf 61' lang='lat' dir='ltr'>liempomini</span> <span class='ocrx_word' id='word_1_802' title='bbox 2671 5551 2983 5627; x_wconf 64' lang='lat' dir='ltr'>Mogunlie</span> <span class='ocrx_word' id='word_1_803' title='bbox 3042 5549 3366 5612; x_wconf 89' lang='lat' dir='ltr'>celebrasse</span> <span class='ocrx_word' id='word_1_804' title='bbox 3425 5571 3496 5611; x_wconf 78' lang='lat' dir='ltr'>ex</span> <span class='ocrx_word' id='word_1_805' title='bbox 3542 5553 3886 5611; x_wconf 79' lang='lat' dir='ltr'>Dodechiao</span> 
     </span>
     <span class='ocr_line' id='line_1_117' title="bbox 2274 5636 2536 5679; baseline 0.004 -1"><span class='ocrx_word' id='word_1_806' title='bbox 2274 5636 2536 5679; x_wconf 80' lang='lat' dir='ltr'>iscImus.</span> 
     </span>
    </p>
   </div>
   <div class='ocr_carea' id='block_1_116' title="bbox 2274 5636 2536 5682">
    <p class='ocr_par' dir='ltr' id='par_1_116' title="bbox 2274 5636 2536 5682">
     <span class='ocr_line' id='line_1_118' title="bbox 2274 5636 2536 5682; baseline 0.011 -4"><span class='ocrx_word' id='word_1_807' title='bbox 2274 5636 2536 5682; x_wconf 74' lang='lat' dir='ltr'>lSCImUS.</span> 
     </span>
    </p>
   </div>
  </div>
