  <div class='ocr_page' id='page_1' title='image "/cluster/home/n/w/nwhite01/storage/ocr_20150623/151/hvd.32044054760095/574.png"; bbox 0 0 3968 6126; ppageno 0'>
   <div class='ocr_carea' id='block_1_1' title="bbox 106 371 268 441">
    <p class='ocr_par' dir='ltr' id='par_1_1' title="bbox 106 371 268 441">
     <span class='ocr_line' id='line_1_1' title="bbox 106 371 268 441; baseline -0.031 -2"><span class='ocrx_word' id='word_1_1' title='bbox 106 371 268 441; x_wconf 80' lang='lat' dir='ltr'>H37</span> 
     </span>
    </p>
   </div>
   <div class='ocr_carea' id='block_1_2' title="bbox 1452 369 2177 439">
    <p class='ocr_par' dir='ltr' id='par_1_2' title="bbox 1452 369 2177 439">
     <span class='ocr_line' id='line_1_2' title="bbox 1452 369 2177 439; baseline -0.003 -2"><span class='ocrx_word' id='word_1_2' title='bbox 1452 370 1848 439; x_wconf 83' lang='lat' dir='ltr'>HENRIGUS</span> <span class='ocrx_word' id='word_1_3' title='bbox 1889 369 1975 436; x_wconf 78' lang='lat' dir='ltr'>IV</span> <span class='ocrx_word' id='word_1_4' title='bbox 2013 370 2177 437; x_wconf 89' lang='lat' dir='ltr'><strong>IMP.</strong></span> 
     </span>
    </p>
   </div>
   <div class='ocr_carea' id='block_1_3' title="bbox 3373 369 3531 436">
    <p class='ocr_par' dir='ltr' id='par_1_3' title="bbox 3373 369 3531 436">
     <span class='ocr_line' id='line_1_3' title="bbox 3373 369 3531 436; baseline 0.013 -2"><span class='ocrx_word' id='word_1_5' title='bbox 3373 369 3531 436; x_wconf 75' lang='grc'><strong>1138</strong></span> 
     </span>
    </p>
   </div>
   <div class='ocr_carea' id='block_1_4' title="bbox 104 503 3526 584">
    <p class='ocr_par' dir='ltr' id='par_1_4' title="bbox 104 503 3526 584">
     <span class='ocr_line' id='line_1_4' title="bbox 104 503 3526 584; baseline -0.001 -15"><span class='ocrx_word' id='word_1_6' title='bbox 104 510 291 569; x_wconf 90' lang='lat' dir='ltr'>Deum</span> <span class='ocrx_word' id='word_1_7' title='bbox 338 511 397 568; x_wconf 90' lang='lat' dir='ltr'>et</span> <span class='ocrx_word' id='word_1_8' title='bbox 437 524 661 584; x_wconf 88' lang='lat' dir='ltr'>pacem,</span> <span class='ocrx_word' id='word_1_9' title='bbox 689 507 1083 568; x_wconf 79' lang='lat' dir='ltr'>Christianam</span> <span class='ocrx_word' id='word_1_10' title='bbox 1114 506 1486 568; x_wconf 84' lang='lat' dir='ltr'>dilectionem</span> <span class='ocrx_word' id='word_1_11' title='bbox 1525 526 1760 584; x_wconf 88' lang='lat' dir='ltr'>quoque</span> <span class='ocrx_word' id='word_1_12' title='bbox 1790 508 1847 577; x_wconf 78' lang='grc' dir='ltr'><strong>Α</strong></span> <span class='ocrx_word' id='word_1_13' title='bbox 1877 507 2203 584; x_wconf 87' lang='lat' dir='ltr'>paciantur.</span> <span class='ocrx_word' id='word_1_14' title='bbox 2236 506 2585 567; x_wconf 85' lang='lat' dir='ltr'>Mercatores</span> <span class='ocrx_word' id='word_1_15' title='bbox 2610 510 2667 564; x_wconf 92' lang='lat' dir='ltr'>et</span> <span class='ocrx_word' id='word_1_16' title='bbox 2696 503 2959 582; x_wconf 70' lang='lat' dir='ltr'>agricolas</span> <span class='ocrx_word' id='word_1_17' title='bbox 3002 523 3207 582; x_wconf 90' lang='lat' dir='ltr'>pacem</span> <span class='ocrx_word' id='word_1_18' title='bbox 3238 505 3526 580; x_wconf 86' lang='lat' dir='ltr'><strong>habeant;</strong></span> 
     </span>
    </p>
   </div>
   <div class='ocr_carea' id='block_1_5' title="bbox 110 599 1761 674">
    <p class='ocr_par' dir='ltr' id='par_1_5' title="bbox 110 599 1761 674">
     <span class='ocr_line' id='line_1_5' title="bbox 110 599 1761 674; baseline -0.001 -17"><span class='ocrx_word' id='word_1_19' title='bbox 110 605 170 667; x_wconf 85' lang='lat' dir='ltr'>et</span> <span class='ocrx_word' id='word_1_20' title='bbox 200 599 451 674; x_wconf 80' lang='lat' dir='ltr'>gratiam</span> <span class='ocrx_word' id='word_1_21' title='bbox 498 604 759 657; x_wconf 87' lang='lat' dir='ltr'>nostram</span> <span class='ocrx_word' id='word_1_22' title='bbox 806 617 999 669; x_wconf 90' lang='lat' dir='ltr'>curas,</span> <span class='ocrx_word' id='word_1_23' title='bbox 1029 601 1100 655; x_wconf 89' lang='lat' dir='ltr'>ad</span> <span class='ocrx_word' id='word_1_24' title='bbox 1150 601 1485 673; x_wconf 59' lang='lat' dir='ltr'>praedictam</span> <span class='ocrx_word' id='word_1_25' title='bbox 1535 599 1761 656; x_wconf 90' lang='lat' dir='ltr'>curiam</span> 
     </span>
    </p>
   </div>
   <div class='ocr_carea' id='block_1_6' title="bbox 100 687 1764 761">
    <p class='ocr_par' dir='ltr' id='par_1_6' title="bbox 100 687 1764 761">
     <span class='ocr_line' id='line_1_6' title="bbox 100 687 1764 761; baseline -0.001 -15"><span class='ocrx_word' id='word_1_26' title='bbox 100 689 298 746; x_wconf 91' lang='lat' dir='ltr'>venire</span> <span class='ocrx_word' id='word_1_27' title='bbox 350 687 516 745; x_wconf 91' lang='lat' dir='ltr'>nulla</span> <span class='ocrx_word' id='word_1_28' title='bbox 568 688 906 746; x_wconf 79' lang='lat' dir='ltr'>dissimules</span> <span class='ocrx_word' id='word_1_29' title='bbox 957 690 1281 754; x_wconf 89' lang='lat' dir='ltr'>occasione,</span> <span class='ocrx_word' id='word_1_30' title='bbox 1320 688 1483 745; x_wconf 86' lang='lat' dir='ltr'>nulla</span> <span class='ocrx_word' id='word_1_31' title='bbox 1534 694 1764 761; x_wconf 82' lang='lat' dir='ltr'>practer-</span> 
     </span>
    </p>
   </div>
   <div class='ocr_carea' id='block_1_7' title="bbox 102 778 1764 852">
    <p class='ocr_par' dir='ltr' id='par_1_7' title="bbox 102 778 1764 852">
     <span class='ocr_line' id='line_1_7' title="bbox 102 778 1764 852; baseline -0.001 -17"><span class='ocrx_word' id='word_1_32' title='bbox 102 780 316 835; x_wconf 89' lang='lat' dir='ltr'>mittas</span> <span class='ocrx_word' id='word_1_33' title='bbox 347 778 746 852; x_wconf 79' lang='lat' dir='ltr'>occupatione.</span> <span class='ocrx_word' id='word_1_34' title='bbox 780 779 888 835; x_wconf 92' lang='lat' dir='ltr'>Pro</span> <span class='ocrx_word' id='word_1_35' title='bbox 918 782 1074 835; x_wconf 89' lang='lat' dir='ltr'>certo</span> <span class='ocrx_word' id='word_1_36' title='bbox 1117 780 1365 847; x_wconf 85' lang='lat' dir='ltr'>noveris,</span> <span class='ocrx_word' id='word_1_37' title='bbox 1421 779 1576 851; x_wconf 92' lang='lat' dir='ltr'>quod</span> <span class='ocrx_word' id='word_1_38' title='bbox 1607 778 1764 833; x_wconf 89' lang='lat' dir='ltr'>hunc</span> 
     </span>
    </p>
   </div>
   <div class='ocr_carea' id='block_1_8' title="bbox 98 867 1761 941">
    <p class='ocr_par' dir='ltr' id='par_1_8' title="bbox 98 867 1761 941">
     <span class='ocr_line' id='line_1_8' title="bbox 98 867 1761 941; baseline -0.001 -18"><span class='ocrx_word' id='word_1_39' title='bbox 98 868 361 925; x_wconf 82' lang='lat' dir='ltr'>laborem</span> <span class='ocrx_word' id='word_1_40' title='bbox 385 867 529 923; x_wconf 88' lang='lat' dir='ltr'>nulli</span> <span class='ocrx_word' id='word_1_41' title='bbox 553 867 889 941; x_wconf 88' lang='lat' dir='ltr'>principum</span> <span class='ocrx_word' id='word_1_42' title='bbox 913 868 1301 933; x_wconf 76' lang='lat' dir='ltr'>remittemus,</span> <span class='ocrx_word' id='word_1_43' title='bbox 1327 867 1547 924; x_wconf 88' lang='lat' dir='ltr'>nullius</span> <span class='ocrx_word' id='word_1_44' title='bbox 1570 867 1630 923; x_wconf 91' lang='lat' dir='ltr'>in</span> <span class='ocrx_word' id='word_1_45' title='bbox 1652 867 1761 923; x_wconf 91' lang='lat' dir='ltr'>hoc</span> 
     </span>
    </p>
   </div>
   <div class='ocr_carea' id='block_1_9' title="bbox 103 957 1350 1031">
    <p class='ocr_par' dir='ltr' id='par_1_9' title="bbox 103 957 1350 1031">
     <span class='ocr_line' id='line_1_9' title="bbox 103 957 1350 1031; baseline -0.001 -18"><span class='ocrx_word' id='word_1_46' title='bbox 103 957 523 1031; x_wconf 81' lang='lat' dir='ltr'>negligentiam</span> <span class='ocrx_word' id='word_1_47' title='bbox 556 974 721 1030; x_wconf 66' lang='lat' dir='ltr'>isquo</span> <span class='ocrx_word' id='word_1_48' title='bbox 751 958 947 1014; x_wconf 85' lang='lat' dir='ltr'>animo</span> <span class='ocrx_word' id='word_1_49' title='bbox 978 959 1350 1014; x_wconf 80' lang='lat' dir='ltr'>suﬂ&#39;eremus.</span> 
     </span>
    </p>
   </div>
   <div class='ocr_carea' id='block_1_10' title="bbox 901 1046 976 1102">
    <p class='ocr_par' dir='ltr' id='par_1_10' title="bbox 901 1046 976 1102">
     <span class='ocr_line' id='line_1_10' title="bbox 901 1046 976 1102; baseline 0.027 -2"><span class='ocrx_word' id='word_1_50' title='bbox 901 1046 976 1102; x_wconf 83' lang='lat' dir='ltr'>VI</span> 
     </span>
    </p>
   </div>
   <div class='ocr_carea' id='block_1_11' title="bbox 593 1136 1269 1207">
    <p class='ocr_par' dir='ltr' id='par_1_11' title="bbox 593 1136 1269 1207">
     <span class='ocr_line' id='line_1_11' title="bbox 593 1136 1269 1207; baseline -0.003 -16"><span class='ocrx_word' id='word_1_51' title='bbox 593 1151 769 1192; x_wconf 72' lang='lat' dir='ltr'>cuau</span> <span class='ocrx_word' id='word_1_52' title='bbox 806 1136 1143 1192; x_wconf 68' lang='lat' dir='ltr'>MOGUNTINA</span> <span class='ocrx_word' id='word_1_53' title='bbox 1172 1136 1269 1207; x_wconf 86' lang='lat'>(6).</span> 
     </span>
    </p>
   </div>
   <div class='ocr_carea' id='block_1_12' title="bbox 639 1226 1225 1297">
    <p class='ocr_par' dir='ltr' id='par_1_12' title="bbox 639 1226 1225 1297">
     <span class='ocr_line' id='line_1_12' title="bbox 639 1226 1225 1297; baseline -0.002 -17"><span class='ocrx_word' id='word_1_54' title='bbox 639 1226 764 1297; x_wconf 86' lang='lat' dir='ltr'>(An.</span> <span class='ocrx_word' id='word_1_55' title='bbox 798 1226 955 1293; x_wconf 75' lang='lat'>1103,</span> <span class='ocrx_word' id='word_1_56' title='bbox 984 1226 1115 1281; x_wconf 86' lang='lat' dir='ltr'>Jan.</span> <span class='ocrx_word' id='word_1_57' title='bbox 1148 1226 1225 1295; x_wconf 87' lang='lat'>6.]</span> 
     </span>
    </p>
   </div>
   <div class='ocr_carea' id='block_1_13' title="bbox 520 1315 1344 1387">
    <p class='ocr_par' dir='ltr' id='par_1_13' title="bbox 520 1315 1344 1387">
     <span class='ocr_line' id='line_1_13' title="bbox 520 1315 1344 1387; baseline -0.004 -16"><span class='ocrx_word' id='word_1_58' title='bbox 520 1315 844 1371; x_wconf 86' lang='lat' dir='ltr'>Constitutio</span> <span class='ocrx_word' id='word_1_59' title='bbox 868 1317 1023 1387; x_wconf 86' lang='lat' dir='ltr'>pacis</span> <span class='ocrx_word' id='word_1_60' title='bbox 1050 1315 1344 1386; x_wconf 76' lang='lat' dir='ltr'>generalis.</span> 
     </span>
    </p>
   </div>
   <div class='ocr_carea' id='block_1_14' title="bbox 174 1402 1759 1460">
    <p class='ocr_par' dir='ltr' id='par_1_14' title="bbox 174 1402 1759 1460">
     <span class='ocr_line' id='line_1_14' title="bbox 174 1402 1759 1460; baseline 0.001 -2"><span class='ocrx_word' id='word_1_61' title='bbox 174 1403 339 1458; x_wconf 87' lang='lat' dir='ltr'>Anno</span> <span class='ocrx_word' id='word_1_62' title='bbox 369 1403 443 1459; x_wconf 88' lang='lat' dir='ltr'>ab</span> <span class='ocrx_word' id='word_1_63' title='bbox 472 1402 877 1460; x_wconf 89' lang='lat' dir='ltr'>Incarnatione</span> <span class='ocrx_word' id='word_1_64' title='bbox 902 1403 1134 1459; x_wconf 89' lang='lat' dir='ltr'>Domini</span> <span class='ocrx_word' id='word_1_65' title='bbox 1163 1404 1301 1458; x_wconf 85' lang='grc'>1103</span> <span class='ocrx_word' id='word_1_66' title='bbox 1322 1402 1627 1459; x_wconf 88' lang='lat' dir='ltr'>Heinricus</span> <span class='ocrx_word' id='word_1_67' title='bbox 1650 1403 1759 1459; x_wconf 92' lang='lat' dir='ltr'>im-</span> 
     </span>
    </p>
   </div>
   <div class='ocr_carea' id='block_1_15' title="bbox 97 1492 1760 1565">
    <p class='ocr_par' dir='ltr' id='par_1_15' title="bbox 97 1492 1760 1565">
     <span class='ocr_line' id='line_1_15' title="bbox 97 1492 1760 1565; baseline -0.002 -18"><span class='ocrx_word' id='word_1_68' title='bbox 97 1496 334 1565; x_wconf 86' lang='lat' dir='ltr'>perator</span> <span class='ocrx_word' id='word_1_69' title='bbox 356 1493 664 1565; x_wconf 70' lang='lat' dir='ltr'>Mogontiaa</span> <span class='ocrx_word' id='word_1_70' title='bbox 687 1509 889 1564; x_wconf 88' lang='lat' dir='ltr'>pacem</span> <span class='ocrx_word' id='word_1_71' title='bbox 916 1510 1025 1549; x_wconf 89' lang='lat' dir='ltr'>sua</span> <span class='ocrx_word' id='word_1_72' title='bbox 1043 1510 1222 1548; x_wconf 87' lang='lat' dir='ltr'>manu</span> <span class='ocrx_word' id='word_1_73' title='bbox 1246 1493 1499 1548; x_wconf 84' lang='lat' dir='ltr'>ﬁrmavit</span> <span class='ocrx_word' id='word_1_74' title='bbox 1520 1497 1576 1548; x_wconf 91' lang='lat' dir='ltr'>et</span> <span class='ocrx_word' id='word_1_75' title='bbox 1596 1492 1760 1563; x_wconf 78' lang='lat' dir='ltr'>iusti.</span> 
     </span>
    </p>
   </div>
   <div class='ocr_carea' id='block_1_16' title="bbox 95 1581 1761 1655">
    <p class='ocr_par' dir='ltr' id='par_1_16' title="bbox 95 1581 1761 1655">
     <span class='ocr_line' id='line_1_16' title="bbox 95 1581 1761 1655; baseline 0 -18"><span class='ocrx_word' id='word_1_76' title='bbox 95 1581 234 1648; x_wconf 87' lang='lat' dir='ltr'>tuit,</span> <span class='ocrx_word' id='word_1_77' title='bbox 265 1585 322 1638; x_wconf 90' lang='lat' dir='ltr'>et</span> <span class='ocrx_word' id='word_1_78' title='bbox 351 1581 777 1654; x_wconf 85' lang='lat' dir='ltr'>archiepiscopi</span> <span class='ocrx_word' id='word_1_79' title='bbox 820 1586 877 1639; x_wconf 90' lang='lat' dir='ltr'>et</span> <span class='ocrx_word' id='word_1_80' title='bbox 904 1582 1161 1655; x_wconf 89' lang='lat' dir='ltr'>episcopi</span> <span class='ocrx_word' id='word_1_81' title='bbox 1200 1581 1453 1655; x_wconf 90' lang='lat' dir='ltr'>propriis</span> <span class='ocrx_word' id='word_1_82' title='bbox 1485 1582 1761 1639; x_wconf 90' lang='lat' dir='ltr'>manibus</span> 
     </span>
    </p>
   </div>
   <div class='ocr_carea' id='block_1_17' title="bbox 97 1670 1757 1744">
    <p class='ocr_par' dir='ltr' id='par_1_17' title="bbox 97 1670 1757 1744">
     <span class='ocr_line' id='line_1_17' title="bbox 97 1670 1757 1744; baseline 0.001 -19"><span class='ocrx_word' id='word_1_83' title='bbox 97 1670 499 1727; x_wconf 85' lang='lat' dir='ltr'>ﬁrmaverunt.</span> <span class='ocrx_word' id='word_1_84' title='bbox 525 1670 706 1726; x_wconf 87' lang='lat' dir='ltr'>Filius</span> <span class='ocrx_word' id='word_1_85' title='bbox 737 1670 889 1744; x_wconf 90' lang='lat' dir='ltr'>regis</span> <span class='ocrx_word' id='word_1_86' title='bbox 922 1670 1145 1743; x_wconf 89' lang='lat' dir='ltr'>juravit</span> <span class='ocrx_word' id='word_1_87' title='bbox 1171 1675 1230 1726; x_wconf 93' lang='lat' dir='ltr'>et</span> <span class='ocrx_word' id='word_1_88' title='bbox 1259 1670 1543 1743; x_wconf 84' lang='lat' dir='ltr'>primates</span> <span class='ocrx_word' id='word_1_89' title='bbox 1574 1672 1757 1727; x_wconf 84' lang='lat' dir='ltr'>totius</span> 
     </span>
    </p>
   </div>
   <div class='ocr_carea' id='block_1_18' title="bbox 94 1759 1756 1833">
    <p class='ocr_par' dir='ltr' id='par_1_18' title="bbox 94 1759 1756 1833">
     <span class='ocr_line' id='line_1_18' title="bbox 94 1759 1756 1833; baseline -0.001 -17"><span class='ocrx_word' id='word_1_90' title='bbox 94 1759 285 1832; x_wconf 86' lang='lat' dir='ltr'>regni,</span> <span class='ocrx_word' id='word_1_91' title='bbox 329 1760 528 1825; x_wconf 91' lang='lat' dir='ltr'>duces,</span> <span class='ocrx_word' id='word_1_92' title='bbox 578 1759 969 1828; x_wconf 90' lang='lat' dir='ltr'>marchiones,</span> <span class='ocrx_word' id='word_1_93' title='bbox 1010 1759 1251 1816; x_wconf 89' lang='lat' dir='ltr'>comites</span> <span class='ocrx_word' id='word_1_94' title='bbox 1314 1765 1371 1815; x_wconf 91' lang='lat' dir='ltr'>et</span> <span class='ocrx_word' id='word_1_95' title='bbox 1426 1760 1523 1816; x_wconf 87' lang='lat' dir='ltr'>alii</span> <span class='ocrx_word' id='word_1_96' title='bbox 1577 1777 1756 1833; x_wconf 88' lang='lat' dir='ltr'>quam</span> 
     </span>
    </p>
   </div>
   <div class='ocr_carea' id='block_1_19' title="bbox 95 1848 1832 1950">
    <p class='ocr_par' dir='ltr' id='par_1_19' title="bbox 95 1848 1832 1950">
     <span class='ocr_line' id='line_1_19' title="bbox 95 1848 1832 1950; baseline 0.001 -46"><span class='ocrx_word' id='word_1_97' title='bbox 95 1849 292 1950; x_wconf 68' lang='lat' dir='ltr'>rnulti.</span> <span class='ocrx_word' id='word_1_98' title='bbox 313 1849 441 1950; x_wconf 79' lang='lat' dir='ltr'>Dux</span> <span class='ocrx_word' id='word_1_99' title='bbox 458 1848 649 1950; x_wconf 72' lang='lat' dir='ltr'>Welfp</span> <span class='ocrx_word' id='word_1_100' title='bbox 670 1853 726 1906; x_wconf 89' lang='lat' dir='ltr'>et</span> <span class='ocrx_word' id='word_1_101' title='bbox 750 1848 870 1905; x_wconf 88' lang='lat' dir='ltr'>dux</span> <span class='ocrx_word' id='word_1_102' title='bbox 898 1849 1185 1905; x_wconf 90' lang='lat' dir='ltr'>Pertolfus</span> <span class='ocrx_word' id='word_1_103' title='bbox 1206 1851 1264 1905; x_wconf 88' lang='lat' dir='ltr'>et</span> <span class='ocrx_word' id='word_1_104' title='bbox 1285 1849 1412 1950; x_wconf 57' lang='lat' dir='ltr'>dux</span> <span class='ocrx_word' id='word_1_105' title='bbox 1424 1849 1756 1950; x_wconf 80' lang='lat' dir='ltr'>Fridericus</span> <span class='ocrx_word' id='word_1_106' title='bbox 1785 1886 1832 1950; x_wconf 83' lang='lat' dir='ltr'><strong>B</strong></span> 
     </span>
    </p>
   </div>
   <div class='ocr_carea' id='block_1_20' title="bbox 84 1938 1753 2011">
    <p class='ocr_par' dir='ltr' id='par_1_20' title="bbox 84 1938 1753 2011">
     <span class='ocr_line' id='line_1_20' title="bbox 84 1938 1753 2011; baseline -0.001 -18"><span class='ocrx_word' id='word_1_107' title='bbox 84 1938 440 2010; x_wconf 86' lang='lat' dir='ltr'>juraverunt</span> <span class='ocrx_word' id='word_1_108' title='bbox 481 1938 727 1995; x_wconf 90' lang='lat' dir='ltr'>eandem</span> <span class='ocrx_word' id='word_1_109' title='bbox 776 1954 980 2011; x_wconf 88' lang='lat' dir='ltr'>pacem</span> <span class='ocrx_word' id='word_1_110' title='bbox 1012 1954 1201 2010; x_wconf 90' lang='lat' dir='ltr'>usque</span> <span class='ocrx_word' id='word_1_111' title='bbox 1249 1938 1322 1993; x_wconf 90' lang='lat' dir='ltr'>ad</span> <span class='ocrx_word' id='word_1_112' title='bbox 1372 1941 1753 1994; x_wconf 88' lang='lat' dir='ltr'>Pentecosten</span> 
     </span>
    </p>
   </div>
   <div class='ocr_carea' id='block_1_21' title="bbox 95 2026 1755 2100">
    <p class='ocr_par' dir='ltr' id='par_1_21' title="bbox 95 2026 1755 2100">
     <span class='ocr_line' id='line_1_21' title="bbox 95 2026 1755 2100; baseline 0.001 -18"><span class='ocrx_word' id='word_1_113' title='bbox 95 2031 160 2082; x_wconf 85' lang='lat' dir='ltr'>et</span> <span class='ocrx_word' id='word_1_114' title='bbox 182 2026 315 2083; x_wconf 88' lang='lat' dir='ltr'>inde</span> <span class='ocrx_word' id='word_1_115' title='bbox 346 2043 451 2100; x_wconf 90' lang='lat' dir='ltr'>per</span> <span class='ocrx_word' id='word_1_116' title='bbox 472 2031 725 2100; x_wconf 85' lang='lat' dir='ltr'>quatuor</span> <span class='ocrx_word' id='word_1_117' title='bbox 744 2044 950 2083; x_wconf 90' lang='lat' dir='ltr'>annos.</span> <span class='ocrx_word' id='word_1_118' title='bbox 975 2027 1352 2095; x_wconf 86' lang='lat' dir='ltr'>Juraverunt,</span> <span class='ocrx_word' id='word_1_119' title='bbox 1377 2026 1529 2094; x_wconf 84' lang='lat' dir='ltr'>dico,</span> <span class='ocrx_word' id='word_1_120' title='bbox 1551 2044 1755 2099; x_wconf 90' lang='lat' dir='ltr'>pacem</span> 
     </span>
    </p>
   </div>
   <div class='ocr_carea' id='block_1_22' title="bbox 91 2114 1751 2184">
    <p class='ocr_par' dir='ltr' id='par_1_22' title="bbox 91 2114 1751 2184">
     <span class='ocr_line' id='line_1_22' title="bbox 91 2114 1751 2184; baseline 0 -13"><span class='ocrx_word' id='word_1_121' title='bbox 91 2115 397 2183; x_wconf 64' lang='lat' dir='ltr'>ecclesiis,</span> <span class='ocrx_word' id='word_1_122' title='bbox 430 2115 678 2184; x_wconf 89' lang='lat' dir='ltr'>clericis,</span> <span class='ocrx_word' id='word_1_123' title='bbox 715 2114 1040 2183; x_wconf 84' lang='lat' dir='ltr'>monachis,</span> <span class='ocrx_word' id='word_1_124' title='bbox 1082 2115 1271 2182; x_wconf 89' lang='lat' dir='ltr'>laicis,</span> <span class='ocrx_word' id='word_1_125' title='bbox 1306 2115 1751 2184; x_wconf 89' lang='lat' dir='ltr'>mercatoribus,</span> 
     </span>
    </p>
   </div>
   <div class='ocr_carea' id='block_1_23' title="bbox 92 2204 1252 2278">
    <p class='ocr_par' dir='ltr' id='par_1_23' title="bbox 92 2204 1252 2278">
     <span class='ocr_line' id='line_1_23' title="bbox 92 2204 1252 2278; baseline -0.001 -17"><span class='ocrx_word' id='word_1_126' title='bbox 92 2204 445 2262; x_wconf 86' lang='lat' dir='ltr'>mulieribus</span> <span class='ocrx_word' id='word_1_127' title='bbox 477 2222 547 2261; x_wconf 85' lang='lat' dir='ltr'>ne</span> <span class='ocrx_word' id='word_1_128' title='bbox 574 2205 628 2260; x_wconf 88' lang='lat' dir='ltr'>vi</span> <span class='ocrx_word' id='word_1_129' title='bbox 660 2204 982 2278; x_wconf 87' lang='lat' dir='ltr'>rapiantur,</span> <span class='ocrx_word' id='word_1_130' title='bbox 1014 2204 1252 2260; x_wconf 68' lang='lat' dir='ltr'>Judaais.</span> 
     </span>
    </p>
   </div>
   <div class='ocr_carea' id='block_1_24' title="bbox 164 2293 895 2350">
    <p class='ocr_par' dir='ltr' id='par_1_24' title="bbox 164 2293 895 2350">
     <span class='ocr_line' id='line_1_24' title="bbox 164 2293 895 2350; baseline -0.003 0"><span class='ocrx_word' id='word_1_131' title='bbox 164 2294 578 2350; x_wconf 86' lang='lat' dir='ltr'>Juramentum</span> <span class='ocrx_word' id='word_1_132' title='bbox 609 2293 725 2350; x_wconf 85' lang='lat' dir='ltr'>tale</span> <span class='ocrx_word' id='word_1_133' title='bbox 760 2298 851 2350; x_wconf 87' lang='lat' dir='ltr'>est</span> <span class='ocrx_word' id='word_1_134' title='bbox 882 2311 895 2348; x_wconf 91' lang='lat'>:</span> 
     </span>
    </p>
   </div>
   <div class='ocr_carea' id='block_1_25' title="bbox 166 2383 1754 2456">
    <p class='ocr_par' dir='ltr' id='par_1_25' title="bbox 166 2383 1754 2456">
     <span class='ocr_line' id='line_1_25' title="bbox 166 2383 1754 2456; baseline 0 -17"><span class='ocrx_word' id='word_1_135' title='bbox 166 2384 357 2439; x_wconf 88' lang='lat' dir='ltr'>Nullus</span> <span class='ocrx_word' id='word_1_136' title='bbox 403 2384 643 2456; x_wconf 75' lang='lat' dir='ltr'>alicujus</span> <span class='ocrx_word' id='word_1_137' title='bbox 672 2383 894 2439; x_wconf 85' lang='lat' dir='ltr'>domum</span> <span class='ocrx_word' id='word_1_138' title='bbox 922 2383 1197 2440; x_wconf 74' lang='lat' dir='ltr'>hostiliter</span> <span class='ocrx_word' id='word_1_139' title='bbox 1243 2384 1486 2451; x_wconf 75' lang='lat' dir='ltr'>invadat,</span> <span class='ocrx_word' id='word_1_140' title='bbox 1519 2400 1619 2440; x_wconf 89' lang='lat' dir='ltr'>nec</span> <span class='ocrx_word' id='word_1_141' title='bbox 1661 2385 1754 2439; x_wconf 86' lang='lat' dir='ltr'>in-</span> 
     </span>
    </p>
   </div>
   <div class='ocr_carea' id='block_1_26' title="bbox 97 2473 1755 2546">
    <p class='ocr_par' dir='ltr' id='par_1_26' title="bbox 97 2473 1755 2546">
     <span class='ocr_line' id='line_1_26' title="bbox 97 2473 1755 2546; baseline 0.001 -19"><span class='ocrx_word' id='word_1_142' title='bbox 97 2473 291 2529; x_wconf 84' lang='lat' dir='ltr'>cendio</span> <span class='ocrx_word' id='word_1_143' title='bbox 318 2473 576 2539; x_wconf 86' lang='lat' dir='ltr'>devastet,</span> <span class='ocrx_word' id='word_1_144' title='bbox 608 2473 798 2528; x_wconf 88' lang='lat' dir='ltr'>nullus</span> <span class='ocrx_word' id='word_1_145' title='bbox 828 2474 1070 2546; x_wconf 80' lang='lat' dir='ltr'>aliquem</span> <span class='ocrx_word' id='word_1_146' title='bbox 1107 2475 1290 2545; x_wconf 81' lang='lat' dir='ltr'>capiat</span> <span class='ocrx_word' id='word_1_147' title='bbox 1329 2477 1551 2546; x_wconf 89' lang='lat' dir='ltr'>propter</span> <span class='ocrx_word' id='word_1_148' title='bbox 1592 2490 1755 2545; x_wconf 88' lang='lat' dir='ltr'>pecu-</span> 
     </span>
    </p>
   </div>
   <div class='ocr_carea' id='block_1_27' title="bbox 95 2561 1758 2635">
    <p class='ocr_par' dir='ltr' id='par_1_27' title="bbox 95 2561 1758 2635">
     <span class='ocr_line' id='line_1_27' title="bbox 95 2561 1758 2635; baseline 0 -18"><span class='ocrx_word' id='word_1_149' title='bbox 95 2564 277 2629; x_wconf 84' lang='lat' dir='ltr'>niam,</span> <span class='ocrx_word' id='word_1_150' title='bbox 310 2578 410 2617; x_wconf 88' lang='lat' dir='ltr'>nec</span> <span class='ocrx_word' id='word_1_151' title='bbox 457 2561 720 2630; x_wconf 88' lang='lat' dir='ltr'>vulneret,</span> <span class='ocrx_word' id='word_1_152' title='bbox 751 2578 851 2618; x_wconf 91' lang='lat' dir='ltr'>nec</span> <span class='ocrx_word' id='word_1_153' title='bbox 890 2564 1185 2635; x_wconf 85' lang='lat' dir='ltr'>percutiat,</span> <span class='ocrx_word' id='word_1_154' title='bbox 1217 2579 1314 2619; x_wconf 87' lang='lat' dir='ltr'>nec</span> <span class='ocrx_word' id='word_1_155' title='bbox 1344 2564 1660 2634; x_wconf 81' lang='lat' dir='ltr'>interﬁciat.</span> <span class='ocrx_word' id='word_1_156' title='bbox 1691 2564 1758 2618; x_wconf 86' lang='lat' dir='ltr'>Et</span> 
     </span>
    </p>
   </div>
   <div class='ocr_carea' id='block_1_28' title="bbox 90 2649 1758 2723">
    <p class='ocr_par' dir='ltr' id='par_1_28' title="bbox 90 2649 1758 2723">
     <span class='ocr_line' id='line_1_28' title="bbox 90 2649 1758 2723; baseline 0.001 -18"><span class='ocrx_word' id='word_1_157' title='bbox 90 2651 147 2706; x_wconf 86' lang='lat' dir='ltr'>si</span> <span class='ocrx_word' id='word_1_158' title='bbox 178 2650 298 2719; x_wconf 89' lang='lat' dir='ltr'>quis</span> <span class='ocrx_word' id='word_1_159' title='bbox 330 2649 429 2704; x_wconf 85' lang='lat' dir='ltr'>hoc</span> <span class='ocrx_word' id='word_1_160' title='bbox 454 2649 664 2719; x_wconf 80' lang='lat' dir='ltr'>fecerit,</span> <span class='ocrx_word' id='word_1_161' title='bbox 688 2649 869 2705; x_wconf 88' lang='lat' dir='ltr'>oculos</span> <span class='ocrx_word' id='word_1_162' title='bbox 907 2650 991 2705; x_wconf 89' lang='lat' dir='ltr'>vel</span> <span class='ocrx_word' id='word_1_163' title='bbox 1020 2667 1247 2706; x_wconf 86' lang='lat' dir='ltr'>manum</span> <span class='ocrx_word' id='word_1_164' title='bbox 1293 2653 1527 2707; x_wconf 85' lang='lat' dir='ltr'>amittat.</span> <span class='ocrx_word' id='word_1_165' title='bbox 1549 2653 1611 2708; x_wconf 90' lang='lat' dir='ltr'>Si</span> <span class='ocrx_word' id='word_1_166' title='bbox 1635 2652 1758 2723; x_wconf 83' lang='lat' dir='ltr'>quis</span> 
     </span>
    </p>
   </div>
   <div class='ocr_carea' id='block_1_29' title="bbox 90 2726 1755 2810">
    <p class='ocr_par' dir='ltr' id='par_1_29' title="bbox 90 2726 1755 2810">
     <span class='ocr_line' id='line_1_29' title="bbox 90 2726 1755 2810; baseline 0.001 -17"><span class='ocrx_word' id='word_1_167' title='bbox 90 2754 225 2794; x_wconf 87' lang='lat' dir='ltr'>eum</span> <span class='ocrx_word' id='word_1_168' title='bbox 272 2736 596 2808; x_wconf 83' lang='lat' dir='ltr'>defenderit,</span> <span class='ocrx_word' id='word_1_169' title='bbox 628 2737 856 2793; x_wconf 85' lang='lat' dir='ltr'>eandem</span> <span class='ocrx_word' id='word_1_170' title='bbox 891 2756 1113 2810; x_wconf 79' lang='lat' dir='ltr'>pwnam</span> <span class='ocrx_word' id='word_1_171' title='bbox 1148 2726 1415 2810; x_wconf 78' lang='lat' dir='ltr'>patiatur.</span> <span class='ocrx_word' id='word_1_172' title='bbox 1448 2740 1510 2795; x_wconf 85' lang='lat' dir='ltr'>Si</span> <span class='ocrx_word' id='word_1_173' title='bbox 1560 2743 1619 2795; x_wconf 88' lang='lat' dir='ltr'>in</span> <span class='ocrx_word' id='word_1_174' title='bbox 1667 2757 1755 2796; x_wconf 90' lang='lat' dir='ltr'>ca-</span> 
     </span>
    </p>
   </div>
   <div class='ocr_carea' id='block_1_30' title="bbox 94 2827 1758 2901">
    <p class='ocr_par' dir='ltr' id='par_1_30' title="bbox 94 2827 1758 2901">
     <span class='ocr_line' id='line_1_30' title="bbox 94 2827 1758 2901; baseline 0.001 -18"><span class='ocrx_word' id='word_1_175' title='bbox 94 2832 277 2883; x_wconf 84' lang='lat' dir='ltr'>strum</span> <span class='ocrx_word' id='word_1_176' title='bbox 304 2827 535 2898; x_wconf 86' lang='lat' dir='ltr'>fugerit,</span> <span class='ocrx_word' id='word_1_177' title='bbox 558 2842 658 2897; x_wconf 87' lang='lat' dir='ltr'>per</span> <span class='ocrx_word' id='word_1_178' title='bbox 683 2830 792 2882; x_wconf 87' lang='lat' dir='ltr'>tres</span> <span class='ocrx_word' id='word_1_179' title='bbox 816 2827 931 2882; x_wconf 87' lang='lat' dir='ltr'>dies</span> <span class='ocrx_word' id='word_1_180' title='bbox 957 2828 1226 2884; x_wconf 88' lang='lat' dir='ltr'>obsessum</span> <span class='ocrx_word' id='word_1_181' title='bbox 1254 2846 1288 2883; x_wconf 87' lang='lat' dir='ltr'>a</span> <span class='ocrx_word' id='word_1_182' title='bbox 1316 2830 1758 2901; x_wconf 84' lang='lat' dir='ltr'>conjuratoribus</span> 
     </span>
    </p>
   </div>
   <div class='ocr_carea' id='block_1_31' title="bbox 94 2915 1759 2989">
    <p class='ocr_par' dir='ltr' id='par_1_31' title="bbox 94 2915 1759 2989">
     <span class='ocr_line' id='line_1_31' title="bbox 94 2915 1759 2989; baseline 0.001 -18"><span class='ocrx_word' id='word_1_183' title='bbox 94 2915 544 2987; x_wconf 79' lang='lat' dir='ltr'>disperdatur.5i</span> <span class='ocrx_word' id='word_1_184' title='bbox 571 2916 692 2985; x_wconf 83' lang='lat' dir='ltr'>quis</span> <span class='ocrx_word' id='word_1_185' title='bbox 724 2915 974 2988; x_wconf 74' lang='lat' dir='ltr'>effugerit</span> <span class='ocrx_word' id='word_1_186' title='bbox 1005 2916 1102 2972; x_wconf 85' lang='lat' dir='ltr'>hoc</span> <span class='ocrx_word' id='word_1_187' title='bbox 1119 2917 1414 2989; x_wconf 85' lang='lat' dir='ltr'>judiciam,</span> <span class='ocrx_word' id='word_1_188' title='bbox 1437 2917 1759 2988; x_wconf 85' lang='lat' dir='ltr'>beneﬁcium</span> 
     </span>
    </p>
   </div>
   <div class='ocr_carea' id='block_1_32' title="bbox 90 3004 1758 3081">
    <p class='ocr_par' dir='ltr' id='par_1_32' title="bbox 90 3004 1758 3081">
     <span class='ocr_line' id='line_1_32' title="bbox 90 3004 1758 3081; baseline 0.001 -21"><span class='ocrx_word' id='word_1_189' title='bbox 90 3006 146 3060; x_wconf 89' lang='lat' dir='ltr'>si</span> <span class='ocrx_word' id='word_1_190' title='bbox 177 3004 352 3081; x_wconf 84' lang='lat' dir='ltr'>habet,</span> <span class='ocrx_word' id='word_1_191' title='bbox 384 3004 638 3060; x_wconf 83' lang='lat' dir='ltr'>dominus</span> <span class='ocrx_word' id='word_1_192' title='bbox 666 3021 798 3061; x_wconf 90' lang='lat' dir='ltr'>suus</span> <span class='ocrx_word' id='word_1_193' title='bbox 835 3006 945 3060; x_wconf 86' lang='lat' dir='ltr'>sibi</span> <span class='ocrx_word' id='word_1_194' title='bbox 983 3007 1217 3077; x_wconf 78' lang='lat' dir='ltr'>auferat,</span> <span class='ocrx_word' id='word_1_195' title='bbox 1241 3008 1640 3079; x_wconf 81' lang='lat' dir='ltr'>patrimonium</span> <span class='ocrx_word' id='word_1_196' title='bbox 1666 3023 1758 3063; x_wconf 90' lang='lat' dir='ltr'>co-</span> 
     </span>
    </p>
   </div>
   <div class='ocr_carea' id='block_1_33' title="bbox 91 3093 1757 3166">
    <p class='ocr_par' dir='ltr' id='par_1_33' title="bbox 91 3093 1757 3166">
     <span class='ocr_line' id='line_1_33' title="bbox 91 3093 1757 3166; baseline 0.001 -18"><span class='ocrx_word' id='word_1_197' title='bbox 91 3094 258 3165; x_wconf 84' lang='lat' dir='ltr'>gnati</span> <span class='ocrx_word' id='word_1_198' title='bbox 284 3095 377 3149; x_wconf 86' lang='lat' dir='ltr'>sui</span> <span class='ocrx_word' id='word_1_199' title='bbox 416 3094 505 3149; x_wconf 88' lang='lat' dir='ltr'>illi</span> <span class='ocrx_word' id='word_1_200' title='bbox 552 3095 830 3165; x_wconf 82' lang='lat' dir='ltr'>auferant.</span> <span class='ocrx_word' id='word_1_201' title='bbox 866 3093 924 3149; x_wconf 88' lang='lat' dir='ltr'>Si</span> <span class='ocrx_word' id='word_1_202' title='bbox 953 3096 1074 3165; x_wconf 85' lang='lat' dir='ltr'>quis</span> <span class='ocrx_word' id='word_1_203' title='bbox 1102 3098 1310 3166; x_wconf 81' lang='lat' dir='ltr'>furtum</span> <span class='ocrx_word' id='word_1_204' title='bbox 1339 3097 1527 3166; x_wconf 77' lang='lat' dir='ltr'>fecerit</span> <span class='ocrx_word' id='word_1_205' title='bbox 1572 3098 1757 3151; x_wconf 84' lang='lat' dir='ltr'>valens</span> 
     </span>
    </p>
   </div>
   <div class='ocr_carea' id='block_1_34' title="bbox 93 3182 1752 3255">
    <p class='ocr_par' dir='ltr' id='par_1_34' title="bbox 93 3182 1752 3255">
     <span class='ocr_line' id='line_1_34' title="bbox 93 3182 1752 3255; baseline 0.002 -18"><span class='ocrx_word' id='word_1_206' title='bbox 93 3184 340 3255; x_wconf 88' lang='lat' dir='ltr'>quinque</span> <span class='ocrx_word' id='word_1_207' title='bbox 366 3182 563 3239; x_wconf 82' lang='lat' dir='ltr'>solidos</span> <span class='ocrx_word' id='word_1_208' title='bbox 607 3183 688 3239; x_wconf 87' lang='lat' dir='ltr'>vel</span> <span class='ocrx_word' id='word_1_209' title='bbox 722 3184 869 3255; x_wconf 85' lang='lat' dir='ltr'>plus,</span> <span class='ocrx_word' id='word_1_210' title='bbox 902 3185 1082 3239; x_wconf 90' lang='lat' dir='ltr'>oculos</span> <span class='ocrx_word' id='word_1_211' title='bbox 1112 3184 1196 3238; x_wconf 89' lang='lat' dir='ltr'>vel</span> <span class='ocrx_word' id='word_1_212' title='bbox 1243 3200 1471 3239; x_wconf 88' lang='lat' dir='ltr'>manum</span> <span class='ocrx_word' id='word_1_213' title='bbox 1518 3187 1752 3240; x_wconf 80' lang='lat' dir='ltr'>amittat.</span> 
     </span>
    </p>
   </div>
   <div class='ocr_carea' id='block_1_35' title="bbox 1874 597 3529 672">
    <p class='ocr_par' dir='ltr' id='par_1_35' title="bbox 1874 597 3529 672">
     <span class='ocr_line' id='line_1_35' title="bbox 1874 597 3529 672; baseline -0.001 -17"><span class='ocrx_word' id='word_1_214' title='bbox 1874 598 2074 656; x_wconf 90' lang='lat' dir='ltr'>nullus</span> <span class='ocrx_word' id='word_1_215' title='bbox 2105 600 2344 655; x_wconf 90' lang='lat' dir='ltr'>omnino</span> <span class='ocrx_word' id='word_1_216' title='bbox 2373 615 2477 671; x_wconf 90' lang='lat' dir='ltr'>pro</span> <span class='ocrx_word' id='word_1_217' title='bbox 2509 597 2632 654; x_wconf 89' lang='lat' dir='ltr'>sola</span> <span class='ocrx_word' id='word_1_218' title='bbox 2662 615 2841 654; x_wconf 89' lang='lat' dir='ltr'>causa</span> <span class='ocrx_word' id='word_1_219' title='bbox 2870 599 3129 672; x_wconf 74' lang='lat' dir='ltr'>pecuniae</span> <span class='ocrx_word' id='word_1_220' title='bbox 3161 598 3445 672; x_wconf 86' lang='lat' dir='ltr'>capiatur.</span> <span class='ocrx_word' id='word_1_221' title='bbox 3468 598 3529 656; x_wconf 91' lang='lat' dir='ltr'>Si</span> 
     </span>
    </p>
   </div>
   <div class='ocr_carea' id='block_1_36' title="bbox 1873 687 3530 761">
    <p class='ocr_par' dir='ltr' id='par_1_36' title="bbox 1873 687 3530 761">
     <span class='ocr_line' id='line_1_36' title="bbox 1873 687 3530 761; baseline 0.001 -18"><span class='ocrx_word' id='word_1_222' title='bbox 1873 688 2006 761; x_wconf 88' lang='lat' dir='ltr'>quis</span> <span class='ocrx_word' id='word_1_223' title='bbox 2038 688 2375 761; x_wconf 75' lang='lat' dir='ltr'>praedictam</span> <span class='ocrx_word' id='word_1_224' title='bbox 2407 704 2609 760; x_wconf 89' lang='lat' dir='ltr'>pacem</span> <span class='ocrx_word' id='word_1_225' title='bbox 2657 687 2978 761; x_wconf 86' lang='lat' dir='ltr'>infregerit,</span> <span class='ocrx_word' id='word_1_226' title='bbox 3012 705 3255 744; x_wconf 90' lang='lat' dir='ltr'>manum</span> <span class='ocrx_word' id='word_1_227' title='bbox 3288 689 3530 761; x_wconf 85' lang='lat' dir='ltr'>perdere</span> 
     </span>
    </p>
   </div>
   <div class='ocr_carea' id='block_1_37' title="bbox 1870 775 3528 853">
    <p class='ocr_par' dir='ltr' id='par_1_37' title="bbox 1870 775 3528 853">
     <span class='ocr_line' id='line_1_37' title="bbox 1870 775 3528 853; baseline 0.001 -20"><span class='ocrx_word' id='word_1_228' title='bbox 1870 777 2060 833; x_wconf 91' lang='lat' dir='ltr'>debet.</span> <span class='ocrx_word' id='word_1_229' title='bbox 2085 777 2143 832; x_wconf 89' lang='lat' dir='ltr'>Si</span> <span class='ocrx_word' id='word_1_230' title='bbox 2176 776 2310 849; x_wconf 89' lang='lat' dir='ltr'>quis</span> <span class='ocrx_word' id='word_1_231' title='bbox 2340 775 2677 848; x_wconf 90' lang='lat' dir='ltr'>inculpatus</span> <span class='ocrx_word' id='word_1_232' title='bbox 2726 776 2903 833; x_wconf 88' lang='lat' dir='ltr'>fuerit</span> <span class='ocrx_word' id='word_1_233' title='bbox 2945 793 3050 849; x_wconf 91' lang='lat' dir='ltr'>pro</span> <span class='ocrx_word' id='word_1_234' title='bbox 3100 777 3254 835; x_wconf 86' lang='lat' dir='ltr'>furto</span> <span class='ocrx_word' id='word_1_235' title='bbox 3283 778 3373 834; x_wconf 88' lang='lat' dir='ltr'>vel</span> <span class='ocrx_word' id='word_1_236' title='bbox 3424 795 3528 853; x_wconf 90' lang='lat' dir='ltr'>pro</span> 
     </span>
    </p>
   </div>
   <div class='ocr_carea' id='block_1_38' title="bbox 1872 865 3531 942">
    <p class='ocr_par' dir='ltr' id='par_1_38' title="bbox 1872 865 3531 942">
     <span class='ocr_line' id='line_1_38' title="bbox 1872 865 3531 942; baseline 0.004 -22"><span class='ocrx_word' id='word_1_237' title='bbox 1872 865 2071 938; x_wconf 88' lang='lat' dir='ltr'>aliqua</span> <span class='ocrx_word' id='word_1_238' title='bbox 2099 865 2269 938; x_wconf 89' lang='lat' dir='ltr'>culpa</span> <span class='ocrx_word' id='word_1_239' title='bbox 2308 865 2479 922; x_wconf 89' lang='lat' dir='ltr'>istius</span> <span class='ocrx_word' id='word_1_240' title='bbox 2509 869 2791 939; x_wconf 63' lang='lat' dir='ltr'>corruptae</span> <span class='ocrx_word' id='word_1_241' title='bbox 2822 866 3003 939; x_wconf 86' lang='lat' dir='ltr'>pacis,</span> <span class='ocrx_word' id='word_1_242' title='bbox 3037 866 3136 922; x_wconf 89' lang='lat' dir='ltr'>ille</span> <span class='ocrx_word' id='word_1_243' title='bbox 3166 866 3226 923; x_wconf 91' lang='lat' dir='ltr'>in</span> <span class='ocrx_word' id='word_1_244' title='bbox 3272 885 3387 940; x_wconf 90' lang='lat' dir='ltr'>quo</span> <span class='ocrx_word' id='word_1_245' title='bbox 3419 886 3531 942; x_wconf 87' lang='lat' dir='ltr'>pax</span> 
     </span>
    </p>
   </div>
   <div class='ocr_carea' id='block_1_39' title="bbox 1871 948 3531 1028">
    <p class='ocr_par' dir='ltr' id='par_1_39' title="bbox 1871 948 3531 1028">
     <span class='ocr_line' id='line_1_39' title="bbox 1871 948 3531 1028; baseline 0.003 -18"><span class='ocrx_word' id='word_1_246' title='bbox 1871 948 2150 1028; x_wconf 85' lang='lat' dir='ltr'>corrupta</span> <span class='ocrx_word' id='word_1_247' title='bbox 2177 959 2268 1010; x_wconf 91' lang='lat' dir='ltr'>est</span> <span class='ocrx_word' id='word_1_248' title='bbox 2294 955 2469 1011; x_wconf 87' lang='lat' dir='ltr'>vadat</span> <span class='ocrx_word' id='word_1_249' title='bbox 2499 955 2571 1011; x_wconf 93' lang='lat' dir='ltr'>ad</span> <span class='ocrx_word' id='word_1_250' title='bbox 2601 954 2970 1027; x_wconf 86' lang='lat' dir='ltr'>parrochiam</span> <span class='ocrx_word' id='word_1_251' title='bbox 3001 956 3261 1013; x_wconf 85' lang='lat' dir='ltr'>accusati</span> <span class='ocrx_word' id='word_1_252' title='bbox 3293 962 3350 1013; x_wconf 89' lang='lat' dir='ltr'>et</span> <span class='ocrx_word' id='word_1_253' title='bbox 3374 956 3531 1015; x_wconf 88' lang='lat' dir='ltr'>dicat</span> 
     </span>
    </p>
   </div>
   <div class='ocr_carea' id='block_1_40' title="bbox 1872 1044 3524 1117">
    <p class='ocr_par' dir='ltr' id='par_1_40' title="bbox 1872 1044 3524 1117">
     <span class='ocr_line' id='line_1_40' title="bbox 1872 1044 3524 1117; baseline 0.002 -18"><span class='ocrx_word' id='word_1_254' title='bbox 1872 1044 2083 1117; x_wconf 87' lang='lat' dir='ltr'>populo</span> <span class='ocrx_word' id='word_1_255' title='bbox 2119 1063 2132 1100; x_wconf 86' lang='lat'><strong>:</strong></span> <span class='ocrx_word' id='word_1_256' title='bbox 2165 1045 2265 1100; x_wconf 84' lang='lat' dir='ltr'>Ille</span> <span class='ocrx_word' id='word_1_257' title='bbox 2309 1045 2374 1100; x_wconf 88' lang='grc' dir='ltr'>Ν.</span> <span class='ocrx_word' id='word_1_258' title='bbox 2410 1046 2471 1099; x_wconf 86' lang='lat' dir='ltr'>in</span> <span class='ocrx_word' id='word_1_259' title='bbox 2518 1045 2620 1100; x_wconf 78' lang='lat' dir='ltr'>hac</span> <span class='ocrx_word' id='word_1_260' title='bbox 2664 1061 2725 1100; x_wconf 90' lang='lat' dir='ltr'>re</span> <span class='ocrx_word' id='word_1_261' title='bbox 2761 1046 3007 1117; x_wconf 87' lang='lat' dir='ltr'>corrupit</span> <span class='ocrx_word' id='word_1_262' title='bbox 3048 1047 3393 1117; x_wconf 75' lang='lat' dir='ltr'>pacem...”</span> <span class='ocrx_word' id='word_1_263' title='bbox 3419 1063 3524 1104; x_wconf 89' lang='lat' dir='ltr'>me.</span> 
     </span>
    </p>
   </div>
   <div class='ocr_carea' id='block_1_41' title="bbox 1871 1133 3528 1206">
    <p class='ocr_par' dir='ltr' id='par_1_41' title="bbox 1871 1133 3528 1206">
     <span class='ocr_line' id='line_1_41' title="bbox 1871 1133 3528 1206; baseline 0.003 -17"><span class='ocrx_word' id='word_1_264' title='bbox 1871 1135 1942 1189; x_wconf 90' lang='lat' dir='ltr'>Et</span> <span class='ocrx_word' id='word_1_265' title='bbox 1973 1135 2069 1189; x_wconf 90' lang='lat' dir='ltr'>det</span> <span class='ocrx_word' id='word_1_266' title='bbox 2099 1133 2211 1190; x_wconf 88' lang='lat' dir='ltr'>sibi</span> <span class='ocrx_word' id='word_1_267' title='bbox 2244 1133 2513 1191; x_wconf 86' lang='lat' dir='ltr'>inducias</span> <span class='ocrx_word' id='word_1_268' title='bbox 2546 1151 2649 1206; x_wconf 89' lang='lat' dir='ltr'>per</span> <span class='ocrx_word' id='word_1_269' title='bbox 2686 1134 3130 1206; x_wconf 85' lang='lat' dir='ltr'>quatuordecim</span> <span class='ocrx_word' id='word_1_270' title='bbox 3155 1135 3299 1191; x_wconf 90' lang='lat' dir='ltr'>dies.</span> <span class='ocrx_word' id='word_1_271' title='bbox 3322 1135 3382 1192; x_wconf 90' lang='lat' dir='ltr'>Si</span> <span class='ocrx_word' id='word_1_272' title='bbox 3412 1153 3528 1195; x_wconf 90' lang='lat' dir='ltr'>non</span> 
     </span>
    </p>
   </div>
   <div class='ocr_carea' id='block_1_42' title="bbox 1870 1222 3529 1295">
    <p class='ocr_par' dir='ltr' id='par_1_42' title="bbox 1870 1222 3529 1295">
     <span class='ocr_line' id='line_1_42' title="bbox 1870 1222 3529 1295; baseline 0.002 -17"><span class='ocrx_word' id='word_1_273' title='bbox 1870 1222 2143 1279; x_wconf 88' lang='lat' dir='ltr'>habuerit</span> <span class='ocrx_word' id='word_1_274' title='bbox 2163 1222 2467 1295; x_wconf 88' lang='lat' dir='ltr'>justiciam</span> <span class='ocrx_word' id='word_1_275' title='bbox 2501 1223 2652 1279; x_wconf 87' lang='lat' dir='ltr'>infra</span> <span class='ocrx_word' id='word_1_276' title='bbox 2680 1223 3123 1295; x_wconf 87' lang='lat' dir='ltr'>quatuordecim</span> <span class='ocrx_word' id='word_1_277' title='bbox 3154 1223 3300 1291; x_wconf 90' lang='lat' dir='ltr'>dies,</span> <span class='ocrx_word' id='word_1_278' title='bbox 3325 1241 3529 1280; x_wconf 91' lang='lat' dir='ltr'>secun-</span> 
     </span>
    </p>
   </div>
   <div class='ocr_carea' id='block_1_43' title="bbox 1866 1298 3529 1385">
    <p class='ocr_par' dir='ltr' id='par_1_43' title="bbox 1866 1298 3529 1385">
     <span class='ocr_line' id='line_1_43' title="bbox 1866 1298 3529 1385; baseline 0.002 -17"><span class='ocrx_word' id='word_1_279' title='bbox 1866 1298 1943 1368; x_wconf 74' lang='lat' dir='ltr'>do</span> <span class='ocrx_word' id='word_1_280' title='bbox 1972 1312 2302 1369; x_wconf 90' lang='lat' dir='ltr'>inducietur</span> <span class='ocrx_word' id='word_1_281' title='bbox 2332 1312 2441 1368; x_wconf 92' lang='lat' dir='ltr'>sibi</span> <span class='ocrx_word' id='word_1_282' title='bbox 2488 1328 2592 1384; x_wconf 91' lang='lat' dir='ltr'>per</span> <span class='ocrx_word' id='word_1_283' title='bbox 2620 1312 3063 1385; x_wconf 88' lang='lat' dir='ltr'>quatuordecim</span> <span class='ocrx_word' id='word_1_284' title='bbox 3097 1311 3240 1381; x_wconf 91' lang='lat' dir='ltr'>dies,</span> <span class='ocrx_word' id='word_1_285' title='bbox 3265 1316 3323 1369; x_wconf 92' lang='lat' dir='ltr'>et</span> <span class='ocrx_word' id='word_1_286' title='bbox 3353 1314 3529 1371; x_wconf 90' lang='lat' dir='ltr'>tercio</span> 
     </span>
    </p>
   </div>
   <div class='ocr_carea' id='block_1_44' title="bbox 1870 1401 3529 1474">
    <p class='ocr_par' dir='ltr' id='par_1_44' title="bbox 1870 1401 3529 1474">
     <span class='ocr_line' id='line_1_44' title="bbox 1870 1401 3529 1474; baseline 0.002 -18"><span class='ocrx_word' id='word_1_287' title='bbox 1870 1401 1966 1458; x_wconf 90' lang='lat' dir='ltr'>det</span> <span class='ocrx_word' id='word_1_288' title='bbox 1998 1401 2109 1457; x_wconf 89' lang='lat' dir='ltr'>sibi</span> <span class='ocrx_word' id='word_1_289' title='bbox 2144 1402 2413 1457; x_wconf 88' lang='lat' dir='ltr'>inducias</span> <span class='ocrx_word' id='word_1_290' title='bbox 2447 1418 2550 1473; x_wconf 87' lang='lat' dir='ltr'>per</span> <span class='ocrx_word' id='word_1_291' title='bbox 2588 1401 3033 1474; x_wconf 87' lang='lat' dir='ltr'>quatuordecim</span> <span class='ocrx_word' id='word_1_292' title='bbox 3078 1401 3232 1470; x_wconf 90' lang='lat' dir='ltr'>dies;</span> <span class='ocrx_word' id='word_1_293' title='bbox 3266 1406 3323 1458; x_wconf 87' lang='lat' dir='ltr'>et</span> <span class='ocrx_word' id='word_1_294' title='bbox 3353 1403 3402 1459; x_wconf 91' lang='lat' dir='ltr'>si</span> <span class='ocrx_word' id='word_1_295' title='bbox 3433 1404 3529 1459; x_wconf 85' lang='lat' dir='ltr'>in-</span> 
     </span>
    </p>
   </div>
   <div class='ocr_carea' id='block_1_45' title="bbox 1871 1489 3531 1563">
    <p class='ocr_par' dir='ltr' id='par_1_45' title="bbox 1871 1489 3531 1563">
     <span class='ocr_line' id='line_1_45' title="bbox 1871 1489 3531 1563; baseline 0.003 -19"><span class='ocrx_word' id='word_1_296' title='bbox 1871 1489 2140 1563; x_wconf 87' lang='lat' dir='ltr'>culpatus</span> <span class='ocrx_word' id='word_1_297' title='bbox 2188 1490 2261 1546; x_wconf 89' lang='lat' dir='ltr'>ad</span> <span class='ocrx_word' id='word_1_298' title='bbox 2311 1489 2775 1546; x_wconf 84' lang='lat' dir='ltr'>satisfactionem</span> <span class='ocrx_word' id='word_1_299' title='bbox 2825 1506 2941 1546; x_wconf 91' lang='lat' dir='ltr'>non</span> <span class='ocrx_word' id='word_1_300' title='bbox 2988 1489 3228 1560; x_wconf 90' lang='lat' dir='ltr'>venerit,</span> <span class='ocrx_word' id='word_1_301' title='bbox 3270 1508 3405 1548; x_wconf 89' lang='lat' dir='ltr'>reus</span> <span class='ocrx_word' id='word_1_302' title='bbox 3452 1492 3531 1549; x_wconf 89' lang='lat' dir='ltr'>sit</span> 
     </span>
    </p>
   </div>
   <div class='ocr_carea' id='block_1_46' title="bbox 1871 1579 3531 1654">
    <p class='ocr_par' dir='ltr' id='par_1_46' title="bbox 1871 1579 3531 1654">
     <span class='ocr_line' id='line_1_46' title="bbox 1871 1579 3531 1654; baseline 0.002 -19"><span class='ocrx_word' id='word_1_303' title='bbox 1871 1585 2154 1653; x_wconf 72' lang='lat' dir='ltr'>corrupta:</span> <span class='ocrx_word' id='word_1_304' title='bbox 2186 1580 2370 1652; x_wconf 87' lang='lat' dir='ltr'>pacis.</span> <span class='ocrx_word' id='word_1_305' title='bbox 2404 1580 2535 1636; x_wconf 69' lang='lat' dir='ltr'>Haec</span> <span class='ocrx_word' id='word_1_306' title='bbox 2582 1597 2695 1653; x_wconf 84' lang='lat' dir='ltr'>pax</span> <span class='ocrx_word' id='word_1_307' title='bbox 2737 1579 2877 1636; x_wconf 89' lang='lat' dir='ltr'>hinc</span> <span class='ocrx_word' id='word_1_308' title='bbox 2927 1596 3113 1652; x_wconf 89' lang='lat' dir='ltr'>usque</span> <span class='ocrx_word' id='word_1_309' title='bbox 3163 1581 3383 1654; x_wconf 89' lang='lat' dir='ltr'>pascha</span> <span class='ocrx_word' id='word_1_310' title='bbox 3410 1585 3466 1638; x_wconf 88' lang='lat' dir='ltr'>et</span> <span class='ocrx_word' id='word_1_311' title='bbox 3496 1599 3531 1639; x_wconf 87' lang='lat' dir='ltr'>a</span> 
     </span>
    </p>
   </div>
   <div class='ocr_carea' id='block_1_47' title="bbox 1870 1669 3529 1743">
    <p class='ocr_par' dir='ltr' id='par_1_47' title="bbox 1870 1669 3529 1743">
     <span class='ocr_line' id='line_1_47' title="bbox 1870 1669 3529 1743; baseline 0.002 -19"><span class='ocrx_word' id='word_1_312' title='bbox 1870 1669 2135 1742; x_wconf 87' lang='lat' dir='ltr'>proximo</span> <span class='ocrx_word' id='word_1_313' title='bbox 2167 1669 2387 1742; x_wconf 89' lang='lat' dir='ltr'>pascha</span> <span class='ocrx_word' id='word_1_314' title='bbox 2430 1686 2619 1742; x_wconf 91' lang='lat' dir='ltr'>usque</span> <span class='ocrx_word' id='word_1_315' title='bbox 2650 1670 2722 1726; x_wconf 86' lang='lat' dir='ltr'>ad</span> <span class='ocrx_word' id='word_1_316' title='bbox 2754 1684 3006 1742; x_wconf 90' lang='lat' dir='ltr'>sequens</span> <span class='ocrx_word' id='word_1_317' title='bbox 3050 1669 3268 1742; x_wconf 87' lang='lat' dir='ltr'>pascha</span> <span class='ocrx_word' id='word_1_318' title='bbox 3297 1688 3529 1743; x_wconf 88' lang='lat' dir='ltr'>perma-</span> 
     </span>
    </p>
   </div>
   <div class='ocr_carea' id='block_1_48' title="bbox 1870 1758 2230 1815">
    <p class='ocr_par' dir='ltr' id='par_1_48' title="bbox 1870 1758 2230 1815">
     <span class='ocr_line' id='line_1_48' title="bbox 1870 1758 2230 1815; baseline 0.006 -2"><span class='ocrx_word' id='word_1_319' title='bbox 1870 1775 2007 1814; x_wconf 88' lang='lat' dir='ltr'>nere</span> <span class='ocrx_word' id='word_1_320' title='bbox 2039 1758 2230 1815; x_wconf 91' lang='lat' dir='ltr'>debet.</span> 
     </span>
    </p>
   </div>
   <div class='ocr_carea' id='block_1_49' title="bbox 1942 1847 3530 1921">
    <p class='ocr_par' dir='ltr' id='par_1_49' title="bbox 1942 1847 3530 1921">
     <span class='ocr_line' id='line_1_49' title="bbox 1942 1847 3530 1921; baseline 0.002 -18"><span class='ocrx_word' id='word_1_321' title='bbox 1942 1847 2001 1904; x_wconf 93' lang='lat' dir='ltr'>Si</span> <span class='ocrx_word' id='word_1_322' title='bbox 2032 1848 2167 1920; x_wconf 87' lang='lat' dir='ltr'>quis</span> <span class='ocrx_word' id='word_1_323' title='bbox 2216 1847 2414 1903; x_wconf 91' lang='lat' dir='ltr'>minus</span> <span class='ocrx_word' id='word_1_324' title='bbox 2446 1864 2626 1919; x_wconf 88' lang='lat' dir='ltr'>quam</span> <span class='ocrx_word' id='word_1_325' title='bbox 2670 1847 2975 1921; x_wconf 83' lang='lat' dir='ltr'>sexaginta</span> <span class='ocrx_word' id='word_1_326' title='bbox 3024 1847 3248 1904; x_wconf 90' lang='lat' dir='ltr'>denarii</span> <span class='ocrx_word' id='word_1_327' title='bbox 3299 1849 3530 1906; x_wconf 87' lang='lat' dir='ltr'>valeant</span> 
     </span>
    </p>
   </div>
   <div class='ocr_carea' id='block_1_50' title="bbox 1865 1935 3527 2011">
    <p class='ocr_par' dir='ltr' id='par_1_50' title="bbox 1865 1935 3527 2011">
     <span class='ocr_line' id='line_1_50' title="bbox 1865 1935 3527 2011; baseline 0.002 -20"><span class='ocrx_word' id='word_1_328' title='bbox 1865 1937 2112 2007; x_wconf 76' lang='lat' dir='ltr'>furatur,</span> <span class='ocrx_word' id='word_1_329' title='bbox 2147 1936 2438 2009; x_wconf 89' lang='lat' dir='ltr'>depiletur</span> <span class='ocrx_word' id='word_1_330' title='bbox 2486 1943 2543 1992; x_wconf 89' lang='lat' dir='ltr'>et</span> <span class='ocrx_word' id='word_1_331' title='bbox 2572 1935 2754 2011; x_wconf 80' lang='lat' dir='ltr'>virgis</span> <span class='ocrx_word' id='word_1_332' title='bbox 2795 1936 3139 2006; x_wconf 76' lang='lat' dir='ltr'>excorietur,</span> <span class='ocrx_word' id='word_1_333' title='bbox 3172 1941 3230 1994; x_wconf 88' lang='lat' dir='ltr'>et</span> <span class='ocrx_word' id='word_1_334' title='bbox 3276 1937 3335 1994; x_wconf 92' lang='lat' dir='ltr'>in</span> <span class='ocrx_word' id='word_1_335' title='bbox 3368 1942 3527 1995; x_wconf 88' lang='lat' dir='ltr'>utra-</span> 
     </span>
    </p>
   </div>
   <div class='ocr_carea' id='block_1_51' title="bbox 1865 2025 3527 2102">
    <p class='ocr_par' dir='ltr' id='par_1_51' title="bbox 1865 2025 3527 2102">
     <span class='ocr_line' id='line_1_51' title="bbox 1865 2025 3527 2102; baseline 0.001 -20"><span class='ocrx_word' id='word_1_336' title='bbox 1865 2043 1979 2098; x_wconf 91' lang='lat' dir='ltr'>que</span> <span class='ocrx_word' id='word_1_337' title='bbox 2011 2025 2253 2082; x_wconf 87' lang='lat' dir='ltr'>maxilla</span> <span class='ocrx_word' id='word_1_338' title='bbox 2285 2026 2437 2082; x_wconf 89' lang='lat' dir='ltr'>ferro</span> <span class='ocrx_word' id='word_1_339' title='bbox 2470 2042 2658 2098; x_wconf 90' lang='lat' dir='ltr'>usque</span> <span class='ocrx_word' id='word_1_340' title='bbox 2704 2025 2777 2082; x_wconf 87' lang='lat' dir='ltr'>ad</span> <span class='ocrx_word' id='word_1_341' title='bbox 2818 2025 3022 2083; x_wconf 89' lang='lat' dir='ltr'>dentes</span> <span class='ocrx_word' id='word_1_342' title='bbox 3055 2031 3279 2083; x_wconf 88' lang='lat' dir='ltr'>uratur.</span> <span class='ocrx_word' id='word_1_343' title='bbox 3304 2027 3362 2084; x_wconf 89' lang='lat' dir='ltr'>Si</span> <span class='ocrx_word' id='word_1_344' title='bbox 3394 2029 3527 2102; x_wconf 91' lang='lat' dir='ltr'>quis</span> 
     </span>
    </p>
   </div>
   <div class='ocr_carea' id='block_1_52' title="bbox 1864 2114 3529 2189">
    <p class='ocr_par' dir='ltr' id='par_1_52' title="bbox 1864 2114 3529 2189">
     <span class='ocr_line' id='line_1_52' title="bbox 1864 2114 3529 2189; baseline 0.004 -19"><span class='ocrx_word' id='word_1_345' title='bbox 1864 2115 2167 2189; x_wconf 85' lang='lat' dir='ltr'>sexaginta</span> <span class='ocrx_word' id='word_1_346' title='bbox 2195 2115 2467 2171; x_wconf 90' lang='lat' dir='ltr'>denarios</span> <span class='ocrx_word' id='word_1_347' title='bbox 2492 2114 2579 2170; x_wconf 89' lang='lat' dir='ltr'>vel</span> <span class='ocrx_word' id='word_1_348' title='bbox 2612 2115 2743 2187; x_wconf 87' lang='lat' dir='ltr'>plus</span> <span class='ocrx_word' id='word_1_349' title='bbox 2766 2132 2947 2186; x_wconf 87' lang='lat' dir='ltr'>quam</span> <span class='ocrx_word' id='word_1_350' title='bbox 2978 2117 3281 2188; x_wconf 82' lang='lat' dir='ltr'>sexaginta</span> <span class='ocrx_word' id='word_1_351' title='bbox 3304 2118 3529 2176; x_wconf 90' lang='lat' dir='ltr'>denarii</span> 
     </span>
    </p>
   </div>
   <div class='ocr_carea' id='block_1_53' title="bbox 1862 2204 3526 2279">
    <p class='ocr_par' dir='ltr' id='par_1_53' title="bbox 1862 2204 3526 2279">
     <span class='ocr_line' id='line_1_53' title="bbox 1862 2204 3526 2279; baseline 0.002 -19"><span class='ocrx_word' id='word_1_352' title='bbox 1862 2204 2093 2262; x_wconf 89' lang='lat' dir='ltr'>valeant</span> <span class='ocrx_word' id='word_1_353' title='bbox 2138 2205 2387 2271; x_wconf 76' lang='lat' dir='ltr'>furatur,</span> <span class='ocrx_word' id='word_1_354' title='bbox 2420 2221 2634 2261; x_wconf 89' lang='lat' dir='ltr'>manus</span> <span class='ocrx_word' id='word_1_355' title='bbox 2676 2204 2728 2261; x_wconf 94' lang='lat' dir='ltr'>ei</span> <span class='ocrx_word' id='word_1_356' title='bbox 2759 2204 3085 2261; x_wconf 88' lang='lat' dir='ltr'>abcidatur.</span> <span class='ocrx_word' id='word_1_357' title='bbox 3118 2209 3281 2262; x_wconf 86' lang='lat' dir='ltr'>Hanc</span> <span class='ocrx_word' id='word_1_358' title='bbox 3322 2224 3526 2279; x_wconf 89' lang='lat' dir='ltr'>pacem</span> 
     </span>
    </p>
   </div>
   <div class='ocr_carea' id='block_1_54' title="bbox 1865 2292 3527 2366">
    <p class='ocr_par' dir='ltr' id='par_1_54' title="bbox 1865 2292 3527 2366">
     <span class='ocr_line' id='line_1_54' title="bbox 1865 2292 3527 2366; baseline 0.001 -17"><span class='ocrx_word' id='word_1_359' title='bbox 1865 2293 2281 2366; x_wconf 89' lang='lat' dir='ltr'>unusquisque</span> <span class='ocrx_word' id='word_1_360' title='bbox 2313 2298 2445 2349; x_wconf 90' lang='lat' dir='ltr'>ante</span> <span class='ocrx_word' id='word_1_361' title='bbox 2477 2292 2817 2366; x_wconf 88' lang='lat' dir='ltr'>paoximum</span> <span class='ocrx_word' id='word_1_362' title='bbox 2848 2294 3063 2349; x_wconf 87' lang='lat' dir='ltr'>festum</span> <span class='ocrx_word' id='word_1_363' title='bbox 3095 2298 3307 2351; x_wconf 66' lang='lat' dir='ltr'>sanctae</span> <span class='ocrx_word' id='word_1_364' title='bbox 3333 2296 3527 2352; x_wconf 68' lang='lat' dir='ltr'>Mariae</span> 
     </span>
    </p>
   </div>
   <div class='ocr_carea' id='block_1_55' title="bbox 1863 2381 3526 2455">
    <p class='ocr_par' dir='ltr' id='par_1_55' title="bbox 1863 2381 3526 2455">
     <span class='ocr_line' id='line_1_55' title="bbox 1863 2381 3526 2455; baseline 0.001 -15"><span class='ocrx_word' id='word_1_365' title='bbox 1863 2383 2036 2440; x_wconf 87' lang='lat' dir='ltr'>debet</span> <span class='ocrx_word' id='word_1_366' title='bbox 2056 2383 2287 2455; x_wconf 89' lang='lat' dir='ltr'>jurare,</span> <span class='ocrx_word' id='word_1_367' title='bbox 2311 2381 2398 2438; x_wconf 89' lang='lat' dir='ltr'>vel</span> <span class='ocrx_word' id='word_1_368' title='bbox 2432 2399 2567 2438; x_wconf 90' lang='lat' dir='ltr'>cum</span> <span class='ocrx_word' id='word_1_369' title='bbox 2606 2383 2945 2454; x_wconf 88' lang='lat' dir='ltr'>juramento</span> <span class='ocrx_word' id='word_1_370' title='bbox 2978 2387 3200 2455; x_wconf 91' lang='lat' dir='ltr'>septem</span> <span class='ocrx_word' id='word_1_371' title='bbox 3231 2383 3526 2441; x_wconf 88' lang='lat' dir='ltr'>veracium</span> 
     </span>
    </p>
   </div>
   <div class='ocr_carea' id='block_1_56' title="bbox 1866 2470 3525 2546">
    <p class='ocr_par' dir='ltr' id='par_1_56' title="bbox 1866 2470 3525 2546">
     <span class='ocr_line' id='line_1_56' title="bbox 1866 2470 3525 2546; baseline 0.002 -19"><span class='ocrx_word' id='word_1_372' title='bbox 1866 2488 1985 2527; x_wconf 85' lang='lat' dir='ltr'>suae</span> <span class='ocrx_word' id='word_1_373' title='bbox 2017 2471 2378 2528; x_wconf 90' lang='lat' dir='ltr'>condicionis</span> <span class='ocrx_word' id='word_1_374' title='bbox 2406 2472 2669 2527; x_wconf 86' lang='lat' dir='ltr'>virorum</span> <span class='ocrx_word' id='word_1_375' title='bbox 2702 2470 2876 2527; x_wconf 91' lang='lat' dir='ltr'>debet</span> <span class='ocrx_word' id='word_1_376' title='bbox 2906 2488 2968 2527; x_wconf 91' lang='lat' dir='ltr'>se</span> <span class='ocrx_word' id='word_1_377' title='bbox 2997 2488 3342 2546; x_wconf 85' lang='lat' dir='ltr'>expurgare,</span> <span class='ocrx_word' id='word_1_378' title='bbox 3369 2474 3525 2546; x_wconf 94' lang='lat' dir='ltr'>quod</span> 
     </span>
    </p>
   </div>
   <div class='ocr_carea' id='block_1_57' title="bbox 1864 2560 3525 2635">
    <p class='ocr_par' dir='ltr' id='par_1_57' title="bbox 1864 2560 3525 2635">
     <span class='ocr_line' id='line_1_57' title="bbox 1864 2560 3525 2635; baseline 0.002 -20"><span class='ocrx_word' id='word_1_379' title='bbox 1864 2560 1992 2635; x_wconf 89' lang='lat' dir='ltr'>ipse</span> <span class='ocrx_word' id='word_1_380' title='bbox 2023 2579 2137 2616; x_wconf 90' lang='lat' dir='ltr'>non</span> <span class='ocrx_word' id='word_1_381' title='bbox 2172 2561 2421 2617; x_wconf 82' lang='lat' dir='ltr'>audierit</span> <span class='ocrx_word' id='word_1_382' title='bbox 2451 2561 2523 2616; x_wconf 89' lang='lat' dir='ltr'>ab</span> <span class='ocrx_word' id='word_1_383' title='bbox 2555 2560 2754 2633; x_wconf 92' lang='lat' dir='ltr'>aliquo</span> <span class='ocrx_word' id='word_1_384' title='bbox 2793 2560 2945 2617; x_wconf 89' lang='lat' dir='ltr'>hanc</span> <span class='ocrx_word' id='word_1_385' title='bbox 2976 2577 3179 2633; x_wconf 88' lang='lat' dir='ltr'>pacem</span> <span class='ocrx_word' id='word_1_386' title='bbox 3209 2578 3339 2619; x_wconf 90' lang='lat' dir='ltr'>esse</span> <span class='ocrx_word' id='word_1_387' title='bbox 3360 2564 3525 2635; x_wconf 85' lang='lat' dir='ltr'>jura-</span> 
     </span>
    </p>
   </div>
   <div class='ocr_carea' id='block_1_58' title="bbox 1865 2642 3526 2725">
    <p class='ocr_par' dir='ltr' id='par_1_58' title="bbox 1865 2642 3526 2725">
     <span class='ocr_line' id='line_1_58' title="bbox 1865 2642 3526 2725; baseline 0.002 -20"><span class='ocrx_word' id='word_1_388' title='bbox 1865 2654 2020 2719; x_wconf 89' lang='lat' dir='ltr'>tam;</span> <span class='ocrx_word' id='word_1_389' title='bbox 2054 2650 2154 2721; x_wconf 89' lang='lat' dir='ltr'>qui</span> <span class='ocrx_word' id='word_1_390' title='bbox 2187 2650 2295 2705; x_wconf 91' lang='lat' dir='ltr'>hoc</span> <span class='ocrx_word' id='word_1_391' title='bbox 2339 2666 2454 2705; x_wconf 90' lang='lat' dir='ltr'>non</span> <span class='ocrx_word' id='word_1_392' title='bbox 2507 2648 2707 2706; x_wconf 82' lang='lat' dir='ltr'>fecerit</span> <span class='ocrx_word' id='word_1_393' title='bbox 2753 2666 2994 2705; x_wconf 89' lang='lat' dir='ltr'>manum</span> <span class='ocrx_word' id='word_1_394' title='bbox 3045 2650 3271 2722; x_wconf 90' lang='lat' dir='ltr'>perdat.</span> <span class='ocrx_word' id='word_1_395' title='bbox 3300 2652 3359 2707; x_wconf 89' lang='lat' dir='ltr'>Si</span> <span class='ocrx_word' id='word_1_396' title='bbox 3391 2642 3526 2725; x_wconf 83' lang='lat' dir='ltr'>quis</span> 
     </span>
    </p>
   </div>
   <div class='ocr_carea' id='block_1_59' title="bbox 1867 2738 3522 2812">
    <p class='ocr_par' dir='ltr' id='par_1_59' title="bbox 1867 2738 3522 2812">
     <span class='ocr_line' id='line_1_59' title="bbox 1867 2738 3522 2812; baseline 0.002 -17"><span class='ocrx_word' id='word_1_397' title='bbox 1867 2740 2191 2812; x_wconf 89' lang='lat' dir='ltr'>corruperit</span> <span class='ocrx_word' id='word_1_398' title='bbox 2225 2738 2400 2795; x_wconf 89' lang='lat' dir='ltr'>istam</span> <span class='ocrx_word' id='word_1_399' title='bbox 2444 2755 2677 2812; x_wconf 91' lang='lat' dir='ltr'>pacem,</span> <span class='ocrx_word' id='word_1_400' title='bbox 2708 2743 2765 2794; x_wconf 91' lang='lat' dir='ltr'>et</span> <span class='ocrx_word' id='word_1_401' title='bbox 2794 2738 3089 2812; x_wconf 79' lang='lat' dir='ltr'>aufugerit</span> <span class='ocrx_word' id='word_1_402' title='bbox 3117 2743 3175 2795; x_wconf 87' lang='lat' dir='ltr'>et</span> <span class='ocrx_word' id='word_1_403' title='bbox 3218 2739 3397 2798; x_wconf 90' lang='lat' dir='ltr'>latere</span> <span class='ocrx_word' id='word_1_404' title='bbox 3424 2758 3522 2798; x_wconf 87' lang='lat' dir='ltr'>vo-</span> 
     </span>
    </p>
   </div>
   <div class='ocr_carea' id='block_1_60' title="bbox 1867 2826 3522 2902">
    <p class='ocr_par' dir='ltr' id='par_1_60' title="bbox 1867 2826 3522 2902">
     <span class='ocr_line' id='line_1_60' title="bbox 1867 2826 3522 2902; baseline 0.002 -19"><span class='ocrx_word' id='word_1_405' title='bbox 1867 2828 2041 2884; x_wconf 91' lang='lat' dir='ltr'>luerit</span> <span class='ocrx_word' id='word_1_406' title='bbox 2075 2829 2255 2884; x_wconf 89' lang='lat' dir='ltr'>donec</span> <span class='ocrx_word' id='word_1_407' title='bbox 2304 2827 2419 2883; x_wconf 91' lang='lat' dir='ltr'>ista</span> <span class='ocrx_word' id='word_1_408' title='bbox 2463 2845 2574 2899; x_wconf 84' lang='lat' dir='ltr'>pax</span> <span class='ocrx_word' id='word_1_409' title='bbox 2606 2826 2925 2893; x_wconf 89' lang='lat' dir='ltr'>transierit,</span> <span class='ocrx_word' id='word_1_410' title='bbox 2959 2826 3009 2883; x_wconf 89' lang='lat' dir='ltr'>si</span> <span class='ocrx_word' id='word_1_411' title='bbox 3053 2829 3406 2902; x_wconf 90' lang='lat' dir='ltr'>quandoque</span> <span class='ocrx_word' id='word_1_412' title='bbox 3434 2846 3522 2885; x_wconf 91' lang='lat' dir='ltr'>re-</span> 
     </span>
    </p>
   </div>
   <div class='ocr_carea' id='block_1_61' title="bbox 1864 2917 3524 2990">
    <p class='ocr_par' dir='ltr' id='par_1_61' title="bbox 1864 2917 3524 2990">
     <span class='ocr_line' id='line_1_61' title="bbox 1864 2917 3524 2990; baseline 0.001 -17"><span class='ocrx_word' id='word_1_413' title='bbox 1864 2934 2070 2974; x_wconf 88' lang='lat' dir='ltr'>versus</span> <span class='ocrx_word' id='word_1_414' title='bbox 2101 2917 2296 2986; x_wconf 85' lang='lat' dir='ltr'>fuerit,</span> <span class='ocrx_word' id='word_1_415' title='bbox 2323 2917 2565 2973; x_wconf 89' lang='lat' dir='ltr'>eandem</span> <span class='ocrx_word' id='word_1_416' title='bbox 2596 2932 2807 2988; x_wconf 84' lang='lat' dir='ltr'>penam</span> <span class='ocrx_word' id='word_1_417' title='bbox 2834 2917 3121 2990; x_wconf 89' lang='lat' dir='ltr'>paciatur,</span> <span class='ocrx_word' id='word_1_418' title='bbox 3139 2935 3318 2990; x_wconf 91' lang='lat' dir='ltr'>quam</span> <span class='ocrx_word' id='word_1_419' title='bbox 3350 2919 3524 2975; x_wconf 90' lang='lat' dir='ltr'>modo</span> 
     </span>
    </p>
   </div>
   <div class='ocr_carea' id='block_1_62' title="bbox 1868 3005 3524 3079">
    <p class='ocr_par' dir='ltr' id='par_1_62' title="bbox 1868 3005 3524 3079">
     <span class='ocr_line' id='line_1_62' title="bbox 1868 3005 3524 3079; baseline 0.001 -18"><span class='ocrx_word' id='word_1_420' title='bbox 1868 3006 1987 3078; x_wconf 90' lang='lat' dir='ltr'>pati</span> <span class='ocrx_word' id='word_1_421' title='bbox 2019 3006 2271 3061; x_wconf 83' lang='lat' dir='ltr'>deberet.</span> <span class='ocrx_word' id='word_1_422' title='bbox 2298 3006 2357 3061; x_wconf 89' lang='lat' dir='ltr'>Si</span> <span class='ocrx_word' id='word_1_423' title='bbox 2391 3005 2524 3079; x_wconf 89' lang='lat' dir='ltr'>quis</span> <span class='ocrx_word' id='word_1_424' title='bbox 2557 3005 2808 3061; x_wconf 90' lang='lat' dir='ltr'>noluerit</span> <span class='ocrx_word' id='word_1_425' title='bbox 2846 3006 3048 3076; x_wconf 85' lang='lat' dir='ltr'>jurare</span> <span class='ocrx_word' id='word_1_426' title='bbox 3095 3006 3331 3063; x_wconf 87' lang='lat' dir='ltr'>dicens:</span> <span class='ocrx_word' id='word_1_427' title='bbox 3365 3009 3524 3065; x_wconf 85' lang='lat' dir='ltr'>Nulli</span> 
     </span>
    </p>
   </div>
   <div class='ocr_carea' id='block_1_63' title="bbox 1866 3092 3522 3167">
    <p class='ocr_par' dir='ltr' id='par_1_63' title="bbox 1866 3092 3522 3167">
     <span class='ocr_line' id='line_1_63' title="bbox 1866 3092 3522 3167; baseline 0 -17"><span class='ocrx_word' id='word_1_428' title='bbox 1866 3111 2047 3161; x_wconf 88' lang='lat' dir='ltr'>noceo,</span> <span class='ocrx_word' id='word_1_429' title='bbox 2074 3110 2171 3150; x_wconf 84' lang='lat' dir='ltr'>nec</span> <span class='ocrx_word' id='word_1_430' title='bbox 2210 3097 2510 3167; x_wconf 78' lang='lat' dir='ltr'>quisquam</span> <span class='ocrx_word' id='word_1_431' title='bbox 2550 3097 2702 3148; x_wconf 86' lang='lat' dir='ltr'>nocet</span> <span class='ocrx_word' id='word_1_432' title='bbox 2729 3093 2908 3149; x_wconf 86' lang='lat' dir='ltr'>mihi!</span> <span class='ocrx_word' id='word_1_433' title='bbox 2936 3097 2991 3148; x_wconf 89' lang='lat' dir='ltr'>et</span> <span class='ocrx_word' id='word_1_434' title='bbox 3025 3092 3125 3165; x_wconf 91' lang='lat' dir='ltr'>qui</span> <span class='ocrx_word' id='word_1_435' title='bbox 3158 3095 3351 3150; x_wconf 91' lang='lat' dir='ltr'>sciens</span> <span class='ocrx_word' id='word_1_436' title='bbox 3395 3111 3522 3151; x_wconf 89' lang='lat' dir='ltr'>cor-</span> 
     </span>
    </p>
   </div>
   <div class='ocr_carea' id='block_1_64' title="bbox 1867 3180 3524 3256">
    <p class='ocr_par' dir='ltr' id='par_1_64' title="bbox 1867 3180 3524 3256">
     <span class='ocr_line' id='line_1_64' title="bbox 1867 3180 3524 3256; baseline 0.001 -17"><span class='ocrx_word' id='word_1_437' title='bbox 1867 3189 2164 3256; x_wconf 90' lang='lat' dir='ltr'>ruptorem</span> <span class='ocrx_word' id='word_1_438' title='bbox 2215 3183 2376 3255; x_wconf 87' lang='lat' dir='ltr'>pacis</span> <span class='ocrx_word' id='word_1_439' title='bbox 2427 3183 2647 3255; x_wconf 87' lang='lat' dir='ltr'>paverit</span> <span class='ocrx_word' id='word_1_440' title='bbox 2701 3180 2791 3238; x_wconf 92' lang='lat' dir='ltr'>vel</span> <span class='ocrx_word' id='word_1_441' title='bbox 2837 3182 3117 3254; x_wconf 89' lang='lat' dir='ltr'>receperit</span> <span class='ocrx_word' id='word_1_442' title='bbox 3162 3182 3250 3238; x_wconf 91' lang='lat' dir='ltr'>vel</span> <span class='ocrx_word' id='word_1_443' title='bbox 3297 3186 3524 3242; x_wconf 87' lang='lat' dir='ltr'>tutatus</span> 
     </span>
    </p>
   </div>
   <div class='ocr_carea' id='block_1_65' title="bbox 90 3248 3525 3346">
    <p class='ocr_par' dir='ltr' id='par_1_65' title="bbox 90 3248 3525 3346">
     <span class='ocr_line' id='line_1_65' title="bbox 90 3248 3525 3346; baseline -0.001 -16"><span class='ocrx_word' id='word_1_444' title='bbox 90 3248 156 3330; x_wconf 71' lang='lat' dir='ltr'>Si</span> <span class='ocrx_word' id='word_1_445' title='bbox 185 3248 400 3344; x_wconf 74' lang='lat' dir='ltr'>furtum</span> <span class='ocrx_word' id='word_1_446' title='bbox 445 3248 776 3328; x_wconf 71' lang='lat' dir='ltr'>commiserit</span> <span class='ocrx_word' id='word_1_447' title='bbox 800 3248 985 3328; x_wconf 87' lang='lat' dir='ltr'>valens</span> <span class='ocrx_word' id='word_1_448' title='bbox 1034 3274 1220 3327; x_wconf 89' lang='lat' dir='ltr'>minus</span> <span class='ocrx_word' id='word_1_449' title='bbox 1259 3274 1501 3346; x_wconf 83' lang='lat' dir='ltr'>quinque</span> <span class='ocrx_word' id='word_1_450' title='bbox 1529 3274 1752 3341; x_wconf 88' lang='lat' dir='ltr'>solidos,</span> <span class='ocrx_word' id='word_1_451' title='bbox 1785 3248 1828 3315; x_wconf 72' lang='grc' dir='ltr'>Ο</span> <span class='ocrx_word' id='word_1_452' title='bbox 1867 3248 2062 3341; x_wconf 78' lang='lat' dir='ltr'>fuerit,</span> <span class='ocrx_word' id='word_1_453' title='bbox 2094 3272 2182 3329; x_wconf 85' lang='lat' dir='ltr'>vel</span> <span class='ocrx_word' id='word_1_454' title='bbox 2216 3248 2345 3344; x_wconf 44' lang='lat' dir='ltr'>-pro</span> <span class='ocrx_word' id='word_1_455' title='bbox 2395 3248 2645 3345; x_wconf 72' lang='lat' dir='ltr'>pecunia</span> <span class='ocrx_word' id='word_1_456' title='bbox 2668 3270 2755 3326; x_wconf 86' lang='lat' dir='ltr'>vel</span> <span class='ocrx_word' id='word_1_457' title='bbox 2786 3248 2986 3343; x_wconf 78' lang='lat' dir='ltr'>aliquo</span> <span class='ocrx_word' id='word_1_458' title='bbox 3024 3271 3198 3327; x_wconf 90' lang='lat' dir='ltr'>modo</span> <span class='ocrx_word' id='word_1_459' title='bbox 3245 3273 3525 3346; x_wconf 81' lang='lat' dir='ltr'>aufugero</span> 
     </span>
    </p>
   </div>
   <div class='ocr_carea' id='block_1_66' title="bbox 90 3360 1755 3434">
    <p class='ocr_par' dir='ltr' id='par_1_66' title="bbox 90 3360 1755 3434">
     <span class='ocr_line' id='line_1_66' title="bbox 90 3360 1755 3434; baseline 0.001 -16"><span class='ocrx_word' id='word_1_460' title='bbox 90 3360 325 3434; x_wconf 86' lang='lat' dir='ltr'>capillos</span> <span class='ocrx_word' id='word_1_461' title='bbox 354 3362 575 3417; x_wconf 84' lang='lat' dir='ltr'>amittat</span> <span class='ocrx_word' id='word_1_462' title='bbox 603 3365 655 3416; x_wconf 87' lang='lat' dir='ltr'>et</span> <span class='ocrx_word' id='word_1_463' title='bbox 683 3363 855 3431; x_wconf 84' lang='lat' dir='ltr'>virgis</span> <span class='ocrx_word' id='word_1_464' title='bbox 885 3361 1110 3416; x_wconf 85' lang='lat' dir='ltr'>cedatur</span> <span class='ocrx_word' id='word_1_465' title='bbox 1132 3365 1186 3416; x_wconf 87' lang='lat' dir='ltr'>et</span> <span class='ocrx_word' id='word_1_466' title='bbox 1215 3364 1430 3433; x_wconf 70' lang='lat' dir='ltr'>fartum</span> <span class='ocrx_word' id='word_1_467' title='bbox 1456 3362 1675 3430; x_wconf 84' lang='lat' dir='ltr'>reddat;</span> <span class='ocrx_word' id='word_1_468' title='bbox 1705 3371 1755 3419; x_wconf 90' lang='lat' dir='ltr'>et</span> 
     </span>
    </p>
   </div>
   <div class='ocr_carea' id='block_1_67' title="bbox 88 3450 1753 3522">
    <p class='ocr_par' dir='ltr' id='par_1_67' title="bbox 88 3450 1753 3522">
     <span class='ocr_line' id='line_1_67' title="bbox 88 3450 1753 3522; baseline -0.001 -14"><span class='ocrx_word' id='word_1_469' title='bbox 88 3453 146 3508; x_wconf 92' lang='lat' dir='ltr'>si</span> <span class='ocrx_word' id='word_1_470' title='bbox 176 3455 259 3507; x_wconf 86' lang='lat' dir='ltr'>ter</span> <span class='ocrx_word' id='word_1_471' title='bbox 286 3450 396 3506; x_wconf 86' lang='lat' dir='ltr'>tale</span> <span class='ocrx_word' id='word_1_472' title='bbox 425 3453 640 3522; x_wconf 86' lang='lat' dir='ltr'>furtum</span> <span class='ocrx_word' id='word_1_473' title='bbox 656 3452 869 3522; x_wconf 85' lang='lat' dir='ltr'>fecerit,</span> <span class='ocrx_word' id='word_1_474' title='bbox 891 3451 975 3505; x_wconf 89' lang='lat' dir='ltr'>vel</span> <span class='ocrx_word' id='word_1_475' title='bbox 1003 3452 1257 3522; x_wconf 86' lang='lat' dir='ltr'>rapinam</span> <span class='ocrx_word' id='word_1_476' title='bbox 1286 3452 1455 3506; x_wconf 82' lang='lat' dir='ltr'>tercio</span> <span class='ocrx_word' id='word_1_477' title='bbox 1483 3454 1616 3521; x_wconf 85' lang='lat' dir='ltr'>vice,</span> <span class='ocrx_word' id='word_1_478' title='bbox 1635 3468 1753 3507; x_wconf 86' lang='lat' dir='ltr'>ocu-</span> 
     </span>
    </p>
   </div>
   <div class='ocr_carea' id='block_1_68' title="bbox 91 3539 1754 3597">
    <p class='ocr_par' dir='ltr' id='par_1_68' title="bbox 91 3539 1754 3597">
     <span class='ocr_line' id='line_1_68' title="bbox 91 3539 1754 3597; baseline 0 -1"><span class='ocrx_word' id='word_1_479' title='bbox 91 3543 178 3597; x_wconf 77' lang='lat' dir='ltr'>los</span> <span class='ocrx_word' id='word_1_480' title='bbox 208 3540 292 3596; x_wconf 88' lang='lat' dir='ltr'>vel</span> <span class='ocrx_word' id='word_1_481' title='bbox 330 3555 555 3595; x_wconf 85' lang='lat' dir='ltr'>manum</span> <span class='ocrx_word' id='word_1_482' title='bbox 600 3540 839 3595; x_wconf 86' lang='lat' dir='ltr'>amittat.</span> <span class='ocrx_word' id='word_1_483' title='bbox 872 3539 932 3594; x_wconf 87' lang='lat' dir='ltr'>Si</span> <span class='ocrx_word' id='word_1_484' title='bbox 960 3541 1020 3594; x_wconf 89' lang='lat' dir='ltr'>in</span> <span class='ocrx_word' id='word_1_485' title='bbox 1050 3541 1141 3595; x_wconf 91' lang='lat' dir='ltr'>via</span> <span class='ocrx_word' id='word_1_486' title='bbox 1170 3542 1465 3595; x_wconf 87' lang='lat' dir='ltr'>occurrerit</span> <span class='ocrx_word' id='word_1_487' title='bbox 1511 3541 1614 3596; x_wconf 86' lang='lat' dir='ltr'>tibi</span> <span class='ocrx_word' id='word_1_488' title='bbox 1644 3542 1754 3597; x_wconf 85' lang='lat' dir='ltr'>ini-</span> 
     </span>
    </p>
   </div>
   <div class='ocr_carea' id='block_1_69' title="bbox 92 3629 1755 3701">
    <p class='ocr_par' dir='ltr' id='par_1_69' title="bbox 92 3629 1755 3701">
     <span class='ocr_line' id='line_1_69' title="bbox 92 3629 1755 3701; baseline -0.001 -16"><span class='ocrx_word' id='word_1_489' title='bbox 92 3631 271 3686; x_wconf 87' lang='lat' dir='ltr'>micus</span> <span class='ocrx_word' id='word_1_490' title='bbox 300 3635 445 3695; x_wconf 88' lang='lat' dir='ltr'>tuus,</span> <span class='ocrx_word' id='word_1_491' title='bbox 479 3629 530 3683; x_wconf 85' lang='lat' dir='ltr'>si</span> <span class='ocrx_word' id='word_1_492' title='bbox 554 3630 727 3700; x_wconf 85' lang='lat' dir='ltr'>possis</span> <span class='ocrx_word' id='word_1_493' title='bbox 757 3629 848 3684; x_wconf 89' lang='lat' dir='ltr'>illi</span> <span class='ocrx_word' id='word_1_494' title='bbox 889 3644 1098 3694; x_wconf 86' lang='lat' dir='ltr'>nocere,</span> <span class='ocrx_word' id='word_1_495' title='bbox 1131 3645 1352 3689; x_wconf 87' lang='lat' dir='ltr'>noceas;</span> <span class='ocrx_word' id='word_1_496' title='bbox 1382 3631 1434 3683; x_wconf 88' lang='lat' dir='ltr'>si</span> <span class='ocrx_word' id='word_1_497' title='bbox 1461 3631 1667 3701; x_wconf 86' lang='lat' dir='ltr'>fugerit</span> <span class='ocrx_word' id='word_1_498' title='bbox 1695 3632 1755 3684; x_wconf 83' lang='lat' dir='ltr'>in</span> 
     </span>
    </p>
   </div>
   <div class='ocr_carea' id='block_1_70' title="bbox 88 3718 1530 3789">
    <p class='ocr_par' dir='ltr' id='par_1_70' title="bbox 88 3718 1530 3789">
     <span class='ocr_line' id='line_1_70' title="bbox 88 3718 1530 3789; baseline -0.001 -14"><span class='ocrx_word' id='word_1_499' title='bbox 88 3718 317 3775; x_wconf 86' lang='lat' dir='ltr'>domum</span> <span class='ocrx_word' id='word_1_500' title='bbox 348 3718 431 3773; x_wconf 91' lang='lat' dir='ltr'>vel</span> <span class='ocrx_word' id='word_1_501' title='bbox 460 3719 522 3773; x_wconf 88' lang='lat' dir='ltr'>in</span> <span class='ocrx_word' id='word_1_502' title='bbox 550 3720 757 3773; x_wconf 81' lang='lat' dir='ltr'>eurtem</span> <span class='ocrx_word' id='word_1_503' title='bbox 787 3718 1044 3789; x_wconf 83' lang='lat' dir='ltr'>alicujus,</span> <span class='ocrx_word' id='word_1_504' title='bbox 1078 3719 1265 3773; x_wconf 86' lang='lat' dir='ltr'>illesus</span> <span class='ocrx_word' id='word_1_505' title='bbox 1292 3723 1530 3773; x_wconf 87' lang='lat' dir='ltr'>maneat.</span> 
     </span>
    </p>
   </div>
   <div class='ocr_carea' id='block_1_71' title="bbox 167 3805 1754 3879">
    <p class='ocr_par' dir='ltr' id='par_1_71' title="bbox 167 3805 1754 3879">
     <span class='ocr_line' id='line_1_71' title="bbox 167 3805 1754 3879; baseline 0.001 -17"><span class='ocrx_word' id='word_1_506' title='bbox 167 3807 285 3863; x_wconf 86' lang='lat' dir='ltr'>Hoc</span> <span class='ocrx_word' id='word_1_507' title='bbox 306 3807 648 3879; x_wconf 87' lang='lat' dir='ltr'>juramento</span> <span class='ocrx_word' id='word_1_508' title='bbox 684 3809 929 3862; x_wconf 85' lang='lat' dir='ltr'>utuntur</span> <span class='ocrx_word' id='word_1_509' title='bbox 977 3806 1150 3862; x_wconf 88' lang='lat' dir='ltr'>amici</span> <span class='ocrx_word' id='word_1_510' title='bbox 1207 3805 1361 3879; x_wconf 87' lang='lat' dir='ltr'>regis</span> <span class='ocrx_word' id='word_1_511' title='bbox 1411 3823 1515 3879; x_wconf 92' lang='lat' dir='ltr'>pro</span> <span class='ocrx_word' id='word_1_512' title='bbox 1566 3810 1754 3875; x_wconf 88' lang='lat' dir='ltr'>scuto,</span> 
     </span>
    </p>
   </div>
   <div class='ocr_carea' id='block_1_72' title="bbox 90 3896 1215 3968">
    <p class='ocr_par' dir='ltr' id='par_1_72' title="bbox 90 3896 1215 3968">
     <span class='ocr_line' id='line_1_72' title="bbox 90 3896 1215 3968; baseline -0.003 -15"><span class='ocrx_word' id='word_1_513' title='bbox 90 3896 356 3953; x_wconf 90' lang='lat' dir='ltr'>inimicis</span> <span class='ocrx_word' id='word_1_514' title='bbox 382 3912 518 3952; x_wconf 89' lang='lat' dir='ltr'>vero</span> <span class='ocrx_word' id='word_1_515' title='bbox 551 3912 922 3968; x_wconf 88' lang='lat' dir='ltr'>nequaquam</span> <span class='ocrx_word' id='word_1_516' title='bbox 959 3896 1215 3968; x_wconf 84' lang='lat' dir='ltr'>prodest.</span> 
     </span>
    </p>
   </div>
   <div class='ocr_carea' id='block_1_73' title="bbox 475 3983 1378 4057">
    <p class='ocr_par' dir='ltr' id='par_1_73' title="bbox 475 3983 1378 4057">
     <span class='ocr_line' id='line_1_73' title="bbox 475 3983 1378 4057; baseline 0.002 -18"><span class='ocrx_word' id='word_1_517' title='bbox 475 3983 795 4040; x_wconf 81' lang='lat' dir='ltr'>Constitutio</span> <span class='ocrx_word' id='word_1_518' title='bbox 818 3986 974 4056; x_wconf 87' lang='lat' dir='ltr'>pacis</span> <span class='ocrx_word' id='word_1_519' title='bbox 999 3986 1378 4057; x_wconf 86' lang='lat' dir='ltr'>provincialis.</span> 
     </span>
    </p>
   </div>
   <div class='ocr_carea' id='block_1_74' title="bbox 167 4072 1757 4146">
    <p class='ocr_par' dir='ltr' id='par_1_74' title="bbox 167 4072 1757 4146">
     <span class='ocr_line' id='line_1_74' title="bbox 167 4072 1757 4146; baseline 0.003 -18"><span class='ocrx_word' id='word_1_520' title='bbox 167 4072 328 4128; x_wconf 85' lang='lat' dir='ltr'>Talis</span> <span class='ocrx_word' id='word_1_521' title='bbox 360 4089 471 4146; x_wconf 85' lang='lat' dir='ltr'>pax</span> <span class='ocrx_word' id='word_1_522' title='bbox 495 4074 699 4145; x_wconf 86' lang='lat' dir='ltr'>jurata</span> <span class='ocrx_word' id='word_1_523' title='bbox 724 4077 813 4128; x_wconf 86' lang='lat' dir='ltr'>est</span> <span class='ocrx_word' id='word_1_524' title='bbox 845 4091 879 4129; x_wconf 89' lang='lat' dir='ltr'>a</span> <span class='ocrx_word' id='word_1_525' title='bbox 909 4074 1055 4130; x_wconf 90' lang='lat' dir='ltr'>duce</span> <span class='ocrx_word' id='word_1_526' title='bbox 1078 4074 1369 4130; x_wconf 80' lang='lat' dir='ltr'>Friderico</span> <span class='ocrx_word' id='word_1_527' title='bbox 1400 4078 1457 4131; x_wconf 89' lang='lat' dir='ltr'>et</span> <span class='ocrx_word' id='word_1_528' title='bbox 1489 4092 1522 4130; x_wconf 92' lang='lat' dir='ltr'>a</span> <span class='ocrx_word' id='word_1_529' title='bbox 1553 4075 1757 4133; x_wconf 89' lang='lat' dir='ltr'>multis</span> 
     </span>
    </p>
   </div>
   <div class='ocr_carea' id='block_1_75' title="bbox 74 4161 1756 4238">
    <p class='ocr_par' dir='ltr' id='par_1_75' title="bbox 74 4161 1756 4238">
     <span class='ocr_line' id='line_1_75' title="bbox 74 4161 1756 4238; baseline 0 -17"><span class='ocrx_word' id='word_1_530' title='bbox 74 4162 442 4228; x_wconf 81' lang='lat' dir='ltr'>comitibus,</span> <span class='ocrx_word' id='word_1_531' title='bbox 474 4161 746 4233; x_wconf 91' lang='lat' dir='ltr'>episcopo</span> <span class='ocrx_word' id='word_1_532' title='bbox 796 4162 1153 4235; x_wconf 87' lang='lat' dir='ltr'>Augustensi</span> <span class='ocrx_word' id='word_1_533' title='bbox 1187 4167 1244 4218; x_wconf 87' lang='lat' dir='ltr'>et</span> <span class='ocrx_word' id='word_1_534' title='bbox 1282 4163 1589 4222; x_wconf 88' lang='lat' dir='ltr'>Eistetensi</span> <span class='ocrx_word' id='word_1_535' title='bbox 1635 4165 1756 4238; x_wconf 79' lang='lat' dir='ltr'>epi-</span> 
     </span>
    </p>
   </div>
   <div class='ocr_carea' id='block_1_76' title="bbox 94 4250 1754 4325">
    <p class='ocr_par' dir='ltr' id='par_1_76' title="bbox 94 4250 1754 4325">
     <span class='ocr_line' id='line_1_76' title="bbox 94 4250 1754 4325; baseline 0.001 -16"><span class='ocrx_word' id='word_1_536' title='bbox 94 4268 277 4325; x_wconf 89' lang='lat' dir='ltr'>scopo</span> <span class='ocrx_word' id='word_1_537' title='bbox 306 4255 365 4307; x_wconf 89' lang='lat' dir='ltr'>et</span> <span class='ocrx_word' id='word_1_538' title='bbox 394 4250 701 4321; x_wconf 89' lang='lat' dir='ltr'>utriusque</span> <span class='ocrx_word' id='word_1_539' title='bbox 740 4250 1036 4321; x_wconf 86' lang='lat' dir='ltr'>prioribus</span> <span class='ocrx_word' id='word_1_540' title='bbox 1068 4252 1591 4310; x_wconf 84' lang='lat' dir='ltr'>consentientibus.</span> <span class='ocrx_word' id='word_1_541' title='bbox 1626 4255 1754 4311; x_wconf 86' lang='lat' dir='ltr'>Cle-</span> 
     </span>
    </p>
   </div>
   <div class='ocr_carea' id='block_1_77' title="bbox 94 4336 1758 4399">
    <p class='ocr_par' dir='ltr' id='par_1_77' title="bbox 94 4336 1758 4399">
     <span class='ocr_line' id='line_1_77' title="bbox 94 4336 1758 4399; baseline 0.001 -2"><span class='ocrx_word' id='word_1_542' title='bbox 94 4340 207 4398; x_wconf 85' lang='lat' dir='ltr'>rici</span> <span class='ocrx_word' id='word_1_543' title='bbox 237 4344 297 4395; x_wconf 93' lang='lat' dir='ltr'>et</span> <span class='ocrx_word' id='word_1_544' title='bbox 325 4337 580 4394; x_wconf 81' lang='lat' dir='ltr'>ecclesiae</span> <span class='ocrx_word' id='word_1_545' title='bbox 613 4342 669 4393; x_wconf 87' lang='lat' dir='ltr'>et</span> <span class='ocrx_word' id='word_1_546' title='bbox 717 4336 1002 4394; x_wconf 89' lang='lat' dir='ltr'>cimiteria</span> <span class='ocrx_word' id='word_1_547' title='bbox 1050 4343 1108 4394; x_wconf 88' lang='lat' dir='ltr'>et</span> <span class='ocrx_word' id='word_1_548' title='bbox 1156 4340 1320 4396; x_wconf 87' lang='lat' dir='ltr'>dotes</span> <span class='ocrx_word' id='word_1_549' title='bbox 1366 4341 1758 4399; x_wconf 60' lang='lat' dir='ltr'>ecclesiarum</span> 
     </span>
    </p>
   </div>
   <div class='ocr_carea' id='block_1_78' title="bbox 95 4425 1758 4503">
    <p class='ocr_par' dir='ltr' id='par_1_78' title="bbox 95 4425 1758 4503">
     <span class='ocr_line' id='line_1_78' title="bbox 95 4425 1758 4503; baseline 0.002 -20"><span class='ocrx_word' id='word_1_550' title='bbox 95 4443 307 4503; x_wconf 88' lang='lat' dir='ltr'>pacem</span> <span class='ocrx_word' id='word_1_551' title='bbox 359 4426 633 4493; x_wconf 89' lang='lat' dir='ltr'>habeant,</span> <span class='ocrx_word' id='word_1_552' title='bbox 669 4425 939 4482; x_wconf 87' lang='lat' dir='ltr'>similiter</span> <span class='ocrx_word' id='word_1_553' title='bbox 985 4443 1189 4482; x_wconf 89' lang='lat' dir='ltr'>omnes</span> <span class='ocrx_word' id='word_1_554' title='bbox 1234 4427 1507 4483; x_wconf 87' lang='lat' dir='ltr'>homines</span> <span class='ocrx_word' id='word_1_555' title='bbox 1557 4447 1758 4501; x_wconf 89' lang='lat' dir='ltr'>pacem</span> 
     </span>
    </p>
   </div>
   <div class='ocr_carea' id='block_1_79' title="bbox 93 4514 1760 4586">
    <p class='ocr_par' dir='ltr' id='par_1_79' title="bbox 93 4514 1760 4586">
     <span class='ocr_line' id='line_1_79' title="bbox 93 4514 1760 4586; baseline 0.001 -13"><span class='ocrx_word' id='word_1_556' title='bbox 93 4515 362 4573; x_wconf 85' lang='lat' dir='ltr'>habeant</span> <span class='ocrx_word' id='word_1_557' title='bbox 393 4514 452 4569; x_wconf 90' lang='lat' dir='ltr'>in</span> <span class='ocrx_word' id='word_1_558' title='bbox 502 4514 796 4583; x_wconf 91' lang='lat' dir='ltr'>domibus,</span> <span class='ocrx_word' id='word_1_559' title='bbox 831 4519 888 4570; x_wconf 90' lang='lat' dir='ltr'>et</span> <span class='ocrx_word' id='word_1_560' title='bbox 916 4514 975 4570; x_wconf 92' lang='lat' dir='ltr'>in</span> <span class='ocrx_word' id='word_1_561' title='bbox 1007 4514 1269 4586; x_wconf 90' lang='lat' dir='ltr'>quolibet</span> <span class='ocrx_word' id='word_1_562' title='bbox 1319 4515 1582 4584; x_wconf 66' lang='lat' dir='ltr'>aedificio,</span> <span class='ocrx_word' id='word_1_563' title='bbox 1616 4523 1672 4573; x_wconf 90' lang='lat' dir='ltr'>et</span> <span class='ocrx_word' id='word_1_564' title='bbox 1700 4519 1760 4574; x_wconf 93' lang='lat' dir='ltr'>in</span> 
     </span>
    </p>
   </div>
   <div class='ocr_carea' id='block_1_80' title="bbox 1865 3359 3523 3435">
    <p class='ocr_par' dir='ltr' id='par_1_80' title="bbox 1865 3359 3523 3435">
     <span class='ocr_line' id='line_1_80' title="bbox 1865 3359 3523 3435; baseline -0.001 -16"><span class='ocrx_word' id='word_1_565' title='bbox 1865 3380 1999 3420; x_wconf 90' lang='lat' dir='ltr'>eum</span> <span class='ocrx_word' id='word_1_566' title='bbox 2024 3360 2376 3435; x_wconf 86' lang='lat' dir='ltr'>permiserit,</span> <span class='ocrx_word' id='word_1_567' title='bbox 2392 3361 2636 3416; x_wconf 87' lang='lat' dir='ltr'>eandem</span> <span class='ocrx_word' id='word_1_568' title='bbox 2659 3375 2869 3432; x_wconf 88' lang='lat' dir='ltr'>penam</span> <span class='ocrx_word' id='word_1_569' title='bbox 2894 3375 3071 3431; x_wconf 88' lang='lat' dir='ltr'>quam</span> <span class='ocrx_word' id='word_1_570' title='bbox 3092 3359 3339 3417; x_wconf 90' lang='lat' dir='ltr'>violator</span> <span class='ocrx_word' id='word_1_571' title='bbox 3360 3362 3523 3433; x_wconf 89' lang='lat' dir='ltr'>pacis</span> 
     </span>
    </p>
   </div>
   <div class='ocr_carea' id='block_1_81' title="bbox 1865 3448 3525 3522">
    <p class='ocr_par' dir='ltr' id='par_1_81' title="bbox 1865 3448 3525 3522">
     <span class='ocr_line' id='line_1_81' title="bbox 1865 3448 3525 3522; baseline -0.001 -14"><span class='ocrx_word' id='word_1_572' title='bbox 1865 3452 2062 3508; x_wconf 89' lang='lat' dir='ltr'>subire</span> <span class='ocrx_word' id='word_1_573' title='bbox 2089 3450 2355 3506; x_wconf 86' lang='lat' dir='ltr'>debet.Si</span> <span class='ocrx_word' id='word_1_574' title='bbox 2387 3449 2520 3522; x_wconf 91' lang='lat' dir='ltr'>quis</span> <span class='ocrx_word' id='word_1_575' title='bbox 2547 3452 2852 3521; x_wconf 88' lang='lat' dir='ltr'>corruptor</span> <span class='ocrx_word' id='word_1_576' title='bbox 2881 3448 3042 3520; x_wconf 88' lang='lat' dir='ltr'>pacis</span> <span class='ocrx_word' id='word_1_577' title='bbox 3074 3449 3525 3522; x_wconf 85' lang='lat' dir='ltr'>aufugerit,dux</span> 
     </span>
    </p>
   </div>
   <div class='ocr_carea' id='block_1_82' title="bbox 1866 3536 3522 3609">
    <p class='ocr_par' dir='ltr' id='par_1_82' title="bbox 1866 3536 3522 3609">
     <span class='ocr_line' id='line_1_82' title="bbox 1866 3536 3522 3609; baseline 0 -14"><span class='ocrx_word' id='word_1_578' title='bbox 1866 3542 1950 3597; x_wconf 89' lang='lat' dir='ltr'>vel</span> <span class='ocrx_word' id='word_1_579' title='bbox 2012 3557 2205 3598; x_wconf 89' lang='lat' dir='ltr'>comes</span> <span class='ocrx_word' id='word_1_580' title='bbox 2237 3538 2324 3595; x_wconf 89' lang='lat' dir='ltr'>vel</span> <span class='ocrx_word' id='word_1_581' title='bbox 2385 3539 2721 3605; x_wconf 87' lang='lat' dir='ltr'>advocatus,</span> <span class='ocrx_word' id='word_1_582' title='bbox 2742 3536 2831 3593; x_wconf 89' lang='lat' dir='ltr'>vel</span> <span class='ocrx_word' id='word_1_583' title='bbox 2862 3536 3113 3609; x_wconf 89' lang='lat' dir='ltr'>quilibet</span> <span class='ocrx_word' id='word_1_584' title='bbox 3167 3543 3356 3596; x_wconf 90' lang='lat' dir='ltr'>rector</span> <span class='ocrx_word' id='word_1_585' title='bbox 3413 3540 3522 3596; x_wconf 92' lang='lat' dir='ltr'>sub</span> 
     </span>
    </p>
   </div>
   <div class='ocr_carea' id='block_1_83' title="bbox 1866 3625 3523 3703">
    <p class='ocr_par' dir='ltr' id='par_1_83' title="bbox 1866 3625 3523 3703">
     <span class='ocr_line' id='line_1_83' title="bbox 1866 3625 3523 3703; baseline 0.001 -19"><span class='ocrx_word' id='word_1_586' title='bbox 1866 3631 2037 3702; x_wconf 83' lang='lat' dir='ltr'>cujus</span> <span class='ocrx_word' id='word_1_587' title='bbox 2068 3628 2352 3703; x_wconf 84' lang='lat' dir='ltr'>regimine</span> <span class='ocrx_word' id='word_1_588' title='bbox 2377 3629 2541 3701; x_wconf 89' lang='lat' dir='ltr'>prius</span> <span class='ocrx_word' id='word_1_589' title='bbox 2569 3628 2779 3694; x_wconf 84' lang='lat' dir='ltr'>fuerat,</span> <span class='ocrx_word' id='word_1_590' title='bbox 2804 3625 3022 3700; x_wconf 70' lang='lat' dir='ltr'>praedia</span> <span class='ocrx_word' id='word_1_591' title='bbox 3038 3626 3336 3684; x_wconf 90' lang='lat' dir='ltr'>violatoris</span> <span class='ocrx_word' id='word_1_592' title='bbox 3362 3628 3523 3703; x_wconf 90' lang='lat' dir='ltr'>pacis</span> 
     </span>
    </p>
   </div>
   <div class='ocr_carea' id='block_1_84' title="bbox 1866 3715 3526 3790">
    <p class='ocr_par' dir='ltr' id='par_1_84' title="bbox 1866 3715 3526 3790">
     <span class='ocr_line' id='line_1_84' title="bbox 1866 3715 3526 3790; baseline 0 -17"><span class='ocrx_word' id='word_1_593' title='bbox 1866 3720 2092 3774; x_wconf 86' lang='lat' dir='ltr'>auferat</span> <span class='ocrx_word' id='word_1_594' title='bbox 2120 3722 2177 3774; x_wconf 90' lang='lat' dir='ltr'>et</span> <span class='ocrx_word' id='word_1_595' title='bbox 2207 3717 2469 3774; x_wconf 88' lang='lat' dir='ltr'>obtineat</span> <span class='ocrx_word' id='word_1_596' title='bbox 2515 3721 2636 3772; x_wconf 87' lang='lat' dir='ltr'>tam</span> <span class='ocrx_word' id='word_1_597' title='bbox 2685 3715 2784 3771; x_wconf 89' lang='lat' dir='ltr'>diu</span> <span class='ocrx_word' id='word_1_598' title='bbox 2838 3733 3014 3789; x_wconf 87' lang='lat' dir='ltr'>quam</span> <span class='ocrx_word' id='word_1_599' title='bbox 3072 3716 3173 3772; x_wconf 91' lang='lat' dir='ltr'>diu</span> <span class='ocrx_word' id='word_1_600' title='bbox 3220 3722 3526 3790; x_wconf 88' lang='lat' dir='ltr'>corruptor</span> 
     </span>
    </p>
   </div>
   <div class='ocr_carea' id='block_1_85' title="bbox 1868 3803 3526 3880">
    <p class='ocr_par' dir='ltr' id='par_1_85' title="bbox 1868 3803 3526 3880">
     <span class='ocr_line' id='line_1_85' title="bbox 1868 3803 3526 3880; baseline 0 -17"><span class='ocrx_word' id='word_1_601' title='bbox 1868 3807 2025 3880; x_wconf 89' lang='lat' dir='ltr'>pacis</span> <span class='ocrx_word' id='word_1_602' title='bbox 2056 3807 2227 3874; x_wconf 87' lang='lat' dir='ltr'>vivat,</span> <span class='ocrx_word' id='word_1_603' title='bbox 2253 3809 2311 3860; x_wconf 91' lang='lat' dir='ltr'>et</span> <span class='ocrx_word' id='word_1_604' title='bbox 2343 3809 2472 3879; x_wconf 88' lang='lat' dir='ltr'>post</span> <span class='ocrx_word' id='word_1_605' title='bbox 2503 3803 2863 3876; x_wconf 87' lang='lat' dir='ltr'>corruptoris</span> <span class='ocrx_word' id='word_1_606' title='bbox 2893 3805 3055 3877; x_wconf 90' lang='lat' dir='ltr'>pacis</span> <span class='ocrx_word' id='word_1_607' title='bbox 3087 3811 3335 3862; x_wconf 88' lang='lat' dir='ltr'>mortem</span> <span class='ocrx_word' id='word_1_608' title='bbox 3366 3806 3526 3863; x_wconf 91' lang='lat' dir='ltr'>here-</span> 
     </span>
    </p>
   </div>
   <div class='ocr_carea' id='block_1_86' title="bbox 1867 3894 3523 3966">
    <p class='ocr_par' dir='ltr' id='par_1_86' title="bbox 1867 3894 3523 3966">
     <span class='ocr_line' id='line_1_86' title="bbox 1867 3894 3523 3966; baseline -0.001 -14"><span class='ocrx_word' id='word_1_609' title='bbox 1867 3895 2107 3952; x_wconf 88' lang='lat' dir='ltr'>ditatem</span> <span class='ocrx_word' id='word_1_610' title='bbox 2140 3895 2381 3950; x_wconf 90' lang='lat' dir='ltr'>heredes</span> <span class='ocrx_word' id='word_1_611' title='bbox 2413 3896 2542 3965; x_wconf 82' lang='lat' dir='ltr'>ejus</span> <span class='ocrx_word' id='word_1_612' title='bbox 2572 3896 2983 3966; x_wconf 89' lang='lat' dir='ltr'>assequantur.</span> <span class='ocrx_word' id='word_1_613' title='bbox 3011 3894 3298 3951; x_wconf 90' lang='lat' dir='ltr'>Dominus</span> <span class='ocrx_word' id='word_1_614' title='bbox 3327 3900 3523 3951; x_wconf 89' lang='lat' dir='ltr'>autem</span> 
     </span>
    </p>
   </div>
   <div class='ocr_carea' id='block_1_87' title="bbox 1868 3980 3526 4057">
    <p class='ocr_par' dir='ltr' id='par_1_87' title="bbox 1868 3980 3526 4057">
     <span class='ocr_line' id='line_1_87' title="bbox 1868 3980 3526 4057; baseline -0.001 -16"><span class='ocrx_word' id='word_1_615' title='bbox 1868 4002 1901 4041; x_wconf 86' lang='lat' dir='ltr'>a</span> <span class='ocrx_word' id='word_1_616' title='bbox 1931 4000 2047 4057; x_wconf 90' lang='lat' dir='ltr'>quo</span> <span class='ocrx_word' id='word_1_617' title='bbox 2099 3981 2380 4038; x_wconf 82' lang='lat' dir='ltr'>beneficia</span> <span class='ocrx_word' id='word_1_618' title='bbox 2414 3981 2661 4037; x_wconf 87' lang='lat' dir='ltr'>violator</span> <span class='ocrx_word' id='word_1_619' title='bbox 2709 3980 2869 4053; x_wconf 88' lang='lat' dir='ltr'>pacis</span> <span class='ocrx_word' id='word_1_620' title='bbox 2915 3980 3191 4050; x_wconf 90' lang='lat' dir='ltr'>obtinuit,</span> <span class='ocrx_word' id='word_1_621' title='bbox 3242 3982 3526 4039; x_wconf 83' lang='lat' dir='ltr'>beneﬁcia</span> 
     </span>
    </p>
   </div>
   <div class='ocr_carea' id='block_1_88' title="bbox 1868 4067 3525 4142">
    <p class='ocr_par' dir='ltr' id='par_1_88' title="bbox 1868 4067 3525 4142">
     <span class='ocr_line' id='line_1_88' title="bbox 1868 4067 3525 4142; baseline -0.002 -12"><span class='ocrx_word' id='word_1_622' title='bbox 1868 4074 2110 4130; x_wconf 88' lang='lat' dir='ltr'>auferat.</span> <span class='ocrx_word' id='word_1_623' title='bbox 2143 4072 2201 4126; x_wconf 88' lang='lat' dir='ltr'>Si</span> <span class='ocrx_word' id='word_1_624' title='bbox 2231 4074 2536 4142; x_wconf 88' lang='lat' dir='ltr'>corruptor</span> <span class='ocrx_word' id='word_1_625' title='bbox 2564 4069 2724 4142; x_wconf 88' lang='lat' dir='ltr'>pacis</span> <span class='ocrx_word' id='word_1_626' title='bbox 2765 4085 2827 4124; x_wconf 91' lang='lat' dir='ltr'>se</span> <span class='ocrx_word' id='word_1_627' title='bbox 2858 4070 2917 4123; x_wconf 91' lang='lat' dir='ltr'>in</span> <span class='ocrx_word' id='word_1_628' title='bbox 2949 4067 3149 4141; x_wconf 89' lang='lat' dir='ltr'>aliqua</span> <span class='ocrx_word' id='word_1_629' title='bbox 3189 4070 3525 4128; x_wconf 90' lang='lat' dir='ltr'>municione</span> 
     </span>
    </p>
   </div>
   <div class='ocr_carea' id='block_1_89' title="bbox 1868 4157 3522 4234">
    <p class='ocr_par' dir='ltr' id='par_1_89' title="bbox 1868 4157 3522 4234">
     <span class='ocr_line' id='line_1_89' title="bbox 1868 4157 3522 4234; baseline -0.002 -14"><span class='ocrx_word' id='word_1_630' title='bbox 1868 4159 2258 4227; x_wconf 90' lang='lat' dir='ltr'>absconderit,</span> <span class='ocrx_word' id='word_1_631' title='bbox 2273 4159 2369 4215; x_wconf 90' lang='lat' dir='ltr'>ille</span> <span class='ocrx_word' id='word_1_632' title='bbox 2388 4159 2445 4214; x_wconf 91' lang='lat' dir='ltr'>in</span> <span class='ocrx_word' id='word_1_633' title='bbox 2468 4175 2582 4231; x_wconf 92' lang='lat' dir='ltr'>quo</span> <span class='ocrx_word' id='word_1_634' title='bbox 2605 4175 2717 4231; x_wconf 89' lang='lat' dir='ltr'>pax</span> <span class='ocrx_word' id='word_1_635' title='bbox 2733 4157 2843 4214; x_wconf 90' lang='lat' dir='ltr'>fuit</span> <span class='ocrx_word' id='word_1_636' title='bbox 2864 4162 3156 4234; x_wconf 74' lang='lat' dir='ltr'>corrupta,</span> <span class='ocrx_word' id='word_1_637' title='bbox 3173 4158 3347 4215; x_wconf 90' lang='lat' dir='ltr'>faciat</span> <span class='ocrx_word' id='word_1_638' title='bbox 3367 4161 3522 4232; x_wconf 88' lang='lat' dir='ltr'>apud</span> 
     </span>
    </p>
   </div>
   <div class='ocr_carea' id='block_1_90' title="bbox 1868 4248 3523 4326">
    <p class='ocr_par' dir='ltr' id='par_1_90' title="bbox 1868 4248 3523 4326">
     <span class='ocr_line' id='line_1_90' title="bbox 1868 4248 3523 4326; baseline -0.002 -18"><span class='ocrx_word' id='word_1_639' title='bbox 1868 4251 2152 4326; x_wconf 90' lang='lat' dir='ltr'>populum</span> <span class='ocrx_word' id='word_1_640' title='bbox 2212 4248 2752 4323; x_wconf 87' lang='lat' dir='ltr'>proclamationem,</span> <span class='ocrx_word' id='word_1_641' title='bbox 2807 4250 2866 4303; x_wconf 90' lang='lat' dir='ltr'>et</span> <span class='ocrx_word' id='word_1_642' title='bbox 2920 4251 3308 4320; x_wconf 90' lang='lat' dir='ltr'>persequatur</span> <span class='ocrx_word' id='word_1_643' title='bbox 3357 4265 3523 4305; x_wconf 89' lang='lat' dir='ltr'>reum</span> 
     </span>
    </p>
   </div>
   <div class='ocr_carea' id='block_1_91' title="bbox 1869 4336 3525 4415">
    <p class='ocr_par' dir='ltr' id='par_1_91' title="bbox 1869 4336 3525 4415">
     <span class='ocr_line' id='line_1_91' title="bbox 1869 4336 3525 4415; baseline -0.003 -17"><span class='ocrx_word' id='word_1_644' title='bbox 1869 4360 1973 4415; x_wconf 90' lang='lat' dir='ltr'>per</span> <span class='ocrx_word' id='word_1_645' title='bbox 2002 4358 2187 4396; x_wconf 91' lang='lat' dir='ltr'>unum</span> <span class='ocrx_word' id='word_1_646' title='bbox 2215 4338 2371 4395; x_wconf 84' lang='lat' dir='ltr'>diem</span> <span class='ocrx_word' id='word_1_647' title='bbox 2402 4341 2459 4393; x_wconf 90' lang='lat' dir='ltr'>et</span> <span class='ocrx_word' id='word_1_648' title='bbox 2490 4353 2593 4409; x_wconf 89' lang='lat' dir='ltr'>per</span> <span class='ocrx_word' id='word_1_649' title='bbox 2619 4340 2873 4407; x_wconf 90' lang='lat' dir='ltr'>noctem,</span> <span class='ocrx_word' id='word_1_650' title='bbox 2897 4340 3114 4392; x_wconf 91' lang='lat' dir='ltr'>etcum</span> <span class='ocrx_word' id='word_1_651' title='bbox 3144 4336 3362 4410; x_wconf 89' lang='lat' dir='ltr'>populo</span> <span class='ocrx_word' id='word_1_652' title='bbox 3392 4353 3525 4394; x_wconf 87' lang='lat' dir='ltr'>mu-</span> 
     </span>
    </p>
   </div>
   <div class='ocr_carea' id='block_1_92' title="bbox 1870 4423 3522 4499">
    <p class='ocr_par' dir='ltr' id='par_1_92' title="bbox 1870 4423 3522 4499">
     <span class='ocr_line' id='line_1_92' title="bbox 1870 4423 3522 4499; baseline -0.001 -15"><span class='ocrx_word' id='word_1_653' title='bbox 1870 4430 2157 4484; x_wconf 89' lang='lat' dir='ltr'>nicionem</span> <span class='ocrx_word' id='word_1_654' title='bbox 2191 4427 2455 4483; x_wconf 88' lang='lat' dir='ltr'>obsideat</span> <span class='ocrx_word' id='word_1_655' title='bbox 2485 4443 2587 4498; x_wconf 84' lang='lat' dir='ltr'>per</span> <span class='ocrx_word' id='word_1_656' title='bbox 2615 4430 2734 4482; x_wconf 89' lang='lat' dir='ltr'>tres</span> <span class='ocrx_word' id='word_1_657' title='bbox 2763 4423 2889 4482; x_wconf 90' lang='lat' dir='ltr'>dies</span> <span class='ocrx_word' id='word_1_658' title='bbox 2918 4429 2975 4482; x_wconf 84' lang='lat' dir='ltr'>et</span> <span class='ocrx_word' id='word_1_659' title='bbox 3007 4438 3111 4499; x_wconf 89' lang='lat' dir='ltr'>per</span> <span class='ocrx_word' id='word_1_660' title='bbox 3139 4430 3258 4482; x_wconf 91' lang='lat' dir='ltr'>tres</span> <span class='ocrx_word' id='word_1_661' title='bbox 3290 4430 3522 4497; x_wconf 85' lang='lat' dir='ltr'>noctes;</span> 
     </span>
    </p>
   </div>
   <div class='ocr_carea' id='block_1_93' title="bbox 1871 4515 3523 4588">
    <p class='ocr_par' dir='ltr' id='par_1_93' title="bbox 1871 4515 3523 4588">
     <span class='ocr_line' id='line_1_93' title="bbox 1871 4515 3523 4588; baseline -0.001 -15"><span class='ocrx_word' id='word_1_662' title='bbox 1871 4523 1927 4573; x_wconf 90' lang='lat' dir='ltr'>et</span> <span class='ocrx_word' id='word_1_663' title='bbox 1956 4518 2004 4573; x_wconf 89' lang='lat' dir='ltr'>si</span> <span class='ocrx_word' id='word_1_664' title='bbox 2038 4516 2297 4573; x_wconf 88' lang='lat' dir='ltr'>municio</span> <span class='ocrx_word' id='word_1_665' title='bbox 2328 4516 2648 4588; x_wconf 85' lang='lat' dir='ltr'>expugnari</span> <span class='ocrx_word' id='word_1_666' title='bbox 2682 4531 2797 4570; x_wconf 91' lang='lat' dir='ltr'>non</span> <span class='ocrx_word' id='word_1_667' title='bbox 2828 4518 3019 4587; x_wconf 90' lang='lat' dir='ltr'>potest</span> <span class='ocrx_word' id='word_1_668' title='bbox 3049 4515 3200 4571; x_wconf 85' lang='lat' dir='ltr'>infra</span> <span class='ocrx_word' id='word_1_669' title='bbox 3230 4519 3347 4572; x_wconf 90' lang='lat' dir='ltr'>tres</span> <span class='ocrx_word' id='word_1_670' title='bbox 3377 4515 3523 4583; x_wconf 91' lang='lat' dir='ltr'>dies,</span> 
     </span>
    </p>
   </div>
   <div class='ocr_carea' id='block_1_94' title="bbox 96 4602 3524 4678">
    <p class='ocr_par' dir='ltr' id='par_1_94' title="bbox 96 4602 3524 4678">
     <span class='ocr_line' id='line_1_94' title="bbox 96 4602 3524 4678; baseline 0 -18"><span class='ocrx_word' id='word_1_671' title='bbox 96 4604 283 4660; x_wconf 91' lang='lat' dir='ltr'>curiis</span> <span class='ocrx_word' id='word_1_672' title='bbox 314 4603 489 4660; x_wconf 86' lang='lat' dir='ltr'>etiam</span> <span class='ocrx_word' id='word_1_673' title='bbox 541 4603 693 4659; x_wconf 90' lang='lat' dir='ltr'>infra</span> <span class='ocrx_word' id='word_1_674' title='bbox 722 4602 1014 4677; x_wconf 85' lang='lat' dir='ltr'>legitimas</span> <span class='ocrx_word' id='word_1_675' title='bbox 1063 4621 1230 4660; x_wconf 90' lang='lat' dir='ltr'>areas</span> <span class='ocrx_word' id='word_1_676' title='bbox 1279 4605 1563 4659; x_wconf 90' lang='lat' dir='ltr'>domuum</span> <span class='ocrx_word' id='word_1_677' title='bbox 1614 4622 1761 4678; x_wconf 89' lang='lat' dir='ltr'>quas</span> <span class='ocrx_word' id='word_1_678' title='bbox 1792 4613 1839 4677; x_wconf 77' lang='grc' dir='ltr'>Ι)</span> <span class='ocrx_word' id='word_1_679' title='bbox 1871 4607 1989 4661; x_wconf 81' lang='lat' dir='ltr'>dux</span> <span class='ocrx_word' id='word_1_680' title='bbox 2020 4606 2105 4661; x_wconf 91' lang='lat' dir='ltr'>vel</span> <span class='ocrx_word' id='word_1_681' title='bbox 2136 4620 2330 4659; x_wconf 83' lang='lat' dir='ltr'>comes</span> <span class='ocrx_word' id='word_1_682' title='bbox 2357 4620 2489 4660; x_wconf 91' lang='lat' dir='ltr'>cum</span> <span class='ocrx_word' id='word_1_683' title='bbox 2525 4603 2849 4674; x_wconf 89' lang='lat' dir='ltr'>majoribus</span> <span class='ocrx_word' id='word_1_684' title='bbox 2875 4604 2946 4659; x_wconf 89' lang='lat' dir='ltr'>ad</span> <span class='ocrx_word' id='word_1_685' title='bbox 2977 4605 3401 4661; x_wconf 89' lang='lat' dir='ltr'>destruendum</span> <span class='ocrx_word' id='word_1_686' title='bbox 3432 4622 3524 4661; x_wconf 86' lang='lat' dir='ltr'>ca-</span> 
     </span>
    </p>
   </div>
   <div class='ocr_carea' id='block_1_95' title="bbox 95 4690 1763 4766">
    <p class='ocr_par' dir='ltr' id='par_1_95' title="bbox 95 4690 1763 4766">
     <span class='ocr_line' id='line_1_95' title="bbox 95 4690 1763 4766; baseline 0.001 -17"><span class='ocrx_word' id='word_1_687' title='bbox 95 4694 395 4750; x_wconf 86' lang='lat' dir='ltr'>hovestete</span> <span class='ocrx_word' id='word_1_688' title='bbox 422 4690 596 4765; x_wconf 88' lang='lat' dir='ltr'>vulgo</span> <span class='ocrx_word' id='word_1_689' title='bbox 626 4708 924 4760; x_wconf 89' lang='lat' dir='ltr'>vocamus,</span> <span class='ocrx_word' id='word_1_690' title='bbox 955 4693 1075 4749; x_wconf 87' lang='lat' dir='ltr'>sive</span> <span class='ocrx_word' id='word_1_691' title='bbox 1106 4692 1224 4749; x_wconf 90' lang='lat' dir='ltr'>sint</span> <span class='ocrx_word' id='word_1_692' title='bbox 1255 4698 1430 4766; x_wconf 77' lang='lat' dir='ltr'>septas</span> <span class='ocrx_word' id='word_1_693' title='bbox 1462 4710 1566 4749; x_wconf 91' lang='lat' dir='ltr'>seu</span> <span class='ocrx_word' id='word_1_694' title='bbox 1599 4693 1763 4751; x_wconf 91' lang='lat' dir='ltr'>nulla</span> 
     </span>
    </p>
   </div>
   <div class='ocr_carea' id='block_1_96' title="bbox 96 4780 1760 4855">
    <p class='ocr_par' dir='ltr' id='par_1_96' title="bbox 96 4780 1760 4855">
     <span class='ocr_line' id='line_1_96' title="bbox 96 4780 1760 4855; baseline -0.002 -14"><span class='ocrx_word' id='word_1_695' title='bbox 96 4798 240 4855; x_wconf 85' lang='lat' dir='ltr'>sepe</span> <span class='ocrx_word' id='word_1_696' title='bbox 271 4781 390 4838; x_wconf 91' lang='lat' dir='ltr'>sint</span> <span class='ocrx_word' id='word_1_697' title='bbox 419 4780 807 4839; x_wconf 71' lang='lat' dir='ltr'>circumdatae.</span> <span class='ocrx_word' id='word_1_698' title='bbox 843 4781 1116 4839; x_wconf 90' lang='lat' dir='ltr'>Mulieres</span> <span class='ocrx_word' id='word_1_699' title='bbox 1167 4781 1391 4839; x_wconf 93' lang='lat' dir='ltr'>nullius</span> <span class='ocrx_word' id='word_1_700' title='bbox 1422 4782 1760 4839; x_wconf 87' lang='lat' dir='ltr'>violentiam</span> 
     </span>
    </p>
   </div>
   <div class='ocr_carea' id='block_1_97' title="bbox 1873 4691 3525 4766">
    <p class='ocr_par' dir='ltr' id='par_1_97' title="bbox 1873 4691 3525 4766">
     <span class='ocr_line' id='line_1_97' title="bbox 1873 4691 3525 4766; baseline -0.001 -16"><span class='ocrx_word' id='word_1_701' title='bbox 1873 4693 2108 4750; x_wconf 89' lang='lat' dir='ltr'>stellum</span> <span class='ocrx_word' id='word_1_702' title='bbox 2140 4693 2467 4747; x_wconf 89' lang='lat' dir='ltr'>advocetur.</span> <span class='ocrx_word' id='word_1_703' title='bbox 2483 4691 2540 4745; x_wconf 89' lang='lat' dir='ltr'>Si</span> <span class='ocrx_word' id='word_1_704' title='bbox 2572 4692 2706 4763; x_wconf 88' lang='lat' dir='ltr'>quis</span> <span class='ocrx_word' id='word_1_705' title='bbox 2736 4709 2867 4748; x_wconf 92' lang='lat' dir='ltr'>cum</span> <span class='ocrx_word' id='word_1_706' title='bbox 2899 4692 3124 4764; x_wconf 89' lang='lat' dir='ltr'>laqueis</span> <span class='ocrx_word' id='word_1_707' title='bbox 3143 4692 3231 4749; x_wconf 84' lang='lat' dir='ltr'>vel</span> <span class='ocrx_word' id='word_1_708' title='bbox 3262 4710 3397 4749; x_wconf 90' lang='lat' dir='ltr'>cum</span> <span class='ocrx_word' id='word_1_709' title='bbox 3428 4710 3525 4766; x_wconf 77' lang='lat' dir='ltr'>pe~</span> 
     </span>
    </p>
   </div>
   <div class='ocr_carea' id='block_1_98' title="bbox 1873 4778 3528 4853">
    <p class='ocr_par' dir='ltr' id='par_1_98' title="bbox 1873 4778 3528 4853">
     <span class='ocr_line' id='line_1_98' title="bbox 1873 4778 3528 4853; baseline -0.001 -15"><span class='ocrx_word' id='word_1_710' title='bbox 1873 4783 2023 4851; x_wconf 88' lang='lat' dir='ltr'>dica,</span> <span class='ocrx_word' id='word_1_711' title='bbox 2044 4797 2219 4853; x_wconf 89' lang='lat' dir='ltr'>quam</span> <span class='ocrx_word' id='word_1_712' title='bbox 2244 4778 2414 4852; x_wconf 88' lang='lat' dir='ltr'>vulgo</span> <span class='ocrx_word' id='word_1_713' title='bbox 2442 4779 2625 4835; x_wconf 90' lang='lat' dir='ltr'>druch</span> <span class='ocrx_word' id='word_1_714' title='bbox 2647 4779 2921 4853; x_wconf 86' lang='lat' dir='ltr'>dicimus,</span> <span class='ocrx_word' id='word_1_715' title='bbox 2936 4780 3225 4837; x_wconf 88' lang='lat' dir='ltr'>silvestria</span> <span class='ocrx_word' id='word_1_716' title='bbox 3248 4780 3528 4837; x_wconf 88' lang='lat' dir='ltr'>animalia</span> 
     </span>
    </p>
   </div>
   <div class='ocr_carea' id='block_1_99' title="bbox 1473 4906 2163 4967">
    <p class='ocr_par' dir='ltr' id='par_1_99' title="bbox 1473 4906 2163 4967">
     <span class='ocr_line' id='line_1_99' title="bbox 1473 4906 2163 4967; baseline 0 -6"><span class='ocrx_word' id='word_1_717' title='bbox 1473 4909 1715 4967; x_wconf 66' lang='grc' dir='ltr'>νΑΡιΙλΕ</span> <span class='ocrx_word' id='word_1_718' title='bbox 1753 4906 2163 4967; x_wconf 83' lang='lat' dir='ltr'>LECTIONES.</span> 
     </span>
    </p>
   </div>
   <div class='ocr_carea' id='block_1_100' title="bbox 175 4979 368 5033">
    <p class='ocr_par' dir='ltr' id='par_1_100' title="bbox 175 4979 368 5033">
     <span class='ocr_line' id='line_1_100' title="bbox 175 4979 368 5033; baseline 0 0"><span class='ocrx_word' id='word_1_719' title='bbox 175 4979 223 5014; x_wconf 79' lang='grc'>²²</span> <span class='ocrx_word' id='word_1_720' title='bbox 248 4980 368 5033; x_wconf 75' lang='lat' dir='ltr'>In?</span> 
     </span>
    </p>
   </div>
   <div class='ocr_carea' id='block_1_101' title="bbox 1701 5070 1934 5127">
    <p class='ocr_par' dir='ltr' id='par_1_101' title="bbox 1701 5070 1934 5127">
     <span class='ocr_line' id='line_1_101' title="bbox 1701 5070 1934 5127; baseline -0.004 -1"><span class='ocrx_word' id='word_1_721' title='bbox 1701 5070 1934 5127; x_wconf 73' lang='grc' dir='ltr'>ΝΟΤίΕ.</span> 
     </span>
    </p>
   </div>
   <div class='ocr_carea' id='block_1_102' title="bbox 176 5161 1765 5237">
    <p class='ocr_par' dir='ltr' id='par_1_102' title="bbox 176 5161 1765 5237">
     <span class='ocr_line' id='line_1_102' title="bbox 176 5161 1765 5237; baseline 0.002 -18"><span class='ocrx_word' id='word_1_722' title='bbox 176 5163 260 5237; x_wconf 36' lang='grc'>(6)-</span> <span class='ocrx_word' id='word_1_723' title='bbox 285 5161 548 5237; x_wconf 75' lang='lat' dir='ltr'>Annales</span> <span class='ocrx_word' id='word_1_724' title='bbox 570 5162 893 5235; x_wconf 83' lang='lat' dir='ltr'>Augustani</span> <span class='ocrx_word' id='word_1_725' title='bbox 922 5163 995 5237; x_wconf 85' lang='lat' dir='ltr'>in</span> <span class='ocrx_word' id='word_1_726' title='bbox 1024 5164 1154 5237; x_wconf 80' lang='lat' dir='ltr'>cod.</span> <span class='ocrx_word' id='word_1_727' title='bbox 1191 5162 1330 5237; x_wconf 73' lang='lat' dir='ltr'>bibl.</span> <span class='ocrx_word' id='word_1_728' title='bbox 1364 5164 1533 5237; x_wconf 62' lang='lat' dir='ltr'>regiae</span> <span class='ocrx_word' id='word_1_729' title='bbox 1566 5167 1765 5222; x_wconf 87' lang='lat' dir='ltr'>Mona-</span> 
     </span>
    </p>
   </div>
   <div class='ocr_carea' id='block_1_103' title="bbox 102 5233 1767 5306">
    <p class='ocr_par' dir='ltr' id='par_1_103' title="bbox 102 5233 1767 5306">
     <span class='ocr_line' id='line_1_103' title="bbox 102 5233 1767 5306; baseline 0.001 -14"><span class='ocrx_word' id='word_1_730' title='bbox 102 5233 326 5306; x_wconf 79' lang='lat' dir='ltr'>censis,</span> <span class='ocrx_word' id='word_1_731' title='bbox 356 5233 691 5306; x_wconf 12' lang='lat' dir='ltr'>Hcinricgum</span> <span class='ocrx_word' id='word_1_732' title='bbox 711 5250 876 5306; x_wconf 80' lang='lat' dir='ltr'>anno</span> <span class='ocrx_word' id='word_1_733' title='bbox 913 5235 1047 5288; x_wconf 85' lang='grc'>1103</span> <span class='ocrx_word' id='word_1_734' title='bbox 1076 5235 1382 5306; x_wconf 71' lang='lat' dir='ltr'>Mogontiae</span> <span class='ocrx_word' id='word_1_735' title='bbox 1404 5233 1767 5293; x_wconf 65' lang='lat' dir='ltr'>commoran-</span> 
     </span>
    </p>
   </div>
   <div class='ocr_carea' id='block_1_104' title="bbox 100 5304 1764 5377">
    <p class='ocr_par' dir='ltr' id='par_1_104' title="bbox 100 5304 1764 5377">
     <span class='ocr_line' id='line_1_104' title="bbox 100 5304 1764 5377; baseline 0.001 -14"><span class='ocrx_word' id='word_1_736' title='bbox 100 5314 256 5374; x_wconf 88' lang='lat' dir='ltr'>tem,</span> <span class='ocrx_word' id='word_1_737' title='bbox 317 5305 377 5359; x_wconf 90' lang='lat' dir='ltr'>in</span> <span class='ocrx_word' id='word_1_738' title='bbox 435 5304 781 5377; x_wconf 7' lang='lat' dir='ltr'>Epiphania,</span> <span class='ocrx_word' id='word_1_739' title='bbox 820 5321 1066 5377; x_wconf 85' lang='lat' dir='ltr'>regnum</span> <span class='ocrx_word' id='word_1_740' title='bbox 1137 5304 1261 5377; x_wconf 7' lang='lat' dir='ltr'>per,</span> <span class='ocrx_word' id='word_1_741' title='bbox 1311 5308 1764 5377; x_wconf 84' lang='lat' dir='ltr'>quadriennium</span> 
     </span>
    </p>
   </div>
   <div class='ocr_carea' id='block_1_105' title="bbox 99 5375 1766 5452">
    <p class='ocr_par' dir='ltr' id='par_1_105' title="bbox 99 5375 1766 5452">
     <span class='ocr_line' id='line_1_105' title="bbox 99 5375 1766 5452; baseline 0.001 -17"><span class='ocrx_word' id='word_1_742' title='bbox 99 5375 605 5452; x_wconf 79' lang='lat' dir='ltr'>eumiuramento</span> <span class='ocrx_word' id='word_1_743' title='bbox 658 5375 951 5452; x_wconf 77' lang='lat' dir='ltr'>pacificari</span> <span class='ocrx_word' id='word_1_744' title='bbox 994 5375 1390 5452; x_wconf 71' lang='lat' dir='ltr'>constituisse,</span> <span class='ocrx_word' id='word_1_745' title='bbox 1423 5380 1766 5452; x_wconf 86' lang='lat' dir='ltr'>cunctisque</span> 
     </span>
    </p>
   </div>
   <div class='ocr_carea' id='block_1_106' title="bbox 179 5447 1763 5506">
    <p class='ocr_par' dir='ltr' id='par_1_106' title="bbox 179 5447 1763 5506">
     <span class='ocr_line' id='line_1_106' title="bbox 179 5447 1763 5506; baseline 0.002 -3"><span class='ocrx_word' id='word_1_746' title='bbox 179 5448 298 5504; x_wconf 86' lang='lat' dir='ltr'>atia</span> <span class='ocrx_word' id='word_1_747' title='bbox 329 5463 438 5502; x_wconf 86' lang='lat' dir='ltr'>sua</span> <span class='ocrx_word' id='word_1_748' title='bbox 468 5447 807 5503; x_wconf 87' lang='lat' dir='ltr'>carentibus</span> <span class='ocrx_word' id='word_1_749' title='bbox 832 5448 1147 5503; x_wconf 90' lang='lat' dir='ltr'>commissa</span> <span class='ocrx_word' id='word_1_750' title='bbox 1177 5448 1474 5504; x_wconf 88' lang='lat' dir='ltr'>dimisisse</span> <span class='ocrx_word' id='word_1_751' title='bbox 1506 5447 1763 5506; x_wconf 76' lang='lat' dir='ltr'>tradunt.</span> 
     </span>
    </p>
   </div>
   <div class='ocr_carea' id='block_1_107' title="bbox 102 5466 1766 5593">
    <p class='ocr_par' dir='ltr' id='par_1_107' title="bbox 102 5466 1766 5593">
     <span class='ocr_line' id='line_1_107' title="bbox 179 5466 1763 5506; baseline 0.002 -3"><span class='ocrx_word' id='word_1_752' title='bbox 179 5466 298 5504; x_wconf 85' lang='lat' dir='ltr'>ana</span> <span class='ocrx_word' id='word_1_753' title='bbox 329 5466 438 5502; x_wconf 85' lang='lat' dir='ltr'>sua</span> <span class='ocrx_word' id='word_1_754' title='bbox 468 5466 807 5503; x_wconf 73' lang='lat' dir='ltr'>carentibus</span> <span class='ocrx_word' id='word_1_755' title='bbox 832 5466 1147 5503; x_wconf 78' lang='lat' dir='ltr'>commissa</span> <span class='ocrx_word' id='word_1_756' title='bbox 1177 5466 1474 5504; x_wconf 76' lang='lat' dir='ltr'>dimisisse</span> <span class='ocrx_word' id='word_1_757' title='bbox 1506 5466 1763 5506; x_wconf 77' lang='lat' dir='ltr'>tradunt.</span> 
     </span>
     <span class='ocr_line' id='line_1_108' title="bbox 102 5466 1766 5593; baseline 0 -15"><span class='ocrx_word' id='word_1_758' title='bbox 102 5466 561 5579; x_wconf 54' lang='lat' dir='ltr'>amstitutionis</span> <span class='ocrx_word' id='word_1_759' title='bbox 607 5518 737 5590; x_wconf 86' lang='lat' dir='ltr'>ejus</span> <span class='ocrx_word' id='word_1_760' title='bbox 796 5523 1020 5593; x_wconf 78' lang='lat' dir='ltr'>textum</span> <span class='ocrx_word' id='word_1_761' title='bbox 1073 5520 1210 5593; x_wconf 80' lang='lat' dir='ltr'>jam</span> <span class='ocrx_word' id='word_1_762' title='bbox 1252 5520 1617 5593; x_wconf 86' lang='lat' dir='ltr'>deperditum</span> <span class='ocrx_word' id='word_1_763' title='bbox 1660 5539 1766 5593; x_wconf 90' lang='lat' dir='ltr'>ope</span> 
     </span>
    </p>
   </div>
   <div class='ocr_carea' id='block_1_108' title="bbox 105 5590 1765 5665">
    <p class='ocr_par' dir='ltr' id='par_1_108' title="bbox 105 5590 1765 5665">
     <span class='ocr_line' id='line_1_109' title="bbox 105 5590 1765 5665; baseline 0.001 -16"><span class='ocrx_word' id='word_1_764' title='bbox 105 5592 605 5665; x_wconf 81' lang='lat' dir='ltr'>documentorum</span> <span class='ocrx_word' id='word_1_765' title='bbox 648 5606 782 5646; x_wconf 84' lang='lat' dir='ltr'>mox</span> <span class='ocrx_word' id='word_1_766' title='bbox 797 5662 810 5665; x_wconf 97' lang='lat'>_</span> <span class='ocrx_word' id='word_1_767' title='bbox 824 5590 1344 5665; x_wconf 50' lang='lat' dir='ltr'>subsequentium&#39;</span> <span class='ocrx_word' id='word_1_768' title='bbox 1370 5592 1641 5665; x_wconf 80' lang='lat' dir='ltr'>supplere</span> <span class='ocrx_word' id='word_1_769' title='bbox 1657 5590 1765 5650; x_wconf 71' lang='lat' dir='ltr'>co-</span> 
     </span>
    </p>
   </div>
   <div class='ocr_carea' id='block_1_109' title="bbox 106 5660 1763 5736">
    <p class='ocr_par' dir='ltr' id='par_1_109' title="bbox 106 5660 1763 5736">
     <span class='ocr_line' id='line_1_110' title="bbox 106 5660 1763 5736; baseline 0 -15"><span class='ocrx_word' id='word_1_770' title='bbox 106 5679 352 5732; x_wconf 85' lang='lat' dir='ltr'>namur,</span> <span class='ocrx_word' id='word_1_771' title='bbox 405 5677 533 5735; x_wconf 64' lang='lat' dir='ltr'>quas</span> <span class='ocrx_word' id='word_1_772' title='bbox 590 5660 651 5719; x_wconf 92' lang='lat' dir='ltr'>in</span> <span class='ocrx_word' id='word_1_773' title='bbox 709 5661 907 5719; x_wconf 90' lang='lat' dir='ltr'>codice</span> <span class='ocrx_word' id='word_1_774' title='bbox 962 5660 1104 5718; x_wconf 85' lang='lat' dir='ltr'>bibl.</span> <span class='ocrx_word' id='word_1_775' title='bbox 1156 5663 1327 5736; x_wconf 69' lang='lat' dir='ltr'>regiae</span> <span class='ocrx_word' id='word_1_776' title='bbox 1378 5660 1763 5732; x_wconf 79' lang='lat' dir='ltr'>Monacensis,</span> 
     </span>
    </p>
   </div>
   <div class='ocr_carea' id='block_1_110' title="bbox 1914 5161 3526 5237">
    <p class='ocr_par' dir='ltr' id='par_1_110' title="bbox 1914 5161 3526 5237">
     <span class='ocr_line' id='line_1_111' title="bbox 1914 5161 3526 5237; baseline -0.001 -16"><span class='ocrx_word' id='word_1_777' title='bbox 1914 5166 2014 5221; x_wconf 90' lang='lat' dir='ltr'>lim</span> <span class='ocrx_word' id='word_1_778' title='bbox 2047 5168 2409 5237; x_wconf 67' lang='lat' dir='ltr'>Augustanp,</span> <span class='ocrx_word' id='word_1_779' title='bbox 2434 5161 2829 5237; x_wconf 25' lang='lat' dir='ltr'>lsidorumADe</span> <span class='ocrx_word' id='word_1_780' title='bbox 2850 5164 2980 5237; x_wconf 83' lang='lat' dir='ltr'>ortu</span> <span class='ocrx_word' id='word_1_781' title='bbox 3012 5162 3259 5237; x_wconf 89' lang='lat' dir='ltr'>etobitu</span> <span class='ocrx_word' id='word_1_782' title='bbox 3290 5163 3526 5219; x_wconf 90' lang='lat' dir='ltr'>Patrum</span> 
     </span>
    </p>
   </div>
   <div class='ocr_carea' id='block_1_111' title="bbox 1875 5233 3526 5302">
    <p class='ocr_par' dir='ltr' id='par_1_111' title="bbox 1875 5233 3526 5302">
     <span class='ocr_line' id='line_1_112' title="bbox 1875 5233 3526 5302; baseline 0 -12"><span class='ocrx_word' id='word_1_783' title='bbox 1875 5238 2102 5294; x_wconf 78' lang='lat' dir='ltr'>Veteris</span> <span class='ocrx_word' id='word_1_784' title='bbox 2135 5233 2190 5290; x_wconf 73' lang='lat' dir='ltr'>et</span> <span class='ocrx_word' id='word_1_785' title='bbox 2219 5235 2359 5290; x_wconf 84' lang='lat' dir='ltr'>Novi</span> <span class='ocrx_word' id='word_1_786' title='bbox 2398 5233 2750 5290; x_wconf 87' lang='lat' dir='ltr'>Testamenti</span> <span class='ocrx_word' id='word_1_787' title='bbox 2793 5233 3126 5291; x_wconf 88' lang='lat' dir='ltr'>continente</span> <span class='ocrx_word' id='word_1_788' title='bbox 3155 5251 3204 5289; x_wconf 90' lang='lat' dir='ltr'>s.</span> <span class='ocrx_word' id='word_1_789' title='bbox 3237 5251 3315 5302; x_wconf 85' lang='lat' dir='ltr'>Ix,</span> <span class='ocrx_word' id='word_1_790' title='bbox 3347 5250 3526 5290; x_wconf 90' lang='lat' dir='ltr'>manu</span> 
     </span>
    </p>
   </div>
   <div class='ocr_carea' id='block_1_112' title="bbox 1876 5305 3523 5379">
    <p class='ocr_par' dir='ltr' id='par_1_112' title="bbox 1876 5305 3523 5379">
     <span class='ocr_line' id='line_1_113' title="bbox 1876 5305 3523 5379; baseline -0.002 -14"><span class='ocrx_word' id='word_1_791' title='bbox 1876 5327 1924 5365; x_wconf 90' lang='lat' dir='ltr'>s.</span> <span class='ocrx_word' id='word_1_792' title='bbox 1972 5327 2050 5363; x_wconf 82' lang='lat' dir='ltr'>xu</span> <span class='ocrx_word' id='word_1_793' title='bbox 2099 5308 2377 5379; x_wconf 88' lang='lat' dir='ltr'>ineuntis,</span> <span class='ocrx_word' id='word_1_794' title='bbox 2437 5305 2802 5379; x_wconf 85' lang='lat' dir='ltr'>marginibus</span> <span class='ocrx_word' id='word_1_795' title='bbox 2857 5306 3127 5379; x_wconf 78' lang='lat' dir='ltr'>ascripta</span> <span class='ocrx_word' id='word_1_796' title='bbox 3168 5305 3523 5362; x_wconf 89' lang='lat' dir='ltr'>invenimus.</span> 
     </span>
    </p>
   </div>
   <div class='ocr_carea' id='block_1_113' title="bbox 1875 5375 3526 5450">
    <p class='ocr_par' dir='ltr' id='par_1_113' title="bbox 1875 5375 3526 5450">
     <span class='ocr_line' id='line_1_114' title="bbox 1875 5375 3526 5450; baseline -0.001 -14"><span class='ocrx_word' id='word_1_797' title='bbox 1875 5379 2162 5436; x_wconf 86' lang='lat' dir='ltr'>Exhibent</span> <span class='ocrx_word' id='word_1_798' title='bbox 2193 5378 2432 5435; x_wconf 86' lang='lat' dir='ltr'>notitias</span> <span class='ocrx_word' id='word_1_799' title='bbox 2478 5375 2603 5450; x_wconf 76' lang='lat' dir='ltr'>tum</span> <span class='ocrx_word' id='word_1_800' title='bbox 2651 5378 2722 5434; x_wconf 91' lang='lat' dir='ltr'>de</span> <span class='ocrx_word' id='word_1_801' title='bbox 2766 5394 2907 5450; x_wconf 88' lang='lat' dir='ltr'>pace</span> <span class='ocrx_word' id='word_1_802' title='bbox 2939 5375 3301 5450; x_wconf 72' lang='lat' dir='ltr'>inuniverso</span> <span class='ocrx_word' id='word_1_803' title='bbox 3349 5394 3526 5450; x_wconf 88' lang='lat' dir='ltr'>regno</span> 
     </span>
    </p>
   </div>
   <div class='ocr_carea' id='block_1_114' title="bbox 1876 5449 3526 5522">
    <p class='ocr_par' dir='ltr' id='par_1_114' title="bbox 1876 5449 3526 5522">
     <span class='ocr_line' id='line_1_115' title="bbox 1876 5449 3526 5522; baseline -0.001 -15"><span class='ocrx_word' id='word_1_804' title='bbox 1876 5455 2118 5515; x_wconf 87' lang='lat' dir='ltr'>statuta,</span> <span class='ocrx_word' id='word_1_805' title='bbox 2139 5458 2265 5506; x_wconf 89' lang='lat' dir='ltr'>tum</span> <span class='ocrx_word' id='word_1_806' title='bbox 2296 5451 2366 5506; x_wconf 91' lang='lat' dir='ltr'>de</span> <span class='ocrx_word' id='word_1_807' title='bbox 2388 5466 2528 5522; x_wconf 84' lang='lat' dir='ltr'>pace</span> <span class='ocrx_word' id='word_1_808' title='bbox 2558 5449 2709 5504; x_wconf 91' lang='lat' dir='ltr'>inter</span> <span class='ocrx_word' id='word_1_809' title='bbox 2727 5449 3034 5522; x_wconf 12' lang='lat' dir='ltr'>principes!</span> <span class='ocrx_word' id='word_1_810' title='bbox 3048 5449 3363 5522; x_wconf 89' lang='lat' dir='ltr'>nonnullos</span> <span class='ocrx_word' id='word_1_811' title='bbox 3377 5449 3526 5522; x_wconf 82' lang='lat' dir='ltr'>Sue-</span> 
     </span>
    </p>
   </div>
   <div class='ocr_carea' id='block_1_115' title="bbox 1874 5520 3526 5594">
    <p class='ocr_par' dir='ltr' id='par_1_115' title="bbox 1874 5520 3526 5594">
     <span class='ocr_line' id='line_1_116' title="bbox 1874 5520 3526 5594; baseline 0 -17"><span class='ocrx_word' id='word_1_812' title='bbox 1874 5524 1977 5578; x_wconf 73' lang='lat' dir='ltr'>via:</span> <span class='ocrx_word' id='word_1_813' title='bbox 2007 5529 2064 5578; x_wconf 87' lang='lat' dir='ltr'>et</span> <span class='ocrx_word' id='word_1_814' title='bbox 2094 5520 2424 5578; x_wconf 65' lang='lat' dir='ltr'>Franconiie</span> <span class='ocrx_word' id='word_1_815' title='bbox 2450 5520 2614 5575; x_wconf 90' lang='lat' dir='ltr'>inita.</span> <span class='ocrx_word' id='word_1_816' title='bbox 2642 5520 2993 5594; x_wconf 42' lang='lat' dir='ltr'>{appendicis</span> <span class='ocrx_word' id='word_1_817' title='bbox 3022 5520 3149 5594; x_wconf 82' lang='lat' dir='ltr'>loco</span> <span class='ocrx_word' id='word_1_818' title='bbox 3178 5521 3526 5594; x_wconf 84' lang='lat' dir='ltr'>subjicimus</span> 
     </span>
    </p>
   </div>
   <div class='ocr_carea' id='block_1_116' title="bbox 1877 5591 3525 5667">
    <p class='ocr_par' dir='ltr' id='par_1_116' title="bbox 1877 5591 3525 5667">
     <span class='ocr_line' id='line_1_117' title="bbox 1877 5591 3525 5667; baseline -0.002 -16"><span class='ocrx_word' id='word_1_819' title='bbox 1877 5611 2076 5667; x_wconf 87' lang='lat' dir='ltr'>pacem</span> <span class='ocrx_word' id='word_1_820' title='bbox 2134 5594 2192 5649; x_wconf 87' lang='lat' dir='ltr'>in</span> <span class='ocrx_word' id='word_1_821' title='bbox 2248 5595 2587 5667; x_wconf 86' lang='lat' dir='ltr'>episcopatu</span> <span class='ocrx_word' id='word_1_822' title='bbox 2638 5591 3065 5648; x_wconf 85' lang='lat' dir='ltr'>Constantiensi</span> <span class='ocrx_word' id='word_1_823' title='bbox 3105 5611 3140 5650; x_wconf 89' lang='lat' dir='ltr'>a</span> <span class='ocrx_word' id='word_1_824' title='bbox 3185 5591 3525 5651; x_wconf 79' lang='lat' dir='ltr'>Gebehardo</span> 
     </span>
    </p>
   </div>
   <div class='ocr_carea' id='block_1_117' title="bbox 1877 5665 2580 5740">
    <p class='ocr_par' dir='ltr' id='par_1_117' title="bbox 1877 5665 2580 5740">
     <span class='ocr_line' id='line_1_118' title="bbox 1877 5665 2580 5740; baseline -0.004 -18"><span class='ocrx_word' id='word_1_825' title='bbox 1877 5665 2150 5740; x_wconf 83' lang='lat' dir='ltr'>episcopo</span> <span class='ocrx_word' id='word_1_826' title='bbox 2181 5665 2580 5723; x_wconf 79' lang='lat' dir='ltr'>constitutam.</span> 
     </span>
    </p>
   </div>
  </div>
