3968 6158
434 371 590 476 i139

1791 408 2101 476 MONUM.
2146 407 2470 476 DIPLOM.

3681 394 3839 476 mo

429 544 651 602 scilicet
680 560 899 613 cervos,
931 543 1189 612 hinulos,
1211 561 1468 619 capreas,
1494 543 1790 618 capreolos
1813 545 1880 611 ’³,
1907 543 2071 617 lepo-
2100 545 2157 612 Α
2185 543 2408 601 dictum
2457 562 2517 602 se
2566 544 2731 613 sciat,
2775 544 3113 618 nullamque
3160 543 3637 602 communionem
3685 543 3841 603 inter

426 652 521 692 res
553 638 612 691 et
638 638 828 692 cetera
857 635 1093 708 ceperit,
1117 634 1392 690 dominus
1423 652 1567 690 suus
1612 634 1808 690 omnia
1827 650 1953 705 qua:
1972 634 2076 689 ha-

426 723 526 782 bet
546 724 596 780 ei
619 725 862 793 auferat,
884 741 1189 797 possessor
1208 741 1340 779 vero
1362 728 1526 780 terres
1549 724 1606 778 in
1632 740 1749 796 qua
1768 723 1890 780 fera
1909 727 2079 796 capta

424 814 621 885 fuerit,
645 828 887 868 manum
911 811 1099 869 eidem
1118 812 1207 869 vel
1237 813 1545 869 dimidiam
1578 813 1788 868 libram
1814 812 2076 869 denario-

423 919 557 959 rum
588 918 691 975 pro
717 918 892 957 manu
922 903 1166 959 auferat.
1193 902 1581 974 Excipiuntur
1602 901 1924 957 advocatio.
1961 944 1972 957 .
2013 942 2025 956 .
2063 944 2076 958 .

617 992 940 1048 Constituiio
962 994 1116 1064 pacis
1148 994 1207 1047 in
1238 991 1441 1048 diocesi
1471 991 1888 1048 Constantiensi.

496 1078 760 1135 Domnus
787 1078 1252 1134 Constantiensis
1278 1079 1587 1151 episcopus
1618 1078 1675 1134 in
1709 1096 1922 1152 magno
1946 1096 2079 1135 con-

423 1173 599 1224 ventu
632 1168 935 1236 abbatum,
959 1167 1324 1235 clericorum,
1349 1168 1654 1237 laicorum,
1678 1168 1738 1223 in
1769 1167 2081 1241 prmsentia

426 1256 729 1331 apostolici
759 1256 957 1331 legati,
980 1257 1078 1329 qui
1102 1257 1279 1313 etiam
1306 1256 1404 1313 illo
1436 1258 1493 1313 in
1516 1262 1799 1330 tempore,
1820 1262 1883 1313 ut
1904 1257 2090 1336 credi,

424 1350 543 1415 tur,
566 1346 666 1403 Dei
687 1346 1051 1418 providentia
1070 1351 1502 1418 supervenerat,
1520 1347 1641 1403 haec
1663 1348 2085 1420 subsequentia

427 1435 705 1493 omnibus
754 1434 1211 1508 astipulantibus
1244 1440 1301 1491 et
1330 1435 1805 1493 collaudantibus
1854 1438 2079 1493 statuit.

426 1525 706 1582 Convenit
734 1525 913 1592 enim,
939 1529 1002 1580 ut
1031 1541 1234 1597 pacem
1265 1542 1454 1599 usque
1486 1526 1543 1581 in
1578 1530 1971 1598 pcntecostem
2000 1526 2083 1581 fa-

427 1619 602 1683 ceret,
628 1618 693 1669 ut
722 1614 993 1687 quisquis
1024 1613 1161 1670 huic
1200 1615 1329 1687 paci
1360 1615 1737 1672 concordaret
1768 1620 1824 1670 et
1849 1616 2082 1672 ﬁrmam

428 1703 767 1769 custodiret,
786 1703 895 1759 hac
916 1702 1105 1775 gratia
1125 1704 1476 1760 donaretur:
1503 1706 1566 1759 In
1594 1721 1942 1776 quocunque
1965 1722 2083 1761 mo-

428 1792 684 1848 nasterio
716 1792 809 1846 sui
840 1792 1212 1864 episcopatus
1242 1792 1607 1858 clericorum,
1633 1792 2079 1859 monachorum,

2186 637 2408 690 ceteros
2438 634 2644 690 fratres
2677 651 2863 708 usque
2893 634 2964 690 ad
2986 634 3226 708 dignam
3250 633 3712 692 satisfactionem
3743 633 3844 691 ha-

2189 723 2342 779 heat.

2900 832 2905 836 ‘
2953 814 3075 869 VII.

2555 919 2873 959 coxsz'rcs
2906 919 3352 959 RATISPONENSIS
3386 904 3485 974 (7).

2509 992 2646 1063 (An.
2701 993 2861 1064 1104,
2908 992 3066 1059 Jan.,
3120 991 3278 1059 Feb.,
3329 992 3527 1056 Mart.)

2190 1082 2274 1136 Ex
2307 1082 2538 1136 concilio
2584 1083 2986 1153 Ratisponensi,
3033 1081 3125 1136 cui
3172 1082 3429 1152 interfuit
3475 1083 3741 1139 Henricus
3771 1083 3843 1139 111

2476 1154 2775 1225 imperator
2809 1170 2935 1208 cum
2961 1154 3153 1208 multis
3183 1154 3556 1224 Optimatibus.

2266 1259 2559 1315 Statutum
2580 1263 2688 1328 est,
2705 1263 2768 1314 ut
2787 1260 2859 1316 ad
2880 1256 3162 1331 placitum
3185 1257 3502 1330 cujuslibet
3523 1259 3784 1316 advocati
3798 1261 3842 1294 ἰ

2194 1349 2550 1421 pertinentes
2581 1348 2761 1405 semel
2791 1348 2850 1404 in
2882 1365 3034 1404 anno
3066 1348 3301 1421 quando
3332 1352 3686 1421 praeceptum
3718 1349 3841 1405 fue-

2194 1436 2290 1503 rit,
2318 1452 2521 1493 omnes
2574 1436 2746 1493 certis
2794 1437 2854 1491 in
2903 1436 3048 1492 locis
3098 1436 3460 1503 conveniant,
3493 1435 3848 1509 ibique”in

2195 1525 2494 1582 servitium
2528 1543 2702 1582 suum
2737 1524 2870 1599 plus
2892 1543 3008 1581 non
3039 1525 3276 1599 exigant
3305 1525 3579 1582 nisiduos
3608 1527 3851 1583 modios

2193 1614 2392 1680 tritici,
2411 1619 2469 1671 et
2499 1615 2645 1671 duos
2672 1632 2897 1687 porcos,
2922 1618 3041 1671 tres
3063 1616 3238 1671 cados
3263 1615 3380 1670 vini
3407 1619 3463 1670 et
3480 1616 3526 1650 ²⁶
3553 1613 3849 1682 medonis,

2194 1705 2393 1759 decem
2422 1704 2596 1760 cados
2631 1704 2909 1775 oervisiae,
2928 1708 2986 1761 et
3015 1703 3277 1776 quinque
3308 1704 3536 1761 modios
3566 1719 3761 1760 avena
3783 1706 3847 1759 ⁸⁷.

2195 1793 2267 1848 Ut
2294 1798 2490 1848 autem
2522 1810 2591 1849 ea
2611 1810 2735 1865 quae
2767 1793 2839 1849 ad
2872 1810 3017 1848 usus
3048 1793 3296 1848 fratrum
3326 1793 3624 1865 pertinent
3650 1792 3849 1849 minus

428 1880 490 1937 in
521 1884 809 1936 conventu
841 1883 1238 1936 cantabuntur
1281 1886 1503 1953 septem
1534 1882 1749 1949 missae,
1774 1882 2079 1938 duodecim
2113 1922 2161 1987 B
2194 1882 2618 1951 distrahantur,
2643 1883 2766 1938 haec
2804 1882 3141 1954 subscripta
3167 1880 3228 1937 in
3257 1898 3401 1938 usus
3429 1883 3845 1938 advocatorum

429 1986 715 2045 pauperes
744 1973 832 2025 ter
859 1974 1194 2043 pascentur,
1219 1975 1480 2042 preterea
1508 1970 1724 2044 singuli
1760 1971 2082 2044 presbyteri

430 2057 695 2132 singulas
713 2059 947 2126 missas,
964 2058 1138 2114 ceteri
1157 2059 1394 2115 litterati
1417 2059 1635 2133 singuli
1652 2059 2084 2133 quinquaginta

428 2148 710 2220 psalmos,
764 2149 1025 2204 conversi
1079 2148 1509 2221 quinquaginta
1555 2153 1940 2220 paternoster.
1975 2149 2082 2206 De-

430 2236 647 2293 functis
673 2253 807 2293 vero
838 2237 938 2293 fiet
975 2237 1262 2310 quidquid
1311 2237 1430 2294 illis
1461 2238 1557 2311 qui
1611 2238 2082 2294 communionem

429 2326 811 2383 fraternitatis
858 2343 1063 2382 eorum
1115 2332 1481 2400 acceperunt.
1525 2328 1770 2400 Insuper
1824 2327 2080 2384 universi

429 2417 759 2475 sacerdotes
787 2417 969 2472 totius
1017 2416 1387 2488 episcopatus
1435 2416 1649 2491 singuli
1699 2422 1817 2473 tres
1867 2418 2083 2474 missas

429 2506 770 2561 cantabunt.
805 2505 926 2560 Illis
968 2522 1102 2561 vero
1142 2506 1245 2577 qui
1292 2505 1529 2561 interim
1561 2504 1830 2573 obierint,
1862 2506 2079 2578 singuli

430 2593 692 2667 singulas
723 2593 960 2661 missas,
993 2598 1350 2666 pascentque
1393 2594 1607 2665 singuli
1641 2593 1905 2668 singulos
1936 2612 2078 2667 pau-

427 2698 615 2755 peres.
648 2683 914 2738 Preterea
943 2683 1362 2754 pcenitentibus
1391 2690 1611 2755 septem
1643 2700 1931 2739 annorum
1964 2684 2079 2739 duo

429 2770 566 2827 anni
599 2772 673 2826 ab
722 2770 991 2842 episcopo
1025 2772 1529 2826 condonabuntur.
1564 2772 1694 2827 Haec
1730 2771 1799 2827 de
1846 2770 2082 2843 publica

428 2876 570 2932 pace
601 2862 820 2915 statuta
848 2863 987 2915 sunt
1018 2862 1084 2915 12
1104 2859 1345 2915 Kalend.
1368 2859 1739 2929 Novembris;
1770 2878 1947 2932 quam
1979 2862 2078 2933 qui

430 2947 741 3005 servaverit
768 2946 921 3003 hanc
967 2949 1215 3022 gratiam
1268 2948 1526 3005 habebit.
1559 2950 1645 3007 Ab
1690 2950 1797 3006 hac
1826 2967 1958 3006 vero
1990 2949 2082 3005 die

428 3036 769 3109 quicunque
798 3036 1109 3108 deliquerit
1136 3038 1195 3092 in
1226 3037 1486 3099 ecclesiis
1515 3056 1833 3112 eorumque
1860 3057 2081 3113 appen-

429 3125 618 3194 diciis,
644 3126 704 3181 in
736 3127 1137 3183 sacerdotibus
1182 3127 1302 3183 sive
1342 3128 1401 3182 in
1433 3128 1768 3201 quibusque
1797 3128 2083 3185 ordinatis

430 3215 719 3288 personis,
742 3215 801 3270 in
832 3215 1138 3272 monachis
1186 3221 1243 3272 et
1289 3218 1602 3285 conversis,
1626 3217 1712 3273 vel
1745 3217 1802 3272 in
1837 3218 2082 3290 quibus-

2192 1974 2331 2027 sunt
2360 1971 2637 2043 deputata
2669 1988 2682 2026 :
2714 1969 2981 2028 videlicet
3023 1971 3196 2027 tertia
3237 1985 3374 2044 pars
3404 1970 3762 2041 bannorum,
3794 1976 3849 2027 et

2192 2059 2512 2116 satisfactio
2535 2060 2955 2128 temeritatum,
2981 2060 3062 2115 ita
3083 2064 3300 2130 tamen,
3324 2064 3389 2116 ut
3408 2060 3459 2116 si
3482 2076 3600 2133 qua
3619 2060 3847 2133 dispen-

2192 2144 2299 2205 dia.
2320 2165 2412 2205 res
2442 2150 2686 2205 fratrum
2719 2150 3046 2222 patiuntur,
3066 2148 3255 2221 primo
3285 2148 3370 2205 eis
3402 2165 3511 2206 sua
3540 2148 3848 2206 restituan-

2192 2242 2306 2293 tur.
2328 2237 2659 2312 Werigelda
2704 2239 2951 2294 fratrum
2983 2242 3122 2294 sunt
3142 2239 3207 2306 ³⁸,
3240 2243 3298 2294 et
3328 2234 3692 2311 mancipium
3746 2256 3846 2311 pro

2192 2328 2507 2401 mancipio.
2534 2328 2795 2383 Preterea
2825 2327 2873 2383 si
2922 2327 3146 2400 praelati
3195 2315 3468 2383 (ecclesiae
3502 2326 3703 2401 aliqua
3750 2344 3847 2383 ne-

2192 2418 2462 2473 cessitate
2492 2421 2732 2489 cogente
2757 2417 3042 2472 damnum
3076 2416 3189 2473 sibi
3204 2415 3292 2472 vel
3323 2416 3502 2472 rebus
3528 2422 3654 2473 suis
3673 2418 3721 2452 ²⁹
3751 2416 3848 2472 illa

2191 2510 2317 2561 tum
2358 2505 2516 2562 salvo
2546 2506 2748 2561 ordine
2798 2522 2905 2562 suo
2964 2521 3310 2577 recuperare
3361 2521 3480 2560 non
3534 2504 3845 2572 valuerint,

2192 2595 2354 2667 ipsos
2399 2596 2707 2650 advocatos
2737 2594 2798 2650 in
2829 2597 3254 2667 competentem
3283 2593 3479 2650 locum
3528 2593 3842 2661 advocent;

2193 2684 2291 2741 ubi
2321 2700 2530 2740 causas
2552 2682 2928 2755 querimonia:
2952 2682 3263 2757 diligenter
3283 2682 3624 2751 discutiant,
3646 2681 3848 2738 nichil~

2191 2789 2303 2844 que
2335 2772 2413 2828 ibi
2445 2772 2519 2827 ab
2548 2771 2632 2828 eis
2660 2770 2749 2827 vel
2778 2772 2852 2827 ab
2880 2787 3084 2827 eorum
3116 2770 3339 2828 colonis
3371 2770 3540 2844 quasi
3590 2772 3705 2828 sub
3746 2766 3841 2843 ju-

2190 2861 2353 2917 stitia
2381 2860 2635 2934 exigant,
2659 2861 2759 2916 sed
2781 2877 2915 2916 cum
2937 2860 3178 2916 caritate
3201 2859 3309 2916 hoc
3331 2860 3483 2932 quod
3505 2859 3590 2917 eis
3622 2861 3843 2934 impen-

2192 2967 2324 3006 sum
2353 2950 2527 3005 fuerit
2556 2949 2862 3022 accipiant.

2264 3040 2394 3095 Haec
2434 3043 2631 3095 autem
2676 3043 2806 3095 acta
2836 3042 2975 3095 sunt
3003 3038 3064 3094 in
3094 3038 3327 3094 civitate
3370 3037 3711 3107 Ratisbona,
3745 3055 3843 3094 an-

2193 3146 2267 3185 no
2297 3128 2601 3184 dominicae
2631 3127 3050 3184 incarnationis
3097 3128 3255 3195 1104,
3286 3126 3488 3183 indict.
3523 3128 3611 3196 12,
3644 3127 3845 3199 presi-

2192 3218 2364 3273 dente
2386 3234 2537 3290 papa
2557 3215 2821 3272 Paschali
2848 3218 2957 3282 11⁸,
2983 3219 3266 3289 przesente
3292 3216 3339 3251 3°
3358 3219 3555 3272 autem
3577 3210 3844 3273 Heinrico

437 3320 670 3376 cunque
692 3304 1067 3375 adjudicium
1090 3304 1345 3378 episcOpi
1372 3306 1817 3378 pertinentibus,
1841 3290 2155 3362 decom-C
2194 3306 2541 3378 imperatore
2598 3305 2695 3361 Illo
2751 3303 2956 3360 multis
3013 3303 3123 3360 hoc
3178 3307 3297 3360 tam
3354 3302 3610 3360 ecclesiae
3667 3322 3840 3377 quam

437 3393 601 3449 muni
632 3410 921 3449 consensu
953 3395 1249 3449 decretum
1272 3399 1381 3461 est,
1415 3400 1479 3450 ut
1501 3395 1665 3451 vivus
1695 3400 1752 3451 et
1775 3396 2085 3452 defunctus

440 3481 556 3538 nisi
587 3482 897 3554 resipuerit
937 3483 1349 3539 communione
1386 3488 1599 3539 careat.
1626 3485 1947 3557 Presbyter,
1981 3484 2082 3556 qui

434 3570 652 3627 talibus
682 3571 873 3627 sciens
905 3572 1439 3641 communicaverit,
1462 3573 1535 3627 ab
1557 3573 1747 3629 ofﬁcio
1770 3590 1876 3630 suo
1903 3574 2083 3629 inter-

2195 3395 2356 3469 regni
2396 3393 2761 3469 principibus
2800 3387 3293 3449 conlaudantibus
3341 3396 3399 3448 et
3448 3391 3841 3449 conﬁrmanti-

2192 3485 2324 3551 bus,
2357 3501 2609 3556 quorum
2641 3482 2880 3538 nomina
2908 3483 2949 3518 ³¹
2985 3482 3203 3554 scripta
3234 3484 3373 3537 sunt
3402 3482 3461 3537 in
3493 3481 3705 3553 majori
3737 3483 3844 3555 pri-

2190 3572 2421 3646 vilegio.

1785 3698 2028 3754 VARIJE
2068 3697 2482 3754 LECTIONES.

497 3793 544 3869 ξδ
570 3794 686 3849 cod.
720 3792 929 3869 reolos.
1006 3795 1050 3827 ²⁴
1083 3810 1431 3869 magnarum
1477 3796 1854 3869 ecclesiarum
1887 3814 1940 3869 p.
1974 3796 2176 3869 ΑιιαΙι.Δ
2231 3796 2276 3869 ἕδ
2304 3795 2344 3850 i.
2392 3794 2655 3869 advocati

2688 3811 2743 3866 p.
2778 3793 2981 3866 Altah,
3037 3792 3200 3866 “vel
3230 3794 3410 3850 Auah.
3473 3794 3530 3866 f7
3560 3810 3613 3849 a.
3648 3794 3711 3850 in
3742 3810 3839 3866 pa-

423 3864 633 3949 bulum
662 3865 903 3949 triginta
944 3862 1229 3949 equorum
1279 3868 1493 3949 reliqua
1536 3868 1729 3924 desunt
1774 3871 1833 3924 in
1882 3862 2061 3924 Άιιαὴ.
2138 3866 2182 3903 ²⁸
2211 3867 2365 3924 sicut
2409 3862 2613 3923 Meieh.’
2674 3862 2720 3902 π
2748 3865 2861 3922 sibi
2889 3865 3004 3922 cod.
3080 3865 3126 3900 ³ο
3156 3869 3435 3935 regnante
3464 3865 3529 3920 Μ.
3606 3866 3649 3901 ³³
3683 3862 3762 3920 ιιῖ
3781 3866 3839 3921 in

422 3934 573 3994 libro
603 3934 983 3994 traditionum
1000 3934 1496 3994 'continentur'M.

2007 4036 2240 4093 NOT/E.

491 4133 569 4204 (7)
598 4136 892 4190 Statutum
932 4135 1004 4190 de
1047 4135 1339 4192 advocatis
1387 4135 1768 4192 ecclesiarum
1816 4135 1874 4191 in
1925 4151 2068 4191 con-

417 4208 594 4286 ventu
621 4205 1027 4286 Batisponensi
1062 4207 1268 4286 primis
1293 4207 1428 4286 anni
1459 4208 1931 4286 liOimensibuS
1953 4205 2069 4286 edi-

416 4278 565 4350 tum,
589 4280 766 4350 atque
797 4277 856 4331 in
879 4277 1076 4350 codice
1106 4277 1471 4350 bibliothecae
1503 4277 1673 4350 regiae
1703 4278 2069 4350 Monacensis

1001 4349 1115 4404 iam
1164 4365 1297 4403 vero
1345 4349 1498 4403 inter
1550 4348 1781 4404 codices
1830 4348 2069 4404 Latinos

420 4344 559 4400 olim
600 4344 1011 4472 Au‘gustanoq’

420 4432 475 4469 n.
508 4417 545 4468 2
574 4422 889 4472 asservato.
930 4418 986 4472 fo

417 4432 475 4469 n.
508 4417 545 4468 2
574 4417 889 4484 asservato,
930 4417 1028 4473 fol.
1052 4418 1166 4482 89‘,
1199 4436 1377 4474 manu
1412 4420 1607 4475 saeculi
1637 4437 1715 4474 xu
1765 4425 2066 4475 exaratum

418 4501 568 4540 anne
600 4488 737 4542 1833
789 4487 1003 4543 inveni.
1037 4488 1374 4544 Prmcedunt
1430 4490 1508 4544 ibi
1568 4490 1688 4546 hazc
1734 4491 1953 4547 verba:
1986 4493 2069 4547 Ea:

415 4558 645 4633 copeilio
674 4558 967 4633 A/[ricqnd
1007 4561 1196 4616 Visum
1233 4569 1310 4616 est
1352 4563 1644 4629 universis,
1676 4564 1743 4618 ab
1774 4564 2064 4633 imperato-

414 4628 570 4683 ribus
583 4628 971 4701 postulandum
987 4639 1211 4704 propter
1225 4634 1584 4705 afﬂictionem
1596 4628 1926 4707 pauperum,
1939 4650 2067 4707 quo-

2176 4151 2303 4189 rum
2324 4134 2589 4189 molestiis
2627 4133 2748 4188 sine
2797 4134 3203 4189 intermissione
3245 4134 3520 4203 fatigatur
3548 4132 3836 4201 Ecclesia,

2177 4210 2239 4261 ut
2265 4205 2572 4276 defensores
2601 4205 2681 4259 eis
2711 4204 2967 4277 adversus
2993 4206 3265 4277 potentias
3298 4203 3535 4277 divitum
3558 4221 3685 4277 cum
3720 4208 3836 4277 epi-

2175 4273 2458 4347 scoporum
2482 4277 2795 4347 provisione
2822 4273 3210 4343 deligarentur.
3235 4273 3440 4329 Primae
3470 4273 3838 4332 constitutio-

2178 4349 2269 4402 nis
2301 4346 2466 4402 lineze
2499 4347 2558 4401 in
2579 4346 2775 4402 codice
2795 4345 3092 4402 Altahensi
3118 4364 3211 4402 an.
3240 4347 3380 4401 1260
3403 4346 3475 4401 ab
3497 4346 3833 4402 Hermanno

2178 4365 2269 4403 ms
2301 4363 2466 4403 1108113
2499 4364 2558 4401 ιη
2579 4363 2775 4403 000106
2795 4363 3092 4402 Αιιᾶῐιθηει
3118 4364 3211 4402 an.
3240 4363 3380 4401 IZOU
3403 4363 3475 4401 RD
3498 4363 3833 4404 uermanno

2176 4420 2387 4475 abbate
2413 4418 2758 4491 conscripto
2775 4422 3100 4491 servantur,
3124 4421 3297 4491 atque
3314 4417 3568 4491 vulgata
3601 4424 3749 4475 sunt
3776 4420 3829 4474 in

2178 4490 2573 4546 Monumentis
2606 4488 2796 4545 Boicis
2826 4493 2868 4543 t.
2896 4488 2988 4559 ΧΙ,
3010 4506 3066 4561 ρ.
3092 4490 3180 4555 26,
3197 4488 3273 4561 in.
3296 4488 3677 4561 loialteram
3706 4490 3829 4547 edi-

2176 4562 2396 4618 tionem
2427 4579 2497 4617 ex
2520 4561 2666 4616 libro
2694 4560 3056 4618 FrisingenSi
3079 4560 3237 4616 dedit
3258 4560 3656 4618 Meichelbeck
3684 4561 3825 4618 Hist.

2176 4633 2425 4706 Frising.
2458 4638 2501 4688 t.
2540 4636 2583 4701 Ι,
2618 4650 2674 4705 p.
2711 4648 2772 4698 ιι,
2807 4649 2865 4687 n.
2900 4633 3059 4686 12⁸72.

1202 4922 1726 5018 HENBICI
1796 4925 1922 5017 IV
1991 4922 2237 5016 IMP.
2310 4918 3036 5013 DIPLOMATA

1917 5125 2315 5137 ——I—-

631 5337 993 5410 Privilegium
1015 5356 1118 5410 pro
1148 5341 1384 5396 Ecclesia
1414 5340 1828 5412 Hamburgensi.

885 5430 1071 5497 (Anno
1104 5431 1261 5494 1057,
1293 5430 1429 5502 Apr.
1461 5430 1576 5501 25.)

587 5513 1008 5584 [LAPPENBERG,
1042 5519 1336 5589 Ilamburg.
1374 5519 1640 5585 Urkund.,
1673 5536 1727 5591 p.
1760 5519 1867 5591 79..

482 5598 541 5653 ln
576 5602 809 5659 nomine
834 5612 1044 5662 sanctae
1067 5611 1124 5661 et
1144 5606 1455 5662 individua:
1478 5606 1799 5663 Trinitatis.
1825 5607 2046 5664 Hamm-

407 5703 534 5757 ωε,
569 5686 763 5746 divina
794 5691 1017 5749 favente
1046 5693 1375 5766 clementia,
1408 5711 1525 5752 rex.

2240 5249 2299 5305 Si
2329 5248 2456 5303 loca
2485 5247 2698 5303 divinis
2720 5245 2972 5303 cultibus
3005 5246 3359 5319 mancipata,
3379 5262 3541 5304 more
3560 5251 3827 5306 anteces-

2166 5354 2364 5396 sorum
2387 5340 2743 5404 nostrorum,
2767 5351 2969 5409 regum
2992 5340 3050 5392 et
3076 5336 3522 5408 imperatorum,
3550 5336 3741 5395 ditare
3767 5343 3829 5395 et

2164 5426 2485 5484 sublimare
2527 5442 2827 5491 curamus,
2853 5429 3129 5481 aeternam
3173 5424 3618 5482 retributionem
3652 5426 3832 5483 nobis

2165 5516 2300 5571 inde
2332 5516 2591 5572 futuram
2635 5513 2859 5586 liquido
2889 5513 3204 5570 credimus.
3239 5514 3521 5580 Quocirca
3551 5514 3831 5573 omnium

2161 5604 2375 5662 Christi
2396 5607 2849 5674 nostrorumque
2864 5602 3127 5658 fidelium
3149 5607 3269 5658 tam
3293 5602 3627 5659 futurorum
3641 5620 3835 5677 quam

2161 5691 2539 5769 praesentium
2557 5691 2782 5748 noverit
2797 5690 3088 5749 industria
3105 5690 3357 5765 qualiter
3372 5709 3500 5762 nos,
3514 5698 3622 5765 pro
3639 5708 3840 5752 reme-
