3968 6158
186 273 340 344 {Mi

1539 276 1932 344 HENRICUS
1973 277 2054 345 IV
2095 279 2258 344 IMP.

3442 271 3600 340 1142

185 413 282 473 dio
311 413 494 471 beata
525 411 820 472 memoria
848 411 1032 488 patris
1063 411 1249 472 nostri
1286 411 1538 470 Heinrici
1567 413 1722 470 tertii
1754 431 1842 470 re-
1870 414 1926 484 Α
1946 416 2131 490 judex
2150 412 2420 490 publicus
2439 413 2528 473 vel
2551 414 2798 490 quilibet
2817 433 2885 474 ex
2895 410 3212 489 judiciaria
3229 413 3513 486 potestate
3539 409 3602 468 in

184 503 295 578 gis,
319 503 563 561 secundi
585 503 984 560 Romanorum
1006 503 1376 578 imperatoris
1398 504 1668 577 Augusti,
1691 508 1748 560 et
1769 504 1843 560 ob

181 593 580 650 interventum
613 591 836 650 dilecta
886 594 1092 650 matris
1123 597 1334 650 nostra
1365 594 1626 666 Agnetis,
1663 593 1846 666 impe-

180 683 413 740 ratricis
443 686 744 756 Augusta,
767 700 874 740 nec
895 701 1011 741 non
1033 685 1106 740 ob
1130 684 1469 757 petitionem
1493 688 1549 739 et
1572 684 1848 740 devotum

181 789 248 829 ac
277 771 447 829 fidele
477 772 783 828 servitium
808 773 1129 842 Adalberti,
1150 772 1504 830 venerabilis
1529 773 1853 830 Hamabur-

181 861 383 934 gensis
413 859 684 918 Ecclesia
736 862 1182 935 archiepiscopi,
1213 879 1342 935 quae
1391 866 1482 918 est
1513 867 1852 918 constructa

185 951 245 1006 in
277 950 556 1007 honorem
601 950 800 1007 Sancti
849 951 1168 1011 Salvatoris
1197 956 1254 1007 et
1284 950 1672 1008 sanctissima
1722 952 1850 1022 ejus

181 1039 481 1113 genitricis
507 1039 701 1097 Maria
723 1040 992 1114 virginis,
1025 1041 1340 1113 quemdam
1365 1041 1551 1096 nostri
1574 1041 1731 1111 juris
1760 1057 1853 1096 co-

185 1129 483 1200 mitatum,
515 1128 737 1185 scilicet
768 1129 826 1185 in
859 1131 1028 1203 pagis
1055 1131 1330 1202 Hunesga
1359 1134 1416 1185 et
1447 1128 1689 1202 Fivilga,
1716 1146 1850 1185 cum

186 1219 389 1275 eodem
419 1219 556 1290 jure
586 1218 866 1291 omnique
917 1219 1192 1287 utilitate,
1224 1236 1405 1292 quam
1452 1223 1851 1276 antecessores

186 1307 373 1365 nostri
404 1307 740 1364 habuerunt
767 1307 855 1365 vel
898 1307 1018 1365 ullo
1064 1309 1239 1365 modo
1288 1309 1346 1364 in
1401 1309 1664 1364 futurum
1717 1307 1852 1364 inde

185 1397 398 1469 poterit
446 1395 768 1469 provenire,
801 1398 873 1452 ad
926 1414 1101 1454 usum
1155 1398 1424 1470 ejusdem
1477 1395 1743 1454 Ecclesia
1792 1397 1851 1452 in

184 1486 490 1558 proprium
521 1484 878 1542 tradidimus
907 1490 964 1542 et
989 1486 1476 1543 condonavimus.

253 1578 504 1647 Insuper
529 1573 706 1630 etiam
753 1575 942 1632 eidem
975 1575 1416 1648 archiepiscopo
1467 1575 1764 1632 licentiam
1797 1578 1855 1631 et

181 1665 530 1734 potestatem
564 1663 961 1719 concessimus
1005 1663 1066 1719 in
1109 1664 1317 1720 eodem
1366 1664 1654 1720 comitatu
1705 1665 1854 1720 duos

183 1755 480 1808 mercatus
494 1751 1105 1821 constituendi,unum
1129 1752 1405 1810 videlicet
1423 1752 1484 1808 in
1496 1753 1851 1810 Wincheim.
1883 1788 1934 1855 Β

185 1844 245 1896 et
275 1839 527 1897 alterum
575 1841 633 1896 in
669 1841 1140 1910 Gerleviswerth,
1168 1859 1304 1898 cum
1347 1843 1598 1899 monetis
1623 1848 1681 1899 et
1710 1843 1854 1898 telo~

188 1930 339 1996 neis,
363 1933 483 1986 tam
515 1929 576 1985 in
607 1947 760 2003 aqua
789 1947 966 2003 quam
1000 1931 1059 1986 in
1104 1935 1261 1986 terra
1290 1935 1348 1988 et
1378 1931 1437 1987 in
1468 1932 1627 1988 omni
1657 1931 1854 1988 distri-

187 2019 377 2075 ctione
408 2035 535 2090 qua
567 2019 639 2074 ad
661 2019 853 2076 forum
875 2024 932 2075 et
954 2020 1176 2092 regiam
1207 2021 1464 2092 pertinet
1485 2023 1851 2097 potestatem,

185 2106 269 2163 ita
299 2107 537 2180 quidem
571 2111 635 2162 ut
662 2106 860 2164 nullus
881 2108 1066 2180 judex
1087 2113 1187 2164 aut
1213 2112 1450 2165 exactor
1471 2108 1559 2165 vel
1593 2108 1712 2164 ulla
1743 2108 1858 2164 alia

189 2211 462 2268 persona,
490 2200 697 2268 prater
726 2195 962 2252 libitum
995 2196 1254 2270 pradicti
1289 2197 1732 2270 archiepiscopi,
1761 2214 1856 2253 re-

186 2283 346 2358 giam
398 2289 660 2340 nostram
713 2284 1088 2341 traditionem
1148 2286 1425 2342 invadere
1477 2290 1579 2342 aut
1624 2287 1852 2343 irritam

183 2372 374 2430 facere
403 2378 756 2446 praesumat.

257 2462 418 2519 Hanc
451 2466 647 2519 autem
683 2462 1060 2520 traditionem
1084 2464 1186 2520 tali
1214 2463 1440 2520 ratione
1463 2464 1852 2534 firmavimus,

184 2555 251 2607 ut
288 2551 568 2624 prafatus
597 2551 1082 2626 archiepiscopus
1112 2558 1170 2609 et
1195 2570 1564 2610 successores
1595 2554 1752 2610 illius
1782 2555 1854 2610 de

192 2639 634 2713 pranominatis
667 2641 842 2696 rebus
883 2641 1128 2698 liberam
1179 2642 1456 2714 deinceps
1507 2646 1851 2715 potestatem

189 2729 448 2786 habeant
465 2729 824 2798 tenendi,vel
847 2730 1131 2803 quidquid
1157 2730 1274 2786 illis
1295 2731 1366 2786 ad
1391 2749 1564 2787 usum
1589 2731 1852 2788 Ecclesia

187 2819 615 2892 prenominata
642 2817 926 2890 placuerit
952 2819 1088 2874 inde
1112 2819 1379 2876 faciendi.
1404 2821 1474 2876 Et
1503 2825 1568 2876 ut
1598 2820 1719 2877 hac
1749 2839 1851 2877 no-

192 2912 314 2964 stra
346 2905 559 2979 regalis
582 2907 818 2964 traditio
839 2907 1069 2964 stabilis
1089 2912 1146 2964 et
1171 2907 1517 2964 inconvulsa
1540 2911 1701 2964 omni
1733 2927 1856 2982 per-

193 2999 429 3053 maneat
457 3013 596 3064 avo,
619 2996 771 3053 hanc
805 2997 1069 3053 chartam
1100 2997 1234 3053 inde
1260 2997 1650 3070 conscriptam
1675 3015 1853 3055 manu

189 3083 445 3158 propria,
477 3089 542 3140 ut
570 3085 725 3140 infra
767 3085 1018 3155 videtur,
1045 3086 1407 3157 roborantes,
1439 3085 1619 3158 sigilli
1668 3087 1851 3143 nostri

189 3174 584 3247 impressione
603 3175 899 3246 jussimus
928 3174 1223 3248 insigniri.
1597 3227 1605 3235 ,

263 3265 407 3320 Data
433 3281 512 3320 vn
547 3262 838 3320 Kalendas
868 3263 1024 3336 Maii,
1051 3281 1202 3320 anno
1234 3264 1547 3320 Dominica
1581 3266 1848 3323 Incarna-

187 3352 368 3410 tionis
401 3354 561 3419 1057,
593 3352 912 3409 indictione
941 3371 997 3420 κ,
1029 3370 1183 3409 anno
1216 3357 1410 3410 autem
1444 3355 1644 3410 domni
1679 3355 1848 3411 llein-

189 3442 293 3498 rici
329 3441 400 3498 IV
429 3442 583 3515 regis
613 3441 997 3498 ordinationis
1028 3442 1220 3509 tertio,
1255 3442 1417 3514 regni
1450 3441 1659 3515 primo.

259 3532 470 3587 Actum
507 3531 770 3587 Werede.
797 3532 860 3586 In
891 3531 992 3587 Dei
1027 3532 1265 3588 nomine
1295 3531 1557 3588 feliciter.
1586 3535 1791 3588 Amen.

334 3709 700 3779 Privilegium
723 3725 826 3780 pro
854 3710 1079 3766 ecclesia
1107 3710 1164 3766 S.
1195 3711 1350 3764 Petri
1372 3709 1710 3766 Mindonensi

823 3799 1011 3869 (Anno
1044 3798 1228 3869 1059.)

386 3884 672 3959 [Eananm
709 3886 835 3943 Cod.
867 3886 1091 3959 diplom.
1134 3887 1384 3960 Westph.,
1417 3904 1476 3960 p.
1511 3888 1653 3956 117.]

271 3977 334 4033 In
365 3977 603 4032 nomine
634 3980 849 4032 sancta
881 3980 937 4032 et
974 3975 1286 4032 individua
1319 3976 1647 4045 Trinitatis,
1679 3977 1853 4033 ΗειΝ-

197 4083 390 4134 mcus,
424 4066 623 4122 divina
653 4065 880 4121 favente
911 4065 1237 4133 clementia,
1273 4083 1391 4121 rex.

269 4154 558 4212 Omnibus
585 4152 799 4209 Christi
841 4154 1143 4224 nostrique
1186 4153 1456 4209 fidelibus
1488 4159 1607 4210 tam
1642 4155 1856 4211 futuris

199 4259 381 4315 quam
413 4241 802 4313 praesentibus
847 4247 1052 4296 notum
1102 4258 1234 4298 esse
1279 4241 1573 4308 volumus,
1609 4243 1859 4314 qualiter

200 4332 533 4406 Egilbertus
563 4329 875 4403 episcopus
907 4335 1120 4386 sancta
1162 4329 1562 4386 Mindonensis
1594 4331 1857 4388 Ecclesia

198 4421 258 4478 in
291 4420 511 4477 honore
542 4420 729 4476 sancti
780 4419 931 4476 Petri
979 4417 1378 4492 apostolorum
1413 4418 1694 4492 principis
1722 4437 1856 4476 con-
1969 4466 1972 4470 .

200 4509 507 4568 structain
523 4512 786 4566 nostram
801 4507 999 4564 attulit
1019 4507 1395 4580 prasentiam
1416 4506 1667 4579 piissimi
1682 4513 1867 4582 nostri
1898 4526 1947 4595 Ι)

200 4598 482 4674 genitoris
513 4596 769 4654 Heinrici
799 4595 1173 4670 imperatoris
1212 4595 1462 4669 Augusti
1493 4599 1862 4654 caterorum-

199 4703 316 4760 que
345 4692 786 4743 antecessorum
819 4689 1160 4742 nostrorum
1193 4702 1402 4759 regum
1431 4684 1518 4742 vel
1552 4685 1865 4758 imperato-

201 4791 337 4832 rum
364 4776 603 4849 scripta,
626 4775 685 4830 in
710 4775 929 4847 quibus
950 4775 1381 4843 continebatur,
1402 4773 1652 4847 qualiter
1680 4775 1868 4848 ipsius

205 4864 453 4937 prafata
485 4863 755 4921 Ecclesiae
786 4881 879 4921 res
911 4881 1047 4920 cum
1079 4864 1356 4921 omnibus
1404 4863 1464 4920 in
1515 4863 1661 4937 ipsis
1691 4866 1866 4922 rebus

203 4953 669 5010 consistentibus
688 4954 744 5009 in
763 4953 999 5010 illorum
1018 4955 1864 5033 receperyntmundiburdium

205 5059 272 5098 ac
285 5042 683 5098 defensionem
694 5082 707 5106 ,
715 5046 950 5112 precatu
959 5058 1103 5113 sque
1117 5047 1204 5098 est
1218 5043 1587 5098 serenitatem
1602 5049 1862 5099 nostram

208 5134 273 5186 ut
289 5129 399 5186 hoc
421 5130 614 5202 ipsum
635 5147 668 5185 a
686 5135 896 5186 nostra
916 5129 1238 5202 imperialis
1256 5129 1558 5202 potestatis
1576 5147 1865 5188 consensu

207 5219 333 5275 fieri
366 5235 479 5274 non
511 5235 941 5276 recusaremus.
970 5219 1088 5274 Nos
1120 5222 1314 5273 autem
1360 5217 1433 5273 ob
1475 5235 1733 5276 amorem
1764 5221 1864 5277 Dei

206 5312 537 5379 nostraque
568 5307 779 5362 anima
804 5308 1130 5364 remedium
1155 5322 1260 5362 nec
1284 5323 1399 5362 non
1426 5323 1528 5378 pro
1551 5325 1864 5380 regnorum

209 5399 547 5452 nostrorum
571 5395 908 5464 stabilitate,
928 5395 1421 5469 praedecessorum
1445 5400 1776 5452 nostrorum
1810 5403 1866 5454 et

207 5490 486 5559 paternos
507 5501 702 5540 mores
727 5488 1038 5557 sequentes
1059 5489 1114 5541 et
1141 5485 1270 5556 ejus
1292 5483 1640 5557 benignitati
1661 5503 1861 5543 assen-

207 5573 446 5645 tientes,
466 5573 548 5631 ita
578 5573 702 5632 fieri
734 5573 1118 5642 decrevimus,
1144 5572 1544 5648 pracipientes
1573 5577 1638 5630 ut
1667 5574 1864 5632 nullus

1955 507 2233 563 ecclesias
2249 510 2350 562 aut
2369 505 2492 562 loca
2507 505 2593 562 vel
2611 523 2782 579 agros
2804 523 2906 563 seu
2928 505 3185 578 reliquas
3201 501 3604 578 possessiones

1949 597 2076 668 jam
2100 596 2266 652 dicta
2287 595 2576 662 Ecclesiae,
2596 612 2744 668 quas
2774 612 2931 652 nunc
2961 595 3114 650 infra
3133 593 3418 650 ditionem
3439 589 3604 657 regni

1956 684 2139 741 nostri
2157 684 2387 758 legibus
2407 684 2688 756 possidet,
2700 683 2790 739 vel
2809 699 2935 756 qua
2951 682 3224 753 deinceps
3245 681 3305 736 in
3319 681 3458 753 jura
3475 678 3604 749 ejus

1957 773 2153 829 divina
2181 773 2367 845 pietas
2405 771 2655 828 voluerit
2681 772 2902 844 augeri,
2927 772 2999 827 ad
3031 786 3240 826 causas
3283 767 3608 824 audiendas

1955 861 2044 918 vel
2063 863 2090 917 f
2089 862 2225 919 reda
2239 861 2543 934 exigenda,
2557 861 2892 918 mansiones
2909 859 2998 916 vel
3021 858 3271 932 paradas
3287 857 3604 925 faciendas,

1959 955 2061 1008 aut
2091 952 2464 1022 fidejussores
2507 949 2815 1017 tollendos,
2841 953 2942 1005 aut
2987 947 3258 1005 homines
3286 945 3473 1019 ipsius
3501 946 3607 1002 Ec-

1959 1041 2406 1109 clesia,francos
2430 1038 2644 1096 liberos
2666 1044 2723 1095 et
2741 1038 3170 1096 ecclesiasticos
3193 1035 3403 1092 litones
3424 1033 3610 1090 maal-

1959 1147 2118 1186 mam
2149 1129 2238 1185 vel
2269 1144 2466 1185 servos
2507 1128 2822 1200 cujuslibet
2849 1126 3203 1184 conditionis
3240 1141 3346 1182 seu
3375 1123 3613 1181 colonos

1960 1218 2167 1276 contra'
2190 1218 2474 1274 rationem
2497 1217 2930 1290 distringendos
2961 1231 3066 1272 nec
3097 1213 3251 1271 ullas
3278 1212 3615 1270 redhibitio-

1961 1325 2066 1364 nes
2083 1307 2171 1364 vel
2195 1305 2425 1363 illicitas
2447 1306 2781 1362 occasiones
2804 1304 3186 1378 requirendus
3205 1301 3324 1359 ullo
3345 1318 3614 1375 unquam

1959 1401 2222 1468 tempore
2239 1395 2462 1468 ingredi
2477 1395 2689 1451 audeat
2699 1398 2798 1451 aut
2816 1395 3079 1450 bannum
3091 1393 3212 1450 sive
3223 1390 3614 1448 heribannum

1963 1503 2066 1543 seu
2097 1502 2167 1542 ea
2196 1503 2323 1558 qua
2367 1501 2547 1557 supra
2594 1489 2918 1542 memorata
2964 1485 3106 1540 sunt
3131 1482 3205 1539 ab
3233 1480 3351 1537 illis
3381 1479 3615 1554 penitus

1961 1574 2190 1648 exigere
2210 1577 2549 1647 praesumat.
2579 1572 2927 1629 Hominibus
2952 1588 3186 1645 quoque
3206 1570 3395 1627 eidem
3417 1567 3614 1627 acele-

1964 1665 2065 1720 sia
2087 1662 2512 1720 famulantihus
2532 1662 2876 1735 pradictum
2899 1659 3384 1717 mundiburdium
3407 1657 3618 1716 consti-

1962 1753 2208 1823 tuimus,
2231 1757 2298 1809 ut
2337 1752 2515 1808 etiam
2547 1768 2742 1808 coram
2775 1749 2938 1807 nulla
2972 1748 3290 1821 judiciaria
3337 1750 3619 1821 potestate

1964 1845 2388 1910 examinentur,
2403 1842 2516 1898 nisi
2543 1858 2738 1898 coram
2759 1841 3032 1914 episcopo
3055 1845 3114 1896 et
3147 1838 3444 1895 advocatis
3464 1838 3616 1910 ejus,

1965 1951 2111 2007 quos
2147 1933 2413 2005 ejusdem
2453 1930 2718 1988 Ecclesia
2749 1931 3062 2005 episcopus
3091 1928 3350 2002 elegerit.
3374 1928 3621 2002 Insuper

1964 2024 2140 2079 etiam
2169 2024 2432 2078 bannum
2465 2026 2735 2077 nostrum
2774 2025 2833 2076 et
2876 2023 3174 2075 monetam
3206 2016 3620 2090 teloneumque

1963 2111 2084 2167 sive
2109 2109 2420 2167 macellum
2453 2108 2754 2182 publicum
2776 2107 2856 2162 ibi
2877 2106 3136 2164 construi
3159 2105 3354 2176 licere,
3372 2109 3430 2162 et
3447 2104 3620 2178 quid-

1965 2200 2105 2272 quid
2137 2200 2208 2254 ad
2259 2202 2521 2254 nostram
2562 2201 2911 2270 potestatem
2954 2195 3246 2268 pertinere
3288 2193 3618 2265 videbatur,

1962 2288 2153 2345 eidem
2211 2285 2478 2343 Ecclesia
2527 2286 2897 2352 donavimus,
2931 2283 3217 2357 quidquid
3253 2298 3390 2340 vero
3435 2283 3619 2340 ﬁscus

1963 2377 2171 2432 exinde
2200 2391 2437 2449 sperare
2468 2375 2741 2447 potuerit,
2769 2390 2874 2446 pro
2903 2377 3122 2430 aeterna
3149 2371 3619 2429 remuneratione

1961 2466 2250 2538 praedicta
2273 2462 2542 2520 Ecclesia
2569 2463 2642 2518 ad
2675 2462 2969 2536 stipendia
2997 2477 3323 2535 pauperum
3353 2465 3414 2517 et
3439 2459 3618 2517 lumi-

1962 2553 2128 2611 naria
2155 2553 2562 2609 concinnanda
2583 2554 3004 2624 concessimus,
3021 2555 3080 2608 et
3098 2567 3202 2624 per
3220 2567 3284 2607 se
3304 2550 3618 2624 episcopus

1962 2660 2096 2699 cum
2120 2643 2397 2699 omnibus
2424 2642 2598 2698 rebus
2630 2641 2754 2699 suis
2776 2645 2978 2698 nostro
2999 2639 3247 2696 fideliter
3275 2643 3477 2712 pareat
3505 2639 3616 2695 im-

1962 2733 2141 2805 perio,
2165 2737 2222 2788 et
2253 2731 2364 2788 sub
2395 2736 2599 2788 nostra
2631 2735 2858 2788 constet
2904 2729 3261 2797 defensione,
3285 2729 3372 2785 uti
3397 2732 3615 2785 caetera

1960 2839 2276 2895 regnorum
2307 2825 2638 2877 nostrorum
2670 2819 2928 2877 ecclesia
2950 2823 3008 2876 et
3030 2818 3615 2891 episcopi,quatenus

1962 2912 2155 2984 ipsum
2187 2911 2510 2981 fratresque
2533 2910 2799 2981 ejusdem
2833 2909 2943 2964 loci
2976 2924 3078 2981 pro
3108 2907 3278 2963 nobis
3307 2906 3614 2963 dominum

1962 2999 2173 3055 melius
2200 3003 2256 3055 et
2276 2998 2499 3071 jugiter
2543 3015 2707 3053 orare
2737 2995 3424 3054 delectet.Concessimus
3470 3012 3615 3068 quo-

1962 3103 2076 3160 que
2124 3088 2345 3143 eisdem
2397 3086 2679 3142 fratribus
2719 3083 3016 3141 licentiam
3047 3083 3299 3156 eligendi
3349 3082 3501 3140 inter
3554 3100 3619 3140 se

1960 3181 2254 3250 pastorem
2287 3175 2533 3248 dignum
2586 3179 2644 3230 et
2690 3173 2986 3243 idoneum,
3010 3171 3170 3228 salvo
3219 3175 3418 3228 tamen
3465 3173 3617 3242 regis

1957 3267 2076 3323 sive
2108 3264 2477 3337 imperatoris
2509 3279 2823 3320 consensu.
2847 3263 2918 3318 Et
2945 3261 3152 3318 uthac
3174 3263 3375 3316 nostra
3403 3260 3618 3334 regalis

1959 3355 2324 3411 confirmatio
2355 3352 2589 3410 stabilis
2620 3356 2678 3409 et
2716 3350 3061 3408 inconvulsa
3087 3348 3249 3408 omni
3277 3352 3619 3422 permaneat

1957 3462 2094 3509 avo,
2120 3444 2270 3500 hanc
2292 3443 2554 3499 chartam
2584 3442 2721 3498 inde
2742 3440 3034 3498 conscribi
3060 3455 3360 3512 manuque
3381 3439 3618 3512 propria

1957 3534 2400 3590 corroborantes
2440 3529 2616 3606 sigilli
2663 3515 2850 3588 nostri
2897 3527 3607 3603 impressionejuimussse

1958 3622 2248 3696 insigniri.

2029 3712 2267 3781 Signum
2295 3711 2486 3767 damni
2512 3711 2764 3767 Heinrici
2793 3712 2978 3783 quarti
3005 3711 3170 3781 regis.
3201 3709 3285 3781 (L.
3313 3707 3416 3776 M.)

2034 3800 2414 3856 Gebehardus
2445 3798 2834 3856 cancellarius
2853 3798 2975 3854 vice
3005 3796 3298 3870 Liutpaldi
3329 3795 3626 3854 archican-

1963 3888 2183 3945 cellarii
2216 3888 2542 3960 recognovi.

2036 3979 2179 4031 Data
2207 3980 2297 4032 est
2327 3993 2384 4032 νι
2428 3974 2552 4031 Kal.
2585 3977 2758 4048 Aug.,
2790 3991 2942 4030 anno
2995 3971 3307 4029 Dominica
3355 3972 3628 4029 lncarna-

1964 4065 2140 4121 tionis
2174 4064 2333 4131 1059,
2360 4063 2680 4120 indictione
2708 4077 2810 4132 xu,
2835 4079 2990 4119 anno
3014 4065 3212 4118 autem
3245 4059 3633 4119 ordinationis

1966 4153 2167 4211 domni
2196 4154 2265 4220 ll,
2298 4153 2492 4225 quarti
2523 4151 2676 4224 regis
2704 4170 2780 4220 v1,
2808 4151 2970 4226 regni
2994 4166 3128 4207 vero
3157 4167 3240 4206 ιιι.

2044 4246 2253 4300 Actum
2290 4243 2486 4299 Polide
2519 4241 2575 4297 in
2611 4241 2708 4297 Dei
2739 4241 2975 4298 nomine
3006 4239 3270 4298 feliciter.
3304 4241 3509 4296 Amen.

2181 4422 2546 4493 Privilegium
2575 4437 2676 4494 pro
2707 4420 2942 4477 Ecclesia
2971 4418 3428 4476 Paderbomensi.

2605 4511 2792 4580 (Anno
2826 4509 3008 4581 1064.)

2172 4599 2457 4670 [Eanum
2494 4597 2618 4652 Cod.
2654 4598 2878 4669 diplom.
2919 4598 3171 4670 Westp't.,
3201 4614 3259 4670 p.
3294 4598 3442 4666 118.]

2049 4689 2110 4743 In
2142 4687 2379 4743 nomine
2423 4689 2637 4742 sancta
2669 4690 2727 4742 et
2755 4686 3068 4742 individua
3098 4684 3425 4754 Trinitatis,
3459 4686 3635 4743 Hem.

1977 4794 2167 4845 arcus,
2199 4775 2398 4831 divina
2427 4775 2653 4830 favente
2683 4773 3008 4841 clementia,
3042 4790 3161 4830 rex.

2047 4868 2343 4932 Quantum
2377 4863 2547 4937 regia
2581 4862 2954 4920 liberalitatis
2979 4868 3070 4920 est
3096 4863 3168 4920 ad
3201 4879 3348 4920 usus
3370 4861 3637 4918 Ecclesia

1977 4971 2071 5011 res
2098 4952 2186 5010 vel
2219 4952 2586 5008 hareditates
2613 4953 2856 5024 donare,
2877 4955 3107 5009 tantum
3134 4951 3300 5025 regia
3331 4949 3639 5024 dignitatis

1975 5050 2032 5100 et
2074 5041 2491 5098 benevolentia
2525 5059 2652 5098 esse
2683 5041 2955 5098 consistit
2983 5042 3137 5115 dona
3167 5043 3448 5114 perpetua
3497 5057 3639 5114 pace

1977 5132 2293 5203 stabilique
2316 5132 2451 5202 jure
2494 5132 2862 5198 confirmare,
2887 5147 2958 5187 ne
2995 5131 3213 5202 quibus
3243 5129 3461 5204 gaudet
3489 5131 3637 5187 bene

1973 5221 2458 5292 partis,unquam
2483 5220 2678 5277 doleat
2698 5222 2866 5294 pejus
2887 5219 3142 5277 amissis.
3167 5219 3330 5276 Unde
3355 5215 3633 5277 omnibus

1974 5309 2191 5365 Christi
2216 5309 2550 5382 nostrisque
2571 5310 2866 5380 fidelibus,
2891 5315 3012 5367 tam
3045 5310 3261 5366 futuris
3284 5325 3462 5382 quam
3483 5327 3629 5382 pra-

1975 5399 2263 5467 sentibus,
2287 5403 2491 5454 notum
2521 5416 2648 5455 esse
2675 5397 3234 5471 volumus,qualiter
3253 5415 3360 5456 nos
3390 5415 3425 5453 x
3453 5415 3627 5454 man-

1976 5503 2072 5542 sos
2103 5485 2163 5542 in
2195 5486 2331 5544 villa
2363 5487 2568 5542 Ersten
2603 5486 2779 5555 dicta,
2802 5487 2859 5543 in
2894 5504 3040 5561 pago
3065 5489 3344 5562 Engeren,
3370 5487 3428 5542 in
3451 5486 3628 5544 comi-

1973 5580 2100 5634 tatu
2129 5580 2325 5634 autem
2356 5575 2519 5632 Osolt
2561 5576 2794 5634 comitis
2851 5575 3014 5646 sitos,
3037 5594 3186 5651 quos
3187 5575 3629 5652 [dilectissime
