3968 6158
351 267 528 341 1143·

1710 273 2024 342 MONUM.
2071 274 2390 343 DIPLOM.

3621 281 3783 346 ll“

347 398 538 470 mater
565 417 768 472 nostra
797 414 992 488 Agnes
1035 412 1378 487 imperatrix
1425 414 1688 486 Augusta
1716 412 1788 468 ob
1820 427 2006 468 reme-
2035 411 2092 480 Α
2121 411 2373 470 Scaletin
2402 414 2672 473 videlicet
2709 420 2768 474 et
2808 414 3065 486 Palisiol,
3087 431 3226 474 eum
3252 413 3527 472 omnibus
3558 431 3753 490 appen

353 501 516 559 dium
546 503 757 559 animai
781 521 898 560 suae
927 509 985 560 et
1006 505 1218 560 animae
1239 503 1425 576 patris
1457 501 1640 559 nostri
1666 502 1776 574 pia:
1805 517 2022 557 memo-

352 589 450 646 ria!
481 592 744 649 Heinrici
795 593 1163 665 imperatoris
1202 593 1473 664 Augusti,
1510 609 1615 648 nec
1645 609 1761 646 non
1790 591 1862 646 ob
1891 590 2021 646 lon-

355 695 575 754 gaevam
606 682 787 738 vitam
815 687 1079 738 nostram
1111 682 1358 753 vitaeque
1384 679 1705 752 tranquilla
1733 685 2016 751 tempora,

353 769 635 826 fratribus
665 770 1112 827 Podelbrunnen
1138 771 1254 826 Deo
1282 771 1342 825 in
1365 769 1622 825 Ecclesia
1643 770 1867 824 Sanctae
1900 768 2018 822 Ma-

355 858 452 914 riae
484 860 796 932 Sanctique
827 861 1041 916 Liborii
1067 858 1426 916 confessoris
1447 857 1858 923 servientibus,
1883 873 2016 911 cum

354 947 628 1005 omnibus
657 949 1042 1022 appendiciis,
1068 949 1178 1006 hoc
1199 953 1290 1004 est
1322 947 1631 1019 utriusque
1651 964 1826 1002 sexus
1858 963 2020 1001 man-

353 1036 540 1109 cipiis,
573 1039 752 1109 agris,
799 1040 1005 1111 pratis,
1059 1038 1313 1112 pascuis,
1365 1036 1547 1103 silvis,
1581 1035 1995 1092 venationibus

354 1126 547 1193 molis,
591 1126 967 1194 molendinis,
1002 1127 1174 1183 terris
1205 1126 1378 1182 cultis
1430 1131 1485 1181 et
1535 1124 1792 1192 incultis,
1828 1124 1933 1179 viis
1963 1111 2022 1194 ei

352 1213 544 1282 inviis,
569 1216 826 1272 exitibus
845 1222 902 1272 et
926 1217 1234 1288 reditibus,
1260 1216 1523 1288 quaesitis
1544 1220 1601 1270 et
1627 1214 2017 1286 inquirendis,

355 1303 414 1360 in
445 1305 748 1377 proprium
795 1306 1067 1374 tradidit;
1104 1322 1230 1372 nos,
1259 1305 1532 1377 inquam,
1563 1303 1750 1359 eidem
1801 1306 2017 1359 sanctae

354 1393 453 1450 Dei
473 1393 910 1468 congregationi
938 1393 1354 1467 perpetualiter
1374 1392 1936 1456 confirmavimus,et
1956 1391 2015 1445 in

356 1486 639 1538 eternum
671 1483 1133 1539 contradictione
1163 1487 1385 1540 remota
1415 1481 1679 1537 omnium
1712 1481 2014 1552 possiden—

356 1573 463 1626 dos
484 1573 904 1640 concessimus,
928 1590 995 1628 ea
1008 1572 1274 1628 videlicet
1292 1571 1518 1627 ratione
1538 1576 1605 1626 ut
1629 1569 1887 1642 praedicti
1909 1570 2016 1624 fra-

357 1665 476 1715 tres
503 1660 749 1717 liberam
783 1661 917 1716 inde
961 1666 1309 1731 potestatem
1358 1661 1614 1715 habeant
1661 1658 1918 1726 tenendi,
1955 1659 2012 1713 in

2128 501 2295 558 diciis
2324 504 2471 570 suis,
2495 509 2553 559 et
2583 506 2869 578 quidquid
2914 506 2984 562 ad
3015 506 3210 577 ipsum
3243 504 3437 561 locum
3468 504 3629 570 emit,
3652 522 3785 562 sex-

2128 594 2248 645 tam
2281 591 2505 647 scilicet
2535 594 2606 648 de
2644 594 2926 649 Amblava
2955 598 3012 650 et
3043 593 3310 661 Tumbis,
3333 611 3368 649 a
3397 595 3610 649 comite
3642 594 3784 650 Got-

2129 679 2277 735 frido
2309 681 2379 736 de
2429 682 2685 754 Eingeis,
2721 683 2808 738 vel
2840 683 2996 754 quod
3040 683 3112 738 de
3159 683 3312 738 bono
3355 683 3614 739 ecclesia:
3644 700 3790 744 cono

2129 769 2440 824 cambiavit
2469 771 2844 844 Wendegias,
2881 776 2938 827 et
2966 771 3424 827 Corvuoroimon
3457 771 3690 827 abbatis
3720 775 3781 830 S.

2131 858 2452 926 Maximini,
2487 861 2622 915 data
2667 861 2807 916 villa
2845 860 3211 917 Astebronna
3257 860 3382 916 loco
3432 862 3780 928 concambii,

2130 947 2256 1002 sine
2287 947 2484 1020 aliqua
2532 949 2854 1005 infractura
2885 954 3122 1005 maneat
3170 947 3605 1006 inconvulsum.
3639 951 3788 1015 Quo-

2130 1035 2290 1090 niam
2314 1053 2446 1092 vero
2479 1039 2936 1109 praedecessores
2968 1038 3150 1093 nostri
3174 1053 3340 1111 reges
3361 1037 3450 1092 vel
3477 1037 3788 1109 imperato-

2130 1141 2220 1180 res
2250 1142 2369 1180 suae
2400 1127 2764 1183 auctoritatis
2793 1127 3072 1182 firmitate
3103 1125 3213 1198 ipsi
3254 1125 3381 1182 loco
3412 1128 3786 1183 sanciverunt

2129 1219 2193 1269 ut
2213 1215 2526 1272 advocatus
2548 1217 2811 1288 ejusdem
2835 1215 3090 1272 ecclesia:
3123 1217 3180 1270 in
3205 1216 3469 1272 cui-tibus
3491 1217 3560 1272 ad
3589 1215 3784 1272 locum

2127 1303 2574 1376 respicientibus
2605 1323 2719 1361 non
2767 1308 3090 1377 praesumat
3122 1320 3433 1360 mansuras
3463 1309 3563 1360 aut
3609 1322 3784 1376 para-

2127 1396 2288 1448 turas
2348 1393 2553 1461 facere,
2605 1393 3025 1467 redhibitiones
3054 1392 3142 1448 vel
3193 1393 3358 1448 freda
3402 1393 3640 1465 exigere,
3675 1399 3785 1448 aut

2125 1479 2406 1552 placitum
2445 1488 2662 1548 tenere,
2697 1487 2796 1537 aut
2843 1482 3179 1555 parefredos
3226 1499 3454 1538 sumere
3484 1482 3616 1547 sibi,
3648 1482 3785 1538 sine

2125 1571 2417 1640 permissu
2445 1572 2674 1627 abbatis
2704 1571 2791 1626 vel
2835 1571 3155 1638 voluntate,
3189 1572 3393 1626 eadem
3425 1577 3482 1626 et
3529 1587 3637 1627 nos
3669 1571 3782 1643 ipsi

2123 1659 2319 1714 abbati
2343 1661 2631 1716 ﬁrmando
2653 1661 3122 1726 corroboramus,
3150 1659 3444 1732 bannique
3467 1661 3656 1716 nostri
3681 1661 3787 1715 im-

358 1747 572 1803 melius
601 1749 1023 1817 commutandi,
1057 1749 1145 1804 vel
1177 1748 1464 1821 quidquid
1512 1749 1584 1803 ad
1637 1763 2010 1803 communem
2033 1752 2088 1848 ’Β
2122 1748 2407 1820 positione
2439 1767 2510 1805 ne
2540 1749 2814 1820 deinceps
2836 1750 3155 1821 quisquam
3189 1749 3310 1804 haec
3336 1750 3553 1805 audeat
3582 1749 3788 1805 infrin-

359 1836 595 1893 illorum
635 1836 945 1893 utilitatem
1006 1838 1294 1893 voluerint
1346 1837 1614 1892 faciendi.
1650 1838 1716 1892 Et
1770 1841 1835 1892 ut
1890 1837 2010 1892 haec

359 1930 560 1982 nostra
589 1926 802 1998 regalis
841 1926 1211 1982 confirmatio
1242 1926 1364 1982 sive
1414 1925 1648 1982 traditio
1696 1925 1926 1981 stabilis
1957 1931 2014 1981 et

357 2015 701 2072 inconvulsa
719 2016 881 2072 omni
913 2020 1252 2087 permaneat
1275 2020 1555 2087 tempore,
1573 2016 1725 2071 hanc
1746 2015 2011 2070 chartam

356 2103 494 2160 inde
523 2104 834 2170 conscribi,
864 2120 1160 2176 manuque
1192 2105 1428 2176 propria
1453 2105 1913 2170 corroborantes,
1939 2103 2013 2159 si-

357 2192 482 2267 gilli
513 2193 698 2249 nostri
727 2192 1114 2265 impressione
1144 2192 1440 2264 jussimus
1471 2193 1759 2265 insigniri.

431 2283 662 2354 Signum
684 2283 873 2338 domui
899 2283 1145 2338 Ποίηνίσί
1173 2284 1357 2353 quarti
1385 2285 1550 2354 regis.
1583 2284 1672 2355 (L.
1707 2282 1807 2349 M.)

431 2373 787 2446 Sigebardus
835 2371 1220 2428 cancellarius
1249 2371 1371 2427 vice
1415 2371 1685 2446 Sigefridi
1715 2371 2013 2427 archican-

361 2461 576 2518 cellarii
606 2461 933 2534 recognovi.

433 2550 580 2606 Data
604 2566 707 2606 xm
739 2551 865 2606 Kal.
894 2549 1163 2621 Augusti.
1200 2590 1213 2603 .
1252 2590 1263 2602 .

1137 2637 1238 2693 IV.

365 2729 673 2800 Diplomata
696 2729 917 2784 Henrici
937 2730 960 2782 1
969 2730 1006 2781 ιν
1021 2729 1164 2798 regis
1188 2729 1552 2783 Romanorum
1566 2743 1666 2798 pro
1686 2731 2015 2784 monasterio

434 2799 764 2855 Stabulensi.
789 2830 858 2839 —
885 2799 1182 2854 Conﬁrmat
1221 2801 1574 2855 antiauorum
1619 2816 1807 2855 renum
1838 2802 2015 2855 privi-

435 2816 764 2855 otaoutensi.
789 2830 858 2839 —
885 2816 1182 2854 connrmar
1221 2816 1574 2870 antiquorum
1619 2816 1807 2864 regum
1835 2817 2016 2870 privi-

435 2873 595 2942 ἱερέα,
628 2870 1013 2928 advocatorum
1061 2872 1431 2996 opgressiones
1462 2874 1623 2932 vetat,
1667 2870 1926 2941 jubctque
1956 2876 2016 2927 ut

435 2943 637 2996 duobus
691 2942 1066 2996 monasteriis.
1157 2942 1425 2996 tabulensi
1477 2951 1530 2996 et
1587 2941 2012 2996 llatmundario.

369 3011 375 3014 _
431 2941 637 2998 duobus
691 2942 1066 3006 monasteriis,
1119 2941 1425 2997 Stabulensi
1477 2951 1530 2997 et
1587 2941 2012 3009 llatmundario,

431 3016 630 3073 unicus
656 3017 728 3069 sit
765 3013 945 3069 abbas.

982 3103 1171 3171 (Anno
1203 3100 1388 3170 1065.)

690 3191 1010 3263 [Mauram-3,
1042 3190 1217 3262 Ampl.
1252 3191 1454 3246 collect.
1492 3189 1558 3257 ll,
1591 3192 1705 3258 70.)

438 3282 500 3337 ln
528 3279 762 3337 nomine
787 3284 1005 3336 sanctae
1027 3283 1082 3335 et
1105 3279 1418 3335 individua:
1443 3278 1769 3344 Trinitatis,
1795 3281 2021 3336 Hamm-

366 3388 493 3437 cus,
527 3369 722 3425 divina
753 3369 977 3425 favente
1011 3368 1337 3433 clementia,
1375 3385 1488 3423 rex.

435 3458 782 3514 Sublimitas
831 3457 1044 3529 regalis
1097 3456 1420 3528 prudentiae
1471 3461 1582 3512 Deo
1638 3457 2015 3513 servientium

365 3547 494 3619 paci
526 3564 592 3602 ac
624 3545 804 3618 quieti
853 3545 1208 3601 omnimodis
1250 3546 1421 3601 debet
1470 3545 1818 3617 prospicere.
1855 3546 2016 3602 Unde

363 3633 683 3707 comperiat
709 3633 974 3689 omnium
1001 3633 1262 3688 fidelium
1287 3638 1619 3688 nostrorum
1655 3638 1774 3688 tam
1801 3634 2020 3690 futuro-

361 3741 494 3780 rum
521 3739 698 3796 quam
730 3723 1109 3795 praesentium
1139 3722 1452 3790 industria,
1472 3723 1650 3792 quod,
1675 3725 2014 3780 monasterii

359 3813 620 3871 Stabulai
643 3812 754 3869 sub
776 3817 978 3868 nostra
999 3810 1217 3866 ditione
1240 3809 1336 3866 siti
1360 3811 1731 3883 providentes
1757 3813 2012 3880 utilitati,

357 3904 414 3959 id
447 3902 744 3959 obtinente
796 3902 947 3973 apud
1008 3904 1267 3956 nostram
1319 3899 1729 3955 celsitudinem
1785 3902 2014 3959 abbatis

355 3993 621 4065 ejusdem
671 3990 802 4056 loci,
837 3989 1060 4046 scilicet
1108 3988 1472 4055 Theoderici,
1527 3991 1866 4057 reverentia,
1917 4009 2013 4063 pe-

353 4085 510 4137 tente
539 4081 739 4137 eodem
775 4079 984 4134 abbate
1007 4079 1178 4148 juxta
1209 4078 1586 4149 antiquorum
1622 4094 1828 4147 regum
1861 4079 2010 4151 Sigi-

352 4169 523 4236 berti,
557 4166 850 4233 Hilderici,
882 4165 1171 4233 Clodovei,
1213 4167 1545 4239 Dagoberti,
1591 4168 1691 4240 qui
1744 4175 2011 4223 constru-

350 4263 540 4314 ctores
572 4257 808 4313 fuerunt
823 4255 1044 4327 prmfati
1068 4254 1202 4321 loci,
1237 4271 1340 4309 nec
1364 4272 1479 4309 non
1509 4259 1564 4308 et
1590 4255 2009 4326 imperatorum

349 4344 559 4410 Caroli,
592 4345 884 4410 Ludovici,
930 4344 1210 4398 Ottonum
1241 4341 1442 4406 trium,
1478 4341 1753 4410 Heinrici,
1804 4345 1903 4398 sed
1953 4349 2010 4398 et

349 4432 723 4491 serenissima
783 4432 1079 4487 memoriis
1125 4429 1460 4486 Cbuonradi
1509 4429 1882 4502 imperatoris
1915 4433 2003 4486 avi

348 4521 677 4588 nostri,nec
699 4537 811 4576 non
843 4520 1126 4594 genitoris
1154 4519 1338 4574 nostri
1371 4519 1482 4592 pias
1512 4521 1807 4576 memoriae
1835 4521 2000 4577 Hcin-
2034 4525 2075 4589 D

343 4611 445 4667 rici
479 4610 846 4684 imperatoris
886 4608 1135 4682 Augusti
1168 4607 1393 4664 sancita
1423 4608 1880 4680 appendentium
1912 4611 1999 4665 vel

341 4700 690 4757 traditarum
735 4716 930 4755 rerum
984 4696 1068 4752 illi
1121 4697 1399 4764 ecclesiae,
1434 4715 1467 4752 a
1497 4702 1756 4770 tempore
1809 4700 1993 4756 sancti

341 4789 602 4864 Remain
661 4806 765 4862 per
823 4788 1195 4844 succedentia
1225 4791 1508 4859 tempora,
1544 4793 1727 4843 ratam
1781 4806 1992 4860 praece-

337 4880 596 4953 ptionem
627 4879 993 4934 firmavimus
1043 4875 1220 4948 regali
1260 4875 1602 4931 auctoritate
1646 4883 1862 4932 nostra.
1897 4879 1995 4933 Est

337 4970 516 5043 igitur
537 4972 738 5024 nostra
761 4966 1099 5040 dignatione
1122 4965 1413 5020 sancitum
1438 4968 1520 5031 ut,
1542 4966 1828 5038 quidquid
1856 4983 1995 5037 prie-

337 5058 708 5114 decessorum
735 5071 977 5112 suorum
1010 5053 1375 5124 temporibus
1405 5052 1486 5106 illi
1523 5051 1645 5108 loco
1681 5053 1788 5108 fuit
1813 5055 1990 5108 tradi-

335 5152 462 5201 tum
495 5151 595 5202 aut
636 5146 1055 5210 condonatum,
1081 5159 1181 5197 seu
1215 5141 1370 5213 quod
1423 5142 1832 5212 praedecessori
1887 5161 1992 5198 suo

335 5235 551 5304 abbati,
583 5234 849 5290 videlicet
897 5231 1179 5304 Popponi,
1227 5229 1544 5302 imperator
1579 5230 1887 5286 Ileinricus
1918 5232 1989 5286 ob

333 5339 453 5377 suae
485 5325 694 5379 animae
727 5323 1055 5378 mercedem
1087 5321 1156 5375 de
1185 5318 1478 5373 Hasbanio
1525 5319 1778 5374 reddidit
1811 5321 1988 5376 bene-

334 5412 555 5477 ficium,
588 5413 707 5468 sive
738 5413 892 5484 quod
928 5429 961 5466 a
990 5410 1136 5465 divae
1179 5407 1477 5463 memoriae
1509 5424 1612 5462 avo
1643 5415 1843 5464 nostro
1877 5409 1989 5482 ipsi

333 5497 442 5554 fuit
495 5499 826 5554 restitutum
868 5518 902 5554 a
966 5499 1178 5553 comite
1227 5494 1600 5564 Hcrimanno,
1653 5512 1722 5552 ex
1760 5497 1989 5554 herede

335 5590 582 5654 mortuo,
614 5603 716 5657 per
755 5587 1054 5657 aliquanta
1085 5590 1350 5658 tempora
1396 5584 1611 5656 injuste
1662 5586 1984 5655 detentum,

2120 1850 2253 1906 gere
2293 1835 2650 1907 vigoramus,
2685 1841 2740 1892 et
2792 1836 3079 1908 quidquid
3133 1853 3274 1892 sane
3323 1836 3641 1909 acquisivit
3687 1842 3789 1892 aut

2121 1923 2477 1996 acquisitum
2531 1925 2738 1998 reperit
2769 1925 2829 1980 in
2861 1924 3228 1996 quibuslibet
3276 1925 3453 1982 rebus
3503 1925 3786 1993 ecclesiae,

2122 2013 2429 2068 roboratur
2457 2020 2668 2070 nostrae
2691 2014 3060 2071 auctoritatis
3091 2019 3217 2070 rata
3249 2015 3663 2086 praeceptione,
3687 2016 3787 2072 ba-

2123 2102 2266 2157 bens
2311 2103 2743 2160 immunitatem
2776 2104 2849 2158 ab
2890 2103 3049 2158 omni
3083 2104 3507 2158 advocatorum
3547 2104 3788 2160 infesta-

2125 2191 2299 2248 tione.
2326 2193 2390 2247 Et
2413 2192 2692 2263 quoniam
2717 2192 3019 2248 monachis
3047 2192 3302 2248 alterius
3326 2193 3596 2259 omnobii,
3620 2194 3677 2248 id
3702 2201 3789 2251 est

2125 2280 2560 2347 Malmundarii,
2585 2282 2810 2337 sancita
2837 2282 3218 2353 antiquorum
3249 2297 3458 2354 regum
3482 2281 3573 2337 vel
3603 2283 3785 2354 impe-

2125 2375 2384 2425 ratorum
2417 2387 2535 2425 non
2575 2371 2952 2436 suffecerunt,
2978 2375 3034 2427 et
3063 2371 3174 2426 sub
3209 2370 3446 2426 duobus
3477 2371 3786 2427 abbatibus

2124 2459 2453 2514 rescindere
2483 2459 2685 2514 eadem
2712 2459 3071 2514 monasteria
3099 2457 3535 2528 laboraverunt,
3562 2461 3718 2532 quod
3752 2479 3783 2515 a

2124 2548 2488 2620 temporibus
2518 2549 2699 2604 sancti
2733 2547 2994 2621 Remain
3025 2548 3227 2604 adhuc
3261 2553 3457 2605 manet
3485 2549 3784 2606 inconvul-

2124 2654 2278 2704 sum,
2305 2642 2539 2708 propter
2560 2637 2700 2704 haec,
2721 2637 2985 2709 inquam,
3011 2642 3077 2692 ut
3101 2655 3172 2693 ne
3204 2655 3320 2710 qua
3342 2637 3614 2711 deinceps
3638 2639 3788 2696 inter

2125 2741 2224 2781 eos
2273 2726 2670 2781 controversia
2727 2726 2849 2792 fiat,
2883 2727 3037 2798 quod
3097 2727 3360 2782 evenisse
3417 2729 3783 2799 temporibus

2125 2816 2325 2870 domni
2356 2814 2726 2887 imperatoris
2753 2815 2982 2872 Ottonis
3014 2816 3257 2872 secundi
3288 2821 3537 2884 constat,
3566 2818 3785 2872 statui-

2127 2921 2281 2972 mus,
2324 2906 2646 2960 secundum
2697 2905 2954 2960 edictum
3007 2909 3298 2970 nostrum,
3334 2909 3398 2960 ut
3445 2906 3558 2961 sub
3609 2906 3783 2960 unius

2125 2994 2356 3050 abbatis
2377 2993 2681 3066 regimine,
2697 2993 3086 3064 sicutjugiter
3105 2993 3448 3065 permansit,
3463 2998 3783 3066 utrumque

2126 3085 2206 3138 sit
2235 3085 2567 3154 subjectum
2599 3081 2951 3138 camobium.
2977 3083 3046 3137 Et
3069 3088 3134 3136 ut
3160 3082 3281 3137 haec
3311 3087 3520 3138 nostrae
3553 3099 3783 3139 conces-

2129 3171 2311 3227 sionis
2341 3188 2407 3227 ac
2439 3170 2900 3227 conﬁrmationis
2922 3172 2994 3226 de
3015 3171 3291 3228 omnibus
3314 3171 3405 3227 his
3427 3171 3656 3244 plenior
3680 3173 3779 3226 ha-

2127 3262 2334 3316 beatur
2374 3259 2718 3324 auctoritas,
2755 3276 2932 3314 manu
2984 3260 3218 3332 propria
3267 3260 3375 3316 hoc
3425 3265 3777 3333 praeceptum

2127 3352 2329 3406 subter
2379 3350 2762 3417 firmavimus,
2811 3348 3110 3421 sigillique
3163 3350 3344 3405 nostri
3393 3350 3780 3422 impressione

2126 3439 2396 3510 insigniri
2421 3437 2733 3510 jussimus.

2197 3530 2428 3599 Signum
2453 3529 2640 3584 domni
2669 3529 2912 3583 Heinrici
2938 3530 3124 3600 quarti
3154 3530 3316 3595 regis.

2197 3619 2555 3691 Sigehardus
2593 3617 2978 3673 cancellarius
3010 3618 3132 3672 vice
3172 3617 3444 3689 Sigefridi
3477 3617 3782 3672 archican-

2125 3708 2344 3764 cellarii
2376 3707 2706 3779 recognovi.

2197 3799 2343 3853 Data
2385 3815 2538 3852 anno
2588 3796 2897 3852 Dominica:
2953 3795 3375 3850 lncarnationis
3431 3797 3591 3860 1115,
3624 3795 3782 3850 indi-

2124 3888 2312 3943 ctione.
2344 3904 2426 3952 ιιι,
2461 3901 2614 3940 anno
2647 3889 2840 3940 autem
2884 3883 3268 3939 ordinationis
3300 3883 3553 3939 Heinrici
3585 3884 3782 3955 quarti

2122 3993 2221 4046 xu,
2258 3977 2418 4048 regni
2450 3992 2584 4031 vero
2619 3991 2790 4030 nono.

2191 4070 2396 4123 Actum
2429 4064 2679 4120 Treviris
2710 4064 2768 4118 in
2801 4065 2901 4119 Dei
2934 4064 3171 4119 nomine
3204 4063 3466 4119 feliciter.
3498 4067 3708 4119 Amen.

2915 4153 2981 4207 ν.

2340 4244 2703 4314 Privitegium
2732 4259 2828 4315 pro
2861 4244 3099 4299 Ecclesia
3126 4241 3549 4310 Osnabrugensi.

2747 4335 2936 4402 (Anno
2970 4332 3156 4398 1078.)

2205 4426 2488 4496 maximo,
2516 4421 2639 4478 Cod.
2673 4421 2809 4493 ἀέρι.
2852 4421 3077 4492 Westph.
3111 4436 3140 4474 e
3174 4436 3316 4474 mss.
3349 4417 3698 4491 llenseleri.}

2182 4516 2241 4570 In
2275 4513 2508 4569 nomine
2541 4513 2751 4566 sanctae
2795 4515 2853 4565 et
2895 4509 3214 4563 individua;
3244 4507 3569 4577 Trinitatis,
3601 4508 3772 4563 Hem-

2112 4621 2302 4668 mcus,
2334 4601 2529 4658 divina
2561 4601 2786 4656 favente
2816 4598 3146 4664 clementia,
3184 4614 3299 4654 rex.

2175 4691 2411 4749 Justitia
2442 4693 2530 4745 est
2560 4705 2676 4760 qua
2707 4704 2878 4742 suum
2914 4687 3127 4758 cuique
3150 4687 3252 4757 jus
3283 4685 3627 4753 tribuimus,
3654 4703 3768 4758 qua

2103 4783 2198 4837 via
2229 4781 2274 4836 si
2310 4777 2726 4833 incesserimus
2757 4777 2908 4832 viam
2961 4775 3180 4848 regiam
3215 4775 3324 4831 sub
3358 4775 3505 4830 duce
3556 4791 3769 4847 magno

2100 4871 2240 4926 Jesu
2273 4869 2330 4922 in
2361 4871 2577 4921 terram
2600 4865 3010 4937 promissionis
3034 4863 3420 4937 ingredimur.
3446 4866 3511 4918 At
3542 4864 3594 4919 si
3620 4865 3767 4920 forte

2103 4955 2414 5028 fragilitate
2447 4953 2704 5007 humana
2730 4953 2902 5007 rectis
2928 4950 3231 5023 gressibus
3263 4950 3582 5022 aliquando
3605 4968 3765 5008 exoro

2102 5043 2500 5107 bitavcrimus,
2527 5041 2752 5112 legibus
2783 5039 3194 5096 ecclesiasticis
3217 5039 3534 5095 salubriter
3561 5041 3763 5095 admo-

2104 5136 2408 5192 nemur,th
2440 5131 2506 5185 ad
2534 5129 2682 5184 viam
2709 5128 3352 5199 revertamurjustitiaa,
3375 5129 3762 5186 emendemus

2100 5224 2157 5278 in
2194 5221 2405 5277 melius
2435 5219 2589 5290 quod
2622 5235 2723 5291 per
2750 5218 3166 5291 negligentiam
3198 5223 3299 5273 aut
3319 5215 3612 5274 malitiose
3636 5237 3762 5290 pec.

2099 5313 2381 5368 cavimus.
2402 5309 2587 5372 Quam
2610 5308 2682 5363 ob
2714 5325 2834 5364 rem
2866 5307 2926 5362 in
2949 5323 3120 5362 omne
3143 5313 3377 5378 tempus
3400 5310 3605 5362 notum
3630 5324 3762 5363 esse

2097 5400 2389 5461 volumus,
2419 5397 2701 5469 quatinus
2735 5397 2924 5454 ﬁdelis
2953 5401 3151 5452 noster
3195 5396 3392 5451 Benno
3436 5397 3758 5462 secundus,

2097 5485 2449 5546 venerabilis
2479 5491 2694 5542 sanctae
2717 5485 3224 5558 Osnebruggensis
3245 5483 3515 5540 Ecclesia":
3539 5485 3762 5557 episcoo

2099 5597 2230 5654 pus,
2257 5581 2465 5634 nostrae
2489 5575 2854 5632 celsitudinis
2876 5575 3244 5631 clementiam
3272 5573 3438 5641 adiit,
3463 5574 3736 5646 coepisco
