3968 6158
202 267 364 331 1145

1547 269 1943 336 HENRICUS
1984 272 2068 335 IV
2110 270 2275 337 IMP.

3456 271 3615 337 “48

201 418 410 476 parum
425 420 668 462 suorum
684 404 1010 480 frequentia
1037 405 1385 481 stipatus,ao
1401 411 1653 465 veterem
1676 410 1853 482 'super
1876 408 1934 476 Α
1963 407 2251 479 injustum
2284 410 2557 482 putantes
2585 406 2919 482 aequitatem
2950 405 3246 484 negligere
3275 411 3334 467 et
3364 408 3619 481 justitias

200 492 466 549 Ecclesiae
498 511 618 550 sum
647 496 896 553 decimis
925 496 1351 569 querimoniam
1393 497 1850 571 lacrymabiliter

199 582 262 638 in
293 599 464 640 aures
489 589 720 641 nostras
749 586 1142 643 elfuditJdem
1170 603 1305 643 vero
1330 604 1466 643 cum
1491 604 1594 659 per
1614 604 1847 644 omnem

197 672 381 728 vitam
412 689 581 729 suam
613 691 648 729 a
676 675 846 731 nobis
894 676 1111 747 optime
1156 675 1486 743 meruisset,
1516 680 1643 733 tum
1683 694 1751 732 ea
1779 678 1853 731 de

201 777 382 818 causa
409 762 640 836 dignior
659 768 782 820 erat
803 765 991 820 audiri
1007 766 1161 836 quod
1177 766 1236 820 in
1250 766 1524 821 omnibus
1542 765 1851 823 necessita-

200 851 362 906 tibus
391 852 609 909 nostris
638 852 885 909 ﬁdeliter
914 855 1084 910 nobis
1113 858 1171 909 et
1199 855 1515 911 irremotus
1534 871 1729 911 comes
1749 856 1851 911 ad-

203 939 558 997 baasit.Talis
573 945 767 998 autem
791 943 1054 1013 ejusdem
1068 942 1257 999 ﬁdelis
1272 943 1455 999 nostri
1476 944 1852 1016 proclamatio

204 1028 318 1083 fuit
347 1031 505 1101 quod
532 1034 869 1087 antecessor
899 1036 1101 1087 noster
1128 1033 1217 1086 vir
1246 1032 1387 1087 diva:
1420 1037 1486 1088 et
1533 1032 1855 1106 imperialis

205 1118 500 1173 memoriis
527 1119 766 1176 Carolus
796 1119 1104 1176 ecclesiam
1131 1119 1242 1176 sibi
1272 1122 1650 1178 commissam
1681 1139 1716 1176 a
1735 1121 1855 1193 pri-

206 1206 322 1262 mis
352 1207 752 1264 fundamentis
782 1208 1122 1264 condiderat
1137 1212 1193 1264 et
1209 1209 1465 1265 decimas
1483 1210 1541 1264 in
1564 1210 1859 1282 episcopio

207 1295 674 1369 circumquaque
695 1296 1043 1353 terminatas
1065 1297 1253 1354 eidem
1279 1298 1533 1355 ecclesiae
1551 1299 1610 1354 in
1661 1300 1855 1355 dotem

207 1384 555 1452 contulerat,
580 1402 647 1442 eo
678 1386 834 1457 quod
863 1386 921 1441 in
954 1386 1185 1458 praediis
1218 1392 1320 1443 aut
1348 1388 1643 1461 regalibus
1664 1389 1855 1445 reddi-

204 1473 368 1528 tibus
398 1474 641 1528 donaria
670 1475 741 1529 ad
778 1476 1062 1531 manusin
1084 1477 1359 1548 primitiis
1389 1477 1523 1532 ﬁdei
1544 1481 1601 1533 et
1620 1477 1855 1533 novellas

208 1560 589 1633 plantatiouis
605 1566 867 1635 tempore
883 1564 1003 1619 illis
1026 1565 1085 1620 in
1105 1566 1371 1637 partibus
1393 1565 1557 1622 nulla
1583 1567 1853 1623 habebat.

206 1651 364 1715 Quas
390 1651 736 1708 donationes
759 1654 919 1724 justo
941 1671 975 1709 a
1006 1654 1247 1726 praefato
1273 1656 1532 1728 principe
1559 1656 1748 1712 eidem
1772 1673 1858 1711 ec-

207 1739 397 1795 clesias
426 1740 594 1796 datas
624 1744 681 1797 et
709 1743 1112 1816 manuscripto
1146 1745 1303 1817 regio
1333 1746 1443 1801 sub
1477 1746 1856 1818 impressione
1888 1782 1936 1847 B

208 1828 413 1885 annuli
441 1845 511 1885 ex
540 1846 701 1886 more
730 1832 1208 1893 conﬁrmatas.ad
1230 1833 1732 1907 multumtempus
1745 1834 1858 1890 aie-

204 1919 309 1974 bat
335 1917 589 1974 ecclesia:
619 1920 1128 1992 mansisse,usque
1149 1923 1289 1977 dum
1314 1923 1534 1979 bellicis
1559 1924 1859 1995 perturba-

205 2007 467 2063 tionibus
497 2024 630 2080 pars
662 2010 1002 2065 earumdem
1034 2010 1397 2067 decimarum
1426 2012 1538 2067 sub
1571 2013 1857 2069 Ludovico

206 2097 464 2154 secundo
494 2112 598 2168 per
617 2113 830 2154 manus
851 2098 1144 2170 Copponis
1157 2100 1229 2154 ab
1246 2101 1448 2156 eadem
1473 2102 1854 2158 scinderetur.

208 2187 290 2242 Ea
319 2186 391 2243 de
420 2202 597 2242 causa
644 2202 778 2242 eum
825 2203 930 2258 per
972 2188 1276 2260 episcopos
1315 2191 1577 2261 ejusdem
1610 2191 1859 2249 civitatis

209 2276 360 2333 actio
384 2277 443 2331 et
469 2274 756 2332 discussio
788 2276 848 2332 in
881 2276 1179 2333 audientia
1199 2279 1533 2352 principum
1564 2285 1740 2353 atque
1761 2298 1860 2337 an-

206 2368 569 2421 tecessorem
582 2369 915 2421 nostrorum
929 2383 1132 2440 regum
1146 2372 1201 2423 et
1215 2368 1630 2441 imperatorum
1645 2372 1859 2443 saepius

207 2453 542 2521 haberetur,
556 2453 878 2525 dijudicata
901 2459 990 2512 est
1011 2457 1230 2528 justior
1258 2475 1394 2530 pars
1424 2459 1854 2532 episcoporum,

208 2541 486 2614 injustior
513 2542 999 2601 adversariorum.
1033 2546 1317 2618 Equidem
1361 2548 1635 2619 praafatus
1663 2551 1856 2622 Coppo

207 2630 436 2704 primus
450 2635 1112 2705 usurpatorearumdem
1125 2636 1486 2692 decimarum
1510 2653 1642 2693 cum
1665 2642 1854 2694 totum

206 2720 506 2777 occasione
528 2720 814 2777 bellorum
835 2722 1058 2794 injusta
1075 2724 1471 2781 dominatione
1483 2743 1620 2782 suos
1639 2726 1697 2782 in
1715 2745 1859 2784 usus

206 2814 454 2882 raperet,
487 2814 713 2883 partem
743 2811 985 2867 Warino
1034 2812 1198 2868 fratri
1247 2830 1353 2869 suo
1400 2830 1679 2887 germano
1717 2816 1856 2873 Cor-

206 2898 453 2954 beiensi-
480 2899 700 2965 abbati,
729 2904 953 2971 partem
987 2901 1299 2957 abbatissa
1349 2903 1539 2959 Adelm
1586 2904 1856 2961 Herefur-

204 2987 372 3043 densi
402 3003 690 3060 germanae
723 3007 841 3045 suae
872 2990 1177 3047 concessit.
1213 2995 1413 3063 Itaque
1441 2992 1695 3066 episcopi
1720 3011 1855 3050 cau-

206 3092 334 3132 sam
364 3076 516 3133 hanc
543 3078 604 3132 in
631 3078 795 3134 curia
825 3084 1062 3152 agentes
1085 3079 1411 3136 manifestis
1436 3083 1857 3154 comprobatios

1957 497 2178 554 diutius
2201 499 2674 572 obniti,petitioni
2698 499 2961 556 ﬁdelium
2983 504 3317 557 nostrorum
3340 502 3396 556 et
3418 500 3612 556 consi-

1955 586 2052 641 liis
2066 588 2740 659 acquievimus.Proinde
2764 589 3107 644 auctoritate
3141 589 3321 660 hujus
3339 588 3612 661 praecepti

1959 675 2144 731 nostri
2175 680 2499 734 statuentes
2530 679 2870 742 statuimus,
2903 680 2970 731 ut
2998 678 3213 733 eaedem
3253 677 3490 735 decimas
3538 677 3612 733 ad

1958 764 2285 820 dominium
2316 765 2572 838 episcopi
2595 767 2841 838 ejusque
2862 765 3325 836 dispositionem,
3345 767 3427 821 uti
3447 766 3616 823 Caro-

1961 851 2055 909 lus
2072 852 2945 926 instituit,revertantur.Neque
2968 853 3046 909 sit
3064 854 3382 910 advocatus
3398 854 3614 928 aliquis

1962 947 2064 997 aut
2079 942 2194 998 alia
2213 945 2402 1015 major
2422 945 2509 999 vel
2532 944 2726 999 minor
2740 941 3117 1016 persona,qui
3138 943 3441 1015 episcopos
3457 945 3614 1015 ejus-

1963 1032 2097 1088 dem
2129 1033 2380 1089 civitatis
2412 1033 2602 1088 hacin
2635 1050 2694 1088 re
2728 1032 2983 1105 amplius
3013 1031 3338 1103 inquietare
3380 1034 3613 1101 audeat,

1964 1122 2064 1177 sed
2097 1122 2352 1193 episcopi
2387 1122 2621 1177 easdem
2653 1121 2914 1177 decimas
2944 1121 3139 1192 quieto
3171 1119 3372 1176 ordine
3397 1126 3456 1176 et
3476 1138 3618 1194 pace

1964 1216 2244 1281 perpetua
2265 1210 3301 1283 teneant,possideant,disponant,ea
3329 1228 3431 1283 spe
3461 1216 3518 1267 et
3556 1212 3616 1267 in

1964 1298 2171 1353 divinze
2202 1298 2434 1370 pietatis
2455 1299 2901 1370 conﬁdentia,ut
2922 1299 3044 1355 haec
3075 1300 3438 1355 decimarum
3455 1301 3619 1370 justa

1965 1387 2256 1443 restitutio
2279 1388 2589 1445 animabus
2611 1393 2920 1461 parentum
2944 1388 3369 1455 nostrorum,id
3395 1393 3483 1445 est
3503 1390 3623 1455 avi,

1964 1474 2124 1543 aviae,
2158 1476 2479 1549 matrisque
2507 1481 2720 1532 nostrae
2755 1476 3143 1549 Imperatricis
3170 1477 3298 1532 A.et
3330 1476 3489 1533 chari
3523 1494 3623 1548 pa-

1966 1566 2070 1622 tris
2100 1566 2287 1621 nostri
2318 1567 2384 1621 Η.
2415 1566 2784 1638 imperatoris
2812 1565 3080 1639 Augusti,
3113 1566 3214 1620 ﬁat
3245 1570 3616 1637 peccatorum

1965 1656 2235 1712 remissio
2258 1659 2314 1711 et
2335 1655 2699 1728 negligentiae
2723 1672 2899 1727 quam
2923 1656 3049 1727 ipse
3067 1654 3122 1709 in
3138 1654 3246 1709 hac
3267 1670 3445 1711 causa
3465 1672 3621 1712 com-

1965 1743 2129 1800 misit
2159 1746 2312 1817 apud
2349 1750 2529 1801 Deum
2548 1746 2649 1800 ﬁat
2666 1743 2964 1813 oblivio,et
2980 1748 3046 1799 ut
3064 1744 3121 1799 in
3137 1743 3388 1816 singulis
3410 1744 3617 1800 diebus

1965 1838 2021 1889 et
2048 1833 2109 1888 in
2140 1834 2540 1890 anniversario
2571 1851 2774 1891 eorum
2807 1833 2907 1906 qui
2938 1834 2998 1888 in
3032 1831 3183 1889 bello
3215 1836 3417 1889 contra
3438 1833 3623 1895 Saxo-~

1966 1939 2069 1977 nes
2101 1927 2447 1978 corruerunt
2478 1924 2696 1979 ibidem
2717 1922 3004 1978 memoria
3018 1920 3467 1993 ﬁatetspecialis
3488 1938 3617 1978 ora-

1967 2011 2045 2066 tio
2076 2012 2283 2067 animm
2316 2012 2574 2085 Sigfridi,
2607 2011 2667 2067 in
2700 2012 2906 2067 eodem
2938 2010 3089 2066 bello
3111 2010 3620 2078 occisi,ordinetur

1966 2104 2023 2155 et
2054 2101 2173 2166 ﬁat;
2207 2100 2288 2155 ita
2316 2105 2382 2155 ut
2409 2100 2524 2156 sibi
2554 2099 2816 2172 quotidie
2845 2099 3117 2171 specialis
3148 2099 3332 2155 missa
3352 2102 3410 2155 et
3455 2099 3617 2155 omni

1968 2189 2042 2244 Ill
2073 2189 2214 2244 feria
2244 2188 2636 2243 communiter
2659 2205 2693 2242 a
2713 2187 2989 2243 fratribus
3012 2187 3068 2242 in
3092 2186 3268 2242 choro
3290 2203 3411 2242 una
3430 2186 3614 2244 missa

1966 2294 2071 2349 pro
2085 2276 2695 2333 omnibusinterfectis
2708 2276 2927 2332 nostris
2957 2282 3013 2332 et
3040 2275 3316 2333 omnibus
3346 2275 3617 2333 ﬁdelibus

1966 2367 2326 2434 decantetur,
2359 2369 2415 2421 et
2445 2365 2518 2420 ad
2553 2381 2763 2420 cursus
2806 2362 3082 2419 horarum
3123 2380 3211 2434 ps.
3247 2380 3283 2417 ι.
3319 2362 3618 2418 Prehende

1967 2470 2202 2527 quoque
2226 2455 2397 2510 detur
2425 2454 2476 2509 ei
2507 2452 2740 2520 clerico,
2772 2452 2872 2524 qui
2902 2451 3023 2507 haec
3055 2468 3183 2524 quae
3214 2451 3466 2524 Sigfrido
3513 2451 3617 2507 de-

1966 2544 2104 2599 bent
2133 2543 2442 2616 diligenter
2499 2544 2781 2598 observet.
2817 2540 3205 2598 Convenimus
3251 2540 3431 2596 etiam
3474 2558 3611 2597 cum

1964 2633 2235 2705 episcopo
2249 2632 2671 2689 collaudatione
2685 2632 3027 2688 clericorum
3047 2647 3289 2686 suorum
3306 2647 3411 2702 pro
3428 2628 3616 2686 salute

1964 2723 2222 2795 corporis
2265 2727 2322 2778 et
2367 2722 2575 2778 animas
2624 2724 2834 2778 nostrae
2884 2720 3045 2777 omni
3090 2719 3462 2776 hebdomade
3502 2736 3617 2775 xxx

1965 2812 2157 2867 missae
2189 2828 2292 2883 pro
2321 2811 2465 2867 vivis
2497 2816 2555 2866 et
2601 2809 2894 2866 defunctis
2936 2810 3157 2866 ibidem
3207 2810 3611 2864 decantentur.

1965 2899 2100 2955 Post
2129 2900 2350 2955 obitum
2385 2905 2580 2955 autem
2610 2904 2872 2956 nostrum
2908 2897 3238 2971 specialiter
3268 2914 3372 2969 pro
3403 2896 3614 2952 anima;

1964 2994 2173 3045 nostra;
2195 2993 2250 3044 et
2276 2993 2585 3060 parentum
2616 2992 2948 3044 nostrorum
2968 2986 3224 3042 remedio
3242 2974 3437 3041 missae
3459 2989 3516 3041 et
3535 2991 3619 3041 to-

1963 3080 2142 3136 tidem
2178 3079 2453 3153 psalteria
2482 3079 2697 3135 ibidem
2713 3079 3094 3134 decantentur
3111 3092 3265 3131 nunc
3286 3074 3419 3131 etin
3442 3091 3617 3131 omne

207 3166 385 3222 nibus
414 3166 712 3223 evicerunt
739 3146 995 3224 decimas
1015 3169 1087 3224 ad
1116 3186 1242 3225 sese
1262 3169 1524 3242 legitima
1542 3146 1853 3230 donatione
1884 3146 1926 3212 C
1964 3146 2197 3241 tempus
2216 3167 2836 3224 futurum.Taliaenim
2858 3170 3126 3238 optantes
3147 3165 3441 3221 credimus
3458 3164 3614 3236 apud

208 3255 400 3312 redire
426 3255 953 3313 debere.Ventilata
987 3261 1076 3313 est
1104 3273 1197 3313 res
1217 3258 1276 3313 in
1301 3258 1561 3315 conciliis
1582 3265 1854 3332 quatuor.

211 3344 399 3417 primo
432 3344 626 3401 Romae
652 3346 762 3402 sub
793 3363 944 3421 papa
970 3346 1550 3419 Stephano,secundo
1572 3350 1855 3407 Triburiaa

207 3434 318 3489 sub
348 3433 587 3489 Arnolfo
614 3433 985 3506 imperatore,
1016 3436 1190 3492 tertio
1220 3437 1669 3510 Bunnae,quarto
1691 3440 1854 3512 Inge-

206 3520 554 3578 linheim.Ut
585 3523 644 3577 in
676 3525 952 3581 omnibus
980 3525 1274 3598 possessio
1304 3526 1664 3583 decimarum
1697 3546 1852 3584 com-

207 3610 373 3666 muni
404 3612 697 3667 sententia
726 3612 1018 3685 episcopis
1049 3614 1506 3685 adjudicaretur.
1543 3616 1604 3672 In
1646 3616 1853 3675 ultimo

204 3698 382 3754 etiam
403 3700 790 3771 praesentibus
815 3700 931 3756 fere
953 3703 1228 3759 omnibus
1251 3705 1703 3761 Teutonicarum
1722 3725 1850 3779 par-

199 3785 350 3842 tium
380 3787 695 3860 episc0pis,
730 3790 1128 3847 mediantibus
1167 3791 1375 3864 legatis
1423 3794 1721 3863 Romanis,
1742 3797 1852 3851 sub

195 3875 611 3949 Joanne-papa,
645 3894 781 3934 cum
811 3896 922 3935 xxx
956 3878 1238 3936 librarum
1271 3883 1397 3937 auri
1430 3884 1852 3957 compositione

197 3963 843 4023 restitueretur.Verum
867 3973 929 4023 ut
951 3986 1183 4042 semper
1209 3970 1550 4028 dominatur
1569 3973 1850 4046 iniquitas

194 4053 456 4126 injustis,
481 4071 583 4111 res
624 4058 898 4129 superius
930 4060 1240 4115 emendata
1269 4066 1326 4116 et
1354 4066 1613 4118 correcta
1640 4079 1850 4119 rursus

193 4148 468 4215 corrupta
498 4147 1034 4216 est.Hujuscemodi
1065 4164 1198 4203 vero
1226 4166 1464 4206 causam
1491 4168 1626 4207 cum
1660 4153 1850 4209 fidelis

192 4236 395 4289 noster
422 4234 702 4305 prmfatus
725 4234 1230 4307 Osnebruggeusis
1252 4237 1516 4293 Ecclesiae
1539 4240 1848 4314 episcopus

194 4321 267 4376 ad
298 4337 469 4377 aures
500 4326 733 4378 nostras
764 4323 982 4394 saepius
1005 4323 1242 4379 referret
1273 4328 1447 4396 atque
1476 4329 1772 4384 emendari
1795 4336 1852 4386 et

192 4408 405 4482 corrigi
436 4410 780 4482 postularet,
814 4415 1032 4491 nos,.et
1079 4412 1265 4467 uitatis
1312 4412 1709 4472 imbecillitate
1740 4419 1849 4472 de-

1966 3259 2403 3314 misericordem
2434 3258 2619 3312 Deum
2634 3261 2691 3311 et
2707 3260 2968 3311 nostram
2996 3254 3173 3309 deleri
3197 3252 3614 3325 negligentiam

1963 3353 2020 3403 et
2050 3352 2478 3403 antecessorem
2520 3345 2730 3402 delicta
2758 3344 2987 3413 redimi,
3020 3343 3120 3414 qui
3170 3343 3280 3398 hac
3327 3341 3386 3397 in
3436 3358 3615 3398 causa

1963 3435 2325 3509 negligenter
2352 3440 2410 3492 et
2440 3434 2729 3491 malitiose
2758 3433 3093 3506 egerunt.Et
3118 3437 3181 3486 ut
3202 3431 3380 3503 hujus
3400 3447 3612 3504 praece-

1964 3526 2044 3597 pti
2079 3526 2263 3581 nostri
2294 3525 2606 3581 auctoritas
2637 3523 2798 3580 omni
2846 3539 2965 3578 aevo
3014 3527 3249 3577 maneat
3297 3519 3528 3576 stabilis
3557 3523 3615 3576 et

1962 3615 2591 3683 inconvulsa,chartam
2604 3613 2758 3669 hanc
2770 3610 2944 3669 scribi
2961 3609 3342 3685 praecepimus
3358 3614 3415 3665 et
3432 3626 3612 3665 manu

1962 3708 2181 3768 nostra,
2216 3709 2281 3759 ut
2308 3708 2397 3759 est
2426 3702 2787 3759 consuetudo
2835 3717 3039 3773 regum
3079 3705 3136 3755 et
3166 3700 3609 3771 imperatorum,

1960 3792 2462 3849 corroboravimus
2492 3797 2550 3847 et
2578 3791 2773 3865 sigillo
2805 3794 3004 3847 nostro
3036 3787 3257 3861 signari
3289 3786 3607 3856 jussimus.

2028 3881 2263 3950 Signum
2293 3881 2480 3936 damni
2525 3882 2765 3936 Heinrici
2812 3882 2955 3950 regis
3004 3878 3189 3950 quarti
3238 3876 3606 3931 invictissimi.

1960 3971 2041 4043 (L.
2076 3971 2176 4041 M.)

2030 4058 2409 4115 Gebehardus
2440 4057 2820 4113 cancellarius
2847 4057 2969 4110 vice
3015 4052 3285 4126 Sigciridi
3322 4050 3609 4124 archiepi-

1957 4148 2118 4220 scopi
2149 4146 2506 4218 recognovit.

2027 4239 2172 4294 Data
2200 4255 2255 4293 v1
2288 4235 2411 4291 Kal.
2444 4235 2634 4303 Febr.,
2668 4234 2871 4289 indict.
2908 4220 3138 4298 11,anno
3168 4229 3484 4286 Dominicaa
3515 4230 3604 4285 In-

1956 4326 2311 4384 carnationis
2350 4326 2671 4393 1078;:inno
2700 4325 2895 4379 autem
2931 4320 3090 4394 regni
3120 4319 3319 4375 domni
3351 4318 3605 4375 Heinrici

1959 4417 2111 4489 regis
2142 4416 2335 4488 quarti
2368 4432 2528 4470 xxm.

191 4498 338 4553 tenti
371 4502 428 4553 et
460 4500 925 4556 adversariorum
957 4501 1085 4571 ejus
1116 4501 1388 4573 precibus
1416 4503 1847 4570 exorati,multo
1881 4516 1928 4579 ι)
2025 4509 2239 4559 Actum
2272 4503 2586 4575 Moguntiae
2621 4502 2878 4558 feliciter.
2916 4503 3124 4556 Amen.

192 4589 453 4659 tempore
467 4588 655 4645 facere
673 4588 1329 4662 negleximus.Tandem
1359 4590 1616 4648 assiduis
1640 4593 1767 4664 ejus
1790 4600 1847 4651 et

194 4675 670 4749 eoepiscoporum
691 4695 934 4735 suorum
962 4680 1063 4751 jus
1086 4696 1259 4735 suum
1278 4680 1722 4753 agnoscentium
1747 4685 1843 4739 ad-

195 4764 618 4823 monitionibus
649 4769 878 4836 devicti,
911 4768 1105 4826 locum
1137 4775 1194 4826 et
1224 4769 1378 4827 diem
1409 4770 1747 4839 statuimus,
1768 4774 1840 4828 ad

190 4866 367 4924 quem
398 4856 708 4929 episcOpus
738 4863 795 4914 et
821 4859 1137 4916 adversarii
1169 4861 1297 4931 ejus
1342 4877 1476 4917 cum
1509 4861 1841 4918 manuscri-

187 4942 306 5013 ptis
334 4942 612 5017 utrinque
639 4948 924 5004 venirent.
957 4949 1218 5004 Aderant
1245 4967 1319 5004 xx
1348 4954 1449 5005 aut
1477 4948 1676 5022 plures
1714 4952 1840 5024 epi-

186 5029 368 5101 scopi,
402 5035 530 5088 tum
560 5033 850 5107 principes
882 5037 1045 5107 regni
1076 5041 1251 5108 atque
1284 5036 1533 5093 aliorum
1575 5040 1837 5095 ﬁdelium

189 5122 527 5177 nostrorum
560 5139 877 5179 numerosa
908 5125 1429 5180 multitudo.Lecta
1450 5133 1587 5187 sunt
1606 5127 1663 5182 in
1688 5130 1839 5183 auri-

186 5206 302 5262 bus
322 5210 591 5266 omnium
607 5214 915 5269 amborum
931 5200 1502 5285 chirographa,dicta
1513 5221 1688 5287 atque
1709 5222 1841 5272 acta

182 5299 323 5351 sunt
347 5297 687 5369 diligentius
709 5299 1334 5358 omnia.Acclamatum
1357 5305 1446 5357 est
1467 5303 1539 5357 ab
1560 5306 1839 5362 omnibus

169 5385 371 5455 justas
395 5403 525 5443 esse
557 5397 748 5461 partes
787 5389 1540 5463 episcOpi,adversariorum
1563 5392 1836 5465 injustas,

184 5478 362 5547 atque
392 5479 460 5529 ut
483 5476 672 5533 eidem
695 5479 970 5552 cpiscOpo
991 5495 1227 5551 suaeque
1248 5478 1517 5536 Ecclesia)
1541 5482 1836 5553 justitiam

186 5562 512 5620 faceremus
534 5565 854 5624 studiosius
872 5583 1074 5625 omnes
1089 5568 1600 5637 instabant.Quam
1622 5572 1694 5629 ob
1716 5591 1839 5630 rem

2730 4591 2827 4646 VI.

2172 4680 2541 4749 Privilegium
2565 4696 2666 4751 pro
2696 4681 2935 4735 Ecclesia
2968 4676 3391 4746 Osnabrugensi.

2574 4768 2763 4839 (Anno
2794 4765 2977 4836 1079.)

1948 4859 2232 4930 [Eananm
2264 4856 2387 4914 Cod.
2421 4856 2647 4929 diplom.
2690 4855 2942 4928 Westph.,
2990 4870 3021 4909 e
3069 4868 3214 4908 mss.
3257 4849 3602 4923 Henseleri.]

2017 4949 2082 5004 In
2114 4947 2352 5004 nomine
2381 4949 2597 5003 sanctas
2628 4948 2686 5001 et
2716 4944 3028 5000 individuis
3057 4940 3385 5008 Trinitatis,
3432 4939 3604 4997 Ham-

1948 5054 2127 5105 mccs,
2162 5036 2356 5092 divina
2386 5037 2613 5093 favente
2643 5032 2971 5099 clementia,
3005 5048 3123 5087 rex.

2019 5127 2077 5181 Si
2110 5125 2511 5197 querimonias
2543 5124 3096 5193 sacerdotum,quas
3128 5117 3298 5174 nobis
3320 5118 3391 5173 de
3413 5132 3607 5181 neces:

1947 5216 2222 5271 sitatibus
2242 5214 2633 5271 Ecclesiarum
2648 5214 2759 5269 sibi
2776 5210 3227 5269 commissarum
3242 5206 3601 5276 obtulerunt,

1948 5304 2438 5371 attenterimus,et
2453 5304 2748 5375 justitiam
2773 5295 3359 5357 misericorditerillis
3380 5295 3605 5369 impen-

1948 5392 2137 5449 dendo
2166 5394 2236 5449 ad
2272 5394 2451 5449 ﬁnem
2486 5386 3267 5465 perduxerimus,prtesentis
3298 5384 3520 5443 scilicet
3548 5392 3605 5443 et

1949 5487 2170 5538 aeterna:
2204 5482 2499 5537 felicitatis
2549 5481 2787 5553 praemia
2836 5478 3042 5535 exinde
3091 5474 3339 5533 mercari
3377 5474 3600 5547 liquido

1948 5570 2319 5630 conﬁdimus.
2347 5570 2562 5627 Idcirco
2595 5574 2797 5625 notum
2845 5583 2975 5625 esse
3021 5564 3291 5625 volumus
3322 5563 3600 5624 omnibus
