3968 6158
382 316 537 386 114⁸1

1744 319 2059 386 MONUM.
2104 319 2425 386 DIPLOM.

3635 317 3794 384 1148

375 461 590 517 sancta
621 455 722 516 Dei
751 454 1020 516 Ecclesia
1048 454 1381 530 nostrisque
1411 454 1703 527 ﬁdelibus,
1720 455 2023 531 prasenti-
2051 456 2109 525 Α
2135 457 2434 515 abbatissa
2443 459 2680 531 propter
2699 454 2808 514 hoc
2830 453 3022 514 solum
3043 454 3197 529 quod
3220 453 3300 512 ibi
3321 452 3631 512 videbatur
3650 453 3799 512 ﬁcti'

373 550 486 606 bus
517 548 739 606 scilicet
785 553 842 605 et
888 548 1122 617 futuris,
1153 547 1403 620 qualiter
1450 546 1638 604 ﬁdelis
1689 550 1888 604 noster
1927 547 2033 603 Os-

374 637 842 712 nenbruggensis
863 637 1173 709 cpiscopus
1199 637 1496 692 secundus
1518 636 1803 703 Benno,in
1829 640 2030 691 nostro

373 728 607 786 servitio
665 727 835 800 longo
885 731 1147 798 tempore
1197 724 1636 791 devotissimus,
1698 725 2032 782 serenitatis

373 821 586 874 nostra
617 815 985 872 clementiam
1019 815 1188 881 adiit,
1220 814 1484 887 Apostoli
1538 819 1889 888 praeceptum
1941 832 2028 870 ss-

374 923 580 980 quens,
605 906 923 977 arguendo,
953 905 1330 976 increpando,
1362 904 1724 961 obsecrando
1747 909 1804 960 et
1825 905 2032 976 juven-

371 1000 557 1051 tutcm
591 999 852 1051 nostram
887 993 1672 1066 incusando,querimoniam
1706 993 1946 1059 faciens,
1970 1011 2035 1049 se

372 1101 626 1156 suosque
657 1089 1060 1140 antecessores
1092 1087 1424 1138 nostrorum
1451 1083 2030 1151 antecessorum,sci-

371 1172 507 1230 licet
525 1173 615 1229 avi
635 1173 819 1229 nostri
852 1171 1148 1228 Khunradi
1173 1176 1228 1226 et
1257 1171 1419 1227 chari
1444 1171 1629 1244 patris
1661 1172 1841 1227 nostri
1867 1172 2030 1226 bona

371 1263 664 1319 memoria
679 1261 930 1318 Heinrici
948 1261 1366 1333 imperatorum
1377 1303 1390 1328 ,
1401 1261 1642 1317 forsitan
1657 1260 1716 1316 in
1731 1260 1838 1316 hac
1851 1277 2031 1316 causa

363 1366 485 1421 gno
502 1352 700 1404 ranter
720 1348 1198 1420 delinquentium
1222 1347 1606 1420 temporibus,
1634 1347 1852 1404 multas
1873 1348 2028 1419 inju-

368 1439 511 1502 irias
529 1443 589 1496 et
606 1438 798 1494 varias
823 1437 1230 1510 oppressiones
1241 1437 1312 1492 de
1323 1437 1660 1508 potentibus
1679 1436 1836 1492 illius
1850 1436 2030 1507 regio-

369 1529 484 1596 nis,
517 1528 768 1583 maxime
789 1531 986 1584 autem
1009 1545 1042 1582 a
1065 1527 1416 1583 Corbeiense
1462 1527 1672 1582 abbate
1691 1531 1748 1582 et
1769 1526 2026 1581 Herifur-

368 1618 550 1674 dense
562 1615 1650 1688 abbatissaillorumquefautoribus,in
1664 1615 2025 1672 decimarum

368 1707 716 1778 direptione,
738 1707 810 1762 ad
833 1722 1002 1761 suam
1025 1705 1341 1762 Ecclesiam
1365 1705 1557 1760 debite
1581 1705 2022 1777 pertinentium,

361 1795 490 1867 jam
503 1794 603 1850 diu
617 1793 1028 1849 miserabiliter
1039 1792 1524 1863 sustinuisse.Cuj
1537 1809 1603 1848 us
1621 1791 2023 1863 proclamatio-

368 1882 726 1956 ni,quamvis
757 1881 970 1954 sapius
990 1881 1462 1950 iterata,diutius
1484 1898 1661 1952 quam
1686 1880 1911 1938 felicius
1932 1899 2018 1939 as-

369 1972 587 2029 sentire
635 1975 964 2036 renuentes,
995 1969 1182 2026 atatis
1212 1969 1517 2026 teneritate
1539 1987 1603 2025 ac
1625 1971 2016 2041 quorumdam

367 2060 834 2119 consiliariorum
874 2065 1210 2116 nostrorum
1247 2064 1388 2115 tunc
1417 2059 1697 2132 temporis
1719 2059 2017 2129 juventuti

365 2154 577 2208 nostra
595 2149 1024 2223 providentium
1063 2148 1462 2205 dissuassione
1503 2149 1575 2203 ad
1601 2148 1722 2204 hac
1744 2149 2015 2205 determi-

365 2239 767 2296 mandavariis
779 2238 1183 2294 occasionibus
1197 2238 1449 2311 praeﬁxis
1463 2254 1568 2293 nos
1585 2237 2014 2294 excusavimus.

363 2330 472 2387 Sed
495 2330 734 2385 tandem
756 2329 977 2384 crebris
999 2333 1056 2384 et
1074 2326 1322 2384 inﬁnitis
1343 2327 1519 2383 etiam
1541 2345 1644 2400 pro
1665 2327 2016 2384 Christiani-

361 2419 500 2476 tatis
522 2417 843 2476 miserabili
857 2417 1084 2474 defectu
1100 2416 1488 2490 querimoniis
1500 2422 1557 2473 et
1570 2417 1889 2473 multorum
1907 2416 2018 2472 cle-

363 2509 618 2565 ricorum
642 2511 701 2564 et
720 2505 1000 2563 laicorum
1018 2506 1120 2576 jus
1144 2523 1317 2562 suum
1341 2505 1786 2578 agnoscentium
1811 2508 2016 2578 rogatu

362 2602 421 2654 et
441 2597 684 2654 consilio
699 2595 908 2652 devicti
929 2595 1327 2650 Wormaciam
1351 2593 1544 2650 eidem
1568 2594 1842 2667 episcOpo
1863 2595 2016 2650 suis-

364 2702 476 2758 que
489 2683 965 2753 adversariis,ubi
981 2683 1345 2756 principibus
1361 2683 1578 2739 nostris
1591 2683 1924 2755 procateris
1935 2699 2019 2738 re-

363 2774 464 2848 gni
481 2773 728 2846 negotiis
744 2773 1051 2828 convenire
1072 2775 1357 2827 statutum
1374 2775 1554 2837 est,ut
1565 2772 1647 2827 eti
1655 2771 1743 2843 psi
1757 2771 2020 2828 venirent

364 2861 767 2936 precepimus.
786 2860 867 2917 lbi
890 2877 1023 2917 vero
1045 2879 1081 2915 x
1101 2859 1411 2932 episc0pis,
1443 2878 1478 2915 x
1516 2860 1828 2916 abbatibus
1851 2865 2016 2916 cate-

362 2952 561 3025 risque
605 2949 1062 3024 quamplurimis
1101 2947 1328 3005 clericis
1350 2965 1415 3004 ac
1437 2948 1601 3005 laicis
1631 2949 2018 3022 prasentibus

363 3041 672 3114 utriusque
688 3041 871 3113 partis
889 3039 1108 3112 scripta
1126 3038 1439 3111 episcopus
1451 3043 1508 3094 et
1523 3038 1614 3095 sui
1629 3038 1945 3094 adversarii
1959 3039 2017 3096 in

368 3130 630 3186 medium
653 3128 1042 3201 proferebant.
1077 3127 1347 3200 Episcopi
1395 3144 1551 3195 vero,
1585 3128 1821 3200 scriptis
1852 3126 2018 3184 lectis

2141 545 2290 602 tium
2323 547 2544 620 aliquid
2563 563 2676 619 quo
2689 545 2860 603 inniti
2873 550 3111 620 possent
3140 562 3256 602 non
3287 544 3644 601 habentibus
3665 543 3792 618 epi-

2142 652 2354 708 scopus
2367 636 2759 708 plurimorum
2772 641 3209 692 antecessorum
3232 637 3568 691 nostrorum
3587 649 3796 708 regum

2140 730 2198 780 et
2227 726 2670 798 imperatorum,
2701 724 2923 782 scilicet
2949 723 3168 780 Arnolﬁ
3201 723 3422 796 filiique
3451 725 3582 795 ejus
3608 723 3797 780 Ludo-

2136 813 2269 881 vici,
2302 814 2556 871 Heinrici
2586 815 2782 888 primi,
2817 814 2996 870 trium
3027 813 3307 870 Ottonum
3353 812 3589 873 chartas
3631 812 3791 885 ipso-

2141 921 2272 960 rum
2304 905 2577 960 manibus
2607 905 2908 960 raboratas
2936 907 2994 959 et
3021 900 3232 976 sigillis
3255 902 3795 975 assignatas,eccle—

2140 994 2239 1049 sia
2269 1011 2388 1050 sua
2415 994 2651 1050 easdem
2701 992 2959 1049 decimas
3008 990 3372 1048 stabilientes
3421 990 3792 1061 prasentavit

2138 1081 2437 1154 legendas.
2473 1081 2555 1138 Ibi
2585 1099 2719 1138 vero
2751 1086 3068 1152 utrumque
3114 1079 3421 1137 sententiis
3468 1080 3687 1136 auditis
3732 1084 3792 1137 et

2138 1170 2432 1227 subtiliter
2473 1171 2833 1243 dijudicatis,
2865 1167 3307 1242 archiepiscopi,
3342 1167 3600 1241 episcopi
3650 1185 3786 1224 cum

2138 1260 2298 1316 omni
2327 1261 2502 1332 clero,
2529 1261 2708 1316 duces
2737 1265 2796 1316 et
2820 1260 3084 1324 comites,
3116 1258 3295 1314 etiam
3327 1257 3473 1330 ipsis
3504 1257 3671 1330 prius
3698 1257 3784 1314 fa-

2134 1349 2741 1422 ventes,petitionibus
2763 1347 3019 1420 episcopi
3040 1347 3370 1403 consentire
3391 1347 3593 1403 debere
3605 1347 3788 1418 justi-

2135 1439 2220 1494 tia
2248 1439 2512 1512 exigente
2542 1438 2805 1494 unamini
2827 1436 3135 1493 concordia
3155 1452 3360 1492 omnes
3382 1435 3779 1492 afﬁrmabant.

2137 1527 2412 1584 Promisit
2441 1528 2616 1583 etiam
2660 1527 2830 1582 nobis
2879 1525 3154 1599 prafatus
3199 1525 3526 1598 episcopus,
3558 1524 3786 1580 decano

2135 1617 2475 1688 caterisque
2505 1615 2769 1687 ejusdem
2787 1613 3053 1670 Ecclesia
3066 1613 3290 1670 clericis
3305 1611 3785 1685 astipulantibus,

2133 1706 2275 1761 dum
2307 1705 2470 1761 locus
2501 1709 2764 1761 maneret
2783 1704 3006 1776 integer
3033 1707 3090 1760 et
3119 1702 3651 1774 indestructus,pro
3672 1701 3790 1758 vita

2132 1799 2333 1850 nostra
2351 1798 2624 1866 statuque
2655 1793 2817 1867 regni
2847 1793 2989 1848 dum
3018 1791 3365 1859 viveremus,
3398 1794 3532 1862 post
3561 1789 3786 1847 obitum

2129 1888 2323 1939 autem
2337 1900 2440 1956 pro
2458 1881 2643 1939 nostri
2655 1887 2711 1938 et
2723 1882 2882 1938 cbari
2897 1880 3080 1955 patris
3095 1881 3278 1937 nostri
3308 1879 3563 1936 Heinrici
3608 1880 3787 1953 impe-

2127 1973 2336 2029 ratoris
2347 1974 2430 2028 Au
2438 1989 2511 2046 gu
2521 1971 2950 2044 sti,matrisque
2971 1974 3184 2026 nostra
3204 1969 3442 2042 Agnetis
3455 1968 3786 2041 imperatri-

2127 2062 2348 2131 cis,avi,
2367 2062 2624 2134 aviaque
2646 2062 2980 2117 animarum
3002 2059 3394 2126 remedio,xxx
3415 2057 3633 2114 missas
3654 2057 3783 2115 toti-

2126 2151 2380 2223 demque
2402 2150 2677 2222 psalteria
2688 2167 2791 2223 per
2802 2149 3066 2223 singulas
3084 2148 3444 2205 bebomadas
3458 2147 3680 2204 ibidem
3694 2149 3786 2203 de-

2125 2245 2252 2296 vote
2265 2240 2555 2296 decantari
2572 2244 2628 2296 et
2640 2241 2712 2295 ad
2736 2255 2940 2295 omnes
2953 2255 3163 2296 cursus
3180 2237 3462 2294 horarum
3486 2235 3676 2310 psalm
3687 2254 3781 2292 um

2126 2346 2333 2386 unum.
2358 2329 2602 2402 Insuper
2623 2333 2910 2385 statutum
2931 2333 3020 2385 est
3039 2333 3107 2384 ut
3127 2327 3186 2383 in
3209 2343 3395 2382 avum
3418 2327 3580 2382 omni
3613 2325 3782 2382 tertia

2127 2419 2271 2475 feria
2291 2418 2718 2475 communitera
2743 2417 3022 2473 fratribus
3035 2417 3094 2472 in
3107 2417 3282 2473 choro
3300 2432 3405 2490 pro
3422 2415 3620 2472 anima
3632 2415 3784 2487 Sige-

2126 2507 2260 2564 fridi
2273 2508 2432 2564 chari
2448 2507 2753 2564 servientis
2773 2507 2956 2564 nostri
2971 2510 3246 2563 cateroru
3255 2519 3431 2579 mque
3443 2504 3542 2578 qui
3561 2520 3668 2577 pro
3682 2521 3779 2560 no-

2127 2601 2247 2654 stro
2270 2597 2488 2654 honore
2510 2597 2876 2653 defendendo
2898 2596 2956 2652 in
2980 2595 3215 2668 publico
3238 2594 3389 2651 bello
3409 2598 3780 2658 corruerunt,

2131 2685 2401 2759 specialis
2418 2686 2600 2742 missa
2612 2687 3342 2758 decantetur.Quapropter
3352 2682 3584 2740 Domini
3599 2682 3782 2739 nostri

2125 2776 2267 2832 Jeeu
2290 2774 2505 2832 Christi
2527 2780 2584 2830 et
2605 2775 2756 2832 beati
2799 2774 2949 2831 Petri
2993 2773 3272 2848 principis
3305 2772 3705 2846 apostolorum
3727 2775 3781 2828 et

2127 2863 2691 2937 pretiosissimorum
2717 2867 3041 2935 martyrum
3063 2861 3314 2934 Crispini
3327 2865 3384 2918 et
3401 2860 3775 2934 Crispiniani,

2128 2969 2233 3008 nec
2254 2968 2371 3008 non
2395 2969 2499 3025 pro
2520 2951 2888 3008 veneratione
2907 2950 3095 3008 Caroli
3132 2950 3501 3023 imperatoris
3531 2949 3777 3023 Augusti

2129 3043 2326 3115 magni
2357 3046 2416 3098 et
2453 3040 2681 3114 paciﬁci
2728 3045 2785 3096 et
2830 3041 3094 3112 ejusdem
3143 3039 3398 3096 ecclesia
3453 3037 3776 3095 fundatoris

2128 3130 2488 3187 devotissimi
2520 3134 2578 3186 et
2607 3133 2946 3186 caterorum
2969 3133 3407 3185 antecessorum
3438 3131 3774 3184 nostrorum

363 3224 420 3275 et
448 3217 779 3286 intellectis,
812 3217 1359 3289 Osnebruggensem
1408 3215 1736 3284 ecclesiam,
1775 3215 2015 3272 Adriani
2047 3202 2091 3270 C
2129 3219 2715 3278 eamdemecclesiam
2729 3218 2850 3276 suis
2869 3217 3488 3292 scriptisetpraceptis
3511 3217 3779 3274 roboran-

365 3325 526 3380 papa
554 3305 798 3363 consilio
850 3312 909 3361 et
937 3322 1226 3361 consensu
1258 3322 1291 3361 a
1324 3321 1535 3378 magno
1566 3309 1622 3362 et
1648 3305 1862 3362 illustri
1892 3306 2015 3361 viro

363 3395 566 3454 Carolo
596 3395 870 3468 primitus
891 3395 948 3451 in
980 3393 1277 3466 provincia
1306 3393 1586 3452 Westfala
1616 3394 2018 3464 fundatam,et

365 3504 400 3543 a
425 3483 740 3542 venerabili
763 3483 1041 3557 Egilfrido
1065 3482 1401 3540 Leodicensi
1423 3483 1696 3556 episcopo
1718 3500 2016 3541 consecra-

362 3579 565 3640 tam,et
581 3575 721 3645 quia
741 3573 852 3628 sibi
871 3576 1014 3628 tunc
1033 3572 1314 3644 temporis
1355 3572 1571 3644 praedia
1588 3571 1675 3628 vel
1698 3571 1812 3628 alia
1832 3571 1890 3627 in
1916 3572 2017 3630 illa

365 3664 600 3735 regione
620 3679 736 3718 non
754 3665 920 3717 erant
939 3660 1200 3729 donaria,
1235 3661 1389 3716 unde
1437 3659 1749 3734 episcopus
1785 3661 1874 3717 vel
1896 3661 2018 3718 cle-

366 3751 470 3808 rici
499 3750 580 3806 ibi
609 3751 726 3807 Deo
755 3749 1077 3806 militantes
1107 3750 1851 3818 sustentarentur,decimis
1882 3769 2016 3807 cun-

366 3845 594 3897 ctorum
618 3840 772 3896 infra
803 3839 1086 3896 terminos
1107 3838 1372 3910 ejusdem
1395 3837 1767 3911 episcOpatus
1802 3841 2016 3913 degen-

364 3931 513 3986 tium
531 3933 589 3987 et
606 3929 826 3986 noviter
843 3929 913 3983 ad
937 3926 1434 3984 CLiristianitatem
1454 3944 1865 3985 conversurum
1885 3946 2019 3986 con-

367 4019 709 4076 secrationis
739 4019 868 4090 ejus
898 4017 992 4073 die
1021 4017 1381 4084 dotatam,et
1411 4021 1611 4088 postea
1641 4033 1708 4072 nu
1739 4019 2016 4092 apostoli-

366 4127 568 4166 corum
597 4108 858 4164 virorum
891 4105 1462 4180 privilegiis,scilicet
1483 4107 2016 4175 Leonis,Pascbalis

366 4198 608 4271 Eugenii
643 4201 700 4252 et
729 4196 1011 4268 Gregorii,
1035 4194 1354 4252 stabilitam
1404 4212 1553 4260 esse,
1580 4200 1638 4252 et
1657 4213 1889 4253 omnem
1911 4197 2016 4252 ho-

366 4286 585 4342 minem
617 4285 837 4340 eisdem
870 4283 1189 4356 privilegiis
1211 4288 1347 4339 ante
1364 4301 1470 4340 nos
1492 4284 1740 4352 relectis,
1763 4285 1864 4357 qui
1895 4286 2016 4342 hac

367 4373 592 4429 sancita
635 4371 830 4442 aliquo
880 4371 1051 4426 modo
1099 4370 1426 4436 irritaverit,
1461 4371 2016 4430 anathematizatum

368 4460 881 4530 constare,absque
903 4458 1023 4514 ulla
1044 4459 1428 4530 ambiguitate
1449 4458 1785 4517 didicimus.
1809 4462 1890 4518 Ex
1916 4464 2015 4520 ab-

368 4548 520 4604 batis
547 4550 743 4602 autem
774 4546 991 4618 scripto
1022 4547 1178 4618 quod
1210 4546 1405 4602 attulit
1442 4547 1621 4621 regali
1668 4551 2016 4608 auctoritate

367 4637 711 4693 conﬁrmato
732 4634 1030 4708 juniorem
1061 4635 1417 4692 Ludovicum
1441 4638 1760 4709 quamdam
1810 4639 2017 4696 cellam

367 4724 698 4784 Corbeiensi
728 4723 1004 4794 ecclesia,
1029 4724 1266 4780 nomine
1297 4724 2016 4798 Meppiam,Herifurdensi

369 4821 565 4873 autem
593 4814 920 4880 ecclesiam,
955 4814 1191 4870 nomine
1220 4815 1617 4884 Bunede,cum
1638 4817 1882 4874 decimis
1904 4817 2014 4873 sibi

369 4904 796 4981 pertinentibus
826 4903 886 4958 in
910 4903 1249 4976 episcopatu
1281 4903 1506 4960 Osnebr
1537 4905 1896 4962 concessisse
1925 4906 2014 4962 in-

368 4993 806 5052 telleximus.Ad
831 4992 953 5048 hac
974 4992 1344 5065 infringenda
1372 4996 1428 5048 et
1458 4993 1834 5051 adnibilanda
1858 4997 2014 5067 ejus-

370 5085 502 5140 dem
525 5081 780 5155 junioris
815 5081 1084 5136 Ludovici
1101 5080 1564 5151 cbartamipsius
1581 5083 1814 5154 propria
1838 5101 2015 5139 manu

369 5173 702 5228 roboratam
733 5175 788 5228 et
819 5168 1013 5243 sigillo
1045 5171 1173 5241 ejus
1203 5169 1561 5241 assignatam
1610 5173 1918 5246 episcopus
1956 5173 2015 5228 in

372 5260 563 5331 palam
594 5259 1007 5333 proferebat,in
1037 5274 1154 5330 qua
1177 5258 1331 5314 idem
1354 5259 1679 5316 Ludovicus
1700 5262 1788 5317 avi
1813 5263 2018 5334 patris-

373 5365 483 5420 que
515 5348 605 5404 sui
636 5353 857 5405 statuta
875 5364 1052 5419 super
1063 5347 1281 5403 eisdem
1295 5347 1536 5404 decimis
1558 5351 1810 5421 prafata
1831 5351 2015 5408 Osua-

373 5437 686 5507 bruggensi
721 5436 975 5494 ecclesia
1001 5435 1282 5493 stabilivit
1329 5439 1386 5492 et
1413 5437 1473 5492 in
1500 5440 1839 5497 earumdem
1863 5441 2015 5498 deci-

373 5540 602 5580 marum
626 5527 1037 5582 traditionibus
1056 5525 1379 5598 quidquam
1414 5526 1816 5599 derogasse,ut
1846 5531 2018 5588 abba-

369 5615 450 5671 tis
499 5611 716 5685 scripta
761 5615 1040 5684 referunt,
1090 5614 1416 5688 denegavit.
1452 5615 1678 5674 Abbate
1725 5622 1921 5677 autem
1960 5625 2019 5679 et.

2124 3309 2406 3376 tium,nec
2435 3325 2550 3364 non
2575 3308 2664 3364 avi
2686 3308 2990 3381 patrisque
3020 3307 3207 3365 nostri
3239 3311 3415 3380 atque
3443 3310 3647 3363 nostra
3667 3321 3777 3362 ca-

2123 3402 2501 3471 terorumque
2529 3396 2797 3454 videlicet
2818 3413 3023 3471 regum
3071 3397 3172 3469 qui
3211 3397 3268 3451 in
3292 3396 3560 3452 eamdem
3587 3393 3772 3451 Eccle-

2125 3487 2275 3544 siam
2299 3486 2599 3558 justitiam
2631 3485 2744 3542 sibi
2775 3485 3114 3559 denegando
3147 3489 3531 3558 peccaverunt
3550 3483 3778 3542 anima-

2125 3593 2257 3632 rum
2304 3575 2560 3632 remedio
2605 3578 2662 3631 et
2706 3574 3072 3641 liberatione,
3101 3579 3159 3630 et
3209 3574 3476 3645 ejusdem
3517 3572 3777 3645 episcopi

2126 3663 2331 3722 sedula
2349 3669 2406 3720 et
2425 3663 2707 3720 diuturna
2723 3663 3416 3736 proclamatione,nostra
3432 3661 3776 3718 immunita-

2124 3754 2202 3809 tis
2218 3757 2274 3810 et
2285 3753 2571 3810 libertatis
2594 3756 2946 3826 praceptum
2961 3769 3140 3825 super
3151 3751 3371 3810 eisdem
3392 3749 3640 3807 decimis
3654 3749 3774 3823 epi-

2125 3859 2300 3916 scopo
2313 3858 2550 3915 suaque
2569 3841 2836 3899 Ecclesia
2859 3840 3224 3898 stabiliendis
3244 3839 3370 3896 ﬁeri
3390 3838 3772 3897 decrevimus.

2127 3932 2297 3987 Praci
2306 3931 2529 4003 pientes
2541 3947 2676 4004 ergo
2695 3932 2976 4003 jubemus
2989 3935 3056 3986 ut
3066 3929 3218 3986 sicut
3239 3927 3496 4001 reliquia
3519 3929 3579 3984 in
3595 3943 3774 4001 regno

2125 4024 2324 4076 nostro
2355 4024 2568 4076 sancta
2585 4020 2686 4076 Dei
2709 4019 2977 4076 Ecclesia
2999 4020 3072 4076 ab
3094 4024 3532 4076 antecessorum
3553 4020 3779 4074 nostro-

2126 4125 2258 4164 rum
2299 4125 2504 4181 regum
2550 4111 2609 4164 et
2656 4109 3074 4182 imperatorum
3102 4106 3407 4180 praeceptis
3455 4109 3514 4162 et
3541 4104 3778 4178 scriptis

2125 4197 2457 4254 stabilitata
2487 4197 2840 4265 consistunt,
2872 4196 2956 4253 ita
2983 4203 3042 4253 et
3066 4197 3187 4252 hac
3228 4196 3472 4252 Osnebr.
3519 4193 3780 4250 Ecclesia

2127 4303 2228 4358 per
2272 4285 2382 4342 hoc
2427 4290 2696 4343 nostrum
2727 4291 3100 4359 praceptum,
3136 4285 3379 4342 Domino
3428 4282 3775 4356 opitulante,

2125 4373 2384 4432 stabilita
2396 4374 3089 4432 consistat.Concedimus
3109 4373 3285 4430 etiam
3299 4373 3489 4429 eidem
3505 4372 3776 4445 episcopo

2125 4469 2182 4522 et
2228 4463 2524 4521 licentiam
2574 4463 2806 4533 damus,
2844 4463 2962 4520 imo
3010 4463 3408 4536 pracipimus,
3449 4460 3775 4517 secundum

2045 4572 2095 4638 D
2125 4553 2310 4610 Caroli
2342 4551 2772 4609 institutionem
2825 4551 3086 4608 decimas
3119 4555 3467 4608 cunctorum
3498 4549 3655 4605 infra
3685 4549 3772 4605 sui

2128 4643 2499 4716 episcopatus
2529 4641 2812 4698 terminos
2843 4640 3258 4709 habitantium,
3285 4639 3501 4713 quibus
3528 4639 3654 4711 jam
3676 4637 3775 4693 diu

2126 4731 2347 4804 injuste
2371 4730 2644 4801 caruit,in
2662 4747 2832 4786 suam
2861 4729 3250 4803 episcopalem
3274 4732 3620 4801 potestatem
3643 4725 3776 4782 reci-

2127 4837 2282 4893 pere,
2316 4819 2546 4876 nemine
2576 4819 3142 4876 contradicente.Sed
3173 4818 3346 4874 liceat
3373 4815 3611 4891 prafato
3651 4815 3776 4888 epi-

2125 4927 2298 4982 scopo
2321 4908 2556 4964 easdem
2587 4908 2848 4964 decimas
2869 4911 3225 4981 caterasque
3247 4923 3339 4963 res
3362 4923 3481 4963 sua
3505 4903 3774 4963 Ecclesia

2126 5015 2273 5070 quas
2305 4996 2476 5052 modo
2507 4995 2767 5068 possidet
2795 4995 2883 5053 vel
2913 4997 3188 5069 deinceps
3219 4994 3558 5069 acquisierit
3579 4994 3775 5066 quieto

2126 5086 2328 5142 ordine
2360 5083 2676 5157 possidere,
2712 5101 2966 5158 suasque
3003 5084 3310 5152 Ecclesiae,
3344 5083 3518 5141 sicuti
3539 5086 3777 5139 cataro-

2125 5192 2257 5230 rum
2282 5175 2383 5245 jus
2405 5178 2494 5229 est
2523 5173 3246 5247 episcoporum,corrigcre
3266 5177 3326 5230 et
3341 5189 3546 5229 earum
3567 5186 3776 5228 causas

2126 5265 2346 5336 absque
2377 5261 2501 5318 ulla
2529 5263 2984 5320 contradictione
3013 5263 3564 5337 disponere.Sicque
3586 5259 3777 5316 ﬁrmi-

2126 5354 2298 5409 miter
2326 5350 2653 5409 stabilitum
2684 5356 2775 5408 est
2805 5357 2870 5408 ut
2897 5353 3090 5410 cuncti
3113 5353 3241 5426 ejus
3264 5365 3636 5408 successores
3658 5348 3779 5405 bac

2124 5442 2329 5498 eadem
2358 5458 2393 5496 a
2421 5441 2590 5498 nobis
2614 5441 2838 5498 sancita
2868 5441 2994 5514 pari
3024 5443 3198 5499 modo
3228 5441 3572 5498 sortiantur.
3604 5438 3678 5494 Et
3716 5441 3780 5493 ut

2125 5531 2246 5588 hac
2275 5529 2588 5600 auctoritas
2618 5534 2818 5588 nostra
2843 5530 3161 5588 ﬁrmiorem
3183 5530 3243 5587 in
3263 5530 3366 5587 Dei
3390 5529 3627 5588 nomine
3674 5527 3780 5583 ha-

2125 5620 2258 5679 beat
2281 5619 2682 5692 stabilitatem,
2715 5637 2896 5680 manu
2927 5624 3129 5681 nostra
3173 5619 3411 5695 propria
3457 5621 3522 5679 ut
3564 5617 3781 5676 subtus
