3968 6158
265 229 422 293 1153

1614 225 2008 295 HENRICUS
2051 213 2131 290 IV
2170 224 2334 290 IMP.

3514 227 3668 294 “54

263 365 416 439 quis,
448 378 635 436 usque
667 363 737 418 ad
769 359 900 418 illos
920 359 1243 434 ﬁnes,quos
1262 359 1627 418 laudaverint
1648 363 1916 420 homines
1946 366 2000 432 Α
2030 363 2208 418 situm
2240 366 2412 430 est,et
2442 363 2500 420 in
2532 363 2810 421 comitatu
2841 362 3149 421 Sabinensi
3181 366 3583 421 constructum
3612 366 3669 420 in

261 453 334 508 ab
362 451 446 508 eis
479 450 646 506 electi
679 452 750 506 ad
785 451 892 507 hoc
927 450 1321 523 officium,qui
1347 451 1736 523 jurejurando
1769 453 1920 507 afﬁr-

261 545 425 596 ment
445 556 507 596 se
527 540 682 595 bona
706 540 818 596 ﬁde
841 539 1238 596 aestimaturos
1269 544 1325 595 et
1347 541 1767 596 terminaturos
1788 540 1920 596 illas

257 633 445 686 terras
479 645 604 700 qua:
651 630 811 684 fuere
854 645 1073 701 pascua
1114 627 1201 683 vel
1252 628 1517 701 paludes,
1549 634 1607 685 et
1653 629 1784 685 illas
1813 629 1920 684 de-

261 721 713 785 monstraturos,
740 718 893 790 quod
927 722 1092 774 erant
1121 735 1494 790 pascua,quze
1527 719 1598 774 ad
1627 717 1918 774 culturam

260 807 512 863 debeant
533 808 931 863 remanere.Et
953 807 1114 862 nullo
1136 824 1331 863 amore
1353 807 1442 863 vel
1461 808 1592 864 odio
1617 811 1921 880 propterea

262 895 551 952 missuros
585 896 735 964 illos,
772 898 820 952 si
852 896 1245 963 noluerint,ad
1280 902 1649 953 sacramenta
1680 897 1918 953 distrin-

263 1002 491 1059 gemus.
518 987 585 1042 Et
615 987 769 1059 quod
796 985 908 1059 ipsi
930 986 1296 1042 laudaverint
1317 1003 1466 1054 esse,
1500 987 1558 1041 in
1589 987 1766 1042 alium
1802 989 1918 1041 sta-

261 1079 392 1131 tum
434 1080 830 1132 transmutare
860 1093 962 1148 per
1004 1076 1222 1131 bonam
1246 1076 1421 1132 fidem
1452 1076 1918 1149 prohibebimus.

265 1165 373 1230 Qui
406 1163 454 1219 si
485 1165 1024 1220 discordaverintin
1054 1164 1340 1237 eligendis
1358 1165 1652 1237 praedictis
1674 1162 1922 1220 homini-

264 1253 398 1323 bus,
433 1269 547 1308 non
572 1253 940 1326 eligemus,et
962 1254 1156 1323 iurare
1177 1252 1692 1326 distringemus.ln
1713 1254 1917 1319 Roma,

265 1348 323 1399 et
353 1344 426 1398 ab
458 1343 588 1416 ipsa
617 1343 804 1398 Roma
833 1359 1022 1415 usque
1053 1343 1292 1415 Papiam
1353 1341 1579 1398 nullum
1609 1342 1920 1416 ripaticum

267 1433 496 1488 dabunt
520 1432 581 1488 in
613 1432 698 1488 eis
733 1431 1004 1488 mercatis
1036 1437 1093 1488 et
1118 1431 1283 1500 locis,
1315 1433 1415 1488 ubi
1445 1432 1556 1504 ipsi
1591 1432 1748 1489 soliti
1781 1435 1922 1487 sunt

268 1522 350 1576 ire
385 1539 484 1592 per
514 1539 674 1587 suos,
708 1527 811 1576 aut
833 1539 894 1577 se
916 1523 1042 1593 jam
1071 1522 1141 1576 ad
1174 1523 1550 1577 mercandum
1585 1522 1757 1577 ivisse
1785 1538 1920 1592 pos-

268 1615 407 1666 sunt
432 1609 655 1666 ratione
704 1612 968 1682 probare.
1002 1611 1072 1665 Et
1129 1610 1212 1664 illi
1269 1611 1688 1683 negociatores,
1717 1611 1814 1681 qui
1849 1610 1919 1663 ad

266 1699 462 1754 Pisam
497 1700 579 1755 ire
607 1699 917 1768 voluerint,
948 1717 1063 1755 non
1093 1699 1584 1772 prohibebuntur.
1617 1701 1732 1755 Nec
1766 1716 1919 1754 mar-

269 1788 540 1844 chionem
573 1788 829 1860 aliquem
861 1788 920 1842 in
952 1789 1158 1844 Suscia
1201 1789 1503 1845 mittemus
1556 1788 1681 1844 sine
1711 1788 1918 1844 lauda-

267 1878 424 1933 tione
453 1877 761 1932 hominum
808 1878 1116 1932 duodecim
1168 1877 1484 1933 electorum
1543 1878 1599 1933 in
1632 1877 1920 1948 colloquio

267 1966 419 2022 facto
452 1957 801 2021 sonantibus
833 1967 1153 2038 campanis.
1187 1969 1232 2020 Α
1266 1967 1429 2022 fauce
1458 1968 1596 2021 Arni
1628 1983 1815 2038 usque
1847 1966 1916 2020 ad

267 2057 332 2110 Ri
342 2055 558 2128 paltam
579 2072 678 2111 eos
700 2061 909 2112 euntes
932 2062 988 2111 et
1010 2060 1364 2111 revertentes
1405 2073 1507 2128 per
1542 2059 1764 2110 Arnum
1786 2073 1922 2126 prae-

269 2144 524 2213 dari,aut
556 2143 838 2201 assaltum
863 2145 1048 2199 facere
1079 2161 1192 2199 non
1225 2146 1654 2215 permittemus,
1679 2144 1791 2199 nisi
1816 2145 1922 2198 for-

267 2237 426 2290 tasse
447 2249 549 2306 per
573 2233 1132 2301 meritum.Aldium,
1150 2233 1304 2304 quod
1325 2238 1413 2288 est
1435 2233 1494 2288 in
1527 2233 1656 2304 ripa
1686 2232 1822 2287 Arni
1853 2249 1920 2287 ex

268 2328 516 2394 utraque
534 2329 694 2395 parte
718 2342 750 2378 a
767 2339 926 2378 mare
941 2339 1128 2394 usque
1145 2323 1216 2378 ad
1233 2322 1597 2390 Orticariam,
1616 2340 1730 2377 non
1763 2323 1922 2377 sine-

269 2429 403 2467 mus
426 2411 721 2484 impediri.
755 2411 917 2467 Ultra
942 2429 1142 2467 muros
1175 2411 1448 2482 antiquos
1479 2411 1920 2482 civitatis,quod

267 2507 357 2556 est
388 2501 459 2555 ab
492 2499 750 2572 antiquis
783 2500 970 2556 muris
991 2517 1177 2572 usque
1208 2501 1279 2555 ad
1310 2501 1637 2566 Arnum,ad
1666 2517 1924 2555 commu-

268 2606 402 2645 nem
422 2589 736 2644 utilitatem
761 2588 1285 2645 libcrabimus.Nec
1299 2590 1541 2644 domum
1557 2589 1614 2644 in
1631 2589 1921 2661 prazdictis

264 2677 536 2736 terminis
557 2677 768 2733 elevari
793 2694 980 2750 usque
999 2679 1068 2732 ad
1093 2678 1336 2751 triginta
1358 2695 1458 2734 sex
1479 2678 1719 2734 brachia
1739 2677 1922 2733 inter-

267 2768 378 2823 dici
403 2767 913 2840 permittemus.Et
933 2771 998 2821 ut
1023 2767 1130 2822 hoc
1157 2768 1392 2822 ﬁrmum
1424 2772 1480 2823 et
1509 2767 1920 2823 inconvulsum

267 2856 362 2926 sit,
395 2857 547 2912 hanc
607 2855 872 2911 chartam
924 2856 1098 2911 scribi
1147 2857 1462 2926 jussimus,
1497 2872 1674 2928 quam
1724 2861 1924 2912 nostra

267 2962 471 3016 manu,
503 2949 569 3000 ut
595 2944 747 2999 infra
768 2944 1017 3009 videtur,
1049 2945 1481 2999 corroboratam
1529 2944 1704 3017 sigilli
1737 2944 1922 3000 nostri

269 3035 656 3106 impressione
679 3033 923 3089 fecimus
937 3034 1226 3105 insigniri.
1244 3033 1560 3089 Junximus
1574 3034 1746 3088 etiam
1759 3040 1844 3098 ,ut
1871 3035 1919 3088 si

2027 451 2152 508 loco
2185 453 2283 524 qui
2319 452 2532 508 dicitur
2558 454 3166 523 Acutianus,nostram
3198 454 3401 510 adiens
3418 472 3670 527 przesen-

2026 541 2191 606 tiam,
2226 542 2484 597 ostendit
2524 542 2693 597 nobis
2726 549 3057 600 nostrorum
3099 549 3558 612 antecessorum,
3584 561 3670 599 re-

2028 645 2192 700 gum,
2224 628 2312 684 vel
2344 631 2763 703 imperatorum
2784 638 3066 705 praecepta
3095 635 3283 689 eidem
3321 634 3671 689 monasterio

2029 718 2402 788 facta,aureis
2415 720 2626 792 sigillis
2640 719 2859 776 bullata
2871 722 3288 778 scilicctCaroli
3306 725 3673 796 imperatoris

2032 807 2320 875 Ludovici,
2354 813 2411 863 et
2443 809 2718 878 Lotbarii,
2745 827 2846 866 nec
2869 828 2982 866 non
3005 816 3059 865 et
3091 811 3384 877 Ludovici,
3409 811 3668 877 alterius,

2029 896 2088 950 in
2121 897 2336 968 quibus
2368 897 2794 966 continebatur,
2827 900 3118 971 quomodo
3158 899 3290 972 ipsi,
3322 904 3378 954 et
3408 906 3671 956 anteces-

2029 1001 2189 1040 sores
2223 1003 2424 1041 eorum
2477 987 2870 1058 Liutprandus
2919 987 3136 1044 scilicet
3184 1006 3250 1044 ac
3309 989 3670 1062 Bathgisius,

2030 1073 2435 1146 Haistulphus,
2490 1076 2846 1141 Desiderius,
2912 1077 3424 1149 Longobardorum
3485 1095 3670 1150 reges,

2031 1179 2134 1218 nec
2159 1179 2274 1217 non
2297 1167 2353 1217 et
2371 1162 2790 1236 imperatorum
2807 1171 3116 1236 parentum
3133 1170 3487 1233 nostrorum,
3513 1167 3674 1222 scili-

2030 1252 2469 1308 cetChuonradi
2493 1253 2581 1308 avi
2622 1254 2824 1322 nostri,
2861 1259 2917 1309 et
2948 1255 3108 1310 bona:
3166 1255 3460 1311 memoriae
3492 1257 3674 1329 patris

2031 1340 2216 1396 nostri
2238 1342 2489 1396 Heinrici
2514 1343 2854 1414 praedictum
2888 1344 3576 1418 monasterium,propter
3595 1346 3675 1401 di-

2028 1430 2230 1486 vinum
2255 1433 2989 1496 amorem,etreverentiam
3010 1439 3220 1490 sanctae
3243 1435 3343 1490 Dei
3373 1435 3675 1508 genitricis

2030 1536 2263 1592 semper
2275 1519 2515 1592 virginis
2532 1522 2723 1576 Marize
2740 1522 2990 1578 dominae
3015 1525 3364 1594 nostrae,sub
3397 1541 3504 1583 sua
3521 1541 3671 1580 sem-

2031 1608 2393 1680 pertuitione
2411 1609 2848 1666 tenuissent.0b
2873 1613 3210 1669 firmitatem
3235 1617 3430 1669 tamen
3452 1614 3532 1669 rei
3552 1631 3677 1686 pos-

2029 1697 2236 1753 tulavit
2266 1698 2770 1770 praedictusabbas
2784 1706 2845 1754 ut
2875 1703 3216 1758 eorunidem
3254 1702 3675 1775 imperatorum

2028 1793 2313 1860 praecepta
2326 1793 2522 1845 nostra
2535 1791 2752 1845 auctori
2766 1796 2877 1846 tate
2891 1793 3678 1862 conﬁrmaremus,etimmu-

2030 1876 2233 1932 uitatis
2252 1884 2598 1949 praeceptum
2630 1896 2734 1934 suo
2771 1882 3123 1937 monasterio
3155 1882 3291 1937 dare
3314 1883 3672 1953 juberemus.

2103 1967 2216 2020 Nos
2247 1983 2378 2021 vero
2407 1968 2726 2036 ejusjustis
2751 1970 3243 2040 postulationibus
3266 1971 3673 2036 assentientes,

2031 2057 2452 2110 confirmamus
2482 2055 2670 2110 eidem
2718 2061 3070 2112 monasterio
3128 2060 3413 2131 quidquid
3464 2061 3676 2116 futuris

2032 2144 2394 2215 temporibus
2426 2162 2526 2215 per
2557 2145 2947 2200 instrumenta
3000 2148 3334 2202 chartarum
3385 2149 3677 2204 vindicare

2032 2232 2540 2304 contigerit,prout
2555 2235 2703 2302 iuste
2725 2234 3679 2306 etlegaliterpossumus,videlicet

2032 2338 2396 2392 quaecunque
2417 2321 2630 2376 habere
2652 2323 2881 2377 videtur
2901 2323 2956 2377 in
2981 2324 3676 2391 territorioSabinensi,id

2032 2415 2121 2464 est
2150 2409 2453 2465 ecclesiam
2485 2411 2686 2466 Sancti
2724 2411 3016 2466 Benedicti
3067 2430 3201 2468 cum
3252 2413 3524 2469 omnibus
3555 2416 3678 2470 suis

2032 2498 2417 2571 pertinentiis,
2451 2505 2507 2554 et
2529 2499 2834 2555 castellum
2872 2501 2940 2555 de
2979 2502 3106 2556 Arci
3132 2519 3264 2556 cum
3288 2505 3407 2558 tota
3437 2503 3672 2576 integri-

2033 2593 2150 2644 tate
2183 2605 2308 2654 sua,
2343 2593 2400 2644 et
2424 2588 2754 2653 castellum,
2789 2589 3023 2645 nomine
3071 2590 3406 2658 Tribucum,
3441 2591 3497 2646 in
3530 2591 3676 2648 inte-

2031 2693 2222 2750 grum,
2241 2676 2535 2732 etalveum
2550 2677 2829 2750 Pharphae
2845 2683 3030 2733 totum
3073 2678 3130 2734 in
3146 2680 3462 2752 integrum,
3493 2680 3680 2737 eccle-

2032 2767 2179 2822 siam
2197 2767 2386 2821 Sancti
2430 2766 2629 2838 Angeli
2661 2767 2716 2820 in
2741 2767 2957 2822 Tancia
2979 2786 3111 2824 cum
3135 2769 3369 2841 gualdo,
3398 2774 3455 2825 et
3485 2771 3678 2826 omni-

2031 2855 2141 2910 bus
2174 2855 2298 2910 suis
2331 2855 2717 2927 pertinentiis,
2751 2856 2922 2911 sicuti
2964 2857 3392 2914 Hildebrandus
3432 2860 3549 2915 dux
3579 2877 3682 2932 per

2033 2961 2142 3000 sua
2172 2945 2539 3000 confirmavit
2563 2949 2865 3016 praecepta,
2890 2946 3194 3001 castellum
3227 2947 3296 3002 de
3327 2949 3680 3003 Bucciniano

2031 3038 2218 3088 totum
2271 3033 2326 3086 in
2386 3034 2700 3105 integrum,
2751 3037 3008 3088 castrum
3063 3035 3300 3107 Parpha:
3350 3053 3483 3091 cum
3539 3039 3680 3092 totis

269 3123 470 3195 aliqua
491 3123 654 3178 navis
671 3123 844 3177 fuerit
875 3127 1099 3177 retenta
1130 3140 1162 3176 a
1193 3122 1394 3192 Gajeta
1425 3138 1609 3192 usque
1649 3124 1720 3178 ad
1754 3123 1919 3190 Luni,
1953 3109 1994 3175 C
2034 3121 2415 3194 subjacentiis
2435 3122 2546 3177 sibi
2570 3121 2997 3193 pertinentibus
3021 3123 3241 3178 castelli
3267 3125 3424 3195 quod
3444 3129 3682 3180 vocatur

271 3212 471 3267 nullus
497 3211 1074 3282 audeatdeprzedare,
1098 3227 1284 3281 neque
1308 3210 1580 3265 invadere
1601 3211 1753 3266 bona
1774 3212 1927 3284 ipso-

269 3319 402 3357 rum
422 3291 856 3356 Pisanorum.Si
881 3299 1014 3371 quis
1035 3304 1229 3354 autem
1253 3300 1430 3369 hujus
1449 3299 1718 3372 prazcepti
1739 3301 1924 3356 nostri

269 3391 518 3446 violator
573 3389 879 3456 exstiterit,
913 3388 1058 3444 sciat
1118 3405 1179 3444 se
1233 3389 1513 3444 ducentas
1568 3388 1747 3444 libras
1799 3390 1926 3446 auri

272 3479 480 3552 optimi
511 3478 1380 3550 compositurum,medietatem
1420 3483 1630 3533 nostra:
1662 3495 1924 3551 camerze,

272 3575 328 3624 et
359 3567 729 3624 medietatem
761 3567 844 3621 illi
878 3572 1078 3621 contra
1108 3583 1280 3638 quem
1318 3567 1490 3621 fuerit
1521 3567 1762 3638 injuria.

319 3659 547 3728 Signum
558 3657 748 3712 damni
757 3658 1002 3734 Heinrici
1026 3657 1386 3712 Romanorum
1401 3657 1545 3726 regis
1559 3659 1922 3713 invictissimi.

344 3745 716 3802 Burchardus
747 3745 1131 3802 cancellarius
1162 3745 1398 3800 vice.....
1432 3745 1926 3803 archicancellarii

273 3836 601 3909 recognovi.

343 3926 553 3981 Datum
588 3942 742 3980 anno
790 3924 1104 3980 Dominicis
1156 3923 1581 3980 Incarnationis
1615 3924 1928 3981 millesimo

274 4015 632 4088 cctagesimo
659 4014 872 4085 primo,
901 4013 1218 4068 indictione
1267 4031 1346 4080 1v,
1378 4030 1530 4069 anno
1553 4019 1747 4070 autem
1773 4015 1926 4070 crdi-

274 4103 529 4160 nationis
561 4102 760 4157 domni
779 4102 1031 4157 Heinrici
1060 4102 1252 4174 quarti
1275 4103 1428 4175 regis
1451 4104 1772 4178 xx1v,regni
1795 4121 1925 4160 xxx.

346 4195 555 4246 Actum
584 4189 830 4246 feliciter
856 4189 915 4245 in
945 4190 1157 4246 Christi
1191 4191 1446 4247 nomine.

277 4352 498 4407 Henrici
528 4351 675 4431 inter
701 4366 852 4418 reges
884 4279 1551 4431 qyartz‘énterflagnatos
1571 4355 1724 4431 tertii
1752 4353 1928 4431 diplo-

347 4440 462 4489 ma,
493 4438 597 4493 quo
611 4423 750 4493 jura
777 4424 964 4477 omnia
993 4439 1057 4476 ac
1081 4421 1385 4493 privilegia
1414 4424 1662 4493 Far/ensi
1690 4421 1928 4480 ccenbbio

348 4495 635 4551 conﬁrmat
665 4502 716 4550 et
745 4498 924 4564 auget.

902 4566 1086 4634 (Anno
1120 4564 1302 4635 1084.)

457 4638 810 4708 [Μυιυιτοιτιῐ²
849 4639 967 4692 lter.
1003 4637 1126 4691 Ital.
1162 4636 1380 4708 Script,
1407 4636 1474 4703 II,
1508 4653 1570 4702 ιι,
1601 4637 1752 4708 605.]

347 4727 664 4794 Hsamcus,
698 4726 894 4781 divina
927 4726 1152 4782 favente
1184 4725 1514 4795 clementia,
1533 4726 1928 4781 Romanorum

279 4816 596 4888 imperator
623 4818 944 4888 Augustus.

349 4910 491 4960 Cum
510 4905 890 4978 petitionibus
904 4921 1206 4959 servorum
1230 4903 1327 4959 Dei
1349 4903 1733 4960 rationalibus
1747 4904 1927 4958 divini

279 4992 472 5050 cultus
502 5008 698 5050 amore
731 4994 1015 5058 favemus,
1048 4997 1106 5047 et
1137 4992 1228 5046 his
1274 4996 1602 5064 opportuna
1650 4993 1930 5049 beneficia

277 5083 582 5156 largimur,
601 5081 908 5155 praemium
936 5085 1162 5136 aeternae
1177 5081 1665 5137 remunerationis
1688 5083 1927 5154 rependi

279 5190 396 5227 non
427 5170 1060 5234 difﬁdimus.Quocirca
1090 5169 1355 5225 omnium
1379 5173 1590 5225 sanctae
1617 5171 1717 5226 Dei
1744 5171 1929 5228 Eccle-

279 5262 403 5327 siae,
435 5265 886 5332 nostrorumque
937 5259 1219 5326 ﬁdelium,
1255 5261 1629 5331 praesentium
1658 5261 1929 5317 videlicet

277 5367 347 5407 ac
379 5349 734 5413 futurorum,
758 5348 1077 5420 comperiat
1092 5347 1328 5404 solertia
1357 5348 1611 5420 qualiter
1639 5349 1927 5407 Berardus

278 5437 627 5495 venerabilis
645 5437 826 5493 abbas
847 5436 1187 5493 monasterii
1217 5442 1436 5494 Sanctaa
1487 5438 1586 5493 Dei
1627 5439 1928 5511 genitricis

279 5545 513 5606 semper
540 5526 784 5603 virginis
815 5525 1030 5596 Mariae,
1064 5528 1218 5603 quod
1249 5527 1308 5585 in
1367 5528 1583 5585 ducatu
1632 5527 1926 5605 Spoletina

2033 3211 2234 3283 Capud
2265 3210 2522 3282 Parphze,
2556 3215 2612 3266 et
2631 3210 2824 3265 Sancti
2865 3210 3065 3282 Angcli
3091 3213 3437 3282 cognomine
3467 3219 3523 3268 et
3553 3231 3680 3269 cas-

2033 3299 2153 3355 telli
2176 3299 2564 3369 Cerretimali,
2584 3305 2640 3354 et
2669 3299 3092 3366 Scandriliae,et
3122 3301 3299 3355 Petra;
3314 3301 3676 3372 Daemonum,

2034 3395 2089 3444 et
2110 3390 2303 3444 Roeea:
2318 3388 2489 3444 Salici
2519 3389 2795 3444 sistorum
2817 3391 3269 3460 quinquetotam
3287 3391 3678 3461 medietatem,

2034 3495 2168 3534 cum
2192 3477 2353 3533 Podii
2386 3477 2599 3550 Majani
2634 3478 2963 3545 medietate,
2997 3484 3052 3534 et
3107 3483 3225 3534 toto
3275 3479 3488 3552 gualdo
3528 3481 3676 3552 ejus,

2034 3567 2343 3624 castellum
2370 3567 2812 3639 Vulpinianum,
2846 3567 3148 3622 castellum
3209 3569 3280 3623 de
3320 3569 3677 3637 Marciliano,

2035 3656 2339 3712 castellum
2362 3657 2432 3712 de
2467 3657 2836 3724 Ferraniano,
2861 3655 3102 3728 podium
3127 3657 3197 3712 de
3220 3658 3440 3724 Catino,
3473 3658 3679 3714 castel-

2036 3745 2158 3800 lum
2191 3747 2260 3800 de
2292 3746 2434 3812 Cull,
2470 3750 2525 3800 et
2581 3744 2886 3800 castellum
2946 3746 3016 3800 de
3066 3745 3312 3811 Furano,
3343 3751 3567 3802 curtem
3611 3748 3681 3802 de

2039 3833 2186 3900 Lori,
2217 3833 2520 3889 ecclesiam
2569 3838 2788 3888 Sanctae
2837 3833 3082 3888 Helenae.
3113 3834 3174 3888 In
3207 3835 3436 3890 civitate
3465 3835 3683 3892 Ortana

2036 3922 2340 3977 ecclesiam
2373 3921 2567 3976 Sancti
2618 3921 2924 3987 Theodori,
2960 3923 3017 3976 in
3056 3921 3314 3978 Viterbio
3373 3923 3680 3978 ecclesiam

2036 4012 2259 4065 Sancta";
2291 4009 2816 4073 Marize,ecclesiam
2835 4011 3025 4064 Sancti
3050 4009 3340 4065 Valentini
3361 4011 3419 4065 in
3443 4012 3632 4084 Burge
3664 4030 3678 4080 ;

2038 4099 2097 4154 in
2127 4099 2420 4154 territorio
2454 4099 2743 4163 Tuscano,
2777 4097 2982 4153 cellam
3005 4100 3229 4153 Sanctae
3263 4098 3455 4154 Marias
3483 4099 3540 4154 in
3575 4100 3680 4154 Mi-

2039 4188 2210 4244 nione
2223 4204 2356 4243 cum
2376 4186 2610 4260 gualdo,
2627 4191 2685 4242 et
2700 4191 2894 4243 monte
2908 4187 3196 4253 Garberti,
3215 4192 3270 4242 et
3299 4187 3427 4260 ripa
3438 4187 3678 4256 Albella,

2037 4286 2089 4334 et
2123 4277 2349 4334 marino
2396 4280 2584 4348 portu.
2618 4275 2921 4332 ecclesiam
2971 4277 3167 4332 Sancti
3227 4277 3679 4334 Laurentii.......

2038 4366 2197 4422 flumi
2208 4383 2276 4422 ne
2307 4365 2614 4422 ecclesiam
2637 4367 2860 4421 Sanctae
2881 4370 3118 4434 Severm,
3153 4366 3521 4422 medietatem
3545 4367 3684 4422 civi-

1955 4479 2004 4543 Ι)
2035 4457 2174 4511 tatis
2191 4456 2427 4522 Vetulze,
2463 4461 2752 4527 etportus,
2787 4473 2959 4528 quem
2979 4455 3136 4512 dedit
3160 4455 3466 4512 Rainerius
3487 4473 3683 4513 comes

2036 4545 2192 4600 illius
2208 4545 2452 4599 Saxonis
2482 4545 2712 4600 comitis
2744 4562 2847 4617 pro
2887 4545 3145 4602 remedio
3160 4545 3367 4601 animae
3391 4563 3508 4602 sum
3539 4563 3683 4619 pre-

2041 4633 2194 4688 dicto
2209 4633 2706 4688 cmnobioSanctze
2734 4634 2948 4703 Mariae,
2984 4640 3042 4689 et
3073 4634 3170 4706 qui
3204 4634 3362 4690 ﬁlius
3378 4635 3507 4706 ejus
3537 4635 3684 4690 Saxo

2041 4727 2173 4778 ante
2193 4721 2564 4794 praesentiam
2589 4725 2847 4776 nostram
2879 4723 3169 4789 rel‘utavit,
3203 4728 3258 4778 et
3290 4741 3390 4795 per
3419 4723 3685 4779 chartam

2038 4811 2149 4883 ipsi
2211 4810 2564 4866 monasterio
2633 4811 2995 4866 conﬁrmavit
3052 4811 3410 4867 irrevocabili
3471 4829 3579 4865 sua
3630 4816 3687 4866 et

2040 4901 2337 4956 hazredum
2373 4916 2614 4954 suorum
2648 4900 2758 4954 sub
2791 4906 3023 4954 centum
3075 4899 3356 4954 librarum
3399 4899 3685 4956 denanio-

2039 5009 2168 5045 rum
2203 5007 2372 5062 pcena
2394 4988 2788 5061 Papiensium,
2806 4989 3108 5044 ecclesiam
3131 4990 3324 5044 Sancti
3343 4987 3492 5044 Petri
3524 4993 3686 5044 extra

2039 5096 2239 5135 muros
2271 5078 2520 5134 civitatis
2551 5078 2908 5144 Cornctanaa,
2932 5084 2989 5133 et
3015 5077 3298 5149 quidquid
3323 5077 3682 5150 int‘raipsam

2038 5169 2329 5224 civitatem
2349 5167 2437 5223 vel
2481 5167 2618 5224 foris
2632 5167 2843 5223 habere
2875 5167 3121 5233 videtur,
3153 5165 3458 5222 ecclesiam
3488 5168 3682 5223 Sancti

2037 5258 2352 5330 Peregrini,
2377 5256 2680 5312 ecclesiam
2698 5255 3232 5328 SanctiAngelisub
3254 5255 3379 5328 ripa
3414 5257 3467 5310 in
3500 5256 3681 5312 comi-

2036 5353 2161 5404 tatu
2191 5346 2453 5414 Senensi,
2485 5351 2708 5402 curtem
2751 5346 3059 5401 Leoninam
3102 5345 3160 5400 in
3209 5346 3485 5402 comitatu
3539 5347 3690 5402 Nar-.

2035 5437 2247 5505 niensi,
2278 5435 2701 5493 monasterium
2722 5435 2916 5491 Sancti
2934 5433 3160 5508 Angeli,
3185 5439 3242 5491 et
3262 5435 3468 5492 collem
3483 5437 3680 5492 Sancti

2034 5525 2278 5599 Antimi,
2309 5530 2366 5585 et
2396 5527 2619 5584 Sanctis
2680 5524 2895 5597 Mariae,
2929 5529 2985 5584 et
3031 5524 3229 5586 Sancti
3258 5523 3501 5586 Joannis
3530 5525 3684 5591 infra
