3968 6158
227 226 389 288 1157

1577 220 1968 288 HENRICUS
2012 222 2096 287 IV
2135 221 2299 289 IMP.

3484 224 3641 291 1158

228 360 481 416 Reatino
513 358 831 434 Repastum
864 362 1157 428 castrum;
1186 359 1248 414 in
1279 357 1558 416 comitatu
1592 360 1881 428 Firmano,
1914 361 1969 427 Α
2001 360 2394 417 instrumenta
2422 361 2779 432 chartarum,
2806 361 3162 433 utdiximus,
3186 361 3272 418 illi
3294 361 3523 437 largita,
3541 367 3642 418 aut

226 452 456 504 curtem
490 449 688 506 Sancti
722 449 1037 506 Salvatoris
1069 449 1180 504 sub
1203 465 1374 505 muro
1395 448 1644 504 civitatis
1662 449 1882 504 Firma-

225 556 338 608 nae,
371 543 429 596 et
467 542 692 595 eurtem
743 539 940 596 Sancti
985 537 1265 606 Gervasii,
1315 543 1373 594 et
1414 541 1638 593 curtem
1686 537 1884 593 Sancti

224 627 619 700 Sigismundi,
655 631 713 684 et
734 630 948 684 terram
983 628 1054 684 de
1083 626 1394 695 Paratinis,
1429 631 1648 682 eurtem
1687 626 1884 682 Sancti

220 715 431 788 Angeli
463 716 535 771 de
561 715 716 771 Villa
745 733 980 789 magna,
1015 720 1236 772 eurtem
1272 716 1470 772 Sancti
1503 715 1886 783 Desiderii,et

223 808 454 860 eurtem
488 805 559 860 de
589 804 960 877 Cupresseto,
993 807 1050 860 et
1079 808 1305 860 eurtem
1338 805 1537 860 Sancti
1577 802 1783 876 Angeli
1824 804 1883 858 in

226 891 494 960 Niviano,
530 897 587 947 et
616 897 838 948 curtem
871 892 1068 948 Sancti
1100 891 1392 960 Venantii,
1435 897 1493 948 et
1541 897 1765 948 curtem
1815 893 1886 946 de

225 980 552 1050 Columelli,
588 985 647 1037 et
677 985 904 1036 eurtem
932 985 1156 1036 Sanctae
1189 980 1528 1048 Felicitatis,
1559 985 1776 1036 terram
1817 981 1886 1036 de

229 1068 555 1138 Raviliano,
589 1073 648 1126 et
675 1075 898 1126 curtem
929 1070 1121 1125 Sancti
1153 1069 1444 1138 Venantii,
1477 1073 1533 1125 et
1554 1070 1624 1125 de
1640 1069 1885 1135 Solario,

226 1162 288 1214 et
319 1162 542 1214 curtem
574 1158 798 1215 Sanctae
829 1158 1026 1215 Marias
1054 1158 1113 1212 in
1147 1159 1422 1226 Motiano,
1457 1163 1516 1214 et
1547 1163 1769 1214 curtem
1815 1159 1886 1214 de

225 1247 550 1303 Caminatis
580 1247 641 1302 in
672 1247 798 1303 loco
831 1246 933 1319 qui
963 1252 1204 1303 vocatur
1229 1247 1517 1314 Murrum,
1551 1251 1776 1302 curtem
1817 1247 1888 1302 de

225 1335 516 1392 Brezzano
546 1334 744 1392 inloco
758 1335 858 1408 qui
879 1340 1119 1392 vocatur
1139 1336 1550 1404 Serranianus,
1579 1335 1886 1392 castellum

229 1424 490 1481 filiorum
522 1424 883 1493 Guinizonis,
920 1430 1143 1481 curtem
1197 1426 1420 1482 Sanctae
1452 1425 1649 1481 Mariae
1681 1425 1888 1482 matris

227 1513 490 1582 Domini,
525 1518 748 1570 curtem
779 1515 971 1570 Sancti
1001 1515 1232 1580 Maroti,
1266 1519 1324 1570 et
1352 1519 1576 1570 eurtem
1608 1515 1679 1570 de
1702 1514 1885 1582 Valle,

231 1608 461 1659 eurtem
493 1603 717 1659 Sanctae
749 1603 943 1659 Mariae
975 1603 1034 1659 in
1065 1603 1383 1669 Ortatiauo,
1417 1608 1713 1659 etcurtem
1744 1609 1888 1659 San-

232 1691 312 1747 cti
343 1691 659 1749 Salvatoris
688 1693 747 1748 in
790 1692 1106 1760 Memoriis,
1149 1698 1371 1749 curtem
1427 1695 1498 1748 de
1548 1693 1884 1762 Blotenano,

233 1783 460 1836 curtem
510 1781 704 1837 Sancti
733 1782 977 1848 Antimi,
999 1785 1054 1837 et
1075 1786 1295 1837 eurtem
1313 1781 1384 1837 de
1407 1786 1604 1837 monte
1625 1781 1890 1847 Falcone,

235 1874 294 1925 et
323 1873 547 1926 curtem
577 1871 799 1926 Sancta:
831 1869 1024 1926 Marias
1055 1869 1112 1924 in
1148 1870 1365 1938 Murra,
1417 1875 1641 1926 curtem
1697 1871 1891 1926 Sancti

234 1958 441 2032 Angeli
472 1958 626 2015 inter
655 1959 804 2015 duas
833 1963 1045 2030 terras,
1085 1964 1143 2014 et
1182 1958 1356 2014 aliam
1416 1963 1643 2015 curtem
1695 1960 1893 2015 Sancti

237 2046 444 2119 Angeli
475 2047 534 2102 in
568 2047 895 2120 Murgiano,
929 2052 1155 2103 curtem
1181 2047 1380 2103 Sancti
1409 2047 1613 2119 Angeli
1658 2048 1716 2102 in
1775 2051 1891 2104 An-

241 2135 424 2204 tiano,
457 2136 596 2192 item
628 2141 853 2192 eurtem
903 2137 973 2191 de
1023 2136 1377 2193 monasterio
1425 2137 1698 2192 Lumerto
1757 2155 1890 2193 eum

239 2224 501 2282 ecclesiis
531 2225 782 2293 duabus,
831 2225 890 2281 id
939 2229 1028 2281 est
1083 2226 1307 2282 Sanctae
1359 2225 1554 2280 Mariae
1593 2230 1650 2281 et
1696 2226 1893 2282 Sancti

240 2314 532 2370 Benedicti
565 2331 698 2370 cum
732 2313 1007 2370 omnibus
1040 2330 1243 2370 earum
1275 2314 1666 2386 pertinentiis.

311 2403 442 2459 Haec
472 2409 668 2459 autem
698 2404 1034 2476 supradicta
1065 2403 1280 2472 omnia,
1306 2420 1432 2476 quas
1456 2404 1526 2460 ad
1550 2403 1891 2477 praedictum

243 2491 668 2549 monasterium
702 2493 992 2565 pertinere
1023 2493 1314 2560 videntur,
1339 2509 1443 2548 seu
1466 2497 1523 2548 et
1543 2494 1602 2548 in
1626 2493 1891 2549 futurum

241 2581 317 2637 ab
350 2579 482 2637 aliis
510 2580 851 2637 hominibus
874 2583 1036 2652 juste
1068 2586 1125 2637 et
1152 2580 1416 2653 legaliter
1443 2582 1493 2637 ei
1551 2582 1888 2650 acciderint,

243 2687 349 2726 nec
378 2687 496 2726 non
527 2674 584 2726 et
613 2685 824 2742 eaquae
843 2670 1062 2742 injuste
1083 2671 1154 2725 ab
1168 2670 1466 2742 aliquibus
1489 2671 1890 2743 possidentur,

244 2763 347 2815 aut
375 2759 433 2814 in
465 2760 608 2815 urbe
642 2760 844 2828 Roma,
875 2760 962 2814 vel
987 2760 1045 2814 in
1069 2759 1290 2816 caeteris
1311 2760 1494 2816 totius
1515 2761 1679 2832 regni
1705 2763 1894 2817 nostri

247 2847 430 2904 Italici
452 2849 720 2921 partibus
739 2847 954 2904 habere
976 2849 1360 2921 dignoscitur,
1379 2866 1480 2921 per
1501 2849 1608 2905 hoc
1623 2854 1891 2907 nostrum

242 2942 597 3010 praeceptum
636 2938 826 2993 eidem
859 2942 1061 2994 sancto
1091 2937 1218 2994 loco
1248 2939 1688 3006 confirmamus,
1707 2944 1763 2995 et
1792 2957 1896 3012 per

243 3025 530 3093 bannum,
562 3031 620 3082 et
649 3043 754 3099 per
774 3026 1106 3097 jussionem
1130 3033 1413 3095 nostram,
1438 3032 1892 3101 nostrorumque

1992 447 2294 521 largienda
2323 453 2464 506 sunt
2495 452 2868 516 monasterio,
2899 469 3033 508 eum
3065 451 3342 509 omnibus
3373 452 3498 509 suis
3521 470 3643 524 per-

1992 535 2278 594 tinentiis.
2312 539 2391 595 De
2420 539 2664 596 teloneis
2693 557 2827 597 vero
2858 547 3272 609 mercatorum,
3295 547 3351 597 et
3371 542 3641 614 pontium

1994 627 2251 682 decimas
2281 629 2352 683 ad
2387 634 2616 700 portam
2649 631 2986 686 monasterii
3015 632 3466 702 darejubemus.
3492 630 3642 684 Prae-

1994 715 2276 787 cipientes
2307 733 2439 788 ergo
2459 719 2743 788 jubemus
2785 722 2848 773 ut
2895 718 3094 774 nullus
3147 718 3642 792 archiepiscopus,

1992 805 2328 877 episcopus,
2359 806 2497 873 dux,
2551 807 2834 873 marcbio,
2885 823 3101 875 eomes,
3155 807 3494 876 vicecomes,
3553 808 3644 864 vel

1993 892 2211 964 aliquis
2235 893 2454 950 missus
2489 894 3419 962 nosterdiscurrens,sculdasius,
3443 896 3648 952 eastal-

1995 982 2151 1049 dius,
2186 982 2464 1055 nullaque
2496 983 2721 1054 imperii
2756 984 2938 1039 nostri
2971 1001 3182 1056 magna
3206 1000 3496 1056 parvaque
3517 1002 3644 1056 per-

1998 1084 2142 1123 sona
2169 1069 2427 1140 praedicti
2454 1070 2791 1125 monasterii
2824 1071 3115 1137 abbatem,
3167 1070 3256 1126 vel
3304 1071 3644 1138 monachos,

1996 1173 2098 1212 seu
2113 1157 2367 1229 aliquem
2382 1157 2614 1214 fidelem
2631 1160 2728 1231 inq
2739 1159 2981 1226 uietare,
2999 1159 3326 1229 molestare,
3345 1161 3543 1227 aut,de
3556 1161 3648 1217 his

1997 1263 2124 1317 quae
2151 1247 2546 1319 suprascripta
2575 1251 2732 1315 sunt,
2767 1247 2893 1303 sine
2924 1247 3093 1320 legali
3119 1248 3344 1319 judicio
3375 1248 3649 1306 divestire

1995 1333 2335 1407 présumat,
2360 1341 2461 1390 aut
2481 1335 2738 1408 aliquam
2768 1336 3214 1392 minorationem
3238 1337 3422 1394 facere
3442 1342 3648 1395 tentet.

2071 1423 2230 1478 Unde
2262 1441 2572 1480 monemus
2603 1424 2938 1481 ﬁdelitatem
2974 1431 3248 1494 vestram,
3279 1431 3345 1482 ut
3374 1429 3647 1498 cumjam

1998 1512 2154 1567 fatus
2188 1513 2393 1582 abbas,
2424 1513 2512 1568 vel
2551 1515 2844 1578 monachi,
2877 1519 2978 1569 aut
3027 1515 3342 1572 advocatus
3386 1516 3649 1587 ejusdem

1999 1601 2341 1657 monasterii
2364 1602 2421 1656 in
2440 1607 2631 1658 vestra
2648 1603 3251 1674 ministeriajustitias
3267 1605 3650 1676 requirendas

1999 1689 2236 1759 venerit,
2271 1690 2467 1758 duces,
2502 1707 2604 1746 seu
2626 1691 2888 1759 comites,
2924 1692 3022 1763 qui
3057 1708 3160 1764 pro
3213 1697 3470 1765 tempore
3527 1695 3650 1750 fue-

2003 1777 2138 1844 rint,
2175 1778 2232 1832 in
2266 1795 2517 1850 quorum
2549 1780 2766 1834 ducatu
2792 1779 2875 1833 vel
2899 1780 3180 1836 comitatu
3205 1781 3510 1852 praefatum
3539 1799 3650 1838 co:-

2002 1866 2244 1921 nobium
2275 1867 2493 1940 aliquid
2528 1869 2828 1940 possidere
2871 1869 3258 1941 dignoscitur,
3291 1870 3649 1938 defensores,

2002 1959 2178 2027 atque
2217 1956 2513 2028 adjutores
2542 1958 2794 2012 existant
2824 1959 2880 2012 in
2914 1957 3210 2024 omnibus,
3259 1962 3380 2015 tam
3415 1961 3652 2032 praefato

2002 2044 2198 2098 abbati
2213 2061 2389 2114 quam
2407 2047 2844 2101 successoribus
2863 2047 3012 2117 ejus,
3029 2051 3094 2101 ut
3111 2046 3330 2104 nullius
3344 2049 3654 2120 potestatis

2003 2149 2313 2203 personam
2346 2134 2461 2188 vim
2491 2139 2592 2188 aut
2624 2134 2977 2189 invasionem
3017 2135 3191 2190 aliam
3251 2137 3466 2192 inferre
3523 2154 3651 2208 per-

2003 2221 2241 2276 mittant
2269 2221 2329 2276 in
2362 2221 2475 2289 his,
2506 2238 2633 2292 quae
2657 2224 2726 2277 ad
2752 2228 3134 2279 memoratam
3158 2223 3462 2280 ecclesiam
3483 2226 3656 2297 perti-

2004 2314 2164 2364 nent.
2200 2310 2268 2364 Et
2293 2309 2496 2364 nullus
2527 2327 2708 2367 ausus
2727 2311 2802 2366 sit
2832 2312 3086 2384 recipere
3116 2312 3226 2368 sub
3243 2314 3652 2384 suajussione,

2002 2402 2105 2452 aut
2133 2398 2383 2454 tuitione
2408 2399 2673 2469 ejusdem
2707 2400 3047 2456 monasterii
3072 2400 3367 2473 fugitivos,
3397 2401 3654 2459 velmalo

2002 2486 2198 2543 animo
2230 2487 2616 2544 discedentes.
2653 2489 2948 2545 Precarias
2978 2506 3132 2556 vero,
3165 2494 3222 2546 et
3251 2491 3658 2548 commutatio-

2003 2592 2106 2630 nes
2137 2575 2353 2647 injuste
2385 2577 2588 2648 faetas,
2620 2576 2707 2633 vel
2756 2577 2973 2649 injuste
3007 2578 3350 2651 acquisitas,
3382 2579 3653 2637 volumus

2002 2664 2219 2731 irritas,
2237 2669 2295 2721 et
2313 2666 2536 2737 absque
2554 2684 2722 2738 paena
2739 2666 3112 2740 obligationis
3126 2667 3370 2737 solutas,
3387 2670 3650 2726 otl'ertos-

2003 2771 2117 2826 que
2148 2755 2406 2826 praedicti
2435 2756 2775 2812 monasterii
2807 2755 3084 2813 nolumus
3116 2756 3175 2812 in
3198 2758 3408 2814 saeculo
3429 2758 3649 2832 vagari,

2002 2844 2102 2898 sed
2136 2843 2474 2916 ubicunque
2496 2844 2715 2900 inventi
2749 2846 2985 2913 fuerint,
3008 2845 3177 2902 liceat
3194 2847 3411 2916 abbati,
3427 2849 3527 2920 qui
3545 2865 3648 2920 pro

2001 2936 2262 3004 tempore
2279 2933 2471 2998 fuerit,
2495 2933 2580 2988 vel
2600 2935 2775 2990 etiam
2812 2933 3115 2990 monachis
3132 2935 3203 2989 ad
3223 2937 3648 2992 monasterium

2004 3025 2353 3087 revocare,et
2383 3022 2431 3076 si
2464 3038 2612 3093 opus
2645 3022 2841 3089 fuerit,
2871 3023 3008 3089 dux,
3041 3027 3142 3076 aut
3162 3039 3357 3078 eomes
3384 3025 3650 3094 ejusdem

235 3117 676 3170 anteeessorum
710 3130 936 3186 regum,
971 3115 1057 3170 vel
1081 3115 1502 3186 imperatorum
1521 3099 1884 3184 auctoritate,
1920 3099 1963 3166 C
1999 3109 2277 3179 temporis
2323 3126 2423 3165 eos
2463 3109 2536 3165 ad
2588 3110 3014 3166 monasterium
3066 3111 3274 3166 reverti
3331 3111 3566 3168 faciant.
3591 3113 3652 3169 Si

233 3219 353 3258 una
381 3219 515 3259 cum
546 3204 742 3271 terris,
775 3203 980 3269 vineis,
1017 3202 1385 3259 monasteriis
1418 3204 1531 3259 sibi
1581 3205 1882 3275 subjectis,

232 3290 515 3359 ecclesiis,
547 3291 824 3359 castellis,
868 3308 934 3347 cu
946 3291 1154 3359 rtibus,
1174 3292 1470 3360 domibus,
1494 3292 1671 3363 villis,
1694 3294 1885 3366 capel-

233 3377 331 3445 lis,
363 3379 556 3452 aquis,
575 3396 889 3451 aquarum,
912 3380 1281 3446 decursibus,
1307 3379 1752 3451 piscationibus,
1771 3399 1888 3436 mo-

235 3466 509 3537 lendinis,
543 3468 836 3532 mercatis,
853 3467 1025 3524 cultis
1041 3467 1126 3523 vel
1147 3469 1405 3536 incultis,
1425 3469 1669 3541 colonis,
1695 3471 1884 3540 aldiis,

238 3555 531 3626 aldiabus,
555 3556 952 3624 manentibus,
1000 3557 1394 3629 omnibusque
1443 3575 1620 3630 supra
1669 3563 1886 3615 terram

237 3644 428 3717 ipsius
459 3645 799 3702 monasterii
832 3646 1246 3712 residentibus,
1269 3647 1471 3713 servis,
1495 3647 1885 3715 aneillis,om-

239 3733 418 3806 nique
450 3734 676 3790 familia
701 3733 1006 3806 utriusque
1027 3751 1224 3803 sexus,
1249 3735 1592 3807 cunctisque
1618 3737 1886 3793 animali-

241 3822 370 3878 bus.
402 3825 590 3895 Atque
618 3840 722 3896 pro
751 3823 853 3879 Dei
875 3840 1073 3880 amore
1095 3829 1422 3896 nostraeque
1445 3824 1654 3882 animae
1675 3825 1885 3896 salute,

237 3911 424 3966 eidem
458 3911 814 3968 monasterio
846 3913 1320 3968 ministrantibus
1361 3914 1778 3984 perdonamus,
1823 3919 1889 3970 ut

233 3999 430 4055 nullus
460 4016 685 4069 eorum,
701 4004 803 4055 aut
824 4018 1067 4056 suorum
1089 4001 1378 4057 hominun
1400 4001 1673 4076 deinceps
1697 4003 1877 4071 freda,

233 4105 338 4144 seu
386 4087 607 4143 tributa
635 4089 1026 4161 undecunque
1055 4089 1352 4160 exigenda,
1395 4095 1498 4146 aut
1528 4091 1882 4160 mansiones,

234 4175 321 4231 vel
361 4179 595 4247 paratas
613 4176 932 4241 faciendas,
947 4176 1034 4232 vel
1057 4177 1431 4248 ﬁdejussores
1450 4179 1759 4248 tollendos,
1785 4185 1887 4236 aut

236 4261 506 4320 homines
529 4265 792 4326 eiusdem
825 4265 1183 4332 monasterii,
1217 4270 1338 4321 tam
1367 4266 1672 4340 ingenuos,
1705 4287 1884 4342 quam

237 4367 454 4420 servos,
487 4351 824 4420 libellarios,
859 4354 980 4409 sive
1024 4353 1284 4420 clericos,
1335 4355 1421 4410 vel
1474 4357 1882 4429 ehartularios,

237 4443 339 4496 aut
367 4441 621 4512 oﬂ‘ertos,
656 4459 977 4515 omnesque
1008 4443 1116 4498 sub
1149 4442 1368 4498 ditione
1401 4443 1578 4512 hujus
1597 4452 1886 4504 monaste-

237 4529 304 4585 rii
336 4536 796 4600 commanentes,
830 4531 1288 4604 distringendos,
1307 4531 1393 4587 vel
1423 4533 1492 4587 ad
1513 4534 1879 4605 publicasex-

235 4618 436 4674 cubias
469 4618 924 4692 compellendos,
958 4618 1229 4674 autullas
1278 4618 1722 4689 redhibitiones,
1783 4628 1884 4680 aut

234 4706 528 4778 quaslibet
551 4708 888 4765 occasiones
919 4708 1328 4781 requirendas,
1361 4709 1543 4765 nostri
1575 4710 1661 4766 vel
1701 4712 1882 4768 futuri

233 4797 513 4868 temporis
543 4797 768 4865 diebus,
803 4797 1030 4871 ingredi
1059 4798 1291 4864 audeat,
1317 4802 1418 4854 aut
1437 4797 1496 4853 in
1520 4798 1716 4872 aliquo
1761 4801 1882 4858 loco

235 4884 330 4940 det
353 4887 803 4957 portonaticum,
836 4891 936 4943 aut
964 4886 1297 4958 ripatieum,
1332 4892 1432 4942 aut
1461 4887 1880 4960 glandaticum,

233 4971 822 5042 velherbatieum,vel
851 4975 1314 5047 pontonaticum,
1346 4980 1470 5030 tam
1489 4977 1558 5032 de
1581 4979 1884 5035 monachis

235 5078 414 5134 quam
445 5064 517 5119 de
550 5063 967 5128 monachabus,
1002 5080 1180 5134 quam
1199 5063 1442 5132 clericis,
1469 5081 1644 5137 quam
1668 5067 1739 5123 de
1764 5085 1887 5124 om-

235 5151 410 5208 nibus
427 5169 606 5225 supra
631 5156 814 5209 terras
827 5168 1029 5208 eorum
1042 5152 1458 5208 residentibus.
1475 5153 1884 5214 Conﬁrmanus

235 5240 422 5296 eidem
437 5241 793 5298 monasterio
811 5238 1112 5313 privilegia
1128 5239 1524 5298 Romanorum
1542 5245 1881 5315 pontiﬁcum

235 5328 481 5386 Adriani
503 5332 561 5385 et
589 5329 753 5385 Pauli
782 5334 841 5386 et
867 5345 1071 5385 eorum
1105 5332 1729 5399 successorum,simul
1747 5350 1882 5391 eum

233 5416 508 5474 omnibus
537 5417 714 5475 rebus
746 5416 857 5474 sibi
882 5415 1110 5473 collatis
1140 5434 1176 5474 a
1217 5417 1462 5475 diversis
1516 5419 1882 5496 hominibus,

233 5507 740 5580 commutationes,
774 5506 1247 5578 donationes,seu
1279 5511 1337 5566 et
1365 5508 1565 5570 omnia
1608 5527 1736 5587 quae
1781 5529 1886 5588 per

1997 3215 2131 3254 vero
2161 3198 2234 3254 de
2249 3197 2514 3269 qualibet
2527 3215 2705 3254 causa
2724 3216 2756 3253 a
2769 3203 2932 3269 parte
2951 3198 3100 3270 ipsiu
3111 3216 3138 3254 s
3153 3200 3494 3257 monasterii
3527 3206 3655 3258 orta

1997 3287 2172 3342 fuerit
2203 3286 2471 3353 intentio,
2505 3304 2621 3342 non
2652 3304 2755 3360 per
2779 3286 2924 3342 viles
2955 3304 3261 3359 personas,
3287 3290 3388 3345 sed
3424 3307 3527 3362 per
3548 3308 3650 3347 no-

1996 3373 2230 3430 biliores
2261 3374 2530 3430 homines
2549 3380 2606 3431 et
2624 3375 2965 3444 veraeiores,
2983 3376 3135 3432 sicut
3167 3377 3240 3432 ad
3278 3379 3650 3450 praesentiam

1996 3468 2280 3531 nostram,
2311 3463 2394 3519 rei
2424 3464 2638 3520 veritas
2682 3464 3016 3537 inquiratur
3064 3469 3121 3520 et
3171 3466 3428 3523 finiatur.
3477 3467 3650 3523 Nulla

1996 3552 2247 3623 denique
2270 3551 2582 3609 mallatura
2625 3553 2699 3609 ab
2737 3554 3012 3609 advocato
3056 3554 3245 3626 ipsius
3302 3556 3644 3613 monasterii

1996 3640 2230 3712 penitus
2251 3642 2603 3714 requiratur,
2640 3659 2746 3698 nec
2776 3641 2952 3698 etiam
3003 3644 3236 3700 bannus
3291 3649 3488 3702 noster
3544 3663 3648 3719 pro

1998 3729 2259 3802 qualibet
2313 3748 2490 3788 causa
2536 3749 2570 3787 a
2616 3736 2779 3804 parte
2833 3733 3136 3788 memorati
3183 3733 3519 3790 monasterii
3543 3734 3649 3790 ali-

1998 3819 2231 3890 quando
2262 3819 2546 3892 exigatur,
2579 3822 2680 3876 sed
2713 3820 2886 3876 liceat
2915 3821 3112 3876 abbati
3135 3826 3193 3877 et
3208 3823 3649 3880 successoribus

1995 3908 2124 3978 ejus
2156 3925 2246 3964 res
2277 3913 2335 3964 et
2365 3909 2770 3980 possessiones
2785 3911 2910 3980 jam
2953 3909 3089 3965 dicti
3144 3911 3482 3966 monasterii
3535 3913 3647 3967 sub

1996 3996 2389 4053 immunitatis
2418 4003 2592 4069 atque
2626 3998 2890 4053 tuitionis
2909 3999 3114 4053 ordine
3143 3999 3463 4071 possidere.
3488 4000 3555 4055 Et
3595 4001 3646 4056 si

1996 4086 2250 4153 fodrum,
2281 4087 2370 4142 vel
2402 4086 2623 4158 aliquid
2656 4087 2727 4143 de
2755 4087 3020 4156 ejusdem
3043 4086 3381 4144 monasterii
3414 4105 3645 4160 posses-

1994 4176 2260 4232 sionibus
2291 4176 2470 4232 ﬁscus
2504 4180 2700 4232 noster
2730 4192 2964 4248 sperare
2994 4176 3268 4248 potuerit,
3304 4181 3492 4233 totum
3541 4194 3645 4250 pro

1994 4270 2218 4321 aeternae
2277 4265 2768 4321 remunerationis
2834 4265 3070 4337 prmmio
3122 4266 3235 4338 ipsi
3291 4267 3644 4323 monasterio

1994 4355 2450 4411 concedimusin
2490 4354 2831 4410 alimoniam
2880 4371 3229 4428 pauperum,
3260 4359 3318 4411 et
3351 4356 3647 4428 stipendia

1915 4467 1962 4532 Β
1998 4444 2418 4500 monachorum
2449 4444 2664 4501 ibidem
2697 4445 2812 4501 Deo
2841 4443 3247 4514 militantium,
3292 4448 3356 4500 ut
3399 4446 3639 4515 nostris,

1995 4532 2323 4604 futurisque
2341 4534 2702 4604 temporibus
2721 4534 2986 4606 proficiat
3000 4534 3058 4589 in
3077 4535 3429 4607 augmentis,
3446 4540 3645 4608 quate-

1994 4638 2105 4676 nus
2136 4627 2488 4677 memoratos
2513 4622 2613 4676 Dei
2644 4640 2839 4679 servos
2887 4623 3129 4679 liberius
3188 4639 3292 4694 pro
3343 4623 3534 4691 nobis,
3583 4629 3642 4680 et

1993 4708 2306 4766 stabilitate
2337 4709 2516 4764 nostri
2552 4710 2803 4780 imperii,
2847 4711 3080 4765 Domini
3131 4709 3500 4767 clementiam
3543 4729 3642 4767 ex-

1962 4812 1978 4827 ’
1993 4815 2158 4855 orare
2180 4797 2438 4853 delectet.
2459 4799 2526 4853 Et
2542 4799 3012 4870 quandocunque
3032 4800 3215 4855 abbas
3234 4801 3497 4870 ejusdem
3522 4816 3641 4855 mo-

1994 4886 2232 4942 nasterii
2266 4887 2335 4941 de
2366 4886 2473 4941 hac
2507 4886 2634 4942 luce
2666 4887 3018 4959 migraverit,
3055 4887 3196 4959 ipsis
3227 4887 3377 4942 inter
3407 4905 3469 4944 se
3515 4905 3640 4945 mo-

1994 4975 2566 5032 nachisunanimiter
2582 4977 3108 5046 consentientibus,
3123 4977 3448 5032 secundum
3464 4994 3639 5050 regu-

1989 5064 2108 5120 lam
2149 5063 2335 5120 sancti
2355 5063 2675 5134 Benedicti,
2709 5065 2864 5120 sicut
2893 5083 3094 5122 eorum
3120 5066 3321 5122 edocet
3369 5067 3530 5136 ordo,
3581 5072 3640 5123 et

1993 5158 2215 5209 rectum
2244 5157 2351 5221 est,
2385 5169 2560 5224 quem
2584 5153 2909 5226 digniorem
2939 5154 3054 5210 sibi
3083 5155 3413 5211 invenerint
3453 5155 3639 5213 licen-

1991 5243 2134 5297 tiam
2165 5241 2682 5315 habeanteligendi
2701 5243 2994 5299 abbatem.
3017 5244 3075 5299 Si
3098 5244 3232 5316 quis
3256 5244 3434 5317 igitur
3456 5245 3634 5318 hujus

1993 5334 2204 5386 nostra:
2243 5330 2706 5387 confirmationis
2727 5333 2999 5404 praecepti
3023 5333 3372 5404 quandoque
3392 5334 3638 5391 violator

1993 5419 2298 5489 exstiterit,
2327 5418 2415 5476 vel
2446 5420 2750 5492 quidpiam
2779 5437 3004 5488 eorum,
3024 5438 3152 5495 qua:
3170 5422 3292 5478 fieri
3327 5422 3637 5496 prohibui-

1992 5526 2148 5581 mus,
2182 5511 2387 5570 eontra
2430 5509 2921 5584 prwnominatum
2979 5511 3405 5574 monasterium
3446 5513 3634 5582 facere
