3968 6158
370 235 526 297 1159

1740 228 2050 295 MONUM.
2098 207 2418 295 DIPLOM.

3619 233 3790 296 1161)

367 363 922 434 tentaverit,sciatse
934 365 1259 422 secundum
1273 363 1748 421 constitutionem
1764 364 2017 432 Domini,
2047 369 2097 434 Α
2130 366 2493 437 Quapropter
2504 364 2786 435 jubemus
2798 366 2972 437 atque
2987 360 3364 421 decernimus
3375 365 3442 419 ut
3462 368 3789 436 quantum-

276 489 283 497 κ
368 459 427 510 et
456 453 736 526 genitoris
753 454 936 509 nostri
954 454 1183 509 Henrici
1207 453 2019 526 imperatorisAugusti,alio-

366 558 617 615 rumque
647 541 1196 614 imperatorum,qui
1227 543 1404 614 hujus
1433 542 2018 598 monasteriirobora—

363 634 572 687 verunt
604 635 912 702 praecepta,
929 634 985 685 et
1002 647 1104 702 per
1124 631 1274 685 hanc
1288 635 1550 686 nostram
1569 630 2015 703 praeceptionem

367 719 529 776 mille
560 719 739 776 libras
773 720 899 775 auri
922 719 1223 791 purissimi
1257 736 1384 775 esse
1403 719 2016 792 compositurum,me-

366 810 644 865 dietatem
676 813 1143 865 cameraenostrre
1191 814 1248 865 et
1306 810 1681 866 medietatem
1740 809 2015 880 pradicto

366 897 744 963 monasterio,
777 896 1093 969 ipsumque
1123 898 1483 970 regentibus.

434 986 644 1041 Datum
678 1003 830 1041 anno
863 986 1181 1042 Dominicze
1216 986 1639 1042 lncarnationis
1672 987 1830 1053 1084,
1860 1003 2013 1042 anno

363 1077 559 1128 autem
589 1072 821 1128 Domini
854 1073 1084 1129 Henrici
1118 1073 1190 1129 IV
1221 1073 1374 1146 regis
1420 1074 1574 1129 tertii
1616 1074 2013 1131 Romanorum

361 1161 733 1234 imperatoris
763 1163 1015 1235 Augusti
1045 1162 1430 1218 ordinationis
1458 1180 1589 1228 xxx,
1618 1163 1781 1236 regni
1814 1180 2010 1219 xxvm.

362 1250 596 1322 imperii
628 1250 836 1323 primo.

1146 1351 1244 1406 XI.

364 1439 721 1512 Conﬁrmatio
742 1440 989 1512 omnium
1012 1439 1274 1512 bonorum
1302 1442 1352 1495 et
1368 1441 1593 1512 jurium
1629 1442 1776 1511 farta
1828 1456 2014 1496 mona-

432 1512 596 1566 sterio
626 1510 701 1593 .S.
752 1511 984 1566 Zenonis
1041 1510 1460 1594 Veronensis'ab
1526 1510 1754 1567 Henrico
1821 1519 2012 1584 quarto

440 1598 588 1652 rege,
614 1590 943 1653 imperatore
971 1590 1154 1639 tertio.

984 1672 1177 1742 (Anno
1205 1671 1393 1743 1084.)

672 1760 1037 1831 [ΜΠΒΛΤΟΠΙ,
1070 1761 1251 1833 Antiq.
1286 1761 1436 1827 Ital.,
1458 1763 1500 1829 Ι,
1528 1761 1653 1815 739.
1679 1761 1694 1831 ]

433 1878 496 1931 In
528 1876 989 1931 nominesanctze
1034 1880 1091 1931 et
1114 1875 1427 1931 individuis
1487 1876 1811 1943 Trinitatis,
1836 1876 2007 1931 Hein-

361 1967 518 2022 ricu's
546 1965 740 2021 divina
763 1966 985 2020 favente
1015 1964 1324 2021 clementia
1356 1965 2009 2037 Romanorumimpera—

360 2059 781 2127 torAugustus.
797 2053 1164 2126 Imperialem
1179 2052 1605 2110 sublimitatem
1624 2055 1917 2122 condecet,
1946 2060 2009 2110 ut

362 2148 582 2217 quanto
612 2143 834 2199 caeteris
864 2142 1253 2216 dignitatibus
1284 2143 1566 2199 excelsior
1599 2143 2009 2211 colitur,tanto

354 2232 537 2304 justis
567 2232 948 2305 petitionibus
979 2237 1090 2287 Deo
1114 2233 1492 2288 servientium
1535 2233 1846 2305 benignior
1901 2249 2006 2288 nec

361 2339 476 2378 non
498 2321 836 2377 clementior
860 2321 1205 2377 inveniatur.
1235 2324 1597 2394 Quapropter
1626 2326 1829 2377 notum
1877 2337 2005 2378 esse

358 2408 631 2466 volumus
648 2409 924 2465 omnibus
941 2414 1155 2465 sanctae
1170 2410 1270 2465 Dei
1287 2409 1572 2477 Ecclesiae,
1589 2410 1923 2482 nostrisque
1939 2412 2002 2464 fi-

358 2499 611 2566 delibus,
628 2503 748 2553 tam
776 2498 988 2553 futuris
1002 2515 1297 2570 quamque
1323 2499 1731 2569 praesentibus,
1752 2498 2007 2570 qualiter

358 2588 613 2641 domnus
626 2586 969 2659 Sigebodus,
987 2591 1198 2641 sanctae
1214 2585 1568 2641 Veronensis
1587 2586 1851 2643 Ecclesia;
1888 2588 2005 2659 epi-

359 2690 592 2745 scopus,
646 2690 762 2728 una
810 2690 943 2728 cum
989 2673 1352 2730 Werinherio
1398 2676 1605 2731 abbate
1663 2675 2002 2731 monasterii

356 2764 551 2819 Sancti
591 2762 836 2817 Zenonis
887 2763 1258 2831 confessoris,
1320 2768 1583 2819 nostram
1630 2764 1999 2821 clementiam

358 2851 704 2926 suppliciter
730 2851 1020 2907 exorando
1051 2852 1212 2920 adiit,
1232 2856 1295 2907 ut
1313 2853 1386 2908 ob
1405 2869 1664 2909 amorem
1690 2855 1787 2910 Dei
1809 2854 1999 2909 omni-

357 2939 910 3015 potentis,bcatique
924 2940 1169 2996 Zenonis
1183 2942 1587 3009 reverentiam,
1615 2943 1868 2999 multum
1895 2960 2000 3001 nos

356 3032 696 3104 deprecans,
732 3033 797 3084 ut
825 3046 1029 3086 omnes
1076 3031 1461 3104 proprietates
1500 3037 1553 3087 et
1597 3034 1997 3104 possessiones

2039 1743 2086 1808 B

2129 470 2359 526 cunque
2409 458 2733 510 memorata
2775 452 3021 510 ecclesia
3076 454 3275 511 Sancti
3324 454 3595 521 Zenonis,
3639 459 3783 523 etes,

2119 543 2282 613 juste
2300 547 2368 599 ‘et
2390 541 2650 615 legaliter
2666 542 2891 600 habere
2920 543 3306 616 dignoscitur,
3333 548 3471 610 etc.,
3497 544 3787 600 securiter

2126 635 2339 700 teneat,
2373 636 2481 687 etc.
2516 631 2756 688 Nullum
2779 648 3044 701 censum,
3097 649 3290 704 neque
3327 631 3779 700 thelonaticum,

2125 720 2212 776 vel
2246 722 2317 776 de
2348 720 2510 778 silvis
2542 720 2818 794 capulum
2864 720 3195 794 persolvere
3250 726 3513 795 cogatur.
3567 723 3780 780 Nullus

2123 807 2275 865 infra
2306 826 2508 866 eorum
2539 810 2707 866 villas
2737 815 2838 866 aut
2856 809 3361 883 castellaingredi,
3392 811 3775 885 placitumte-

2124 913 2282 961 nere,
2307 902 2408 953 aut
2437 914 2638 954 eorum
2668 898 2903 967 liberos,
2937 898 3058 955 sive
3112 898 3366 956 famulos
3423 901 3775 975 distringere

2121 985 2211 1041 vel
2242 986 2569 1058 pignorare,
2595 1004 2784 1060 neque
2826 988 3133 1060 hospitari,
3181 1005 3283 1044 seu
3329 988 3589 1062 aliquam
3624 992 3771 1047 ‘l‘un-

2123 1074 2373 1131 ctionsm
2420 1079 2522 1131 aut
2567 1075 2925 1132 exactionem
2974 1076 3205 1149 exigere
3248 1078 3481 1135 audeat.
3530 1080 3589 1136 Si
3639 1079 3771 1152 quis

2119 1179 2274 1229 vero,
2291 1166 2402 1219 etc.

2194 1252 2426 1321 Signum
2454 1253 2643 1309 domui
2664 1255 2913 1310 Heinrici
2942 1256 3097 1311 tertii
3127 1257 3495 1312 Romanorum
3531 1259 3768 1329 impera-

2121 1341 2255 1395 toris
2286 1342 2537 1412 Augusti.
3502 1386 3509 1396 -

2191 1428 2488 1486 Burchard
2499 1448 2567 1487 us
2599 1431 2985 1489 cancellarius
3013 1432 3137 1488 vice
3161 1432 3434 1506 Sigewini
3462 1433 3767 1490 archican—

2120 1516 2340 1574 cellarii
2373 1522 2698 1594 recognovi.

2192 1608 2338 1663 Data
2368 1626 2443 1664 xv
2470 1609 2761 1667 Kalendas
2789 1611 3122 1679 Julii,anno
3145 1611 3459 1668 Dominicis
3498 1614 3770 1669 Incarna-

2120 1695 2297 1752 tionis
2329 1697 2489 1764 4084,
2523 1699 2842 1757 indictione
2862 1718 2937 1771 v1,
2970 1718 3123 1757 anno
3153 1705 3346 1757 autem
3368 1700 3574 1757 domui
3604 1700 3771 1757 Hein—

2118 1784 2221 1840 rioi
2281 1786 2434 1841 tertii
2483 1787 2881 1845 Romanorum
2930 1790 3319 1862 imperatoris,
3380 1790 3547 1864 regni
3616 1806 3766 1855 xxxx,

2118 1872 2351 1946 imperii
2382 1891 2514 1931 vero
2536 1893 2573 1931 1.

2188 1964 2396 2017 Actum
2428 1964 2664 2021 Veronae
2696 1967 2755 2021 in
2787 1967 3002 2022 Christi
3021 1967 3497 2023 nomine.Amen.

2356 2055 2524 2109 Locus
2551 2056 2733 2127 sigilli
2759 2058 2903 2111 cerei
2927 2064 2991 2127 »ια
3026 2059 3299 2112 exstantis
3347 2072 3475 2111 cum
3532 2057 3765 2127 impera-

2420 2135 2532 2182 tore
2554 2126 2788 2199 sedente,
2812 2136 2862 2182 et
2892 2126 3105 2183 manu-ii
3154 2128 3350 2183 dextra
3369 2126 3763 2199 globumﬁini-

2421 2205 2536 2254 stra
2560 2197 2775 2255 hastam
2796 2203 3027 2265 tenente,
3051 2216 3176 2255 cum
3217 2197 3512 2271 epigraphe
3570 2198 3765 2256 HEIN-

2418 2289 2549 2345 cus
2582 2273 2655 2343 ﬁl
2688 2286 2953 2343 GRATIA
2984 2286 3759 2343 TERClUS..............

2416 2360 2561 2416 TOR
2590 2358 2755 2415 AUG.

2878 2446 3000 2503 XII.

2032 2580 2035 2585 ,
2116 2525 2370 2595 Diploma
2399 2520 2622 2576 [Ιϐηνίσί
2650 2519 2728 2574 ΙΙΙ
2756 2517 3102 2595 imperatoris
3142 2518 3374 2595 Rodat/‘0
3406 2517 3598 2572 abbati
3641 2516 3758 2595 Sta;

2134 2656 2137 2661 λ
2184 2589 2397 2649 ὶωιθηδί
2425 2607 2750 2648 concessum.
2788 2621 2855 2630 —
2894 2589 3192 2659 Confirmat
3224 2605 3409 2644 omnes
3444 2590 3764 2661 monasterii

2178 2666 2555 2737 possessiones,
2582 2664 2980 2737 immunitates.
3002 2665 3059 2737 ᾳ
3083 2661 3556 2737 commutationes,
3599 2660 3758 2737 aduo-

2181 2731 2426 2793 catorum
2464 2737 2600 2807 jura
2640 2735 2863 2801 limitat,
2914 2742 2965 2787 et
2992 2731 3760 2789 Malmundariensiumauda-

2181 2810 2324 2863 ciam
2350 2807 2651 2879 compescit.

2722 2876 2916 2947 (Anno
2950 2875 3143 2945 1086.)

2411 2945 2740 3021 [MARTENE,
2762 2947 2941 3018 Ampi.
2967 2947 3208 3013 Collect.,
3232 2945 3300 3013 II,
3328 2946 3418 3001 75.
3454 2945 3471 3018 ]

2184 3040 2246 3095 In
2279 3039 2517 3096 nomine
2538 3039 2751 3093 sancta:
2785 3033 3505 3091 etindividuae'l‘rinitatis.
3546 3034 3754 3106 Respe-

357 3119 698 3176 monasterii
730 3119 1123 3190 praedicti,etc.
1144 3163 1156 3187 ,
1181 3119 1371 3176 eidem
1393 3122 1652 3177 coenobio
1671 3123 1997 3177 corrobora-

2151 3134 2208 3184 tu
2249 3128 2458 3183 divinze
2485 3124 2881 3182 miserationis
2910 3123 3130 3180 electus
3150 3122 3357 3179 tertius
3404 3123 3745 3187 Hammcus,

354 3226 571 3266 remus.
605 3210 721 3264 Nos
748 3208 1104 3279 verosjustis
1119 3225 1321 3265 eorum
1352 3211 1733 3283 petitionibus
1755 3229 1998 3267 consen-

353 3299 563 3355 tientes
594 3313 697 3369 pro
725 3298 981 3353 remedio
1013 3297 1220 3353 animae
1253 3304 1556 3367 nostrae,et
1588 3300 1660 3355 ob
1709 3300 1997 3356 interven-

351 3394 480 3443 tum
513 3385 904 3443 dilectissimae
935 3388 1202 3459 conjugis
1227 3392 1439 3443 nostris
1460 3389 1895 3460 Bertbar,atque
1926 3390 1999 3445 ob

354 3477 744 3532 interventum
777 3474 1107 3530 charissimi
1140 3476 1243 3531 filii
1276 3478 1461 3532 nostri
1478 3477 1997 3550 Chuonradi,prae-

354 3567 507 3621 dicto
526 3562 878 3619 monasterio
897 3565 1263 3620 concedendo
1280 3567 1721 3633 confirmamus,
1769 3571 1902 3636 etc.,
1939 3568 1997 3623 id

354 3658 441 3711 est
472 3654 528 3708 in
551 3653 864 3727 judiciaria
892 3652 1186 3712 Gardense
1218 3655 1712 3727 castellum,quod
1737 3658 1999 3713 nomina-

355 3748 452 3799 tur
488 3744 858 3818 Pasturingo,
891 3746 1045 3819 quod
1098 3745 1451 3800 monasterio
1500 3745 1697 3800 Sancti
1752 3746 1999 3803 Zenonis

353 3834 518 3888 bona
552 3835 845 3890 memoria;
876 3833 1176 3891 Arduinus
1206 3849 1401 3889 comes
1432 3837 1489 3889 et
1518 3832 1674 3889 ﬁlius
1696 3835 1823 3906 ejus
1870 3835 1996 3890 Eri-

350 3925 613 3996 prandus
633 3941 737 3997 pro
750 3924 1004 3980 remedio
1021 3924 1352 3980 animarum
1366 3939 1606 3979 suarum
1620 3939 1724 3995 per
1734 3923 1996 3979 chartam

351 4014 680 4071 offersionis
722 4014 1112 4080 contulerunt,
1146 4018 1252 4069 etc.
1280 4013 1394 4068 Nec
1420 4029 1535 4069 non
1568 4017 1626 4068 et
1669 4013 1993 4083 castellum,

351 4103 507 4175 quod
525 4107 764 4159 vocatur
786 4103 981 4159 Insula
1002 4103 1289 4169 Nonense,
1314 4102 1467 4173 quod
1492 4102 1564 4156 ad
1586 4102 1782 4173 ipsum
1800 4118 1998 4158 mona-

351 4193 595 4249 sterium
627 4208 730 4264 per
758 4191 1147 4259 oli'crsionem,
1173 4190 1571 4256 donationem,
1609 4195 1783 4263 atque
1837 4208 1995 4247 com-

351 4282 712 4353 parationem
745 4279 995 4347 devenit,
1022 4295 1156 4335 cum
1183 4277 1343 4333 omni
1361 4277 1591 4334 redditu
1607 4281 1663 4333 et
1705 4278 1995 4346 districta,

349 4368 438 4424 vel
472 4369 726 4433 fodrum,
760 4369 915 4439 quod
960 4384 1114 4423 nunc
1155 4367 1369 4422 habere
1408 4365 1658 4421 videtur.
1696 4367 1994 4425 Donamus

2108 3216 2298 3289 gratia
2326 3215 2449 3281 Dei,
2478 3216 2872 3270 Romanorum
2898 3214 3216 3285 imperator
3234 3215 3536 3285 Augustus
3556 3217 3614 3268 et
3652 3229 3754 3286 pa-

2107 3306 2331 3361 tricius.

2179 3394 2464 3459 Quoniam
2514 3391 2907 3464 comperimus
2953 3391 3297 3447 auctoritate
3346 3393 3559 3447 sanctae
3602 3388 3752 3445 Scri-

2107 3487 2289 3556 pturae
2304 3497 2538 3538 omnem
2555 3480 2854 3536 hominem
2873 3481 2943 3535 de
2956 3479 3126 3535 bonis
3143 3479 3477 3552 exemplum
3498 3479 3755 3551 accipere

2108 3573 2337 3639 debere,
2371 3571 2616 3644 dignum
2644 3570 2947 3639 etjustum
2969 3569 3241 3637 fatemur,
3275 3569 3339 3624 id
3366 3567 3557 3640 magis
3575 3567 3752 3640 impe»

2108 3661 2309 3717 rialem
2324 3658 2732 3716 celsitudinem
2752 3656 3060 3713 sollicitius
3087 3658 3287 3712 decere
3309 3674 3537 3714 servare
3557 3657 3755 3725 ;debet

2107 3751 2263 3806 enim
2295 3748 2612 3805 auctoritas
2641 3750 2815 3803 tantae
2840 3746 3223 3802 sublimitatis
3237 3745 3749 3819 aliquandorevol-

2105 3856 2236 3895 vere
2265 3837 2519 3910 qualiter
2548 3851 2640 3891 res
2669 3835 3049 3891 ecclesiarum
3083 3836 3180 3891 Dei
3211 3836 3335 3890 sita:
3353 3836 3491 3902 sint,
3510 3840 3567 3890 et
3580 3850 3751 3906 quam

2105 3926 2567 4001 praecedentibus
2601 3924 2936 3997 regibusve]
2960 3925 3413 3997 imperatoribus
3434 3924 3493 3979 in
3521 3924 3606 3979 eis
3629 3939 3751 3979 ser-

2103 4017 2396 4073 vientibus
2425 4014 2641 4069 tradita
2669 4013 2882 4081 sint,et
2904 4015 2977 4068 ab
2999 4014 3082 4069 eis
3106 4013 3321 4069 tradita
3341 4012 3428 4068 vel
3472 4028 3752 4068 concessa

2105 4103 2466 4163 auctoritatis
2499 4119 2617 4159 suae
2650 4119 2926 4158 renovare
2955 4119 3022 4157 ac
3052 4100 3753 4159 roborarelitteris.Undc

2104 4194 2326 4252 noverit
2355 4192 2750 4249 numerositas
2781 4191 3043 4247 fidelium
3068 4192 3432 4259 nostrOrum,
3452 4194 3575 4246 tam
3592 4207 3754 4263 prae-

2102 4282 2358 4337 sentium
2391 4296 2568 4352 quam
2590 4280 2941 4348 futurorum,
2959 4279 3251 4337 illustrem
3268 4280 3460 4336 virum
3482 4279 3754 4335 abbatem

2103 4369 2480 4443 Rodulphum
2493 4370 2563 4425 de
2578 4368 2970 4437 monasteriis,
2986 4369 3308 4425 Stabulaus
3329 4369 3451 4426 sive
3465 4367 3757 4425 Malmun-

352 4458 590 4525 insuper
620 4460 794 4528 atque
816 4456 1190 4512 concedimus
1207 4455 1396 4510 eidem
1417 4456 1773 4512 monasterio
1798 4457 1993 4514 Sancti
2026 4480 2072 4544 D
2103 4460 2334 4516 darium
2349 4458 2800 4532 cognominatis,
2822 4474 2950 4530 quae
2966 4462 3214 4530 utraque
3226 4459 3526 4530 quondam
3542 4472 3752 4529 corpo-

350 4545 596 4603 Zenonis
647 4544 860 4601 liberos
908 4544 1198 4613 homines,
1240 4560 1388 4617 quos
1428 4543 1601 4618 vulgo
1643 4545 1994 4603 Arimannos

349 4639 575 4704 vocant,
609 4635 940 4691 habitantes
973 4635 1031 4689 in
1064 4632 1302 4690 castello
1334 4634 1529 4690 Sancti
1562 4634 1842 4704 Viti,etin
1863 4637 1993 4708 ejus

350 4724 660 4793 territorio,
681 4738 787 4779 nec
809 4740 922 4780 non
950 4728 1006 4781 et
1036 4722 1419 4779 Herimannos
1449 4723 1849 4780 habitantesin
1867 4726 1990 4783 vico

351 4813 549 4870 Sancti
575 4813 823 4869 Zenonis
839 4813 912 4868 ab
942 4811 1185 4868 ecclesia
1226 4812 1419 4867 Sancti
1443 4813 1673 4868 Martini
1706 4812 1765 4868 in
1810 4816 1993 4886 aqua;

352 4904 640 4975 riousque
697 4902 768 4957 ad
809 4900 1042 4969 clivum,
1092 4900 1399 4956 cumomni
1444 4901 1661 4968 debito,
1698 4901 1989 4971 districtu,

352 4991 598 5059 actione,
619 4995 792 5063 atque
816 4989 1052 5062 placitu.
1071 4991 1179 5045 Seu
1212 4990 1499 5062 quidquid
1531 5006 1563 5044 a
1591 4991 1752 5045 bona
1772 5008 1991 5047 memo-

352 5081 448 5136 riae
469 5081 726 5148 Otberto,
746 5083 920 5151 atque
946 5079 1250 5135 Adalberio
1296 5078 1721 5134 Veronensium
1770 5080 1993 5152 episco-

352 5169 444 5242 pis
474 5185 816 5225 concessum
841 5167 1040 5237 fuit,id
1063 5170 1152 5223 cst
1173 5167 1413 5234 furtum,
1438 5166 1996 5241 adulterium,atque

354 5258 665 5328 ripaticum
704 5276 738 5314 a
767 5258 1006 5330 praefata
1036 5255 1279 5312 ecclesia
1304 5272 1491 5327 usque
1521 5256 1591 5311 ad
1626 5255 1865 5325 clivum,
1888 5275 1995 5315 nec

358 5362 470 5399 non
492 5352 547 5401 et
576 5364 709 5403 cum
742 5346 1018 5402 omnibus
1038 5346 1217 5400 rebus
1237 5345 1309 5400 ad
1346 5344 1651 5417 praefatum
1701 5352 1996 5404 monaste-

354 5434 508 5491 rium
541 5437 990 5508 pertinentibus,
1014 5451 1148 5492 cum
1196 5433 1481 5502 ecclesiis,
1514 5434 1788 5503 castellis,
1828 5437 1992 5506 vicis,

357 5522 598 5595 colonis,
649 5526 978 5603 mancipiis,
1027 5524 1542 5595 commendatitiis,
1579 5526 1838 5600 factitiis,
1884 5532 1994 5588 etc.

2103 4548 2302 4605 raliter
2324 4547 2525 4604 vivens
2555 4552 2795 4603 sanctus
2828 4545 3137 4602 Remaclus
3160 4550 3400 4619 sumptu
3445 4550 3503 4602 et
3541 4545 3754 4602 auxilio

2103 4637 2381 4711 Sigiberti
2411 4636 2588 4708 regis,
2630 4636 2784 4691 infra
2813 4635 3085 4692 forestem
3118 4641 3379 4693 nostram
3394 4635 3455 4691 in
3469 4634 3626 4691 saltu
3650 4635 3755 4690 Ar-

2100 4727 2367 4793 duennae,
2388 4724 2696 4781 fabricavit
2723 4728 2781 4780 et
2805 4725 3187 4792 consecravit,
3221 4725 3280 4780 in
3298 4741 3550 4797 quorum
3576 4724 3753 4781 etiam

2102 4814 2430 4889 principali,
2453 4814 2507 4869 id
2532 4818 2621 4869 est
2638 4813 3220 4887 Stabulaus,corpore
3240 4818 3413 4871 tenus
3434 4813 3547 4870 sibi
3561 4813 3754 4885 quies-

2102 4921 2231 4961 cere
2262 4901 2759 4975 complacuit,nos
2775 4919 2909 4959 cum
2932 4904 3236 4961 monachis
3267 4903 3394 4960 suis
3438 4903 3654 4969 adisse,
3700 4906 3757 4958 et

2103 4993 2321 5065 scripta
2348 4992 2477 5047 vitae
2507 4991 2697 5064 ipsius
2723 4992 2836 5066 agii
2866 4993 3219 5050 confessoris
3234 4993 3453 5050 Christi
3468 4990 3752 5058 Remacli,

2104 5077 2209 5138 nec
2258 5098 2373 5136 non
2420 5085 2479 5137 et
2520 5086 2805 5153 praecepta
2860 5098 3065 5155 regum
3131 5082 3426 5156 Sigiberti,
3489 5081 3755 5145 Hildrici,

2101 5169 2459 5238 Theoderici,
2500 5169 2601 5241 qui
2626 5171 2902 5242 petitione
2923 5172 3052 5243 ejus
3072 5176 3130 5228 et
3170 5170 3571 5228 admonitione
3609 5187 3756 5227 con-

2103 5264 2423 5315 structores
2455 5259 2693 5315 fuerunt
2721 5260 2986 5332 ipsorum
3012 5261 3293 5328 locorum,
3318 5265 3376 5317 et
3399 5259 3625 5317 sancita
3644 5260 3755 5315 im-

2104 5352 2440 5421 peratorum
2471 5347 2681 5414 Caroli,
2701 5348 2997 5414 Ludovici,
3018 5349 3196 5405 trium
3216 5348 3520 5416 Ottonum,
3553 5347 3659 5404 sed
3704 5352 3761 5403 et

2107 5436 2496 5494 serenissimae
2515 5438 2809 5493 memoria:
2824 5437 3077 5495 Heinrici
3095 5437 3467 5511 imperatoris
3478 5436 3760 5511 genitoris

2104 5527 2293 5588 nostri
2314 5526 2599 5586 detulisse
2620 5531 2679 5586 et
2700 5527 3030 5604 postulasse
3042 5526 3310 5588 nostram
3347 5526 3758 5588 celsitudinem
