3968 6158
172 297 316 362 εισι

1551 288 2018 359 ῙΗΕΝΗΙΕΗΞ
2039 287 2140 359 ιν.

3409 277 3573 362 ita”!

169 437 226 489 ut
252 429 450 487 omnia
479 429 888 503 appendentia,
919 427 1009 486 vel
1039 430 1256 487 tradita
1284 430 1429 502 ipsis
1460 429 1741 498 ecclesiis,
1777 447 1809 487 a
1839 436 1890 498 Α
1923 431 2180 502 injuste;
2209 432 2459 487 fatemur
2488 447 2593 487 nos
2618 433 2777 504 juste
2807 431 2920 490 sibi
2943 423 3569 513 redditumperpetua-

168 527 421 592 tempore
450 520 636 576 sancti
671 519 929 576 Remacli
963 533 1072 592 per
1116 519 1493 576 succedentia
1522 523 1804 591 tempora,

168 613 371 666 nostrai
395 607 715 680 imperialis
738 609 1147 681 przcceptionis
1168 609 1542 664 firmarcmus
1565 606 1812 663 auctori-

165 702 292 753 tate.
327 699 426 752 Est
453 697 634 768 igitur
664 701 865 752 nostra
882 697 1222 770 dignatione
1241 697 1538 753 sancitum
1557 700 1621 751 ut
1644 696 1809 768 quid-

164 787 297 862 quid
312 786 1066 859 praedecessorumsuorum
1081 787 1446 858 temporibus
1459 786 1518 841 in
1534 785 1652 840 illis
1665 785 1806 840 locis

166 875 560 932 fuittraditum
589 878 690 930 aut
705 875 1127 942 condonatum,
1146 891 1248 930 seu
1268 875 1423 947 quod
1445 873 1640 930 abbati
1663 874 1807 946 Pop-

165 964 294 1037 poni
316 965 638 1037 imperator
659 963 986 1032 Heinricus,
1011 965 1083 1019 ob
1107 982 1224 1020 suae
1248 963 1455 1019 animae
1478 964 1804 1019 mercedem

164 1055 216 1110 in
249 1053 541 1110 Hasbanio
574 1053 828 1108 reddidit
857 1053 1232 1118 beneﬁcium,
1262 1053 1408 1108 sivet
1437 1053 1592 1125 quod
1611 1069 1644 1109 a
1665 1052 1804 1107 divae

164 1143 452 1199 memoria:
483 1157 588 1196 avo
614 1147 812 1197 nostro
840 1141 951 1213 ipsi
986 1141 1095 1196 fuit
1137 1142 1473 1197 restitutum
1522 1159 1556 1196 a
1598 1140 1807 1196 comite

163 1231 530 1296 Herimanno,
563 1246 632 1285 ex
657 1229 882 1286 haerede
914 1235 1146 1286 mortuo
1175 1247 1280 1302 per
1312 1230 1614 1302 aliquanta
1653 1233 1806 1285 tem-

161 1337 297 1393 pora
312 1319 530 1392 injuste
545 1320 784 1376 detentu
795 1336 851 1373 m
862 1362 874 1386 ,
897 1318 1192 1375 Scalentin
1207 1318 1476 1374 videlicet
1493 1323 1549 1374 et
1570 1317 1804 1374 Palisiol

161 1425 292 1466 cum
323 1408 601 1464 omnibus
632 1407 999 1480 appendiciis
1021 1407 1166 1476 suis,
1200 1425 1306 1464 nec
1332 1425 1449 1464 non
1472 1411 1528 1463 et
1549 1407 1804 1463 decimas

160 1497 558 1564 ecclesiarum,
575 1514 723 1568 quas
747 1496 1271 1568 przedecessoribus
1285 1496 1472 1569 ipsius
1494 1495 1806 1568 praedeces-

161 1603 317 1641 sores
348 1585 531 1640 nostri
565 1585 950 1656 imperatores
981 1585 1288 1650 dederunt,
1320 1588 1377 1640 et
1423 1585 1803 1641 confirmave-

164 1679 317 1738 runt,
334 1679 388 1729 et
410 1673 695 1745 quidquid
716 1673 788 1728 ad
808 1673 935 1744 ipsa
951 1671 1079 1729 loca
1099 1675 1262 1741 emit,
1287 1679 1507 1730 sextam
1538 1672 1805 1728 videlicet

1919 519 2053 574 liter
2075 519 2520 593 redintegrasse.
2544 521 2615 576 Et
2633 522 2760 577 ideo
2779 519 3466 589 statuimusﬁrmissime,
3487 537 3570 578 se-

1920 608 2180 663 cundum
2212 610 2479 672 uostrUm
2512 608 2814 681 imperiale
2841 609 3121 678 edictum,
3155 613 3222 666 ut
3253 609 3364 666 sub
3390 610 3570 667 unius

1919 696 2147 751 abbatis
2179 697 2480 769 regimine,
2515 697 2667 752 sicut
2689 697 2914 770 jugiter
2943 697 3290 770 permansit,
3337 703 3572 754 utrum-‘-

1919 800 2031 855 que
2063 785 2139 839 sit
2167 785 2441 858 deinceps
2473 786 2805 857 subjectum
2838 787 3190 841 coenobium.
3222 787 3409 852 Et‘ut,
3449 786 3571 842 haec

1917 878 2128 929 nostraa
2152 875 2547 931 concessionis
2569 893 2632 930 ac
2654 873 3048 931 renovationis
3073 878 3245 949 atque
3266 876 3571 932 confirma-

1917 961 2092 1018 tionis
2125 964 2195 1019 de
2225 962 2502 1020 omnibus
2531 964 2625 1020 his
2655 963 2885 1036 plenior
2913 964 3200 1020 habeatur
3231 957 3565 1033 auctoritas,

1920 1068 2096 1107 manu
2129 1053 2366 1124 propria
2382 1052 2490 1108 hoc
2509 1057 2864 1124 praeceptam
2887 1053 3481 1122 subterﬂrmavimus,
3511 1053 3567 1110 et

1917 1139 2095 1212 sigilli
2128 1141 2310 1196 nostri
2344 1139 2729 1212 impressione
2761 1141 3033 1214 insigniri
3054 1142 3368 1214 jussimus.
3399 1155 3404 1162 '

1988 1229 2219 1299 Signum
2242 1231 2430 1285 domni
2460 1231 2707 1286 Heinrici
2733 1233 2886 1287 tertii
2914 1232 3284 1288 Romanorum
3325 1232 3564 1302 impera—

1917 1319 2047 1373 toris
2076 1319 2324 1390 Augusti.
3549 1327 3554 1332 ’

1987 1406 2346 1463 Humbertus
2375 1408 2760 1464 cancellarius
2781 1408 2904 1465 vice
2924 1407 3246 1465 Ruothardi
3270 1408 3567 1465 archican-

1916 1494 2132 1550 cellarii
2166 1497 2490 1570 recognovi.

1986 1584 2133 1640 Data
2164 1589 2253 1641 est
2279 1603 2315 1640 x
2343 1585 2582 1641 Kalend.
2610 1586 2969 1650 Decembris",
3004 1603 3158 1642 anno
3189 1588 3260 1642 ab
3294 1586 3564 1642 Incarna-

1913 1673 2071 1729 tione
2083 1673 2310 1730 Domini
2330 1674 2488 1742 1089,
2504 1674 2820 1730 indictione
2841 1693 2917 1730 xu
2944 1694 2957 1742 ;
2982 1691 3135 1730 anno
3154 1678 3348 1729 autem
3363 1675 3565 1730 domui

162 1763 231 1818 de
261 1762 542 1817 Amblava
571 1766 626 1817 et
652 1760 896 1818 Tumbis
927 1779 960 1817 a
989 1762 1198 1818 comite
1229 1763 1541 1818 Godet’rido
1572 1763 1643 1818 de
1687 1763 1801 1816 En-
1835 1800 1881 1864 Β
1919 1762 2168 1817 Heinrici
2221 1763 2374 1819 tertii
2422 1762 2820 1818 Romanorum
2876 1759 3245 1835 imperatoris
3292 1762 3564 1834 Augusti,

161 1851 302 1924 geis,
333 1850 421 1906 vel
453 1851 609 1922 quod
631 1851 702 1907 de
723 1851 874 1906 bono
901 1850 1156 1907 ecclesia:
1178 1852 1605 1907 concambiavit
1626 1851 1800 1908 Wen-

157 1939 400 2012 dengias
430 1945 487 1995 et
514 1940 788 1996 Corworo
817 1956 974 1995 mon.
1009 1940 1239 1995 abbatis
1271 1940 1467 1996 Sancti
1503 1939 1800 1995 Maximini

156 2030 290 2085 data
315 2028 472 2094 villa,
494 2028 881 2084 Asteleburna
902 2028 1028 2084 loco
1052 2028 1398 2095 concambii,
1426 2045 1526 2085 seu
1553 2029 1706 2101 quod
1728 2030 1801 2084 ab

155 2117 460 2174 Hathelino
481 2119 556 2188 (9)
581 2118 852 2189 episcopo
883 2117 1302 2190 Bantbergensi
1337 2122 1392 2173 et
1424 2119 1550 2188 ejus
1582 2133 1801 2189 praepo-

157 2207 266 2262 sito
280 2205 563 2279 Liupoldo
577 2205 1372 2278 concambiavit,praediolum
1388 2205 1610 2261 scilicet
1623 2206 1702 2261 Lu
1712 2207 1805 2260 ke-

164 2309 370 2368 senges
396 2312 498 2367 pro
527 2295 909 2367 Wendengus
927 2300 984 2350 et
1007 2295 1241 2350 duobus
1262 2294 1485 2350 mansis
1503 2295 1657 2367 apud
1686 2299 1803 2349 An-

159 2383 521 2450 dernaicum,
553 2389 610 2440 et
634 2399 736 2456 pro
770 2401 918 2440 nova
947 2384 1018 2439 de
1062 2384 1388 2450 Buobarde,
1439 2384 1565 2439 sine
1607 2383 1806 2456 aliqua

161 2473 480 2529 infractura
502 2478 735 2529 maneat
757 2471 1182 2528 inconvulsum.
1210 2473 1493 2538 Quoniam
1518 2489 1651 2527 vero
1669 2489 1805 2543 pra:-

163 2563 494 2618 decessores
514 2561 695 2617 nostri
721 2578 886 2634 reges
902 2560 988 2617 vel
1011 2561 1393 2634 imperatores
1416 2577 1536 2616 suae
1559 2560 1804 2616 auctori-

153 2650 602 2727 tatisgfirmitatc
632 2649 777 2722 ipsis
808 2649 951 2705 locis
983 2649 1352 2706 sanciverunt
1379 2654 1443 2704 ut
1491 2650 1804 2704 advocatus

155 2739 420 2812 ipsorum
454 2739 946 2795 monasteriorum
979 2739 1037 2793 in
1070 2739 1350 2804 cortibus,
1397 2739 1469 2793 ad
1520 2738 1649 2810 ipsa
1680 2737 1806 2793 loca

156 2828 626 2901 respicientibus,
660 2845 773 2884 non
806 2831 1125 2900 praesumat
1149 2843 1460 2883 mansuras
1493 2832 1596 2883 aut
1636 2839 1802 2899 para;

148 2923 315 2972 turas
348 2917 554 2984 facere,
589 2917 1013 2972 redhibitiones
1052 2915 1141 2972 vel
1194 2915 1356 2971 freda
1407 2916 1656 2989 exigere,
1703 2919 1805 2971 aut

152 3005 432 3079 placitum
465 3009 679 3075 tenere,
713 3009 814 3059 aut
859 3004 1193 3076 parei'redos
1247 3021 1478 3060 sumere
1517 3005 1628 3059 sibi
1679 3005 1805 3059 sine

153 3095 448 3170 permissu
480 3094 708 3150 abbatis
739 3093 826 3149 vel
865 3093 1181 3162 voluntate,
1232 3094 1432 3149 eadem
1466 3097 1523 3148 et
1553 3110 1660 3148 nos
1689 3093 1804 3164 ipsi

1916 1852 2079 1922 regni
2111 1852 2352 1923 quidem
2386 1869 2574 1919 xxxvx,
2609 1851 2838 1924 imperii
2866 1867 3000 1908 vero
3022 1868 3099 1906 vi.

1981 1943 2190 1994 Actum
2240 1940 2543 2012 Magontiaa
2605 1941 2661 1994 in
2721 1940 2937 1997 Christi
3003 1939 3238 1996 nomine
3295 1937 3555 1997 feliciter.

1913 2029 2116 2083 Amen.

2653 2126 2809 2183 XIII.

1913 2216 2160 2270 Hei-nrici
2188 2216 2333 2288 regis
2364 2217 2568 2288 quarti,
2596 2217 2942 2288 imperatoris
2972 2215 3140 2282 tertii,
3174 2215 3439 2288 diploma,
3459 2233 3563 2287 quo

1983 2287 2508 2411 gognuttarastetta
2555 2287 2842 2356 conﬁrmat
2887 2287 3239 2343 monasterio
3276 2288 3565 2343 Veronensi

2028 2399 2040 2412 .
2101 2372 2314 2412 enoms.

2534 2446 2722 2518 (Anno
2756 2445 2942 2516 1090.)

2227 2533 2572 2608 [MURATORI,
2606 2537 2789 2606 Antiq.
2820 2537 2969 2603 ltat.,
2997 2533 3066 2603 V,
3099 2535 3252 2607 623.]

1986 2651 2048 2706 In
2080 2650 2315 2707 nomine
2345 2655 2556 2706 sancta:
2589 2655 2646 2706 et
2677 2650 2990 2707 individuze
3043 2649 3370 2717 Trinitatis,
3401 2661 3562 2706 Ham-

1917 2755 2104 2805 mcvs,
2137 2738 2334 2793 divina
2366 2740 2592 2794 favente
2613 2738 2944 2810 clementia,
2963 2739 3361 2796 Romanorum
3384 2733 3564 2812 impe-
3604 2747 3608 2752 ’

1917 2833 2076 2883 rator
2102 2830 2424 2900 Augustus.

1988 2917 2350 2988 Imperialem
2379 2917 2804 2973 sublimitatem
2837 2917 3133 2984 condecet,
3158 2915 3266 2973 etc.
3289 2917 3403 2973 Hac
3420 2915 3559 2990 ergo

1908 3007 2076 3077 justa
2105 3010 2160 3060 et
2189 3008 2354 3077 aequa
2384 3005 2850 3061 consideratione
2880 3010 3116 3077 propter
3135 3005 3364 3061 Domini
3388 3006 3564 3061 timo-

1917 3109 2061 3161 rem,
2094 3098 2151 3149 et
2179 3095 2386 3149 anima:
2418 3098 2650 3161 nostras,
2671 3092 2757 3148 vel
2777 3098 3089 3165 parentum
3111 3097 3446 3148 nostrorum
3470 3083 3575 3148 re?

153 3167 353 3241 abbati
369 3188 424 3239 et
436 3184 564 3255 ejus
579 3183 1022 3238 successoribus
1040 3182 1325 3237 ﬁrmando
1339 3182 1808 3250 corroboratuus,
1839 3167 1881 3233 C
1920 3183 2180 3238 medium
2200 3183 2554 3238 monasterio
2573 3181 2726 3238 beati
2745 3181 2992 3237 Zenonis
3014 3197 3117 3254 per
3132 3181 3283 3237 hanc
3307 3191 3558 3253 praesen-

153 3273 450 3344 bannique
480 3271 664 3328 nostri
698 3271 1070 3342 impositione
1103 3287 1172 3325 ne
1194 3270 1466 3342 deinceps
1484 3270 1801 3342 quisquam

154 3363 278 3417 haec
308 3360 518 3416 audeat
546 3359 865 3431 infringere
896 3358 1251 3430 vigoramus,
1276 3362 1333 3413 et
1350 3358 1640 3429 quidquid
1664 3375 1804 3413 sane

154 3449 516 3523 acquisitum
550 3447 764 3520 reperit
797 3448 854 3502 in
887 3446 1252 3518 quibuslibet
1293 3448 1466 3502 rebus
1514 3447 1802 3513 Ecclesiae,

154 3541 464 3595 roboratur
489 3541 703 3594 nostra;
735 3535 1143 3608 praeceptionis
1169 3535 1533 3601 auctoritate,
1581 3534 1805 3591 habens

152 3628 539 3685 emunitatem
571 3626 642 3682 ab
673 3626 832 3681 omni
864 3625 1277 3680 advocatorum
1310 3623 1703 3679 infestatione.
1738 3624 1806 3680 Et

152 3717 435 3789 quoniam
450 3715 753 3772 monachis
774 3712 1186 3770 Malmundarii
1205 3712 1556 3780 constitutis,
1579 3713 1807 3767 sancita

150 3805 532 3877 antiquorum
565 3819 769 3875 regum
810 3803 899 3858 vel
933 3803 1355 3874 imperatorum
1397 3817 1511 3857 non
1555 3801 1804 3856 suffece-

146 3893 430 3959 runt,sed
464 3893 574 3947 sub
607 3893 835 3946 duobus
875 3892 1184 3946 abbatibus
1223 3890 1554 3947 rescindere
1601 3891 1805 3947 eadem

152 3982 512 4038 monasteria
532 3980 963 4050 laboraverunt,
991 3980 1144 4051 quod
1169 3980 1585 4052 atemporibus
1617 3979 1804 4036 sancti

149 4071 408 4128 Remacli
434 4071 625 4126 adhuc
645 4073 842 4124 manet
860 4068 1292 4135 inconvulsum,
1320 4074 1555 4142 propter
1572 4069 1703 4136 hoc,
1721 4070 1804 4123 in-

145 4178 445 4233 quam,ne
476 4159 678 4230 aliqua
724 4157 999 4228 deinceps
1048 4159 1201 4212 inter
1253 4174 1354 4212 eos
1410 4157 1808 4214 controversia

146 4250 270 4316 ﬁat,
305 4249 461 4319 quod
493 4247 758 4302 evenisse
788 4245 1153 4318 temporibus
1185 4245 1383 4300 domni
1433 4247 1806 4318 imperatoris

146 4336 380 4394 Ottonis
412 4334 654 4390 secundi
689 4337 937 4398 constat,
962 4335 1234 4406 quodque
1289 4334 1441 4388 infra
1465 4351 1650 4390 annos
1672 4352 1808 4407 pue-

144 4426 296 4480 ritia:
325 4427 534 4478 nostra:
568 4439 670 4494 per
702 4439 810 4477 nos
844 4422 1239 4493 quorumdam
1273 4439 1388 4476 non
1421 4439 1562 4477 sano
1597 4423 1805 4495 depra-

1913 3277 2033 3328 tem
2052 3277 2262 3326 nostrae
2281 3269 2695 3326 muniﬁcentiae
2715 3270 3120 3326 auctoritatem
3135 3274 3414 3342 perpetuo
3432 3285 3563 3325 con-

1915 3362 2245 3425 ﬁrmamus,
2279 3359 2586 3431 modisque
2607 3358 2881 3415 omnibus
2903 3358 3370 3424 corroboramus,
3394 3357 3451 3412 id
3470 3355 3561 3414 est

1916 3452 1970 3506 in
1999 3450 2293 3522 judiciara
2315 3449 2611 3504 Gardense
2643 3446 2970 3515 castellum,
3019 3447 3174 3519 quod
3220 3446 3562 3503 nominatur

1917 3539 2278 3612 Pastoringo,
2312 3538 2466 3611 quod
2501 3537 2852 3593 monasterio
2879 3537 3072 3593 Sancti
3105 3536 3350 3592 Zenonis
3395 3536 3562 3592 δοηῶ

1916 3628 2211 3684 memoriae
2241 3627 2544 3682 Arduinus
2564 3643 2782 3694 comes,
2801 3629 2857 3682 et
2875 3626 3032 3681 filius
3053 3625 3180 3698 ejus
3200 3623 3567 3698 Eri‘prandus‘

1917 3734 2021 3789 pro
2054 3716 2309 3772 remedio
2344 3716 2675 3771 animarum
2709 3731 2951 3770 suarum
2983 3731 3087 3786 per
3116 3713 3378 3770 chartam
3397 3711 3564 3770 oii‘er-

1915 3805 2102 3860 sionis
2137 3804 2514 3860 contulerunt
2544 3821 2678 3860 cum
2711 3804 2988 3859 omnibus
3021 3800 3569 3874 pertinentiis‘suis,

1919 3899 2055 3962 etc.,
2089 3909 2192 3948 nec
2223 3910 2338 3948 non
2361 3897 2417 3948 et
2445 3893 2750 3948 castellum
2780 3892 2932 3963 qnod
2961 3895 3200 3946 vocatur
3231 3888 3431 3946 Insula
3459 3890 3572 3945 No-

1921 3997 2120 4049 nense,
2137 3982 2292 4053 quod
2313 3983 2382 4036 ad
2397 3981 2593 4052 ipsum
2611 3979 3035 4036 monasterium
3059 3996 3161 4051 per
3173 3974 3567 4046 offersio‘neni,

1918 4072 2317 4134 donationem,
2380 4074 2554 4140 atque
2598 4067 3096 4138 comparationem
3139 4065 3390 4134 devenit,
3435 4069 3573 4121 cuni

1917 4157 2076 4215 omni
2092 4157 2342 4224 redditu,
2359 4161 2414 4212 et
2434 4157 2725 4222 districtu,
2743 4160 2801 4210 et
2818 4153 3007 4222 fodru,
3030 4158 3137 4210 etc.
3155 4152 3380 4210 Placuit
3392 4154 3569 4210 etiam

1916 4251 2129 4304 nostra:
2162 4245 2460 4303 serenitati
2490 4245 2561 4300 ob
2595 4249 2870 4300 aeternam
2894 4243 3430 4300 remunerationem
3454 4246 3567 4298 sta-

1916 4337 2153 4392 tuendo.
2191 4377 2204 4391 .
2243 4379 2254 4391 .
2293 4378 2305 4390 .
2346 4379 2358 4391 .
2397 4379 2408 4391 .
2441 4373 2456 4390 .
2494 4377 2505 4390 .
2544 4377 2555 4389 .
2593 4377 2604 4389 .
2645 4375 2657 4388 .
2691 4337 2756 4389 ut
2805 4337 3087 4400 castrum,
3140 4332 3298 4404 quod
3350 4331 3566 4388 dicitur
3625 4329 3630 4342 '

1917 4425 2230 4497 Capavum,
2260 4425 2415 4496 quod
2448 4441 2480 4478 a
2507 4440 2687 4496 puero
2720 4421 2931 4478 Uberto
2949 4439 3054 4493 pro
3077 4421 3332 4478 remedio
3355 4421 3573 4476 animae

146 4517 317 4570 vatos
333 4510 576 4567 consilio
598 4527 700 4583 per
721 4510 1192 4583 quinquennium
1217 4517 1356 4565 eteo
1383 4510 1640 4582 amplius
1661 4515 1805 4566 tem-
1834 4534 1881 4598 D
1915 4530 2055 4580 suae,
2090 4530 2448 4585 suorumque
2481 4515 2811 4585 parentum,
2848 4510 3203 4567 monasterio
3236 4510 3434 4567 Sancti
3459 4511 3565 4566 Ze—

147 4618 294 4676 pore
321 4599 567 4674 contigit
599 4599 878 4664 evenisse,
913 4599 1012 4655 sed
1064 4599 1219 4671 apud
1269 4599 1493 4653 curiam
1545 4603 1803 4654 nostram

145 4693 373 4766 Leggiae
420 4690 770 4747 celebratam
817 4690 875 4745 in
927 4689 1148 4744 Pascha
1178 4705 1332 4744 anno
1363 4687 1631 4744 videlicet
1664 4690 1796 4743 1071

145 4780 574 4838 Incarnationis
606 4779 944 4844 Dominicae,
969 4779 1081 4851 ipsi
1105 4783 1306 4834 sancto
1327 4778 1599 4834 Remaclo
1626 4777 1795 4834 nobis

148 4867 601 4943 praesentialiter
631 4868 742 4939 (10)
765 4867 957 4923 oblato
981 4883 1161 4923 causa
1179 4867 1511 4938 expetendae
1530 4866 1798 4937 justitiaa,

148 4957 254 5031 qui
288 4961 672 5028 utrorumque
703 4957 1098 5012 coenobiorum
1126 4956 1400 5011 fundator
1427 4955 1548 5011 illic
1571 4972 1672 5027 per
1693 4956 1801 5010 mi-

151 5045 378 5114 racula,
412 5062 539 5117 qua:
572 5044 725 5100 Deus
758 5045 1129 5116 omnipotens
1159 5061 1263 5115 per
1293 5061 1425 5098 eum
1459 5044 1628 5099 nobis
1652 5048 1709 5098 et
1737 5044 1804 5098 ﬁ-

145 5134 386 5191 delibus
417 5133 636 5190 nostris
656 5133 1344 5204 prasentibus'dignatus
1367 5136 1456 5186 est
1477 5133 1804 5203 ostendere,

142 5223 507 5280 claruitesse
517 5221 891 5277 veracissime
905 5221 1062 5292 quod
1081 5220 1295 5275 anobis
1316 5223 1472 5274 errat
1489 5219 1805 5275 discissum

224 5358 312 5435 (9'),
340 5361 686 5435 Hathelinus
717 5361 1084 5435 desideratur
1115 5360 1173 5413 in
1205 5357 1368 5435 serie
1402 5359 1810 5435 episcoporum

143 5429 683 5504 Bambergensium
703 5432 861 5504 apud
872 5430 1241 5504 ,Bucelinum,
1260 5429 1638 5504 collocandus
1661 5431 1815 5487 inter

141 5499 933 5573 Hermannumganne'1075,
967 5518 1016 5573 a_
1049 5500 1331 5573 Gregorio
1355 5499 1605 5573 septimo
1637 5517 1814 5558 exau-

144 5579 450 5642 ctoratum
479 5576 537 5628 et
565 5571 892 5644 Rupertum
921 5571 1023 5646 qui
1053 5571 1207 5631 anno
1239 5571 1380 5630 1089
1402 5571 1708 5650 praefuisse
1728 5584 1813 5633 r6-

482 5697 754 5765 Ριτειοι.
799 5695 941 5763 GLI.

1916 4602 2085 4658 nonis
2103 4602 2456 4672 judicatum,
2491 4605 2664 4673 atque
2694 4599 2979 4656 traditum
3011 4616 3140 4656 esse
3171 4600 3564 4672 cognoscitur,

1913 4708 2050 4746 cum
2082 4689 2360 4746 omnibus
2390 4689 2564 4745 rebus
2589 4691 2714 4758 jam
2747 4689 2884 4743 dicti
2915 4689 3088 4744 castri
3111 4688 3568 4760 pertinentibus,

1910 4797 2015 4836 seu
2034 4773 2297 4843 'famulis,
2327 4777 2590 4844 facticiis,
2619 4793 2752 4832 cum
2776 4777 2935 4832 omni
2969 4777 3163 4833 debita
3184 4775 3567 4832 districtione.
3633 4775 3636 4782 ’

1908 4869 2072 4932 Quod
2105 4867 2357 4938 denique
2381 4867 2805 4922 conﬁrmamus
2825 4863 3000 4920 etiam
3023 4865 3176 4920 dicto
3204 4862 3566 4920 monasterio
3635 4879 3639 4886 ’

1911 4957 2107 5012 Sancti
2136 4956 2380 5012 Zenonis
2403 4955 2474 5010 ad
2506 4970 2751 5010 suorum
2785 4954 3099 5026 praebenda
3144 4951 3569 5009 monachorum

1915 5045 2342 5117 eleemosynam
2364 5043 2792 5116 proprietamus
2823 5059 2957 5098 cum
2989 5041 3266 5098 omnibus
3289 5041 3413 5098 suis
3434 5041 3570 5114 per;

1915 5133 2204 5197 tinentiis,
2238 5131 2539 5200 districtis,
2569 5137 2678 5187 etc.
2723 5131 2781 5187 Si
2826 5130 2961 5202 quis
3012 5130 3192 5204 igitur
3239 5131 3376 5197 dux,
3411 5145 3566 5187 mar-

1919 5221 2074 5286 chio,
2097 5225 2206 5276 etc.
2681 5222 2686 5228 ’
3635 5228 3637 5230 ’

1919 5367 2429 5505 Ρθῖἰὲἷνὸιιρῐῃφᾲο
2460 5430 2515 5485 id
2551 5387 2974 5505 factumfuerit
2997 5432 3185 5505 fusius
3207 5430 3566 5505 descriptum

1922 5501 2105 5578 habes
2136 5504 2194 5558 in
2212 5502 2428 5578 libello.
2457 5507 2536 5578 D_e
2552 5501 2850 5578 triumpho
2872 5507 2927 5559 S.
2952 5503 3230 5578 Bemacli,
3255 5501 3428 5578 quem
3452 5502 3568 5567 edi-

1925 5577 2010 5636 dit
2037 5573 2407 5652 Chapeavilla
2439 5573 2511 5630 ad
2542 5571 2758 5630 calcem
2787 5578 2930 5632 tom.
2967 5575 3036 5631 II.

3167 5700 3245 5770 3'1
