3968 6158
358 218 512 311 usa

354 442 492 498 toris
521 443 777 514 Augusti.
811 441 979 499 Locus
1008 441 1238 512 tsigitli
1269 440 1422 496 Cerei
1448 437 1737 512 deperditi.

421 529 541 603 Ego
572 528 820 602 Ogerius
850 530 952 587 Dei
983 528 1172 604 gratia
1200 527 1562 601 Hiporiensis
1593 528 1904 609 episcopus
1943 531 2001 584 et

351 617 739 676 cancellarius
767 619 892 675 vice
922 618 1262 675 Herimanni
1293 617 1622 674 cancellarii
1669 617 1996 690 recognovi.

429 747 444 764 .
478 749 496 764 .
531 747 547 765 .
577 747 592 764 .
629 748 643 765 .
678 746 694 762 .
727 706 1045 765 Dominicaa
1077 705 1503 764 Inearnationis
1541 705 1855 762 millesimo
1897 722 2002 761 no-

349 795 676 870 nagesimo,
693 812 752 852 v1
765 796 1103 866 indictione,
1121 800 1400 868 regnante
1412 795 1682 852 Heinrico
1695 793 2006 867 imperato-

353 901 415 942 re
446 884 522 942 III
549 883 716 958 regni
745 886 875 958 ejus
894 902 1048 954 xxxv,
1066 884 1297 958 imperii
1313 888 1511 941 autem
1529 898 1651 940 vm.
1669 887 1788 939 Hoc
1803 888 2002 938 aetum

353 976 445 1030 est
475 989 552 1030 Iv.
582 973 671 1030 Id.
702 972 919 1047 Aprilis
948 973 1209 1031 Veronae.
1244 973 1308 1030 In
1339 972 1441 1030 Dei
1475 971 1711 1028 nomine
1732 970 1998 1028 feliciter.

352 1064 560 1120 Amen.

360 1277 590 1333 Donatio
617 1275 802 1335 Castri
819 1277 972 1345 Novi,
1008 1188 1339 1348 ϐαηῗιξέέιιὶ,
1388 1283 1440 1332 et
1481 1274 1815 1348 Scorciaroli
1854 1277 2003 1348 facta

425 1348 635 1403 (lenoni
701 1349 947 1420 episcopo
993 1345 1307 1416 Mantuano,
1353 1349 1573 1420 eiusque
1626 1347 1888 1412 ecclesiae,
1935 1345 2002 1400 ab

424 1419 681 1476 Heinrico
704 1419 828 1492 rege
856 1419 942 1488 IV,
976 1420 1304 1492 imperatore
1332 1419 1431 1475 III.

972 1536 1162 1605 (Anno
1196 1534 1380 1605 1093.)

673 1648 1042 1720 [MURATORI,
1075 1651 1262 1723 Antig.
1283 1650 1434 1718 Ital.,
1461 1648 1529 1716 V,
1557 1649 1686 1715 645]

428 1779 494 1830 In
508 1771 743 1830 nomine
760 1777 974 1830 sancte
987 1777 1043 1830 et
1054 1773 2006 1844 individuaTrinitatis,nsmmcus

359 1862 680 1936 imperator
707 1878 942 1934 semper
967 1864 1289 1936 Augustus.

429 1949 718 2015 Quoniam
745 1955 1142 2023 opportunum
1174 1952 1366 2017 nobis,
1397 1955 1455 2007 et
1471 1951 1615 2008 utile
1636 1951 1807 2008 valde
1829 1951 2007 2008 statui

361 2057 428 2096 ac
453 2039 648 2096 decori
678 2038 841 2112 regni
874 2044 932 2097 et
959 2039 1189 2112 imperii
1221 2039 1403 2096 nostri
1435 2040 1729 2096 evidenter
1757 2058 1884 2097 esse
1915 2056 2009 2096 co-

359 2127 704 2202 gnoscimus
720 2127 883 2184 sanis
899 2132 1236 2184 nostrorum
1259 2127 1521 2184 fidelium
1543 2128 1826 2196 consiliis,
1845 2130 1902 2185 in
1917 2129 2010 2185 his

359 2215 613 2275 maxime
644 2233 772 2288 qua:
803 2217 875 2272 ad
896 2233 1097 2274 curam
1121 2221 1177 2273 et
1198 2217 1480 2275 honorem
1501 2217 1685 2274 nostri
1706 2218 2012 2290 regiminis

358 2305 678 2380 pertinent,
711 2304 1048 2377 dilligenter
1077 2307 1560 2375 condescendere,
1593 2307 1641 2363 si
1676 2307 1816 2379 quid
1865 2308 2012 2363 forte

356 2394 632 2460 occurrit,
653 2395 809 2466 quod
827 2394 1111 2451 honorem
1129 2399 1394 2452 nostrum
1407 2412 1522 2452 non
1541 2395 1788 2464 minuat,
1805 2400 1861 2452 et
1877 2413 2010 2452 san-

357 2487 512 2541 ctam
530 2482 1365 2552 sublimetEcclesiam,eorum
1380 2484 1719 2541 nullatenus
1731 2485 2014 2541 debemus

1623 219 1630 224 ’
1714 209 2025 280 MONUM.
2057 208 2399 278 'DIPLOM.

427 351 664 424 Signum
690 349 880 410 damni
908 352 1159 410 Heinrici
1185 351 1339 408 tertii
1365 351 1716 408 invictissimi
1761 352 1999 422 impera-
2031 350 2085 417 Α

2034 1717 2082 1782 Β

3609 209 3778 273 11181

2875 343 3000 400 XV.

2112 439 2358 492 Hei-nrici
2386 437 2532 505 regis
2563 438 2637 492 IV
2672 435 3017 506 imperatoris
3049 433 3123 506 Ill
3159 431 3411 506 diploma
3467 431 3775 506 conﬁrma-

2177 510 2381 564 torium
2409 503 2772 578 quorumlibet
2791 507 3012 578 jurium
3035 503 3331 560 Ticine-usis
3357 503 3628 559 Ecclesia.

2728 595 2912 666 (Anno
2959 593 3142 666 1093.)

2399 690 2748 752 [MURATORI,
2773 685 2957 756 Antiq.
2993 683 3140 740 Ital..
3176 680 3272 747 VI,
3320 681 3480 753 327.]

2187 815 2200 828 .
2239 815 2251 828 .
2289 815 2300 828 .
2338 815 2350 828 .
2388 817 2401 830 .
2437 815 2452 828 .
2493 815 2505 828 .
2543 815 2556 828 .
2589 817 2601 828 .
2631 816 2644 828 .
2705 773 3036 829 interventu
3103 785 3338 843 quoque
3403 769 3771 826 marchionis

2111 861 2414 931 Wilielmi,
2448 861 2772 917 Arduinus.
2810 903 2822 916 .
2855 903 2868 915 .
2901 903 2913 916 .
2950 901 2962 914 .
2997 898 3014 915 .
3049 900 3062 913 .
3113 858 3328 914 civium
3388 857 3768 930 Papiensium

2111 952 2403 1023 majorum
2420 954 2477 1007 et
2514 950 2831 1017 minorum,
2855 947 3126 1022 Papiensi
3143 946 3408 1003 Ecclesiae
3435 946 3766 1004 beatissimi

2110 1040 2240 1113 Syri
2267 1039 2506 1113 gloriosi
2538 1038 2912 1106 confessoris,
2954 1038 3126 1109 cujus
3155 1036 3252 1109 pio
3287 1037 3620 1092 interventu
3656 1053 3766 1092 no-

2113 1134 2300 1185 strum
2332 1128 2486 1202 viget
2517 1128 2854 1201 imperium.
2885 1169 2898 1180 .
2938 1169 2950 1182 .
2986 1170 2998 1181 .
3036 1170 3049 1183 .
3087 1169 3098 1182 .
3136 1167 3149 1180 .
3183 1124 3465 1198 leguntur
3493 1140 3597 1197 per
3612 1124 3763 1181 hanc

2113 1217 2514 1290 praeeptaiem
2547 1216 2823 1289 paginam
2835 1217 2970 1286 jure
2999 1213 3240 1287 perenni
3261 1215 3554 1269 donamus
3589 1217 3767 1285 atque

2110 1307 2506 1374 concedimus,
2559 1305 2909 1360 nominatim
2965 1302 3233 1360 videlicet
3280 1303 3761 1358 Brementensem

2112 1395 2404 1451 abbatiam
2446 1411 2580 1450 cum
2628 1394 2902 1449 omnibus
2947 1409 3074 1464 quae
3125 1391 3197 1446 ad
3247 1389 3411 1446 illam
3441 1389 3758 1461 pertinent,

2114 1485 2340 1552 castris,
2370 1483 2656 1552 curtibus,
2689 1481 2866 1549 villis,
2894 1479 3156 1552 capellis,
3189 1478 3377 1546 silvis,
3407 1477 3593 1544 terris,
3630 1475 3757 1531 cul-

2114 1575 2188 1631 tis
2220 1578 2278 1629 et
2308 1572 2566 1635 incultis,
2593 1570 2849 1644 pascuis,
2874 1569 3211 1643 paludibus,
3236 1567 3424 1640 aquis,
3449 1581 3761 1639 aquarum-

2113 1680 2226 1736 que
2255 1658 2628 1725 decursibus,
2660 1657 3107 1735 piscationibus,
3141 1656 3514 1723 molendinis,
3547 1651 3758 1711 destri-

2115 1752 2247 1818 ctis,
2280 1751 2548 1819 teloneis,
2595 1748 2960 1822 albergariis,
3013 1746 3245 1820 placitis
3301 1745 3507 1801 invest.
3545 1785 3559 1798 .
3599 1784 3612 1798 .
3651 1784 3666 1796 .
3703 1784 3717 1797 .
3753 1782 3768 1796 .

2115 1839 2573 1904 conditionibus,
2607 1855 2672 1894 ac
2704 1835 3138 1901 familiis,eellis
3161 1850 3392 1907 quoque
3417 1831 3769 1889 nominatim

2115 1930 2211 1985 hic
2230 1929 2442 1984 notatis
2464 1946 2475 1983 :
2495 1932 2771 1983 Sanctum
2796 1927 3030 1982 Petrum
3053 1924 3111 1979 in
3132 1923 3456 1989 Novalesio,
3492 1937 3769 1995 campum

2116 2017 2358 2082 Merleti,
2393 2004 2672 2072 Sanctum
2703 2015 2996 2071 Andream
3028 2014 3087 2068 in
3110 2013 3389 2080 Taurino,
3413 2009 3764 2076 Babianum,

2119 2124 2342 2163 serram
2393 2105 2591 2162 Sancti
2643 2104 2818 2170 Petri,
2864 2102 3071 2160 cellam
3111 2100 3439 2164 Cavalariaa,
3489 2102 3769 2154 Sanctum

2119 2197 2354 2252 Petrum
2386 2195 2443 2249 in
2476 2194 2692 2267 Pagno,
2727 2192 3072 2258 Polentiam,
3107 2191 3387 2247 Sanctum
3421 2188 3659 2244 Petrum
3695 2187 3768 2243 ad

2119 2285 2422 2351 Wascum,
2455 2283 2729 2338 Sanctam
2778 2280 3024 2336 Mariam
3068 2279 3127 2335 in
3176 2277 3390 2345 Polexi,
3441 2275 3651 2333 cellam
3697 2275 3768 2331 de

2120 2373 2444 2446 Supunigo,
2479 2371 2684 2426 cellam
2716 2371 2786 2426 de
2818 2367 3140 2432 Laumello,
3171 2370 3445 2422 Sanctam
3476 2363 3766 2436 Agatham

2121 2463 2181 2517 in
2213 2461 2470 2530 Balsula,
2495 2461 2822 2528 Rometam,
2854 2457 3092 2516 castella
3114 2457 3290 2512 etiam
3320 2457 3762 2526 Castagnetum,

359 2571 647 2628 salutaria
666 2569 1319 2628 consiliacontemnere.
1344 2573 2016 2646 DicitnamqueSapien-
2122 2551 2409 2646 Ευηκρνθν
2466 2550 2769 2646 ᾎδδξηοῗιῆω
2842 2547 3222 2646 δξξξνθιξοτθων
3296 2548 3448 2646 can“)
3483 2584 3496 2598 '
3534 2585 3547 2598 ο
3595 2585 3609 2597 ο
3745 2583 3759 2596 ’

359 2660 447 2716 ti.
473 2675 486 2716 ;
521 2658 734 2716 Omnia
763 2659 855 2714 {ac
885 2676 1021 2716 cum
1051 2660 1318 2730 consilio,
1353 2665 1411 2717 et
1440 2664 1642 2733 postea
1665 2629 1788 2718 ‘non
1825 2629 2014 2734 έωηί,
2122 2641 2430 2705 Tanetum,
2466 2637 2844 2734 Palaciolum,
2874 2635 3154 2704 Cisalum,
3189 2651 3292 2734 seu
3322 2637 3560 2734 caeteras
3589 2629 3765 2734 cellas

363 2746 518 2804 tabis
545 2748 737 2819 (Eccli.
769 2764 947 2816 xxxu,
976 2748 1089 2820 24).
1122 2749 1224 2804 Est
1253 2720 1508 2822 quoque,
1552 2751 1725 2821 juxta
1762 2720 2014 2806 Psalmi-
2124 2771 2139 2822 _'
2178 2771 2191 2784 ο
2226 2770 2242 2822 _-
2280 2771 2292 2784 ·
2330 2770 2342 2784 ο
2382 2771 2394 2783 ·
2419 2769 2444 2822 ί·
2478 2731 2672 2822 caries
2698 2731 3002 2822 θίρωῐιβε
3034 2741 3126 2781 res
3167 2725 3240 2780 ad
3289 2722 3628 2822 Ρξωάξοξθιω
3666 2720 3766 2776 ab'

367 2810 561 2903 stam,‘
581 2834 734 2907 regis
764 2810 953 2891 honor
975 2810 1347 2907 ,ῇιιᾶἱοίιιαίθι
1358 2810 1654 2909 justitiam
1672 2837 1934 2912 diligere,
1958 2841 2005 2894 et

2152 2816 2341 2874 uatiam
2377 2821 2434 2872 et
2454 2815 2630 2872 cellas
2659 2817 3039 2889 pertinentes.
3071 2853 3088 2869 .
3119 2857 3131 2869 .
3170 2855 3182 2867 .
3220 2855 3236 2870 .
3271 2855 3283 2867 .
3340 2813 3399 2867 in
3449 2810 3763 2884 integrum.

363 2922 425 2978 in
456 2922 694 2980 veritate
724 2938 897 2996 posse
927 2924 1120 2981 dicere
1163 2941 1298 2981 eum
1348 2925 1701 2983 Psalmista:
1748 2901 2005 2994 Dvomine,

2152 2907 2182 2961 ti
2215 2906 2350 2978 quis
2382 2905 2564 2978 igitur
2588 2905 2724 2974 dux,
2756 2903 3040 2971 marchio,
3060 2918 3275 2971 comes,
3298 2901 3641 2966 vicecomes,
3666 2901 3768 2954 aut

364 3010 680 3069 dileximus
712 2988 981 3070 decorem
1031 3013 1244 3071 domus
1291 3019 1403 3071 tute
1454 3017 1628 3087 (Psat.
1677 3017 1892 3088 xxv,8).
1945 2988 2005 3072 Ui

2152 2993 2397 3067 [nelibet
2426 2995 2542 3050 alia
2571 3010 2821 3066 persona
2845 2993 2998 3088 hanc
3032 2988 3440 3088 preceptalem

362 3100 544 3172 igitur
572 3115 678 3173 per
719 3099 1000 3158 honorem
1052 3107 1112 3158 et
1158 3078 1675 3175 ampliﬁcationem
1724 3078 2005 3162 donorum

2152 3082 2340 3139 ’iolare
2370 3082 2834 3156 praesumpserit,
2869 3079 3028 3137 mille
3050 3079 3230 3136 libras
3247 3078 3766 3150 aurioptimicom-

360 3167 484 3257 Dei,
517 3167 690 3261 cujus
721 3190 960 3246 servitio
993 3207 1196 3248 vacare
1225 3167 1510 3249 debemus
1541 3193 1904 3250 incessanter
1942 3211 2012 3251 ex
2121 3172 2421 3268 Ρρείίυτιιε
2453 3173 2647 3268 ΜητιΑο
2680 3176 2878 3268 nos}???
2903 3168 3250 3268 ἓυδᾶειθθδξξν
3274 3167 3649 3268 φθέίθῖξὶῖθαξ
3662 3180 3767 3268 20°

359 3276 696 3347 dilectione,
711 3279 763 3335 si
795 3278 1010 3335 salvari
1041 3279 1316 3352 cupimus
1349 3285 1407 3337 et
1435 3285 1711 3339 aeternam
1733 3284 2005 3357 consequi

2154 3265 2254 3316 tres
2277 3276 2544 3326 camerae,
2569 3265 2627 3316 et
2657 3259 3030 3316 medietatem
3057 3257 3346 3330 praedictae
3369 3255 3639 3327 Papiensi
3662 3255 3763 3310 Ec-

361 3365 634 3438 gloriam,
659 3371 998 3424 nostrorum
1021 3385 1161 3425 sane
1181 3369 1445 3426 fidelium
1467 3372 1711 3428 consilia
1730 3372 1843 3445 piis
1860 3343 2005 3429 au‘ri-

2152 3349 2328 3406 lesiaa.
2362 3350 2526 3414 Quod
2559 3354 2623 3405 ut
2650 3349 2846 3406 verius
2893 3347 3183 3414 credatur,
3241 3351 3300 3402 et
3355 3345 3428 3401 ab
3487 3343 3764 3446 omnibus

359 3430 476 3511 bus
505 3430 908 3524 exaudientes,
939 3460 996 3513 et
1027 3457 1099 3513 ad
1131 3457 1372 3531 dignam
1402 3463 1460 3515 et
1478 3430 1787 3529 humilem,
1809 3465 1866 3517 et
1885 3461 2011 3516 lau-
2119 3437 2921 3531 inViS’labiliieF°b§e_rvetur:
2955 3435 3342 3509 ίωρτθθείοηθ
3372 3432 3558 3490 Ποεῖτί
3588 3430 3768 3506 είείῙῙί

363 3541 621 3599 dabilem
680 3543 1024 3616 petitionem
1076 3546 1329 3604 Cononis
1393 3548 1694 3604 Mantuani
1755 3549 2011 3623 episcopi

364 3628 683 3687 clementer
712 3631 1108 3704 respicientes,
1141 3636 1406 3691 Castrum
1428 3635 1672 3704 Novum,
1705 3642 1761 3693 et
1789 3637 2017 3712 Campi-

363 3717 595 3789 tellum,
645 3723 822 3792 atque
866 3721 1294 3779 Scorciarolum
1339 3741 1473 3780 cum
1505 3726 1780 3782 omnibus
1811 3743 2013 3784 eorum

367 3806 738 3880 pertinentiis
763 3808 925 3866 intus
955 3814 1012 3866 et
1042 3810 1202 3877 foris,
1237 3812 1397 3868 salva
1418 3818 1618 3871 nostra
1639 3814 1816 3888 regali
1831 3817 2011 3887 justi-

362 3894 467 3962 tia,
499 3913 604 3969 per
622 3896 775 3955 hanc
805 3906 1065 3956 nostram
1081 3901 1481 3973 prmeeptalem
1505 3903 1779 3977 paginam
1795 3905 2014 3962 haben-

368 3983 446 4040 da
473 3985 809 4057 perenniter
837 3991 1011 4060 atque
1041 3989 1398 4062 possidenda
1427 3992 1552 4048 sine
1583 3993 1850 4050 molestia
1880 3995 2016 4066 jure

369 4073 1358 4147 preprietarioMantuanaEcclesias
1372 4081 1858 4138 eoneessimus.Si
1881 4084 2014 4155 quis

365 4160 553 4234 igitur
583 4165 723 4232 dux,
773 4165 1056 4236 marchio,
1106 4184 1323 4238 comes,
1350 4169 1694 4239 vicecomes,
1756 4175 1858 4226 aut
1900 4172 2016 4228 alia

364 4249 642 4321 qualibet
669 4268 940 4324 persona,
970 4255 1376 4328 cujuscunque
1418 4257 1770 4314 conditionis
1819 4260 2014 4329 fuerit,

363 4337 516 4394 hanc
537 4343 798 4396 nostram
833 4343 1237 4414 praeceptalem
1287 4345 1564 4417 paginam
1611 4345 1825 4403 violare
1867 4365 2014 4420 prai-

366 4425 874 4497 sumpserit,mille
890 4427 1068 4486 libras
1082 4431 1209 4487 auri
1224 4431 1354 4503 puri
1370 4433 1805 4505 compositurus
1817 4435 2010 4492 banno

365 4516 564 4570 nostro
585 4514 717 4586 subj
726 4515 1311 4584 acebit,medietatem
1331 4525 1540 4577 nostrae
1554 4539 1816 4594 camerae,
1831 4528 2013 4581 etme-

366 4601 642 4658 dietatem
673 4603 962 4676 praedictas
984 4605 1274 4664 Ecclesiae.
1295 4607 1366 4664 Ut
1391 4614 1584 4666 autem
1604 4611 2014 4669 inviolabiliter

363 4689 436 4747 ab
467 4690 740 4748 omnibus
772 4694 1132 4764 observetur,
1165 4695 1422 4772 imagine
1453 4700 1635 4756 nostri
1660 4701 1837 4774 sigilli
1868 4701 2012 4758 insi-

362 4777 516 4852 gniri
545 4778 855 4854 diligenter
874 4783 1193 4854 jussimus.

434 4868 666 4941 Signum
695 4870 886 4929 damni
912 4874 1160 4931 Heinrici
1182 4877 1526 4948 imperatoris
1546 4878 1796 4948 Augusti.

436 4957 651 5017 Datum
684 4977 841 5018 anno
871 4961 1184 5020 Dominica:
1219 4965 1510 5021 Incarnat.
1552 4968 1702 5035 1093,
1734 4973 2011 5041 regnante

367 5047 584 5106 domno
615 5048 884 5107 Heinrico
909 5051 1306 5109 Romanorum
1355 5052 1705 5126 imperatore
1744 5059 2010 5130 Augusto

365 5152 555 5206 mut,
591 5137 915 5212 imperante
942 5157 1075 5197 vero
1104 5158 1181 5208 Ix,
1216 5141 1532 5201 indictione
1559 5160 1690 5200 vero
1710 5162 1765 5200 v.

435 5227 689 5289 Auctum
719 5226 968 5287 Mantuae
999 5227 1262 5288 feliciter.

2115 3527 2409 3600 jussimus
2441 3527 2733 3600 insigniri.

2193 3616 2425 3686 Signum
2469 3617 2661 3672 domui
2713 3618 2961 3673 Heinrici
2997 3617 3367 3672 Romanorum
3423 3611 3768 3684 imperatoris

2121 3707 2476 3762 invictissimi
2505 3709 2663 3777 atque
2677 3706 2922 3777 piissimi
2951 3707 3008 3761 in
3039 3707 3239 3760 virtute
3258 3705 3376 3759 Dei.

2193 3796 2311 3868 Ego
2342 3795 2630 3868 Oglerius,
2646 3795 2748 3851 Dei
2765 3795 2977 3868 gratia,
2999 3791 3360 3866 Hiporiensis
3379 3790 3693 3862 episcopus
3709 3792 3772 3844 et

2122 3883 2528 3952 eaneellarius,
2561 3884 2684 3939 vice
2717 3883 3055 3939 Herimanni
3085 3879 3446 3938 Coloniensis
3475 3875 3762 3950 archiepi-

2123 3972 2283 4044 scopi
2313 3971 2807 4028 archicancellarii
2829 3972 3157 4044 recognovi.

2194 4066 2363 4116 Anno
2396 4060 2708 4117 Dominicae
2731 4060 3156 4117 Inearnationis
3181 4057 3496 4115 millesimo
3521 4070 3768 4128 nonage-

2126 4150 2274 4206 simo
2305 4149 2498 4215 tertio,
2548 4149 2866 4206 indictione
2913 4149 3128 4223 prima,
3170 4150 3450 4221 regnante
3493 4144 3770 4201 Heinrico

2122 4255 2314 4306 xxxxx,
2347 4238 2679 4310 imperante
2708 4243 2902 4295 autem
2935 4255 3013 4305 IX,
3046 4253 3248 4294 mense
3272 4236 3443 4292 Maio.

2193 4329 2404 4383 Actum
2435 4331 2524 4383 est
2547 4327 2736 4400 Papiae
2759 4327 3020 4383 feliciter.

2862 4415 3006 4471 XVI.

2120 4506 2400 4588 Decretum
2431 4505 2678 4588 {Ieinrici
2705 4505 3054 4588 imperatoris
3072 4503 3237 4588 tertii
3260 4499 3678 4588 promutgatulm
3714 4500 3771 4588 in

2187 4577 2390 4648 placito
2419 4577 2641 4648 Patavii
2658 4569 2842 4648 habito
2867 4591 2968 4648 pro
2998 4574 3173 4630 tutela
3196 4569 3568 4648 quorumde
3599 4571 3762 4648 bono-

2194 4642 2339 4712 rum,
2405 4646 2475 4700 ad
2540 4646 2831 4704 monachos
2867 4642 3116 4702 'Sancta:
3179 4642 3411 4701 Iustina:
3477 4642 3768 4698 Patavine

2190 4718 2572 4790 spectantium.

2739 4791 2933 4859 (Anno
2967 4789 3148 4859 1095.)

2405 4878 2754 4948 [MURA'I‘ORL
2789 4879 2973 4948 Antiq,
3023 4877 3169 4944 Itat.,
3218 4874 3291 4941 II,
3332 4872 3486 4943 943.]

2189 4965 2341 5023 Dum
2375 4965 2434 5019 in
2467 4965 2566 5020 Dei
2598 4964 2832 5021 nomine
2863 4966 2923 5021 in
2953 4965 3184 5021 civitate
3214 4961 3410 5018 Patavi
3461 4960 3522 5015 in
3575 4958 3769 5016 Broilo

2111 5056 2281 5126 juxta
2299 5051 2691 5126 episcOpalem
2714 5055 2956 5110 domum
2971 5053 3032 5109 in
3039 5048 3583 5125 judicioresidebat
3603 5047 3769 5104 dom-

2119 5159 2232 5198 nus
2264 5142 2591 5210 Heinricus,
2616 5141 2711 5197 Dei
2745 5141 2954 5214 gratia,
2987 5141 3198 5198 tertius
3228 5139 3632 5196 Romanorum
3663 5135 3769 5190 im-

2117 5235 2350 5303 perator
2376 5231 2700 5302 Augustus,
2731 5231 2965 5287 adesset
2995 5246 3130 5286 cum
3159 5245 3225 5286 eo
3254 5225 3626 5282 Walbrunus
3659 5225 3768 5279 Ve-

2118 5319 2386 5375 ronensis
2415 5318 2724 5392 episcopus
2753 5335 2819 5375 ac
2848 5318 3255 5384 cancellarius,
3279 5313 3680 5383 Bruehardus,
3712 5317 3770 5368 et

2119 5407 2453 5464 Walnerius
2483 5406 2875 5476 marchiones,
2899 5407 3246 5465 Bonefacius
3266 5418 3487 5470 comes,
3510 5400 3768 5457 Manfre-

2119 5497 2231 5560 dus
2276 5510 2492 5570 eomes,
2542 5495 2896 5571 Hisnardus,‘
2947 5494 3347 5575 Aldeoherius.
3404 5489 3764 5570 Aioharclus,
