3968 6158
199 299 350 365 H65

1342 297 1884 367 mustaceus
1928 299 1979 364 ιι
2010 270 2182 364 Rex
2209 266 2454 363 'ANGL.

3443 294 3600 362 1166

197 435 329 509 Ugo,
362 433 719 492 Gumbertus
749 432 1001 506 judices,
1060 434 1404 508 Peregrinus
1457 437 1528 490 de
1585 437 1832 505 Verona,
1862 437 1919 505 Α
1954 435 2276 492 nasterium
2305 437 2375 490 de
2407 433 2691 508 praedictis
2725 433 2898 491 rebus
2930 433 3253 506 inquietare
3283 439 3385 491 aut
3417 435 3598 491 mole-

193 525 437 581 Ubertus
467 524 540 579 de
573 523 983 592 Fontanaviva,
1017 525 1192 593 Cono,
1226 525 1575 580 Cumbertus
1606 526 1676 580 de
1705 525 1833 582 Tal-

190 630 346 678 sano,
382 612 685 669 Odelricus
742 613 815 668 de
873 612 1214 682 Salvazano,
1274 613 1429 668 Ucho
1487 613 1558 668 de
1612 613 1834 683 Casale,

192 701 542 770 Baronzello,
575 706 630 758 et
654 703 808 758 Cono
840 703 1114 770 Patuaro,
1151 703 1482 758 Bernardus
1527 702 1833 759 Almenar-

188 793 277 859 do,
309 792 431 848 Odo
460 792 534 848 de
562 791 1053 864 Justinusjudex,
1077 797 1134 847 et
1155 790 1365 863 reliqui
1387 791 1608 864 plures.
1635 792 1833 864 Ibique

185 881 240 936 in
272 897 472 937 eorum
502 880 742 936 veniens
774 881 1081 952 praesentia
1104 881 1362 937 Joannes
1423 882 1726 955 presbyter
1776 886 1832 937 et

183 969 523 1038 monachus,
559 969 719 1042 prior
748 969 1091 1025 monasterii
1120 974 1338 1026 Sanctae
1368 970 1636 1036 Justinaa,
1693 986 1828 1025 cum

183 1059 398 1115 czsteris
427 1057 731 1115 monachis
752 1059 1016 1129 ejusdem
1041 1059 1400 1124 monasterii,
1426 1058 1670 1114 insimul
1694 1075 1828 1114 cum

180 1147 432 1221 Ingelero
465 1149 744 1203 advocato
778 1147 1163 1219 suprascripti
1197 1148 1562 1212 monasterii,
1618 1147 1827 1204 retule-

184 1241 314 1292 runt
343 1241 400 1293 et
427 1239 729 1308 cceperunt
759 1235 968 1304 dicere,
1003 1253 1069 1291 ac
1123 1235 1419 1308 postulare
1477 1237 1823 1292 mercedem.

185 1347 213 1377 ι(
244 1325 500 1382 Petimus
523 1326 594 1381 ad
619 1342 742 1394 vos,
767 1325 982 1380 domne
1004 1326 1340 1397 imperator,
1366 1331 1430 1380 ut
1449 1342 1570 1394 vos,
1596 1329 1829 1398 propter

181 1415 359 1470 Deum
393 1431 458 1471 ac
478 1418 737 1470 vestram
792 1414 1148 1481 mercedem,
1176 1414 1424 1470 mittatis
1449 1415 1709 1470 bandum
1735 1432 1830 1471 su-

181 1519 281 1576 per
310 1520 437 1570 nos,
469 1507 526 1559 et
557 1520 733 1576 super
761 1501 892 1558 illas
945 1519 1037 1558 res
1096 1519 1242 1576 quas
1299 1520 1400 1558 rex
1449 1502 1698 1559 Litulfus
1757 1505 1828 1561 de

179 1593 413 1649 Cararia
438 1593 533 1647 hic
566 1593 622 1647 in
681 1596 875 1647 vestra
931 1593 1240 1663 praesentia
1289 1592 1459 1647 nobis
1518 1586 1823 1660 refu'davit,

181 1681 400 1737 scilicet
430 1687 654 1737 curtem
682 1697 808 1752 quae
832 1685 1068 1736 vocatur
1089 1680 1465 1747 Montesilice,
1490 1697 1622 1736 cum
1646 1681 1829 1736 omni-

178 1771 288 1826 bus
323 1770 499 1826 rebus
529 1770 600 1825 ad
633 1769 822 1841 ipsam
841 1773 1063 1824 curtem
1087 1769 1535 1841 pertinentibus,
1560 1774 1619 1825 et
1649 1787 1828 1842 super
1856 1808 1904 1872 B

187 1857 315 1914 illas
348 1875 461 1925 res,
492 1875 639 1930 quas
672 1858 808 1913 Milo
841 1861 896 1913 et
926 1858 1230 1914 IIeinricus
1260 1859 1525 1930 germani
1558 1857 1830 1915 similiter

180 1947 271 2002 hic
295 1947 353 2003 in
381 1951 576 2002 vestra
606 1947 915 2018 praesentia
947 1946 1116 2002 nobis
1143 1947 1576 2015 refudaverunt,
1603 1947 1828 2003 scilicet

181 2035 334 2102 villa,
368 2052 496 2108 qua:
528 2036 745 2091 dicitur
789 2033 1081 2108 Lignaria,
1145 2039 1201 2090 et
1250 2034 1388 2090 villa
1435 2052 1561 2107 quae
1615 2036 1830 2090 dicitur

180 2123 422 2192 Ronchi,
455 2141 588 2178 cum
611 2123 886 2179 omnibus
936 2123 1301 2196 pertinentiis
1359 2123 1503 2190 suis,
1560 2127 1617 2178 et
1669 2123 1825 2190 villa,

180 2229 304 2284 quas
338 2212 552 2268 dicitur
579 2213 856 2279 Tribano,
889 2217 946 2268 ct
977 2213 1164 2284 Caput
1194 2213 1380 2267 Silvae.
1416 2235 1442 2260 δ)
1478 2213 1642 2267 Tunc
1691 2230 1825 2268 cum

181 2292 490 2374 praedictus
518 2301 772 2358 domnus
790 2303 1110 2375 imperator
1122 2301 1318 2358 taliter
1329 2302 1438 2357 aud
1450 2303 1591 2357 isset
1607 2318 1825 2358 merce-

179 2391 334 2459 dem,
367 2408 472 2464 per
491 2390 762 2464 judicum
783 2390 1118 2457 consilium,
1141 2390 1238 2462 qui
1263 2389 1343 2445 ibi
1364 2391 1630 2459 aderant,
1649 2395 1705 2446 et
1725 2408 1826 2462 per

177 2478 413 2547 fustem,
447 2495 622 2552 quem
653 2479 713 2534 in
746 2496 853 2535 sua
884 2480 1118 2535 tenebat
1143 2496 1346 2545 manu,
1381 2478 1541 2533 misit
1564 2479 1822 2534 bandum

176 2584 352 2641 super
380 2567 684 2640 pradictos
714 2568 1033 2624 monachos
1062 2571 1119 2623 et
1147 2585 1326 2640 super
1354 2585 1555 2624 eorum
1580 2568 1821 2624 advoca-

175 2661 323 2724 tum,
354 2661 412 2713 et
443 2673 620 2729 super
660 2657 1003 2729 predictum
1054 2657 1499 2725 monasterium,
1540 2662 1598 2713 et
1645 2675 1824 2729 super

173 2745 847 2818 praedictasomnesillas
861 2762 973 2814 res,
999 2763 1125 2818 quae
1151 2746 1421 2818 superius
1447 2746 1726 2818 leguntur
1763 2747 1820 2800 in

173 2836 492 2906 integrum,
519 2838 584 2890 ut
613 2833 812 2890 nullus
834 2833 1113 2907 quislibet
1135 2834 1308 2891 homo
1338 2835 1679 2907 praedictum
1702 2852 1824 2891 mo-

1944 530 2121 593 stare,
2163 524 2250 580 vel
2286 523 2570 579 devestire
2603 524 2830 579 audeat.
2867 524 2974 587 Qui
3019 540 3152 580 vero
3207 523 3317 579 hoc
3375 524 3595 592 fecerit,

1943 614 2087 670 sciat
2119 630 2180 670 se
2212 613 2680 685 compositurum
2713 612 2839 668 auri
2870 613 3052 684 optini
3104 612 3284 669 libras
3335 617 3596 680 centum,

1942 704 2313 758 medietatem
2338 718 2577 758 cameras
2601 701 2799 757 domni
2822 700 3287 773 i‘mperatoris,et
3313 703 3595 759 medieta-

1939 797 2055 847 tem
2084 792 2155 846 ad
2187 791 2533 864 praedictum
2567 791 2991 847 monasterium
3044 791 3266 847 Sanctae
3322 791 3592 849 Justinaa.

1941 882 2007 937 Et
2031 880 2272 954 insuper
2286 880 2447 936 misit
2497 880 2780 946 bandum,
2811 884 2876 935 ut
2896 879 3434 952 nullusepiscopus,
3468 881 3598 938 nul-

1939 969 2148 1042 lusque
2178 969 2360 1024 abbas
2393 970 2701 1041 praadictas
2725 986 2815 1024 res
2866 969 3078 1025 audeat
3135 968 3194 1024 in
3244 968 3593 1027 beneficium

1939 1058 2110 1114 alicui
2143 1059 2279 1114 dare
2312 1057 2400 1114 vel
2435 1075 2537 1130 per
2566 1057 2803 1113 titulum
2833 1058 3096 1130 pignoris
3118 1056 3290 1113 alicui
3312 1057 3591 1131 obligare,

1937 1146 2024 1203 vel
2055 1147 2762 1220 quodcunqueingenium
2782 1146 3102 1203 amanibus
3124 1147 3371 1203 fratrum
3403 1147 3595 1204 aufer-

1938 1253 2016 1292 re.
2052 1237 2159 1301 Qui
2190 1253 2326 1292 vero
2344 1237 2450 1292 hoc
2464 1236 2679 1304 fecerit,
2698 1236 2846 1292 sciat
2864 1253 2924 1292 se
2957 1237 3422 1308 compositurum
3440 1237 3592 1310 parti

1937 1326 2189 1398 publicae
2223 1325 2349 1380 auri
2384 1325 2589 1397 optimi
2622 1325 2804 1381 libras
2821 1329 3078 1381 centum.
3104 1324 3294 1381 Finita
3310 1328 3366 1381 et
3391 1342 3590 1394 causa,

1936 1417 1995 1468 et
2012 1413 2218 1469 notitia
2239 1431 2341 1487 pro
2357 1413 2665 1470 securitate
2678 1414 3144 1486 suprascriptum
3166 1414 3589 1471 monasterium

1937 1502 2162 1558 Sancta:
2185 1503 2436 1559 Justinze
2466 1503 2590 1558 fleri
2625 1504 3079 1559 admonuerunt.

2009 1591 2253 1658 Quidem
2285 1596 2341 1646 et
2371 1609 2475 1664 ego
2495 1593 2750 1648 Joannes
2769 1592 3035 1648 notarius
3057 1591 3404 1664 exjussione
3420 1593 3592 1650 dom-

1937 1680 2741 1752 niimperatoris,etjudicum
2787 1681 3590 1754 admonitionescripsi,anno

1935 1771 2005 1824 ab
2024 1769 2425 1824 Incarnatione
2445 1769 2676 1825 Domini
2693 1769 3028 1825 nostriJesu
3041 1769 3254 1826 Christi
3271 1769 3589 1827 millesimo

1938 1857 2317 1930 nonagesimo
2349 1857 2574 1930 quinto,
2604 1859 2860 1914 secundo
2893 1858 3179 1915 Kalendas
3209 1857 3392 1926 Junii,
3431 1859 3588 1916 indi-

1939 1947 2124 2002 ctione
2146 1946 2336 2001 tertia.

2005 2043 2069 2106 ›ι‹
2097 2036 2214 2108 Ego
2245 2035 2554 2092 Heinricus
2588 2036 2684 2091 Dei
2715 2037 2907 2108 gratia
2937 2029 3146 2092 tertius
3188 2036 3587 2095 Romanorum

1936 2122 2255 2196 imperator
2272 2126 2572 2196 Augustus
2592 2125 2936 2197 subscripsi.

2005 2220 2068 2283 ›ι‹
2097 2213 2214 2284 Ego
2232 2212 2582 2269 Wilbrunus
2602 2213 2988 2271 cancellarius
3007 2214 3358 2286 exjussione
3381 2217 3586 2273 domni

1936 2301 2308 2373 imperatoris
2339 2319 2519 2357 manu
2551 2319 2682 2358 mea
2702 2303 3047 2376 subscripsi.

2004 2395 2067 2458 ιι(
2097 2391 2212 2462 Ego
2246 2389 2719 2462 Isnardusjudex
2741 2392 3084 2466 subscripsi.

2004 2477 2066 2540 ἰι
2096 2480 2210 2551 Ego
2241 2478 2780 2552 Aldegeriusjudex
2811 2481 3067 2538 interfui.

2002 2575 2064 2638 ›ι‹
2095 2569 2211 2641 Ego
2243 2568 2362 2641 Ugo
2388 2569 2571 2640 judex
2600 2569 2860 2625 interfui.

2000 2658 2062 2719 ›Χ‹
2092 2658 2208 2731 Ego
2239 2658 2595 2714 Gumbertus
2612 2659 2796 2730 judex
2825 2659 3083 2716 interfui.

2095 2748 2212 2820 Ego
2243 2747 3075 2820 Agichardusjudexinterfui.

2092 2837 2210 2909 Ego
2240 2835 2590 2909 Peregrinus
2612 2838 2796 2908 judex
2825 2837 3064 2895 interfui

2093 2962 3586 2994 Ἢ

692 3081 2059 3252 ANGLORUM
2184 3085 3042 3270 BEGUM

1365 3336 1486 3400 QUI
1527 3335 1820 3393 εδει]ιο
1859 3335 1929 3391 XI
1971 3335 2370 3392 FLORUERE.

523 3492 921 3607 LEGES
1035 3449 2090 3608 ECCLESIASTIGAE
2196 3495 2352 3607 ET
2460 3495 3234 3612 DIPLOMATA

1670 3701 2078 3714 _—————

1033 3818 2440 3951 IETHELBEDUS
2545 3822 2693 3945 II

1590 4033 1790 4115 (Anno
1820 4034 2167 4112 979-1016.)

1685 4206 2001 4218 -—-—_

716 4293 1119 4387 LEGES
1189 4294 2203 4387 ECCLESIASTICIE
2270 4294 3029 4392 fETHELREDI

1299 4462 1532 4533 (MANSI,
1567 4462 1771 4518 Concil.
1807 4466 1947 4518 tom.
1980 4464 2126 4533 XIX,
2163 4464 2272 4521 col.
2304 4465 2454 4536 319.)

159 4702 420 4771 Quatuor
447 4705 634 4773 partes
677 4700 951 4757 habentur
979 4702 1039 4757 in
1084 4703 1400 4760 Jornalensi
1442 4704 1848 4828 manuscripto.’
1885 4703 2006 4760 Tres
2052 4706 2261 4830 prz'tires
2310 4705 2392 4760 nil
2448 4707 2735 4776 conferunt
2783 4709 2846 4762 in
2896 4724 3016 4764 rem
3057 4710 3330 4776 Ecclesiae,
3391 4714 3584 4782 quarta

1523 4791 1647 4830 vero
1671 4783 1798 4830 sunt
1845 4792 1942 4830 nec
1969 4779 2153 4830 canitu
2177 4791 2230 4830 a.

1523 4791 1647 4831 vero
1671 4783 1798 4831 sunt
1828 4779 1942 4832 haec
1969 4779 2230 4849 capitula.

586 4934 824 4990 TITULI
869 4934 1402 4992 CAPITULORUM.

153 5023 200 5077 I.
237 5021 315 5076 De
342 5020 572 5078 denario
603 5031 809 5080 sanch
839 5025 1086 5079 Ecclesiae
1129 5025 1327 5093 dando,
1377 5030 1430 5080 et
1474 5026 1538 5081 de
1584 5025 1825 5082 decima-

237 5111 386 5166 tione
417 5111 769 5184 thaynorum.

152 5201 234 5255 II.
269 5200 346 5254 De
364 5201 600 5273 jejunio,
631 5204 681 5257 et
703 5203 998 5274 feriatione
1026 5204 1200 5257 trium
1226 5201 1441 5258 dierum
1469 5207 1597 5259 ante
1622 5210 1824 5275 festum

233 5291 418 5344 sancti
460 5289 742 5348 Michalis.

157 5379 258 5449 (II.
295 5377 437 5446 Quid
465 5379 590 5447 regi
617 5387 669 5434 et
687 5380 888 5450 populo
917 5381 1068 5435 omni
1095 5378 1182 5434 die
1201 5381 1273 5435 sit
1291 5381 1644 5437 cantandum.

160 5469 254 5524 IV.
309 5467 384 5524 De
437 5467 933 5553 consuetudinibus
983 5475 1192 5526 sanctae
1245 5470 1344 5526 Dei
1394 5470 1648 5530 Ecclesiw
1706 5472 1826 5529 red-

162 5556 388 5619 dendis.

1852 4939 1900 5005 D
1939 4939 1993 4995 V.
2025 4941 2103 4995 Ne
2133 4941 2256 5010 quis
2285 4939 2553 4994 vendatur
2568 4943 2724 4996 extra
2739 4941 3003 5012 patriam.

1944 5029 2021 5084 VI.
2045 5030 2121 5084 De
2149 5029 2388 5085 roboria.

1938 5119 2042 5175 VII.
2077 5119 2150 5174 De
2179 5119 2552 5189 eleemosynis,
2587 5121 2637 5173 et
2666 5120 3088 5177 rectitudinibus
3117 5121 3375 5179 ecclesia.

2004 5224 2128 5263 HEC
2167 5222 2590 5264 INSTITUERUNT
2630 5224 2739 5263 REX
2775 5224 3160 5266 ETHELREDUS
3197 5226 3266 5266 ET

2147 5313 2447 5354 SAPIENTES
2485 5312 2621 5353 εσσε
2659 5314 2814 5354 APUD
2845 5315 3042 5355 ΗΑΒΑΜ

2577 5386 2835 5444 CAPITU
2845 5389 2956 5444 LA.

2006 5473 2050 5529 Ι.
2084 5475 2148 5530 In
2173 5475 2384 5548 primis
2417 5480 2482 5532 ut
2505 5492 2662 5532 unus
2719 5481 2873 5533 Deus
2904 5477 3586 5553 superomniadiligatur

1945 5567 2002 5626 et
2029 5563 2365 5636 honoratur,
2398 5569 2454 5624 et
2484 5568 2550 5624 ut
2579 5581 2785 5628 omnes
2811 5566 2933 5646 regi
2969 5583 3077 5628 suo
3132 5573 3377 5647 pareant
3431 5568 3585 5634 sicut
