3968 6158
393 236 549 326 iam

1757 249 2067 316 MONUM.
2113 251 2429 320 DIPLOM.

3638 269 3794 350 1168

385 374 781 433 antecessores
812 377 904 436 sui
936 379 1146 438 melius
1172 382 1456 450 fecerunt,
1478 388 1689 441 etcum
1715 401 1780 441 eo
1810 385 2029 458 pariter
2056 388 2112 454 Α
2212 389 2282 444 VI
2293 433 2304 444 .
2327 392 2396 446 Et
2405 391 2786 464 prohibemus
2802 409 3036 452 omnem
3051 396 3346 454 roboriam
3361 399 3522 458 omni
3541 399 3767 478 homini
3778 444 3793 460 .

381 459 696 525 defendant
717 481 964 540 regnum
983 487 1180 527 suum.
1196 473 1265 528 Et
1281 472 1714 530 constituerunt
1737 473 1797 529 in
1821 474 2027 547 primis

373 548 475 636 Dei
508 551 974 616 misericordiam
1014 563 1073 615 et
1129 560 1415 617 auxilium
1449 561 1716 619 invocare
1755 563 2024 636 jejuniis,

376 633 783 716 eleemosynis,
815 647 1174 704 confessione
1205 653 1262 705 et
1293 649 1674 720 abstinentia,
1707 633 1773 707 etv
1795 633 2028 707 malefa-

377 725 510 797 ctis,
543 732 600 810 et
627 728 922 804 iniustitia
950 735 1262 794 abstinere.
1291 739 1362 794 Et
1406 745 1470 795 ut
1520 741 1693 796 detur.
1741 741 1813 796 de
1864 741 2024 796 omni

375 833 619 898 carruca
649 821 928 880 denarius
947 824 1035 882 vel
1088 827 1398 883 denarium
1453 827 1676 897 valens,
1728 833 1784 884 et
1833 830 2025 884 omnis

376 904 478 977 Qui
506 898 791 966 familiam
822 910 1017 981 habet,
1050 915 1266 971 efﬁciat
1317 920 1382 970 ut
1433 917 1625 972 omnis
1669 917 2024 972 hirmannus

378 987 522 1051 suus
554 990 652 1054 det
677 1016 861 1060 unum
893 1001 1221 1059 denarium.
1257 1007 1419 1070 Quod
1452 1006 1498 1061 si
1535 1023 1650 1062 non
1673 1007 1905 1075 habeat,
1930 1008 2027 1062 det

375 1084 651 1144 dominus
689 1089 819 1160 ejus
867 1107 970 1163 pro
1022 1108 1110 1148 eo.
1143 1094 1213 1148 Et
1251 1094 1444 1149 omnis
1492 1095 1746 1167 thaynus
1795 1097 2026 1152 detenet

376 1172 439 1245 [ﬂ
475 1173 746 1251 decimet]
778 1181 966 1235 totum
998 1183 1154 1252 quod
1186 1181 1381 1238 habet.

446 1263 515 1320 II.
550 1265 617 1319 Et
648 1265 1015 1325 instituimus
1048 1274 1111 1326 ut
1133 1272 1325 1327 omnis
1353 1272 1723 1328 Christianus
1754 1274 1853 1345 qui
1887 1278 2022 1330 aeta-

373 1348 496 1407 tem
529 1347 705 1410 habet
721 1355 950 1427 jejunet
980 1359 1170 1416 tribus
1202 1360 1433 1428 diebus,
1455 1362 1686 1433 jejunet
1717 1363 1775 1418 in
1799 1380 1947 1435 pane
1969 1368 2026 1419 et

377 1456 550 1512 aqua,
584 1447 640 1499 et
669 1443 761 1501 bis
791 1444 930 1519 [lege
950 1446 1169 1520 herbis]
1193 1449 1567 1519 crudis,ante
1587 1451 1802 1507 festum
1836 1452 2024 1508 sancti

382 1527 703 1588 Michaelis.
737 1533 806 1589 Et
836 1534 1026 1592 omnis
1057 1536 1232 1593 homo
1265 1539 1336 1593 ad
1370 1539 1794 1596 confessionem
1828 1541 2020 1612 vadat,

380 1616 643 1690 etﬁnudis
672 1623 922 1693 pedibus
954 1625 1025 1681 ad
1049 1624 1378 1694 ecclesiam,
1399 1631 1454 1682 et
1473 1629 1726 1700 peccatis
1747 1629 2023 1686 omnibus

382 1703 758 1767 abrenuntiet
786 1714 1152 1770 emendando
1182 1719 1240 1770 et
1268 1716 1570 1772 cessando.
1599 1718 1665 1772 Et
1694 1722 1787 1773 eat
1830 1719 2023 1775 omnis

379 1796 684 1870 presbyter
708 1816 844 1856 cum
876 1802 1092 1876 populo
1124 1820 1231 1859 suo
1263 1804 1334 1859 ad
1366 1805 1794 1876 processionem
1835 1807 2023 1863 tribus

380 1881 590 1950 diebus
620 1887 794 1944 nudis
823 1890 1093 1962 pedibus,
1126 1894 1183 1946 et
1217 1908 1392 1964 super
1440 1893 1548 1949 hoc
1591 1899 1783 1950 cantet
1831 1896 2024 1950 omnis

378 1974 698 2049 presbyter,
745 1978 990 2052 triginta
1016 1979 1252 2050 missas,
1286 1987 1342 2037 et
1371 1983 1564 2038 omnis
1613 1973 1916 2053 diaconus,
1967 1989 2025 2040 et

377 2061 623 2138 clericus
635 2065 889 2139 trigenta
898 2067 1181 2140 psalmos,
1201 2073 1257 2125 et
1273 2075 1589 2143 apparetur
1609 2073 1798 2128 tribus
1816 2073 2022 2128 diebus

376 2155 708 2224 corrodium
722 2155 1189 2230 uniuscujusque
1203 2158 1328 2215 sine
1345 2176 1518 2215 carne
1543 2161 1602 2215 in
1622 2161 1751 2217 cibo
1773 2169 1829 2218 et
1857 2166 2018 2233 potu,

377 2241 530 2300 sicut
555 2243 710 2300 idem
732 2247 1034 2303 comedere
1048 2248 1300 2315 deberet,
1321 2252 1378 2303 et
1394 2249 1807 2306 dividaturhoc
1831 2256 2018 2307 totum

377 2334 754 2405 pauperibus.
788 2336 858 2392 Et
886 2337 963 2392 sit
993 2337 1187 2393 omnis
1218 2354 1421 2393 servus
1444 2337 1591 2394 liber
1615 2341 1687 2396 ab
1709 2356 1882 2412 opere
1903 2341 2020 2397 illis

374 2419 566 2478 tribus
596 2423 804 2481 diebus
836 2442 950 2498 quo
983 2426 1193 2482 melius
1208 2427 1480 2498 jejunare
1505 2429 1728 2499 possit;
1751 2433 2022 2501 operetur

377 2510 619 2568 sibimet
648 2514 804 2585 quod
819 2514 958 2572 vult.
981 2515 1048 2570 Hi
1074 2521 1214 2572 sunt
1235 2515 1320 2570 illi
1349 2520 1468 2571 tres
1493 2517 1646 2572 dies:
1676 2517 1801 2574 dies
1823 2519 2015 2586 Lunae,

375 2598 503 2656 dies
532 2601 756 2671 Martis,
790 2607 849 2658 et
878 2603 1001 2660 dies
1032 2604 1302 2659 Mercurii
1333 2605 1581 2675 proximi
1623 2611 1756 2663 ante
1802 2607 2016 2664 festum

376 2688 565 2743 sancti
595 2689 912 2748 Michaelis.
944 2691 1000 2746 Si
1034 2693 1164 2764 quis
1183 2692 1477 2764 jejunium
1510 2711 1684 2750 suum
1715 2695 2016 2769 infringat,

373 2792 578 2834 servus
606 2779 760 2834 corio
791 2796 897 2836 suo
954 2784 1285 2854 componat,
1346 2782 1551 2838 reddat
1603 2782 1750 2839 liber
1799 2802 2021 2857 pauper

375 2863 619 2937 triginta
657 2866 948 2936 denarios,
982 2874 1039 2925 et
1066 2870 1219 2942 regis
1250 2870 1502 2944 thaynus
1537 2877 1773 2928 centum
1813 2873 2018 2947 viginti

375 2953 621 3025 solidos,
652 2958 711 3013 et
738 2956 1037 3014 dividatur
1065 2957 1184 3014 haec
1233 2959 1483 3032 pecunia
1529 2962 1906 3034 pauperibus.
1950 2964 2020 3019 Et

375 3043 522 3100 sciat
550 3045 743 3101 omnis
774 3047 1094 3121 presbyter,
1127 3051 1184 3104 et
1215 3049 1576 3122 tungravius,
1609 3055 1667 3105 et
1706 3052 2019 3109 decimales

2138 478 2206 532 Et
2234 478 2309 533 sit
2341 481 2533 535 omnis
2566 482 2739 538 homo
2761 483 2898 554 jure
2931 484 3161 556 publico
3193 485 3430 562 dignus,
3465 505 3686 562 pauper
3734 496 3798 564 et

2135 566 2314 630 dives.
2349 573 2404 624 et
2435 571 2713 626 reddatur
2744 572 2935 629 omnis
2968 574 3240 636 roboria;
3271 576 3322 631 si
3355 577 3490 648 quis
3532 578 3800 653 aliquam

2135 656 2352 726 fecerit,
2390 660 2662 715 emendet
2691 661 2844 717 sicut
2874 663 3038 734 prius
3069 667 3125 718 et
3179 668 3382 736 postea
3437 665 3594 723 fecit.
3644 669 3710 723 Et
3741 669 3796 724 si

2135 745 2265 817 quis
2315 749 2665 820 praepositus
2719 767 2847 806 eam
2897 751 3118 821 fecerit,
3159 753 3473 826 dupliciter
3520 758 3796 814 emendet

2135 835 2288 905 quod
2323 835 2420 890 alii
2445 836 2832 907 judicaretur.

2204 923 2318 977 VII.
2351 925 2419 978 Et
2451 926 2730 981 reddatur
2761 929 3010 1000 pecunia
3039 928 3420 1005 eleemosynte
3450 931 3547 988 hic
3577 934 3649 989 ad
3702 934 3787 992 fe-

2135 1014 2291 1066 stum
2323 1015 2506 1069 sancti
2541 1015 2861 1084 Michaelis,
2897 1018 2944 1072 si
2979 1017 3197 1075 alicubi
3228 1024 3381 1075 retro
3408 1021 3486 1076 sit
3516 1038 3618 1094 per
3666 1023 3785 1095 ple-

2134 1116 2271 1155 nam
2299 1101 2498 1168 vitam,
2532 1107 2589 1158 et
2617 1104 2892 1160 omnibus
2942 1105 3113 1161 annis
3159 1107 3434 1180 deinceps
3467 1109 3786 1166 reddantur

2133 1189 2233 1244 Dei
2264 1191 2639 1248 rectitudines
2673 1194 2730 1248 in
2763 1195 3044 1250 omnibus
3076 1196 3251 1251 rebus
3273 1213 3400 1268 quas
3419 1199 3782 1271 supradicta:

2133 1282 2292 1345 sunt,
2323 1295 2425 1350 per
2454 1281 2770 1337 amicitiam
2798 1283 2898 1338 Dei
2930 1287 2987 1338 et
3018 1289 3358 1340 sanctorum
3389 1287 3678 1357 omnium,
3714 1295 3778 1345 ut

2133 1365 2285 1422 Deus
2316 1369 2686 1440 omnipotens
2718 1371 3184 1429 misericordiam
3215 1374 3386 1430 nobis
3417 1376 3610 1443 faciat,
3637 1382 3694 1434 et
3713 1378 3782 1436 de

2134 1454 2405 1537 hostibus
2428 1458 2791 1530 triumphum
2810 1460 2978 1515 nobis
3006 1466 3064 1517 et
3085 1478 3288 1532 pacem
3310 1462 3626 1536 indulgeat,
3652 1481 3781 1537 qua:

2133 1536 2334 1590 sedulo
2366 1538 2769 1608 deprecentur,
2804 1544 2869 1595 ut
2899 1539 3363 1598 misericordiam
3396 1545 3518 1615 ejus
3573 1536 3778 1600 conse-

2133 1639 2383 1694 quamur
2411 1625 2526 1692 hic,
2559 1627 2702 1682 etin
2737 1628 2928 1684 futuro
2960 1629 3223 1702 requiem
3256 1630 3381 1687 sine
3416 1632 3548 1688 fine.
3597 1634 3780 1689 Amen

2701 1718 2775 1772 De
2803 1718 2983 1789 ofﬁcio
3000 1719 3228 1782 judicis.

2701 1762 2772 1772 νν
2803 1762 2979 1789 νιιννσν
3000 1762 3228 1782 δνννννννν·

2055 1762 2102 1826 Β
2202 1802 2603 1874 Omnisjudex
2627 1805 2830 1875 justus
2875 1807 3339 1866 misericordiam
3388 1814 3445 1865 et
3486 1812 3780 1883 judicium

2126 1889 2332 1946 liberet
2360 1891 2419 1946 in
2451 1893 2748 1962 omnibus,
2780 1896 2922 1950 utin
2955 1896 3161 1968 primis
3196 1915 3294 1970 per
3324 1903 3545 1955 rectam
3584 1901 3778 1955 scien-

2130 1979 2272 2035 tiam
2305 1980 2499 2035 dicant
2531 1983 2998 2040 emendationem
3040 1987 3366 2042 secundum
3419 1987 3677 2061 culpam,
3728 1994 3781 2046 et

2129 2086 2258 2126 eam
2292 2075 2414 2125 tum
2447 2072 2826 2127 admensuret
2851 2079 3088 2146 propter
3120 2068 3594 2148 indulgentiam.‘
3617 2077 3778 2141 Quaa-

2129 2159 2263 2214 dam
2297 2158 2479 2231 culpze
2504 2165 2854 2232 reputantur
2882 2180 2916 2218 a
2942 2163 3429 2234 nobisjudicibus
3454 2167 3781 2222 secundum

2129 2252 2352 2303 rectum
2375 2249 2780 2318 emendandae;
2802 2251 3067 2321 quaedam
3082 2267 3185 2322 per
3201 2251 3300 2307 Dei
3318 2251 3778 2310 misericordiam

2128 2337 2543 2391 condonandas.
2575 2336 2805 2392 Judicia
2835 2338 3049 2394 debent
3077 2356 3205 2396 esse
3236 2338 3365 2396 sine
3395 2341 3554 2397 omni
3599 2341 3780 2399 Hade-

2129 2441 2316 2497 runga
2345 2425 2499 2496 quod
2531 2441 2646 2479 non
2679 2430 2953 2497 parcatur
2982 2427 3196 2484 dimitti
3229 2427 3533 2498 alicui,vel
3573 2446 3774 2504 egeno,

2127 2513 2335 2581 amico,
2368 2512 2455 2567 vel
2487 2513 2744 2582 inimico,
2775 2514 2878 2586 jus
2944 2516 3248 2587 publicum
3280 2519 3510 2587 rectori,
3543 2525 3602 2576 et
3631 2519 3777 2575 nihil

2129 2601 2408 2672 injustius
2439 2606 2528 2656 est
2558 2620 2733 2674 quam
2766 2603 3058 2676 susceptio
3092 2622 3403 2663 munerum
3434 2609 3775 2680 projudicio

2127 2691 2536 2759 subvertendo,
2573 2692 2710 2764 quia
2741 2710 2986 2749 munera
3027 2695 3280 2752 excitant
3329 2697 3505 2752 corda
3552 2698 3776 2772 sapien-

2126 2785 2276 2848 tum,
2310 2785 2366 2836 et
2424 2782 2770 2836 subvertunt
2824 2783 3001 2854 verba
3041 2784 3340 2855 justorum
3401 2787 3579 2858 (Deut.
3633 2793 3770 2857 XVI).

2127 2869 2410 2926 Dominus
2435 2871 2609 2926 Jesus
2640 2870 2810 2927 dixit:
2852 2872 2915 2926 In
2963 2890 3067 2944 quo
3106 2873 3318 2944 judicio
3367 2875 3770 2947 judicaverilis,

2117 2958 2513 3029 judicabimini
2545 2959 2745 3031 (Matth.
2780 2960 2901 3032 vn).
2934 2960 3160 3018 Timeat
3218 2964 3411 3020 omnis
3452 2965 3659 3036 judex,
3707 2983 3770 3023 ac

2126 3045 2333 3119 diligat
2355 3047 2616 3118 judicem
2650 3065 2846 3117 suum,
2883 3066 2954 3105 ne
2984 3049 3042 3104 in
3076 3049 3167 3106 die
3189 3051 3399 3122 judicii
3422 3058 3628 3110 mutus
3649 3054 3767 3121 fiat,

371 3132 662 3204 homines,
695 3139 762 3190 ut
783 3135 1672 3210 haeceleemosyna,etjejunium
1690 3142 2010 3212 proveniat,
2046 3130 2088 3196 C
2125 3138 2182 3190 et
2211 3135 2558 3192 humiliatus
2591 3141 2726 3193 ante
2757 3137 2956 3193 oculos
2985 3137 3213 3194 Judicis
3244 3145 3453 3196 cuncta
3496 3141 3766 3198 videntis.

369 3221 522 3280 sicut
551 3223 611 3279 in
642 3224 863 3281 sanctis
883 3225 1086 3296 jurare
1115 3230 1408 3298 poterunt.

439 3312 536 3369 Ill.
571 3313 638 3369 Et
665 3315 1063 3387 praecipimus,
1117 3319 1183 3371 ut
1235 3315 1294 3371 in
1353 3317 1514 3372 omni
1561 3319 2014 3392 congregatione

365 3405 636 3459 cantetur
664 3403 924 3474 quotidie
972 3406 1365 3460 communiter
1411 3423 1513 3477 pro
1564 3424 1698 3480 rege
1751 3413 1807 3463 et
1851 3410 2010 3464 omni

365 3491 580 3564 populo
612 3509 718 3548 suo
751 3493 1148 3550 unamissaad
1163 3494 1572 3552 matutinalem
1587 3497 1857 3566 missam,
1881 3514 2007 3570 quas

365 3579 648 3653 inscripta
671 3585 792 3637 est:
827 3583 1025 3638 Contra
1048 3599 1310 3654 paganos,
1343 3588 1402 3639 et
1433 3585 1502 3638 ad
1537 3584 1802 3657 singulas
1834 3585 2008 3642 horas

365 3667 636 3726 decantet
662 3673 820 3727 totus
851 3676 1169 3728 conventus
1196 3671 1449 3728 extensis
1474 3674 1754 3730 membris
1774 3674 1834 3730 in
1854 3679 2008 3731 terra

361 3757 692 3831 psalmum:
722 3761 955 3818 Domine
983 3760 1114 3833 quid
1140 3761 1498 3834 multiplicati
1521 3771 1647 3818 sunt
1669 3765 1836 3836 (Psal.
1896 3765 2002 3836 in),

359 3851 417 3902 et
445 3846 749 3906 collectam
780 3855 983 3907 contra
1010 3866 1292 3924 paganos,
1331 3854 1387 3906 et
1434 3851 1543 3906 hoc
1591 3852 1693 3907 ﬁat
1742 3855 2003 3925 quandiu

362 3938 682 3996 necessitas
739 3939 854 3996 ista
883 3939 1053 3997 nobis
1083 3944 1172 3997 est
1202 3939 1261 3994 in
1295 3939 1591 3996 manibus.
1621 3942 1691 3997 Et
1723 3942 1784 3996 in
1841 3943 2002 3999 omni

357 4028 617 4086 caanobio
646 4029 734 4085 vel
765 4033 1052 4086 conventu
1085 4028 1502 4086 monachorum
1522 4029 1772 4086 celebret
1808 4033 2002 4088 omnis

2123 3224 2229 3288 Qui
2262 3225 2632 3281 innocentem
2664 3225 2966 3298 opprimit,
2999 3230 3056 3280 et
3085 3226 3332 3283 dimittit
3361 3228 3628 3298 noxium,
3663 3247 3764 3303 pro

2123 3313 2392 3386 pecunia,
2425 3313 2512 3369 vel
2544 3314 2825 3380 amicitia,
2848 3313 2935 3369 vel
2967 3314 3120 3382 odio,
3153 3315 3241 3370 vel
3283 3333 3636 3389 quacunque
3685 3319 3764 3374 fa~

2123 3404 2334 3472 ctione,
2356 3403 2807 3476 opprimeturab
2827 3403 3214 3476 omnipotenti
3235 3404 3460 3461 Judice.
3483 3405 3764 3463 Etnullus

2119 3493 2394 3549 dominus
2425 3492 2636 3548 stultos
2666 3497 2768 3547 aut
2799 3492 3096 3564 improbos
3123 3493 3357 3562 judices
3417 3497 3758 3564 constituat,

2119 3582 2260 3653 quia
2289 3581 2506 3638 stultus
2526 3597 2628 3653 per
2649 3580 3064 3652 ignorantiam,
3090 3581 3394 3654 improbus
3417 3599 3520 3655 per
3541 3585 3763 3657 cupidi-

2115 3675 2318 3736 tatem,
2350 3670 2493 3725 vitat
2525 3686 2703 3741 quam
2736 3669 2942 3731 didicit
2968 3670 3293 3726 veritatem.
3328 3671 3574 3728 Gravius
3609 3674 3762 3729 enim

2114 3759 2443 3815 lacerantur
2488 3774 2773 3831 pauperes
2823 3775 2857 3814 a
2902 3759 3097 3830 pravis
3131 3759 3437 3831 judicibus
3485 3777 3667 3833 quam
3731 3779 3764 3818 a

2113 3849 2369 3905 cruentis
2400 3848 2690 3904 hostibus.
2724 3846 2933 3903 Nullus
2963 3846 3148 3904 hostis
3170 3849 3450 3917 acerbior,
3475 3849 3640 3906 nulla
3662 3867 3760 3922 pe-

2113 3939 2218 3994 stis
2251 3937 2544 3993 efﬁcacior
2573 3953 2750 4008 quam
2784 3935 3090 3992 familiaris
3120 3935 3414 3993 inimicus.
3447 3936 3761 3994 Potestali-

2112 4026 2340 4099 quoties
2369 4026 2544 4080 homo
2582 4026 2719 4096 fuga
2779 4023 2866 4080 vel
2925 4024 3261 4080 defensione
3315 4025 3500 4082 vitare
3554 4042 3760 4098 pravos

2099 4116 2351 4186 judices.
2383 4114 2508 4170 Non
2539 4114 2622 4169 ita
2642 4116 2892 4184 possunt
2914 4113 3167 4184 judices,
3206 4113 3436 4184 quoties
3477 4113 3760 4171 adversus

2107 4205 2374 4260 subditos
2388 4201 2558 4259 malis
2578 4201 2888 4257 desideriis
2911 4201 3376 4257 inﬂammantur.
3398 4202 3561 4274 Smpe
3580 4203 3758 4259 etiam

357 4293 657 4351 Psalteria.
2105 4293 2241 4349 boni
2265 4293 2498 4365 judices
2529 4289 2751 4346 habent
2803 4290 2990 4348 malos
3037 4290 3304 4358 vicarios,
3347 4293 3405 4346 et
3425 4290 3758 4349 ministros

424 4382 518 4436 IV.
550 4383 621 4437 Et
649 4382 1022 4455 precipimus
1043 4387 1109 4439 ut
1125 4385 1316 4440 omnis
1337 4385 1512 4440 homo
1536 4401 1712 4456 super
1731 4385 1994 4441 dilectio-
2104 4383 2405 4451 nefandos,
2441 4396 2692 4453 quorum
2722 4379 2837 4452 ipsi
2869 4380 3097 4435 domini
3143 4379 3665 4452 constringuntur,
3706 4381 3754 4437 si

351 4485 486 4525 nem
514 4468 618 4525 Dei
647 4472 705 4525 et
733 4470 996 4526 omnium
1012 4475 1348 4528 sanctorum
1363 4473 1461 4529 det
1476 4471 1912 4544 cyrisceattum,
1934 4479 1992 4531 et
2023 4496 2072 4561 D
2104 4491 2219 4530 non
2250 4489 2348 4529 eos
2374 4475 2696 4536 coerceant,
2726 4474 2782 4525 et
2812 4486 2846 4525 a
2875 4469 3194 4561 rapacitate
3225 4469 3557 4561 cohibeant,
3620 4469 3757 4561 quia

348 4561 566 4615 rectam
597 4557 884 4615 decimam
914 4575 1105 4626 suam,
1138 4559 1290 4616 sicut
1322 4560 1380 4614 in
1412 4560 1620 4618 diebus
1668 4565 1994 4620 antecesso-
2023 4557 2062 4561 _
2104 4563 2389 4621 Dominus
2418 4565 2475 4616 et
2503 4558 2772 4615 minister
2829 4557 3178 4614 saeculorum
3237 4557 3346 4612 ait:
3406 4557 3523 4613 Non
3577 4557 3754 4612 solum

345 4665 479 4704 rum
511 4653 844 4705 nostrorum
874 4648 1026 4716 fecit,
1060 4649 1293 4722 quando
1326 4649 1536 4706 melius
1567 4650 1726 4722 fecit;
1761 4651 1869 4709 hoc
1898 4658 1986 4709 est
2093 4655 2238 4710 male
2267 4659 2492 4722 agentes
2551 4648 2642 4704 sed
2692 4663 2874 4703 omnes
2927 4649 3341 4714 consentientes,
3401 4646 3566 4716 digni
3625 4648 3753 4702 sunt

345 4737 500 4795 sicut
529 4741 790 4794 aratrum
819 4737 1169 4810 peragrahit,
1197 4739 1484 4794 decimam
1517 4756 1746 4796 acram:
1781 4744 1838 4796 et
1859 4759 1983 4797 om-
2091 4753 2302 4801 {eterna
2333 4743 2504 4796 morte
2536 4739 2713 4808 (Rom.
2757 4738 2818 4805 1).
2870 4736 3034 4808 Saepe
3083 4734 3258 4792 etiam
3309 4734 3471 4806 pravi
3519 4734 3754 4805 judices

344 4827 437 4884 nis
470 4827 826 4884 consuetudo
874 4827 1153 4882 reddatur
1196 4844 1374 4900 super
1396 4827 1717 4884 amicitiam
1765 4830 1862 4885 Dei
1912 4831 1985 4887 ad
2086 4830 2379 4904 judicium
2412 4828 2773 4900 pervertunt,
2802 4822 2891 4879 vel
2925 4826 3272 4895 respectant,
3305 4826 3364 4878 et
3392 4838 3508 4877 non
3531 4821 3749 4879 ﬁniunt

342 4919 590 4974 matrem
620 4914 924 4972 ecclesiam
955 4917 1048 4971 cui
1078 4916 1322 4988 adjacet,
1346 4921 1403 4972 et
1432 4933 1601 4974 nemo
1624 4918 1848 4973 auferat
1869 4923 1984 4976 Deo
2093 4934 2354 4985 causam,
2383 4917 2564 4971 donec
2577 4912 2848 4969 voluntas
2860 4911 3750 5011 eorumimpleaturthuando

343 5005 499 5080 quod
531 5005 603 5061 ad
634 5005 820 5061 Deum
869 5005 1142 5077 pertinet,
1190 5011 1247 5060 et
1295 5007 1748 5078 praedecessores
1801 5009 1984 5062 nostri
2085 5008 2376 5081 judicent,
2408 5021 2524 5059 non
2558 5019 2756 5074 opera,
2788 5003 2890 5057 sed
2915 5018 3161 5057 munera
3178 5000 3553 5056 considerant
3572 5000 3746 5073 impii

340 5099 772 5152 concesserunt.
2090 5097 2347 5170 judices,
2390 5095 2564 5165 juxta
2603 5091 2848 5147 verbum
2897 5092 3269 5162 Sapientum:
3325 5088 3476 5145 Sicut
3523 5104 3758 5160 rapaces.

411 5186 554 5241 V.Et
577 5184 982 5258 prohibemus,
1017 5201 1088 5241 ne
1128 5183 1262 5258 quis
1290 5189 1452 5240 extra
1486 5184 1736 5256 patriam
1777 5187 1984 5243 venda—
2093 5188 2213 5258 lupi
2243 5197 2458 5255 vespere
2604 5177 3461 5278 res‘iduani‘usquetmaue.(Sag.
3526 5177 3746 5278 ηυξ-ῖς

339 5279 470 5341 tur;
503 5273 552 5329 si
585 5275 719 5346 quis
751 5274 861 5331 hoc
891 5278 1229 5347 praesumat,
1261 5275 1340 5330 sit
1378 5277 1585 5346 praeter
1627 5275 1981 5332 benedictio-
2090 5280 2180 5332 est
2209 5275 2281 5330 de
2308 5270 2579 5344 praesenti
2613 5268 2804 5325 solum
2839 5268 2956 5324 vita
2979 5268 3258 5340 cogitant,
3276 5267 3349 5323 de
3369 5267 3567 5323 futura
3594 5265 3746 5324 nihil

338 5378 473 5423 nem
503 5362 600 5419 Dei
629 5368 688 5419 et
715 5364 981 5420 omnium
1008 5368 1366 5430 sanctorum,
1401 5366 1458 5416 et
1498 5365 1704 5434 praeter
1747 5380 1979 5420 omnem
2089 5362 2482 5420 considerant.
2542 5357 2826 5414 Malorum
2858 5357 3306 5430 praepositorum
3355 5372 3484 5412 mos
3531 5359 3624 5411 est
3680 5358 3744 5414 ut

335 5450 854 5526 Christianitatem,
888 5454 1002 5511 nisi
1049 5453 1325 5527 pceniteat
1378 5454 1436 5509 et
1487 5452 1775 5524 emendet,
1830 5453 1982 5511 sicut
2089 5451 2376 5527 quidquid
2409 5451 2656 5523 possunt
2690 5447 2981 5513 auterant,
3015 5450 3074 5502 et
3097 5445 3189 5502 vix
3204 5443 3603 5502 necessarium
3631 5461 3742 5517 pu-

336 5521 820 5621 opiscopus'suus
840 5521 1123 5606 edocebit.
1762 5521 1768 5524 ν
2088 5521 2221 5604 rum
2251 5521 2784 5632 quid—relinquant
2833 5535 3354 5596 sustentationum.
3408 5533 3750 5598 Iracundus.

359 4116 664 4191 presbyter
690 4117 992 4193 sigillatim
1049 4118 1293 4192 triginta
1347 4119 1560 4175 missas
1617 4137 1720 4192 pro
1763 4137 1896 4194 rege
1943 4125 2001 4176 et

373 4206 536 4262 omni
568 4206 805 4280 populo,
846 4211 903 4264 et
946 4208 1140 4265 omnis
1190 4207 1514 4263 monachus
1562 4207 1715 4264 dicat
1761 4209 2002 4282 triginta
