3968 6158
201 353 358 422 1169

1345 359 1891 426 IETHELREDUS
1933 360 1988 422 II
2031 359 2190 423 REX
2233 357 2465 425 ANGL.

3445 327 3606 418 i170

193 492 378 566 judex
407 510 523 550 non
545 493 1019 567 potestaccedere
1031 499 1248 553 rectam
1263 497 1473 570 judicii
1496 496 1844 554 satisfactio-
1872 501 1928 569 Α
1956 495 2144 552 lendas
2188 511 2480 568 personam
2524 495 2760 552 hominis
2803 496 2864 552 in
2906 483 3137 569 judicio,
3164 509 3262 552 nec
3289 509 3388 567 pro
3413 478 3601 566 aliqua

199 600 366 652 nem;
401 600 538 639 nam
571 601 674 656 per
704 584 918 642 furoris
943 585 1382 643 exczecationem
1417 604 1532 642 non
1573 586 1851 660 perspicit

198 672 570 729 rectitudinis
610 672 955 730 claritatem.
988 679 1224 732 Justum
1267 676 1560 748 judicium
1606 681 1714 742 est,
1749 675 1849 731 ubi

198 777 315 818 non
353 778 604 834 persona
651 762 1074 820 consideratur.
1129 765 1427 839 Scriptum
1459 769 1548 823 est
1579 784 1591 822 :
1626 767 1742 822 Non
1768 770 1849 820 at-

1955 587 2124 659 facics
2152 594 2213 640 ut
2242 603 2276 641 a
2303 601 2427 642 vero
2456 585 2711 653 declines,
2737 591 2786 641 et
2817 589 3023 658 injuste
3041 585 3272 658 judz'ces.
3297 583 3600 657 Susceptio

1958 674 2220 732 muneris
2251 678 2341 731 est
2371 674 2637 731 dimissio
2667 673 2948 731 veritatis.

949 1053 1717 1143 PRIVILEGIUM
1775 1053 2112 1142 REGIS
2184 1053 2858 1142 ETHELREDI

1374 1231 1513 1289 PRO
1553 1231 1887 1289 ECCLESIA
1925 1231 2441 1290 CA‘NTUARIENSI

203 1381 328 1457 Quo
359 1382 702 1463 ojectz'onem
732 1383 1082 1469 clericorum
1111 1382 1182 1449 de
1211 1385 1562 1469 monasterio
1595 1384 1824 1469 C(zrz'sti
1848 1384 2263 1469 Cantuarzeasz‘
2289 1393 2342 1469 et
2373 1384 2767 1469 inductionem
2793 1386 3215 1469 monachorum
3255 1387 3610 1469 gratulatur

749 1473 805 1524 et
834 1461 1146 1543 conﬁrmat
1175 1464 1350 1526 villas
1379 1464 1563 1526 eidem
1589 1464 1910 1546 plurimas,
1944 1473 2000 1525 et
2028 1465 2395 1546 amplissima
2419 1465 2739 1547 privilegia
2769 1465 3054 1528 concedit.

768 1623 1002 1693 (MANSI,
1035 1625 1240 1682 Concil.
1267 1628 1412 1681 tom.
1446 1625 1589 1696 XIX,
1625 1625 1733 1682 col.
1765 1624 1890 1696 32l,
1918 1639 1988 1680 ex
2017 1641 2129 1682 ms.
2163 1625 2523 1692 Cottoniano,
2560 1625 2822 1682 Claudius
2850 1627 2915 1682 A.
2949 1626 3027 1700 3.)

272 1904 334 1959 In
362 1902 597 1959 nomine
627 1901 859 1958 Domini
890 1901 990 1958 Dei
1017 1889 1594 1977 omnipotentisEgo
1618 1907 1850 1959 BTHEL-
1881 1907 1930 1973 B
1964 1904 2167 1960 Cantio
2198 1904 2528 1977 Meapham,
2563 1903 2855 1978 Culingas.
2891 1907 2958 1960 In
2991 1901 3229 1962 Suthria
3256 1911 3437 1980 prope
3465 1889 3612 1966 Lori-

199 2009 411 2060 nanus,
434 1991 534 2048 Dei
562 1991 749 2065 gratia
777 1991 970 2064 gentis
999 1991 1254 2064 Anglicas
1304 2009 1420 2060 rex,
1446 1996 1502 2048 et
1532 1993 1852 2049 monarcha

201 2083 380 2140 etiam
411 2081 659 2138 aliarum
691 2079 1020 2136 insularum
1053 2079 1616 2151 circumjacentium.

272 2173 488 2228 Notum
505 2170 652 2226 facio
669 2167 928 2242 Anglicis
948 2168 1296 2226 Christianis
1312 2170 1467 2241 quod
1486 2171 1851 2225 venerandus

202 2258 1054 2332 archiepiscopus.Elfricus,ex
1075 2257 1391 2332 episcopali
1412 2276 1520 2315 sua
1540 2258 1849 2332 sapientia,

200 2367 344 2407 cura
371 2365 464 2426 me
490 2348 642 2404 circa
670 2351 959 2420 praecepta
980 2347 1082 2403 Dei
1113 2347 1326 2420 saepius
1349 2352 1696 2420 occupatum
1721 2350 1849 2404 red-

203 2439 386 2506 didit;
435 2453 540 2512 ego
597 2438 774 2492 etiam
824 2436 922 2493 Dei
973 2437 1275 2504 instinctu,
1313 2438 1599 2510 quidquid
1645 2437 1850 2493 divinae

199 2526 363 2583 illius
392 2525 665 2582 doctrinae
699 2531 756 2582 et
784 2525 1211 2599 praedicationis
1260 2526 1405 2581 mihi
1452 2526 1850 2583 necessarium

200 2615 378 2674 fuerit
406 2615 609 2672 sedulo
658 2616 961 2672 addiscere
984 2614 1131 2671 volo.
1167 2616 1235 2670 Et
1282 2615 1432 2671 hanc
1480 2615 1850 2688 disciplinam

199 2705 465 2778 intelligo
496 2722 599 2777 per
627 2704 936 2760 hominum
969 2703 1251 2760 malitiam
1285 2709 1342 2760 et
1371 2704 1719 2776 injustitiam
1763 2706 1850 2759 ni-

203 2794 318 2850 mis
346 2793 461 2850 late
492 2793 778 2866 perditam
813 2797 869 2847 et
900 2792 1176 2848 abolitam
1200 2811 1349 2849 esse.

278 2885 341 2939 In
371 2882 669 2939 intellectu
702 2897 830 2938 meo
863 2881 1038 2938 etiam
1069 2881 1235 2939 video
1266 2887 1323 2938 et
1364 2883 1534 2956 plane
1565 2882 1851 2955 perspicio

202 2975 358 3030 hanc
379 2971 754 3045 disciplinam
769 2987 873 3044 per
888 2972 1362 3044 presbyterorum
1377 2971 1662 3028 incuriam
1682 2971 1852 3044 longe

203 3063 436 3135 lateque
488 3060 848 3134 negligenter
891 3065 1246 3133 corruptam,
1283 3077 1349 3116 ac
1397 3061 1498 3116 Dei
1549 3060 1850 3116 servitium

203 3151 492 3208 omissum
524 3154 580 3205 et
609 3150 928 3223 frigescens
960 3166 1086 3205 esse
1114 3149 1487 3205 vehementer
1517 3149 1703 3206 doleo.
1724 3149 1852 3206 Dixi

203 3241 382 3298 etiam
413 3238 762 3296 consiliariis
790 3239 954 3308 meis,
991 3238 1089 3310 qui
1119 3237 1265 3294 mihi
1308 3239 1378 3294 de
1426 3240 1601 3295 rebus
1641 3239 1853 3296 divinis

203 3335 262 3387 et
290 3329 609 3386 mundanis
639 3326 1141 3396 consilium-dant,
1166 3329 1320 3399 quod
1351 3327 1504 3384 Deus
1533 3327 1650 3384 illis
1683 3329 1851 3384 intel-

202 3419 422 3475 lectum
478 3417 701 3474 dederit
730 3416 789 3471 in
821 3416 1002 3472 animi
1051 3417 1165 3472 mei
1212 3417 1641 3473 exaltationem.
1690 3419 1853 3473 Tunc

203 3508 287 3564 illi
321 3507 686 3580 inquiebant,
721 3505 838 3562 Deo
869 3504 1213 3579 opitulante,
1250 3504 1461 3563 melius
1479 3507 1618 3574 fore,
1646 3506 1694 3561 si
1727 3524 1851 3579 pre-

205 3599 469 3671 sbyteros
501 3596 571 3650 ab
605 3593 865 3651 ecclesiis
897 3593 1110 3649 Christi
1140 3599 1375 3666 propter
1405 3595 1713 3652 manifesta
1736 3594 1858 3651 illo-

204 3702 336 3741 rum
369 3683 588 3740 scelera
619 3687 675 3739 et
705 3683 954 3739 crimina
983 3682 1352 3755 expellerem,
1385 3689 1442 3740 et
1488 3684 1547 3738 in
1597 3683 1854 3740 ecclesiis

203 3773 421 3831 Christi
455 3772 762 3829 monastici
787 3772 1011 3828 ordinis
1031 3772 1302 3829 homines
1314 3773 1856 3846 constituerem,qui

206 3879 312 3936 pro
342 3879 434 3917 me
465 3866 522 3917 et
552 3866 720 3934 gente
753 3878 883 3917 mea
913 3861 1131 3918 ibidem
1165 3862 1271 3918 rite
1295 3863 1409 3918 Deo
1433 3878 1630 3934 preces
1649 3867 1706 3918 et
1725 3878 1855 3935 gra-

204 3951 319 4006 tias
371 3951 699 4006 tunderent.
736 3951 853 4006 Hoc
886 3950 1040 4006 idem
1091 3967 1196 4024 ego
1244 3950 1435 4019 effeci;
1492 3951 1552 4006 in
1595 3951 1857 4008 ecclesiis

211 4039 424 4097 Christi
465 4039 783 4094 monachos
827 4039 1101 4094 constitui
1150 4041 1221 4096 ad
1271 4056 1472 4096 eorum
1525 4041 1857 4114 exemplum

211 4145 361 4202 quos
393 4129 451 4183 S.
474 4119 840 4199 Augustinus
870 4128 984 4183 huc
1016 4129 1210 4185 attulit
1240 4131 1395 4201 quod
1425 4129 1523 4186 ille
1554 4130 1775 4186 scilicet
1797 4131 1856 4185 in

211 4215 472 4273 ecclesiis
502 4215 714 4270 Christi
745 4233 813 4272 ex
843 4216 901 4270 S.
933 4218 1190 4289 Gregorii
1222 4223 1525 4290 praacepto,
1558 4224 1614 4276 et
1661 4219 1857 4291 magni

212 4304 368 4377 regis
420 4303 759 4358 Ethelberti
803 4304 1045 4360 consilio
1093 4310 1148 4360 et
1196 4307 1430 4374 auxilio,
1473 4324 1571 4363 eos
1627 4312 1860 4364 sanctos

213 4392 534 4450 monachos
561 4390 776 4447 ibidem
808 4392 1134 4460 collocaret,
1167 4411 1314 4466 quos
1341 4412 1538 4451 secum
1561 4396 1619 4450 in
1641 4402 1860 4452 terram

212 4483 365 4539 hanc
409 4478 706 4537 attulerat.
748 4481 817 4536 Et
862 4497 996 4536 cum
1041 4483 1312 4538 monachi
1361 4486 1737 4555 postmodum
1788 4486 1860 4540 ob

212 4574 480 4628 sanctam
510 4587 711 4626 eorum
745 4571 1244 4627 conversationem
1270 4571 1526 4644 episcOpi
1544 4571 1681 4628 facti
1703 4577 1859 4641 sunt,

1961 1993 2166 2048 dinum
2193 1993 2631 2067 Wealawyroth
2655 1994 2856 2051 itidem
2881 1993 3034 2052 ultra
3053 1995 3613 2055 Thamissin.Hrise-

1960 2083 2183 2154 byrgan
2217 2084 2290 2138 ad
2322 2084 2647 2156 marginem
2676 2082 2962 2153 Cilternaa,
2995 2085 3068 2140 ad
3121 2085 3327 2141 urbem
3356 2086 3611 2144 ecclesia)

1960 2171 2174 2227 Christi
2223 2189 2400 2243 prope
2452 2171 2747 2242 adjacens.
2799 2175 2864 2227 In
2927 2171 3164 2228 Essexia
3213 2166 3495 2248 Laelling.
3545 2158 3610 2234 In

1961 2259 2227 2315 orientali
2257 2259 2464 2332 Anglia
2493 2259 2812 2325 Haedleh,et
2838 2259 3051 2316 vicinia
3069 2259 3367 2319 Illaleh.In
3390 2247 3613 2323 Taneta

1961 2349 2196 2422 regione
2227 2347 2434 2421 aliquae
2462 2352 2646 2403 terrae.

2033 2438 2121 2493 Sit
2145 2438 2530 2510 imposterum
2555 2437 2665 2493 hoc
2693 2437 3055 2495 antedictum
3080 2439 3502 2497 monasterium
3538 2443 3611 2499 ab

1962 2527 2119 2584 omni
2155 2531 2382 2584 terreno
2414 2526 2646 2583 servitio
2692 2525 2944 2583 liberum
2992 2544 3128 2583 cum
3176 2528 3452 2586 omnibus
3479 2529 3612 2588 vilis

1963 2619 2034 2674 ad
2066 2617 2122 2673 id
2157 2617 2606 2689 pertinentibus,
2639 2616 2748 2672 hoc
2795 2620 2885 2673 est
2921 2615 2981 2672 in
3029 2618 3277 2691 campis,
3311 2622 3368 2675 et
3407 2618 3467 2674 in
3515 2636 3612 2693 pa-

1961 2706 2138 2774 scuis,
2172 2711 2229 2761 et
2253 2706 2312 2762 in
2345 2706 2546 2778 pratis,
2571 2710 2627 2761 et
2657 2706 2714 2761 in
2745 2704 2992 2776 silvis,et
3019 2706 3080 2762 in
3112 2707 3382 2765 mariscis
3411 2707 3609 2778 salsis,

1961 2799 2017 2851 et
2042 2796 2099 2850 in
2131 2795 2574 2868 piscationibus,
2607 2799 2664 2850 et
2690 2794 2750 2850 in
2790 2795 3223 2866 venationibus,
3253 2801 3312 2854 et
3333 2797 3396 2854 in
3421 2815 3608 2856 aucu-

1960 2882 2316 2956 pationibus,
2340 2882 2594 2955 exceptis
2622 2881 2716 2938 his
2743 2882 3193 2950 tribus,scilicet
3221 2884 3606 2958 expeditione,

1960 2971 2226 3044 pontium
2254 2970 2586 3038 refectione,
2613 2976 2670 3026 et
2697 2970 2924 3027 arcium
2965 2973 3347 3045 reparatione.
3381 2973 3441 3030 Si
3475 2974 3608 3044 quis

1962 3061 2108 3116 bene
2121 3063 2384 3115 moratus
2397 3057 2566 3116 homo
2580 3058 2688 3114 hoc
2699 3058 3066 3132 privilegium
3092 3075 3289 3116 meum
3313 3061 3611 3119 beneﬂciis

1961 3148 2354 3223 augeat,Deus
2383 3148 2752 3221 omnipotens
2776 3147 3196 3206 habitationem
3217 3150 3345 3221 ejus
3364 3149 3425 3206 in
3446 3150 3610 3208 ccele-

1964 3239 2153 3295 stibus
2182 3237 2753 3306 mansionibus,cum
2778 3237 3055 3294 omnibus
3083 3237 3302 3294 sanctis
3331 3239 3612 3297 cumulet.

1965 3328 2024 3385 Si
2056 3330 2252 3383 autem
2271 3325 2483 3399 aliquis
2501 3327 2692 3382 malus
2709 3326 2885 3382 homo
2902 3343 2937 3382 a
2956 3325 3186 3384 diabolo
3212 3325 3613 3384 inﬂammatus

1965 3416 2061 3484 sit,
2095 3419 2160 3471 ut
2192 3416 2300 3471 hoc
2330 3431 2527 3471 meum
2555 3415 2927 3489 privilegium
2957 3415 3268 3485 diminuat,
3316 3415 3405 3474 vel
3451 3417 3615 3490 parvi

1965 3505 2160 3576 faciat,
2194 3505 2272 3561 sit
2301 3503 2495 3560 socius
2523 3503 2689 3560 Judae
2720 3503 3035 3578 proditoris
3082 3504 3299 3562 Christi
3328 3505 3615 3563 laceretur

1965 3611 2176 3650 canum
2195 3593 2569 3650 infernalium
2583 3593 3316 3664 dentibusinterterribilia
3336 3595 3615 3669 gehennae

1966 3683 2253 3755 supplicia
2283 3699 2418 3738 cum
2449 3683 2726 3738 omnibus
2755 3681 3005 3739 diabolis
3045 3683 3270 3756 absque
3317 3683 3438 3742 ullo
3475 3685 3612 3753 ﬁne,

1965 3771 2078 3828 nisi
2111 3770 2255 3826 illud
2284 3779 2414 3827 ante
2445 3772 2669 3828 obitum
2703 3789 2878 3829 suum
2908 3771 3017 3828 rite
3042 3772 3439 3830 emendaverit
3459 3774 3614 3846 quod

1967 3864 2166 3916 contra
2194 3861 2508 3916 Dominum
2541 3877 2717 3916 suum
2749 3861 2927 3934 impie
2956 3859 3616 3934 deliquerat.Siquidem

1967 3949 2153 4004 satius
2175 3953 2264 4004 est
2293 3949 2593 4004 hominem
2620 3966 2654 4004 a
2670 3949 2923 4022 peccatis
2945 3965 3146 4006 cavere
3168 3965 3348 4022 quam
3367 3965 3437 4006 ea
3454 3949 3616 4005 labo-

1969 4037 2119 4093 riose
2149 4038 2480 4093 emendare.
2513 4038 2765 4094 Obsecro
2795 4042 2852 4094 et
2879 4039 3086 4109 adjuro
3133 4053 3468 4105 vos,omnes
3501 4038 3618 4096 mei

1968 4125 2214 4198 legitimi
2245 4141 2806 4198 successores,reges
2837 4131 2895 4182 et
2924 4125 3183 4199 episcopi
3207 4129 3266 4182 et
3291 4130 3614 4195 senatores,

1968 4216 2277 4288 gentisque
2328 4215 2741 4282 dominatores,
2777 4231 2848 4271 ne
2905 4214 3038 4271 sitis
3092 4214 3346 4272 ecclesiae
3403 4214 3617 4272 Christi

1969 4304 2295 4375 praedones,
2327 4305 2428 4360 sed
2462 4308 2527 4358 ut
2557 4303 2686 4359 sitis
2717 4303 2906 4360 seduli
2955 4305 3229 4361 custodes
3277 4299 3617 4377 patrimonii

1969 4392 2203 4460 Christi,
2237 4397 2294 4449 et
2325 4393 2747 4449 monachorum
2779 4391 3036 4461 illorum,
3070 4391 3171 4466 qui
3210 4391 3291 4448 ibi
3330 4393 3446 4450 Deo
3495 4407 3619 4463 ser-

1969 4482 2158 4550 viunt,
2191 4488 2255 4537 ut
2285 4482 2343 4537 in
2373 4487 2720 4555 perpetuum
2760 4482 2980 4556 requie,
3012 4481 3132 4538 vita
3157 4485 3372 4538 aeterna
3399 4485 3458 4538 et
3474 4498 3620 4556 gau-

1973 4571 2067 4626 dio
2100 4571 2375 4626 fruamini
2407 4588 2538 4626 cum
2570 4571 2848 4627 omnibus
2879 4573 3006 4644 ejus
3036 4571 3257 4629 sanctis
3297 4586 3528 4643 semper
3557 4570 3620 4627 in

210 4664 376 4716 terrae
451 4675 652 4715 eorum
729 4659 1132 4716 ecclesiasticae
1185 4661 1488 4716 ﬂorebant.
1550 4654 1942 4719 MonachosD
1973 4664 2273 4715 aeternum.
2310 4661 2516 4714 Amen.

213 4747 392 4804 etiam
439 4748 547 4804 hos
594 4747 810 4804 ibidem
843 4749 1197 4818 habitantes,
1231 4755 1612 4823 congregatos
1643 4767 1771 4806 esse
1804 4751 1862 4806 in

214 4841 496 4892 aeternum
540 4836 650 4892 hoc
697 4837 995 4911 privilegio
1049 4839 1350 4906 confirmo,
1403 4843 1460 4895 et
1515 4839 1862 4895 nominatim

214 4925 479 4981 describo
522 4925 755 4982 illorum
807 4927 1002 4991 urbes,
1040 4945 1169 4999 quae
1217 4927 1545 5000 antiquitus
1590 4932 1646 4985 et
1693 4945 1728 4984 a
1771 4945 1864 4984 me

212 5012 535 5086 Anglorum
579 5030 807 5087 rege,ac
837 5015 907 5070 ab
936 5015 1066 5071 aliis
1091 5015 1364 5071 ﬁdelibus
1388 5015 1727 5072 hominibus
1758 5017 1860 5072 ha-

215 5105 421 5157 ctenus
448 5102 520 5157 ad
551 5100 786 5158 illorum
818 5120 1045 5158 sacram
1079 5103 1276 5158 sedem
1307 5120 1591 5160 concessa:
1622 5109 1779 5160 sunt.

289 5190 483 5246 Prima
511 5194 600 5246 est
629 5191 912 5264 Eastrige,
941 5207 1118 5262 quam
1150 5191 1446 5263 regionem
1475 5193 1544 5246 ad
1589 5192 1863 5250 ecclesias

214 5277 432 5335 Christi
463 5295 566 5351 pro
595 5280 793 5335 anima
814 5281 1090 5345 mea,tam
1116 5278 1175 5332 in
1198 5277 1368 5333 terris
1391 5295 1567 5350 quam
1589 5281 1648 5336 in
1671 5281 1863 5338 littore

215 5366 708 5439 maris,perpetuo
730 5367 1161 5423 concedo.Tum
1180 5365 1480 5436 Joccham,
1494 5367 1862 5443 Bosingtum,

215 5454 508 5513 Edesham
539 5460 597 5511 et
625 5455 893 5526 Apeldra,
957 5455 1175 5510 Berwic
1231 5453 1492 5527 parvula,
1552 5461 1609 5512 et
1665 5459 1861 5531 Swyr-

217 5541 485 5600 dhlincas
541 5543 942 5610 Praeostatum,
1005 5543 1320 5611 Gravanea,
1393 5543 1622 5618 Wylan,
1685 5547 1859 5614 Ciart,

217 5631 520 5691 Fernleah.
580 5631 643 5690 In
710 5632 960 5689 Sull‘exia
1018 5632 1345 5706 Peccingas.
1409 5633 1472 5691 In
1521 5634 1862 5694 occidentali

2045 4749 2159 4821 Ego
2189 4747 2554 4803 Ethelredus
2584 4747 2939 4820 Angliaa,hoc
2969 4747 3226 4804 ecclesiae
3255 4745 3472 4803 Christi
3502 4745 3621 4818 pri-

1969 4836 2243 4910 vilegium
2276 4853 2345 4892 ex
2374 4835 2714 4892 auctoritate
2743 4835 2956 4892 Christi
2987 4835 3289 4892 conﬁrmo.

2043 4928 2162 4999 Ego
2206 4925 2499 4992 i’Elfricus,
2549 4925 2817 4982 Ecclesia
2863 4925 3075 4982 Christi
3121 4922 3618 4996 archiepiscopus,

1971 5015 2107 5072 boni
2141 5014 2295 5086 regis
2325 5013 2786 5070 muniﬁcentiam
2815 5013 2983 5087 signo
3025 5012 3216 5070 crucis
3244 5012 3305 5068 in
3337 5014 3618 5068 internum

1972 5105 2302 5160 corroboro.

2045 5194 2158 5265 Ego
2180 5191 3039 5260 Wulfstanus,Londinensium
3057 5187 3619 5264 episcopus,domini

1972 5281 2086 5337 mei
2118 5280 2298 5338 nobili
2325 5281 2476 5337 dono
2505 5298 2739 5355 semper
2766 5281 3085 5339 consentio.
3355 5349 3358 5352 ξ
3409 5349 3413 5352 ι

2042 5371 2160 5442 Ego
2189 5369 2476 5437 IElfheah,
2507 5371 3008 5428 Wintoniensium
3034 5367 3483 5444 episcopus,hoc
3514 5385 3618 5425 au-

1971 5457 2170 5514 tedicti
2200 5458 2355 5530 regis
2387 5459 2672 5531 scriptum
2704 5461 2850 5518 meis
2880 5460 3104 5517 viribus
3135 5457 3437 5516 conﬁrmo.

2040 5548 2158 5621 Ego
2189 5547 2598 5620 Ordhbyrhtus
2627 5550 2935 5623 episcopus
2985 5550 3139 5607 idem
3159 5546 3326 5623 {hoc}
3346 5563 3480 5604 cum
3517 5547 3618 5603 Dei

1972 5637 2374 5696 benedictione
2402 5637 2534 5695 feci.
