3968 6158
325 292 475 358 1171

388 429 509 505 Ego
540 430 887 488 Ethelricus
919 432 1228 506 episcopus
1258 433 1366 489 hoc
1396 432 1549 489 idem
1580 434 1702 490 feci.

392 518 511 591 Ego
539 519 815 577 Athulfus
846 522 1158 596 episcopus
1187 521 1294 578 hoc
1329 523 1482 579 idem
1516 523 1645 578 feci.

391 608 512 682 Ego
544 608 870 666 Godwinus
899 612 1208 682 episcopus
1238 628 1410 668 omne
1441 612 1547 667 hoc
1579 612 1734 668 idem
1769 613 1895 669 feci.

394 698 511 771 Ego
543 699 745 772 Lyfing
772 698 1081 772 episcopus
1112 699 1331 755 domini
1366 701 1476 756 mei
1511 701 1868 757 voluntatem
1914 706 1971 758 et

323 785 645 846 bonitatem
679 787 741 843 in
765 791 1048 845 aeternum
1080 789 1382 845 conﬁrmo.

1631 301 1639 314 '
1692 297 2004 366 MONUM.
2051 300 2371 365 DIPLOM.

3581 301 3750 364 H72

1994 437 2050 504 Α
2151 438 2266 509 Ego
2299 436 2621 493 Wull‘ricus
2643 437 2823 494 abbas
2852 436 3244 494 verustestis.

2148 525 2266 598 Ego
2299 523 2580 580 )Elsward
2594 544 2661 582 us
2691 527 2872 582 abbas
2895 525 3185 582 similiter.

2151 614 2268 686 Ego
2301 613 2603 670 Wull‘osar
2634 615 2838 670 abbas.

2152 704 2270 776 Ego
2303 702 2524 777 Ailtlige
2558 704 2762 760 abbas.

1318 1066 2252 1200 CANUTUS
2350 1070 2762 1194 REX

681 1293 905 1352 HUJUS
944 1295 1243 1352 NOMINIS
1281 1296 1499 1353 INTER
1539 1296 1766 1353 REGES
1808 1295 2043 1352 DANLE
2081 1295 2476 1364 SECUNDUS,
2519 1255 2742 1354 INTER
2779 1299 3057 1356 ANGLOS
3096 1299 3369 1356 PRIMUS
3422 1362 3426 1363 ,

1781 1441 1888 1510 (An
1922 1438 2280 1509 1014-1036.)

802 1692 1203 1784 LECES
1273 1691 2288 1784 ECCLESIASTICZE
2361 1693 2818 1787 CANUTI
2888 1695 3262 1790 REGIS

316 1858 548 1956 (Manen,
582 1887 786 1944 Concil.
818 1890 959 1943 tom.
992 1887 1131 1954 XIX,
1164 1887 1272 1944 col.
1304 1889 1432 1956 555,
1467 1891 1546 1943 Ex
1572 1905 1673 1943 ms.
1705 1887 2022 1944 Cottoniano
2067 1889 2205 1943 Nero
2227 1888 2287 1958 A,
2323 1889 2378 1956 1,
2410 1887 2617 1946 collato
2667 1907 2800 1946 cum
2855 1889 3007 1965 legg.
3059 1896 3213 1948 nost.
3263 1891 3723 1966 Anglo-Saxon.)

315 2141 448 2201 Hoc
476 2139 928 2223 estconsilium
959 2141 1137 2223 quod
1161 2142 1422 2223 Cnutus,
1458 2139 1652 2223 totius
1682 2139 1924 2223 Anglia
1957 2143 2366 2223 etDanorum
2417 2143 2480 2199 et
2526 2141 2971 2223 Norwegorum
3026 2159 3159 2223 rex,
3192 2159 3334 2223 cum
3380 2142 3735 2223 sapientum

393 2238 651 2303 suorum
680 2220 942 2282 consilio
971 2221 1256 2303 sancivit,
1288 2221 1352 2281 in
1382 2220 1631 2303 laudem
1664 2220 1793 2291 Dei,
1829 2227 1892 2303 et
1922 2221 2034 2303 sibi
2068 2221 2131 2280 in
2151 2225 2604 2303 ornamentum
2637 2222 2903 2298 regium,
2934 2226 2996 2282 et
3025 2221 3104 2281 ad
3127 2220 3733 2303 utilitatem'populi;

396 2306 460 2361 et
490 2299 610 2362 hoc
640 2306 777 2364 erat
808 2302 1001 2362 sacris
1034 2301 1351 2362 natalibus
1379 2301 1632 2361 Domini
1655 2301 1855 2362 nostri
1884 2301 2246 2362 Wintoniae.
3484 2299 3503 2303 ’
3572 2299 3591 2303 ⁷
3780 2320 3782 2323 ·

473 2460 516 2516 Ι.
548 2461 621 2517 De
647 2462 777 2526 Deo,
809 2463 1084 2530 religione
1114 2465 1166 2516 et
1195 2477 1323 2530 rege
1349 2461 1523 2517 debite
1551 2461 1807 2516 colendis.

386 2551 502 2606 Hoc
535 2554 625 2606 est
655 2549 911 2622 primum
942 2550 1122 2622 igitur
1139 2554 1204 2606 ut
1225 2567 1402 2622 super
1422 2550 1620 2606 omnia
1642 2549 1757 2604 alia
1784 2567 1967 2604 unum

313 2639 501 2695 Deum
545 2654 779 2711 semper
828 2639 1086 2713 diligere,
1119 2643 1176 2695 et
1224 2655 1409 2693 unum
1450 2637 1966 2694 Christianismum

315 2727 675 2784 unanimiter
706 2744 1067 2796 conservare,
1101 2731 1158 2783 et
1187 2744 1384 2801 regem
1416 2728 1675 2783 Cnutum
1724 2732 1779 2783 et
1801 2727 1968 2798 justa

314 2815 595 2872 ﬁdelitate
622 2816 882 2873 venerari
910 2815 1112 2872 velint.

582 2905 650 2960 Il.
683 2907 758 2961 De
780 2921 915 2976 pace
944 2906 1059 2972 Dei,
1093 2908 1238 2976 regis
1267 2913 1318 2961 et
1344 2907 1712 2961 ecclesiam-ni.

385 2995 455 3050 Et
485 2993 582 3050 Dei
616 2993 890 3050 ecclesias
921 2993 1176 3050 salutent
1207 3011 1270 3050 ac
1315 2998 1641 3067 protegant,
1678 3000 1734 3048 et.
1762 2994 1962 3048 crebro

315 3083 688 3156 frequentant
737 3081 797 3138 in
847 3083 1097 3139 salutem
1147 3082 1378 3153 animm,
1415 3088 1471 3139 et
1521 3084 1838 3156 nobisipsis
1892 3084 1962 3139 ad

313 3171 646 3228 utilitatem.
689 3171 969 3238 Quaelibet
1016 3172 1260 3228 ecclesia
1296 3174 1431 3243 jure
1483 3177 1572 3229 est
1623 3173 1682 3227 in
1731 3173 1966 3245 propria

312 3259 524 3316 Christi
537 3265 763 3332 pace,et
783 3260 1027 3332 quilibet
1043 3261 1412 3317 Christianus
1426 3261 1676 3318 multum
1699 3260 1963 3317 laborare

313 3349 485 3405 debet
516 3353 579 3404 ut
611 3366 750 3421 pace
779 3349 940 3406 illam
974 3367 1188 3423 magna
1219 3350 1279 3406 in
1310 3351 1680 3406 veneratione
1728 3351 1958 3406 habeat.

312 3439 429 3495 Pax
459 3438 615 3494 enim
647 3437 864 3510 divina,
887 3443 945 3494 et
976 3456 1154 3511 quam
1188 3439 1448 3512 proxime
1470 3441 1622 3512 regis
1655 3457 1773 3512 prec
1803 3440 1962 3494 omni

311 3526 426 3583 alia
442 3543 582 3598 pace
600 3527 1001 3591 obtinenda,et
1030 3529 1233 3583 sedulo
1265 3530 1662 3584 conservanda
1688 3529 1962 3584 est.’l‘une

307 3613 476 3671 valde
498 3616 731 3686 justum
761 3620 850 3671 est
879 3619 944 3670 ut
972 3616 1070 3672 Dei
1103 3616 1499 3673 ecclesiastica
1532 3635 1638 3689 pax
1671 3617 1824 3672 intra
1863 3634 1961 3689 pe—

308 3703 501 3770 rietes,
535 3707 592 3758 et
621 3720 732 3775 pax
762 3703 1080 3759 Christiani
1116 3704 1268 3777 regis
1323 3723 1501 3760 manu
1553 3706 1688 3761 data
1733 3722 1964 3778 semper

2000 2464 2043 2527 B
2077 2459 2213 2528 lata,
2248 2459 2450 2515 sedulo
2510 2465 2924 2532 compensetur
2968 2478 3069 2533 pro
3119 2462 3342 2519 ratione
3390 2464 3519 2534 ejus
3573 2465 3729 2536 quod

2080 2549 2296 2604 factum
2325 2553 2434 2615 est,
2467 2550 2586 2604 sive
2618 2550 2695 2604 sit
2725 2567 2826 2621 per
2858 2551 3274 2623 pugnam,sive
3306 2568 3409 2624 per
3439 2551 3730 2624 rapinam,

2077 2637 2194 2694 sive
2226 2655 2328 2710 per
2357 2637 2515 2693 aliud
2550 2639 2689 2710 quid
2720 2639 3156 2710 compensanda
3175 2645 3266 2695 est
3285 2639 3543 2697 ecclesiae
3567 2642 3728 2713 prius

2076 2727 2236 2798 pacis
2267 2726 2499 2782 violatio
2533 2743 2635 2799 pro
2669 2727 2891 2782 ratione
2920 2729 3048 2798 ejus
3081 2729 3236 2800 quod
3271 2729 3489 2784 factum
3530 2734 3640 2794 est,
3674 2735 3730 2786 et

2076 2831 2179 2887 pro
2212 2815 2435 2871 ratione
2467 2815 2778 2888 dignitatis
2809 2815 3218 2872 ecclesiaeNon
3244 2822 3385 2873 sunt
3413 2835 3620 2875 omnes
3639 2835 3727 2874 ec-

2075 2903 2264 2960 clesia)
2311 2903 2519 2976 aequali
2569 2904 2740 2960 modo
2789 2909 3016 2960 terreno
3065 2904 3284 2961 honore
3336 2906 3547 2978 dignae,
3595 2905 3727 2962 licet

2073 2993 2339 3048 eamdem
2393 2993 2646 3049 habeant
2700 2993 3152 3049 ecclesiasticam
3198 2996 3718 3051 consecrationem.

2071 3080 2319 3138 Violatio
2353 3081 2509 3154 pacis
2535 3081 2826 3153 primariae
2857 3083 3112 3138 ecclesiae
3133 3088 3222 3138 est
3251 3085 3455 3139 eadem
3479 3101 3544 3139 ac
3568 3101 3728 3140 com-

2071 3172 2336 3242 pensatio
2382 3188 2576 3226 rerum
2623 3188 2729 3242 pro
2780 3171 2933 3243 regis
2981 3188 3142 3243 pace,
3176 3171 3283 3228 hoc
3327 3177 3417 3228 est
3463 3173 3724 3246 quinque

2072 3258 2259 3326 libris,
2293 3261 2619 3315 secundum
2653 3259 2974 3333 Anglorum
2995 3261 3236 3334 leges,et
3266 3260 3326 3315 in
3357 3264 3511 3317 terra
3533 3262 3719 3318 Cantii

2071 3364 2175 3419 pro
2206 3348 2517 3404 violatione
2543 3348 2938 3421 pacislibrisv
2968 3351 3249 3421 regi,etm
3269 3349 3730 3423 archiepiscopo,

2072 3440 2129 3492 et
2158 3437 2468 3493 mediocris
2502 3437 2759 3494 ecclesiae
2789 3455 2893 3493 cxx
2929 3437 3154 3504 solidis,
3188 3443 3245 3492 et
3283 3437 3437 3494 idem
3483 3444 3574 3494 est
3621 3457 3724 3511 pro
3765 3486 3768 3487 ν

2073 3525 2227 3597 regis
2261 3526 2474 3592 multa;
2509 3532 2563 3582 et
2610 3533 2751 3582 tunc
2799 3527 2992 3581 adhuc
3043 3526 3306 3593 minoris,
3337 3527 3438 3582 ubi
3478 3544 3739 3600 parvum.

2071 3619 2161 3669 est
2189 3615 2604 3682 ministerium,
2637 3620 2693 3670 et
2722 3615 3118 3671 cmmeterium
3151 3621 3346 3671 tamen
3392 3633 3460 3671 Lx
3493 3616 3722 3683 solidis,

2071 3706 2128 3758 et
2162 3703 2359 3776 templi
2392 3705 2755 3776 campestris,
2790 3704 2888 3760 ubi
2921 3705 3317 3760 cmmeterium
3351 3723 3466 3761 non
3497 3710 3723 3772 est,xxx

309 3791 947 3849 consistatimmobilis.
983 3794 1047 3864 Et
1094 3792 1143 3849 si
1197 3793 1331 3866 quis
1379 3793 1717 3850 alterutram
1771 3795 1960 3867 violet,
1996 3831 2037 3896 Ε
2078 3792 2300 3849 solidis.

309 3882 515 3955 perdat
543 3881 794 3954 patriam
825 3885 882 3936 et
909 3881 1110 3951 vitam,
1142 3882 1254 3937 nisi
1287 3900 1384 3938 rex
1413 3882 1463 3939 ei
1496 3885 1822 3940 condonare
1868 3903 1957 3942 ve-

308 3971 398 4028 lit.
433 3971 501 4027 Et
531 3970 578 4027 si
607 3986 871 4043 unquam
906 3970 1120 4043 aliquis
1151 3971 1326 4027 homo
1356 3973 1612 4044 posthaec
1643 3973 1740 4029 Dei
1776 3974 1953 4030 eccle-

312 4059 610 4116 siasticam
639 4075 838 4132 pacem
872 4060 1014 4114 adeo
1043 4059 1345 4116 violaverit
1391 4065 1455 4115 ut
1507 4062 1660 4117 intra
1701 4062 1957 4118 ecclesia:

309 4148 562 4222 parietes
591 4147 886 4204 homicida
917 4138 1253 4214 fieret,tunc
1285 4149 1442 4204 istud
1474 4155 1562 4204 est
1585 4150 1956 4222 inexpiabile,

309 4241 366 4293 et
396 4241 823 4310 persequantur
851 4237 1031 4308 (eum)
1063 4253 1265 4293 omnes
1315 4239 1415 4309 qui
1447 4238 1546 4292 Dei
1593 4237 1761 4294 amici
1796 4245 1954 4302 sunt,

312 4325 426 4381 nisi
457 4327 637 4392 fieret,
671 4330 736 4380 ut
763 4325 899 4380 inde
929 4331 1278 4396 erumperet,
1313 4331 1368 4380 et
1397 4327 1470 4381 ad
1501 4327 1643 4381 adeo
1675 4344 1955 4399 magnum

311 4413 541 4485 asylum
572 4413 898 4484 confugerit
926 4417 993 4467 ut
1021 4429 1119 4467 rex
1149 4415 1260 4484 ipsi
1293 4419 1598 4486 eaprOpter
1620 4416 1796 4470 vitam
1829 4433 1959 4471 con-

312 4501 557 4556 donaret
585 4504 718 4571 post
750 4499 1069 4571 plenariam
1094 4502 1778 4573 compensationem,tam
1801 4507 1954 4576 apud

309 4589 495 4646 Deum
525 4605 702 4660 quam
737 4589 892 4660 apud
923 4588 1210 4645 homines.
1245 4591 1311 4645 Et
1340 4589 1450 4646 hoc
1485 4599 1572 4647 est
1603 4592 1858 4663 primum
1894 4600 1958 4648 ut

308 4677 606 4750 propriam
637 4676 1084 4733 a'stimationem
1113 4677 1320 4750 capitis
1349 4677 1577 4734 Christo
1608 4685 1666 4735 et
1697 4682 1814 4754 regi
1838 4683 1956 4750 det,

308 4772 366 4824 et
395 4767 504 4825 hoc
534 4765 708 4822 modo
741 4765 1001 4837 seipsum
1021 4764 1280 4839 exlegem
1303 4767 1571 4823 restituat
1595 4769 1664 4823 nd
1688 4786 1957 4842 compen-

309 4857 616 4914 sationem.
640 4856 705 4911 Et
733 4855 783 4910 si
813 4859 955 4911 tunc
985 4856 1055 4910 ad
1089 4857 1622 4929 compensationem
1647 4875 1738 4913 res
1767 4860 1954 4926 rediit,

308 4951 367 5002 et
395 4963 526 5003 eam
558 4963 657 5002 rex
686 4944 906 5013 toleret,
941 4949 1081 5000 tunc
1111 4944 1368 5000 solvatur
1417 4946 1808 5002 ecclesiastica
1847 4966 1957 5020 pax

306 5035 392 5091 illi
423 5034 680 5092 ecclesias
702 5051 805 5106 per
833 5034 986 5107 regis
1017 5033 1338 5106 plenariam
1364 5035 1522 5106 pacis
1557 5035 1954 5100 violationem,

308 5124 678 5201 et'ecclesiae
726 5123 1258 5180 reconciliationem
1308 5131 1720 5196 consequatur,
1787 5127 1954 5182 sicuti

2244 3881 2334 3937 ιν.
2370 3888 2451 3937 De
2485 3885 2791 3938 rmicrentia.
2820 3883 3190 3938 sacerdotibus
3217 3883 3554 3954 praestanda.

2138 3971 2354 4026 Omnes
2382 3970 2741 4026 Christianos
2772 3987 2949 4042 quam
2982 3973 3232 4026 maxime
3254 3973 3419 4027 decet
3442 3976 3715 4027 sanctua-

2067 4057 2219 4113 rium
2253 4063 2309 4113 et
2337 4059 2570 4114 ordines
2592 4063 2648 4114 et
2676 4063 3075 4116 consecratam
3100 4060 3200 4115 Dei
3227 4061 3470 4115 domum
3495 4077 3727 4133 semper

2065 4146 2517 4220 diligentissime
2539 4148 2903 4221 frequentare
2930 4154 2987 4204 et
3008 4153 3385 4222 protegere,et
3407 4149 3730 4222 quemlibet

2067 4237 2328 4291 ordinem
2357 4237 2616 4292 venerari
2643 4238 2813 4309 juxta
2845 4238 3214 4310 dignitatem.
3243 4237 3538 4311 Intelligat
3567 4239 3725 4294 enim

2067 4325 2422 4398 quicunque,
2455 4326 2592 4382 velit
2620 4326 2707 4381 vel
2739 4327 2946 4400 possit,
2974 4343 3256 4400 magnum
3287 4333 3344 4383 et
3374 4327 3723 4399 praclarum

2068 4431 2195 4470 esse
2227 4416 2381 4486 quod
2415 4416 2686 4471 sacerdos
2716 4417 3012 4489 agendum
3045 4417 3221 4471 habet
3253 4433 3355 4488 pro
3387 4416 3578 4473 salute
3620 4434 3720 4488 po-

2067 4504 2212 4575 puli,
2246 4505 2294 4559 si
2329 4505 2567 4560 Domino
2599 4522 2704 4560 suo
2736 4505 2926 4560 debite
2955 4503 3196 4576 placeat.
3229 4506 3504 4577 Magnum
3531 4507 3720 4578 (quid)
3789 4541 3792 4544 η

2066 4597 2154 4648 est
2184 4595 2565 4659 exorcismus,
2599 4599 2655 4648 et
2686 4593 3026 4666 praeclarum
3060 4599 3149 4650 est
3178 4595 3558 4661 consecratio,
3591 4612 3720 4667 quae

2059 4682 2367 4745 diabolum
2427 4682 2701 4754 dispellit,
2759 4687 2816 4738 et
2864 4685 3178 4754 profugum
3229 4683 3438 4750 reddit,
3488 4685 3719 4755 quoties

2067 4764 2672 4843 baptismusperagitu
2684 4790 2726 4837 r,
2751 4770 2838 4827 vel
2860 4776 2916 4826 S.
2944 4771 3298 4827 eucharistia
3319 4777 3715 4828 consecratur.

2068 4862 2134 4915 Et
2162 4860 2348 4915 sancti
2381 4859 2571 4931 angeli
2604 4860 2682 4914 ibi
2715 4860 3289 4928 circumfunduntur,
3335 4865 3394 4916 et
3443 4877 3535 4918 res
3585 4861 3718 4918 illas

2067 4947 2423 5013 custodiunt,
2456 4952 2511 5002 et
2542 4965 2643 5018 per
2673 4949 2771 5003 Dei
2799 4949 3121 5020 potentiam
3155 4950 3512 5005 sacerdotem
3554 4951 3718 5022 adju—

2066 5041 2222 5103 vant,
2253 5036 2480 5107 quoties
2511 5036 2736 5090 Christo
2768 5037 2957 5092 debite
2990 5037 3268 5093 serviunt.
3303 5039 3373 5094 Et
3403 5037 3512 5094 hoc
3543 5040 3716 5096 toties

2070 5124 2547 5195 laciunt,quotics
2579 5124 2780 5179 sedulo
2815 5124 3021 5180 intimo
3053 5131 3284 5197 pectore
3313 5126 3542 5182 invocat
3560 5127 3719 5183 Chri-

310 5199 493 5282 decet,
527 5217 584 5269 et
607 5211 816 5269 deinde
847 5218 965 5267 tam
997 5211 1229 5284 cognati
1258 5229 1435 5283 quam
1467 5213 1572 5267 viri
1604 5213 1776 5269 occisi
1799 5231 1955 5269 com-
1990 5199 2034 5261 Ι)
2065 5217 2309 5279 stum,et
2335 5229 2436 5284 pro
2468 5213 2669 5285 populi
2693 5213 3036 5269 necessitate
3054 5214 3362 5286 diligenter
3382 5215 3714 5284 intercedit,

309 5304 711 5373 pensationem
738 5301 906 5374 plene
937 5301 1204 5371 solvat,et
1234 5301 1386 5373 apud
1421 5301 1603 5357 Deum
1637 5303 1844 5358 saltem
1867 5305 1955 5358 in-

309 5390 588 5446 tercedat.
1233 5461 1238 5465 .

407 5482 505 5531 III.
539 5479 612 5534 De
637 5482 812 5536 multa
827 5496 926 5550 pro
957 5480 1222 5552 dignitate
1243 5481 1487 5536 ecclesiae
1515 5481 1860 5550 conferenda.

383 5564 449 5622 Et
474 5565 522 5620 si
555 5565 674 5621 ulla
706 5568 961 5625 ecclesia
989 5586 1101 5640 pax
1130 5569 1253 5624 sine
1283 5567 1679 5625 interiectione
1728 5570 1804 5624 sit
1832 5570 1952 5626 vio-

2063 5301 2234 5358 etilli
2268 5306 2502 5373 propter
2549 5302 2643 5357 Dei
2685 5302 2955 5357 timorem
3008 5319 3110 5374 pro
3165 5304 3389 5361 ordinis
3428 5305 3714 5378 dignitate

2063 5407 2197 5446 cum
2231 5389 2451 5446 ratione
2485 5395 2623 5446 sunt
2653 5391 3060 5463 cognoscendi.

2418 5480 2485 5534 V.
2504 5481 2577 5535 De
2604 5487 2928 5552 purgatione
2957 5480 3353 5537 ordinatorum.

2132 5569 2204 5622 Et
2233 5569 2281 5624 si
2315 5568 2611 5642 contingat
2640 5572 2706 5623 ut
2736 5568 2868 5642 quis
2899 5571 3369 5628 accusationibus
3391 5577 3450 5629 et
3473 5572 3734 5646 imperi-‘
