  <div class='ocr_page' id='page_1' title='image "/cluster/home/n/w/nwhite01/storage/ocr_20150623/151/hvd.32044054760095/592.png"; bbox 0 0 3948 6168; ppageno 0'>
   <div class='ocr_carea' id='block_1_1' title="bbox 137 335 302 407">
    <p class='ocr_par' dir='ltr' id='par_1_1' title="bbox 137 335 302 407">
     <span class='ocr_line' id='line_1_1' title="bbox 137 335 302 407; baseline -0.012 0"><span class='ocrx_word' id='word_1_1' title='bbox 137 335 302 407; x_wconf 68' lang='lat' dir='ltr'><strong>H73</strong></span> 
     </span>
    </p>
   </div>
   <div class='ocr_carea' id='block_1_2' title="bbox 1394 337 2300 408">
    <p class='ocr_par' dir='ltr' id='par_1_2' title="bbox 1394 337 2300 408">
     <span class='ocr_line' id='line_1_2' title="bbox 1394 337 2300 408; baseline -0.006 -1"><span class='ocrx_word' id='word_1_2' title='bbox 1394 339 1754 408; x_wconf 81' lang='lat' dir='ltr'><strong>CANU&#39;I‘US</strong></span> <span class='ocrx_word' id='word_1_3' title='bbox 1796 340 1822 404; x_wconf 87' lang='grc' dir='ltr'><strong>Ῑ</strong></span> <span class='ocrx_word' id='word_1_4' title='bbox 1865 339 2022 404; x_wconf 83' lang='lat' dir='ltr'><strong>REX</strong></span> <span class='ocrx_word' id='word_1_5' title='bbox 2067 337 2300 404; x_wconf 78' lang='lat' dir='ltr'><strong>ANGL.</strong></span> 
     </span>
    </p>
   </div>
   <div class='ocr_carea' id='block_1_3' title="bbox 3382 333 3543 403">
    <p class='ocr_par' dir='ltr' id='par_1_3' title="bbox 3382 333 3543 403">
     <span class='ocr_line' id='line_1_3' title="bbox 3382 333 3543 403; baseline 0.006 -1"><span class='ocrx_word' id='word_1_6' title='bbox 3382 333 3543 403; x_wconf 68' lang='lat' dir='ltr'><strong>H7“</strong></span> 
     </span>
    </p>
   </div>
   <div class='ocr_carea' id='block_1_4' title="bbox 137 467 3546 560">
    <p class='ocr_par' dir='ltr' id='par_1_4' title="bbox 137 467 3546 560">
     <span class='ocr_line' id='line_1_4' title="bbox 137 467 3546 560; baseline 0 -26"><span class='ocrx_word' id='word_1_7' title='bbox 137 473 238 534; x_wconf 89' lang='lat' dir='ltr'><strong>tiis</strong></span> <span class='ocrx_word' id='word_1_8' title='bbox 268 471 652 545; x_wconf 76' lang='lat' dir='ltr'><strong>sacerdotem,</strong></span> <span class='ocrx_word' id='word_1_9' title='bbox 689 470 790 550; x_wconf 93' lang='lat' dir='ltr'><strong>qui</strong></span> <span class='ocrx_word' id='word_1_10' title='bbox 815 471 1160 552; x_wconf 80' lang='lat' dir='ltr'><strong>regulariter</strong></span> <span class='ocrx_word' id='word_1_11' title='bbox 1188 475 1355 560; x_wconf 74' lang='lat' dir='ltr'><strong>vivit,</strong></span> <span class='ocrx_word' id='word_1_12' title='bbox 1381 481 1580 534; x_wconf 91' lang='lat' dir='ltr'><strong>oneret</strong></span> <span class='ocrx_word' id='word_1_13' title='bbox 1609 481 1784 551; x_wconf 90' lang='lat' dir='ltr'><strong>atque</strong></span> <span class='ocrx_word' id='word_1_14' title='bbox 1812 477 1868 546; x_wconf 78' lang='grc' dir='ltr'><strong>Α</strong></span> <span class='ocrx_word' id='word_1_15' title='bbox 1896 474 2192 551; x_wconf 83' lang='lat' dir='ltr'><strong>gnationis</strong></span> <span class='ocrx_word' id='word_1_16' title='bbox 2221 473 2470 549; x_wconf 85' lang='lat' dir='ltr'><strong>gradum</strong></span> <span class='ocrx_word' id='word_1_17' title='bbox 2494 467 2554 530; x_wconf 89' lang='lat' dir='ltr'><strong>in</strong></span> <span class='ocrx_word' id='word_1_18' title='bbox 2572 469 2806 548; x_wconf 89' lang='lat' dir='ltr'><strong>propria</strong></span> <span class='ocrx_word' id='word_1_19' title='bbox 2826 469 3107 533; x_wconf 78' lang='lat' dir='ltr'><strong>afﬁnitate</strong></span> <span class='ocrx_word' id='word_1_20' title='bbox 3123 489 3388 550; x_wconf 85' lang='lat' dir='ltr'><strong>unquam</strong></span> <span class='ocrx_word' id='word_1_21' title='bbox 3408 493 3546 535; x_wconf 80' lang='lat' dir='ltr'><strong>uxo-</strong></span> 
     </span>
    </p>
   </div>
   <div class='ocr_carea' id='block_1_5' title="bbox 137 565 1786 639">
    <p class='ocr_par' dir='ltr' id='par_1_5' title="bbox 137 565 1786 639">
     <span class='ocr_line' id='line_1_5' title="bbox 137 565 1786 639; baseline -0.001 -15"><span class='ocrx_word' id='word_1_22' title='bbox 137 565 237 624; x_wconf 89' lang='lat' dir='ltr'><strong>ille</strong></span> <span class='ocrx_word' id='word_1_23' title='bbox 266 566 392 639; x_wconf 91' lang='lat' dir='ltr'><strong>ipse</strong></span> <span class='ocrx_word' id='word_1_24' title='bbox 421 566 691 623; x_wconf 91' lang='lat' dir='ltr'><strong>conscius</strong></span> <span class='ocrx_word' id='word_1_25' title='bbox 723 566 799 623; x_wconf 89' lang='lat' dir='ltr'><strong>sit</strong></span> <span class='ocrx_word' id='word_1_26' title='bbox 845 567 1210 636; x_wconf 89' lang='lat' dir='ltr'><strong>innocentia,</strong></span> <span class='ocrx_word' id='word_1_27' title='bbox 1241 566 1491 624; x_wconf 82' lang='lat' dir='ltr'><strong>celebret</strong></span> <span class='ocrx_word' id='word_1_28' title='bbox 1523 566 1786 636; x_wconf 88' lang='lat' dir='ltr'><strong>missam,</strong></span> 
     </span>
    </p>
   </div>
   <div class='ocr_carea' id='block_1_6' title="bbox 137 655 1791 730">
    <p class='ocr_par' dir='ltr' id='par_1_6' title="bbox 137 655 1791 730">
     <span class='ocr_line' id='line_1_6' title="bbox 137 655 1791 730; baseline -0.001 -18"><span class='ocrx_word' id='word_1_29' title='bbox 137 655 189 713; x_wconf 89' lang='lat' dir='ltr'><strong>si</strong></span> <span class='ocrx_word' id='word_1_30' title='bbox 219 656 481 723; x_wconf 89' lang='lat' dir='ltr'><strong>audet,et</strong></span> <span class='ocrx_word' id='word_1_31' title='bbox 505 659 715 730; x_wconf 79' lang='lat' dir='ltr'><strong>purget</strong></span> <span class='ocrx_word' id='word_1_32' title='bbox 745 655 906 714; x_wconf 91' lang='lat' dir='ltr'><strong>solus</strong></span> <span class='ocrx_word' id='word_1_33' title='bbox 937 656 1198 730; x_wconf 89' lang='lat' dir='ltr'><strong>seipsum</strong></span> <span class='ocrx_word' id='word_1_34' title='bbox 1231 673 1335 729; x_wconf 90' lang='lat' dir='ltr'><strong>per</strong></span> <span class='ocrx_word' id='word_1_35' title='bbox 1367 656 1551 712; x_wconf 80' lang='lat' dir='ltr'><strong>solam</strong></span> <span class='ocrx_word' id='word_1_36' title='bbox 1583 656 1791 712; x_wconf 88' lang='lat' dir='ltr'><strong>eucha-</strong></span> 
     </span>
    </p>
   </div>
   <div class='ocr_carea' id='block_1_7' title="bbox 135 744 1790 818">
    <p class='ocr_par' dir='ltr' id='par_1_7' title="bbox 135 744 1790 818">
     <span class='ocr_line' id='line_1_7' title="bbox 135 744 1790 818; baseline -0.001 -17"><span class='ocrx_word' id='word_1_37' title='bbox 135 745 366 802; x_wconf 89' lang='lat' dir='ltr'><strong>ristiam</strong></span> <span class='ocrx_word' id='word_1_38' title='bbox 398 761 433 799; x_wconf 91' lang='lat' dir='ltr'><strong>a</strong></span> <span class='ocrx_word' id='word_1_39' title='bbox 462 744 717 816; x_wconf 82' lang='lat' dir='ltr'><strong>simplici</strong></span> <span class='ocrx_word' id='word_1_40' title='bbox 757 746 1163 813; x_wconf 82' lang='lat' dir='ltr'><strong>accusatione;</strong></span> <span class='ocrx_word' id='word_1_41' title='bbox 1195 751 1252 802; x_wconf 91' lang='lat' dir='ltr'><strong>et</strong></span> <span class='ocrx_word' id='word_1_42' title='bbox 1296 744 1586 818; x_wconf 85' lang='lat' dir='ltr'><strong>triplicem</strong></span> <span class='ocrx_word' id='word_1_43' title='bbox 1626 761 1790 800; x_wconf 89' lang='lat' dir='ltr'><strong>accu-</strong></span> 
     </span>
    </p>
   </div>
   <div class='ocr_carea' id='block_1_8' title="bbox 135 833 1792 905">
    <p class='ocr_par' dir='ltr' id='par_1_8' title="bbox 135 833 1792 905">
     <span class='ocr_line' id='line_1_8' title="bbox 135 833 1792 905; baseline -0.001 -15"><span class='ocrx_word' id='word_1_44' title='bbox 135 833 427 890; x_wconf 75' lang='lat' dir='ltr'><strong>sationem</strong></span> <span class='ocrx_word' id='word_1_45' title='bbox 461 837 688 905; x_wconf 85' lang='lat' dir='ltr'><strong>purget,</strong></span> <span class='ocrx_word' id='word_1_46' title='bbox 722 833 772 890; x_wconf 91' lang='lat' dir='ltr'><strong>si</strong></span> <span class='ocrx_word' id='word_1_47' title='bbox 799 834 1010 889; x_wconf 84' lang='lat' dir='ltr'><strong>audeat</strong></span> <span class='ocrx_word' id='word_1_48' title='bbox 1039 835 1215 890; x_wconf 87' lang='lat' dir='ltr'><strong>etiam</strong></span> <span class='ocrx_word' id='word_1_49' title='bbox 1247 835 1304 890; x_wconf 93' lang='lat' dir='ltr'><strong>in</strong></span> <span class='ocrx_word' id='word_1_50' title='bbox 1344 835 1402 890; x_wconf 91' lang='lat' dir='ltr'><strong>S.</strong></span> <span class='ocrx_word' id='word_1_51' title='bbox 1435 833 1792 889; x_wconf 89' lang='lat' dir='ltr'><strong>eucharistia</strong></span> 
     </span>
    </p>
   </div>
   <div class='ocr_carea' id='block_1_9' title="bbox 137 921 1792 994">
    <p class='ocr_par' dir='ltr' id='par_1_9' title="bbox 137 921 1792 994">
     <span class='ocr_line' id='line_1_9' title="bbox 137 921 1792 994; baseline -0.001 -14"><span class='ocrx_word' id='word_1_52' title='bbox 137 939 275 980; x_wconf 90' lang='lat' dir='ltr'><strong>cum</strong></span> <span class='ocrx_word' id='word_1_53' title='bbox 295 921 527 979; x_wconf 91' lang='lat' dir='ltr'><strong>duobus</strong></span> <span class='ocrx_word' id='word_1_54' title='bbox 547 922 813 994; x_wconf 78' lang='lat' dir='ltr'><strong>ejusdem</strong></span> <span class='ocrx_word' id='word_1_55' title='bbox 837 939 970 979; x_wconf 92' lang='lat' dir='ltr'><strong>cum</strong></span> <span class='ocrx_word' id='word_1_56' title='bbox 984 938 1050 979; x_wconf 92' lang='lat' dir='ltr'><strong>eo</strong></span> <span class='ocrx_word' id='word_1_57' title='bbox 1073 923 1316 980; x_wconf 84' lang='lat' dir='ltr'><strong>ordinis.</strong></span> <span class='ocrx_word' id='word_1_58' title='bbox 1341 923 1401 979; x_wconf 93' lang='lat' dir='ltr'><strong>Si</strong></span> <span class='ocrx_word' id='word_1_59' title='bbox 1431 922 1563 992; x_wconf 86' lang='lat' dir='ltr'><strong>quis</strong></span> <span class='ocrx_word' id='word_1_60' title='bbox 1593 923 1792 978; x_wconf 64' lang='lat' dir='ltr'><strong>diacoo</strong></span> 
     </span>
    </p>
   </div>
   <div class='ocr_carea' id='block_1_10' title="bbox 134 1010 1790 1085">
    <p class='ocr_par' dir='ltr' id='par_1_10' title="bbox 134 1010 1790 1085">
     <span class='ocr_line' id='line_1_10' title="bbox 134 1010 1790 1085; baseline -0.001 -17"><span class='ocrx_word' id='word_1_61' title='bbox 134 1027 282 1068; x_wconf 88' lang='lat' dir='ltr'><strong>num</strong></span> <span class='ocrx_word' id='word_1_62' title='bbox 312 1012 675 1084; x_wconf 88' lang='lat' dir='ltr'><strong>accuset,qui</strong></span> <span class='ocrx_word' id='word_1_63' title='bbox 709 1012 1054 1085; x_wconf 82' lang='lat' dir='ltr'><strong>regulariter</strong></span> <span class='ocrx_word' id='word_1_64' title='bbox 1080 1011 1238 1080; x_wconf 91' lang='lat' dir='ltr'><strong>vivit,</strong></span> <span class='ocrx_word' id='word_1_65' title='bbox 1257 1010 1512 1084; x_wconf 90' lang='lat' dir='ltr'><strong>simplici</strong></span> <span class='ocrx_word' id='word_1_66' title='bbox 1545 1027 1790 1067; x_wconf 89' lang='lat' dir='ltr'><strong>accusa-</strong></span> 
     </span>
    </p>
   </div>
   <div class='ocr_carea' id='block_1_11' title="bbox 140 1099 1792 1173">
    <p class='ocr_par' dir='ltr' id='par_1_11' title="bbox 140 1099 1792 1173">
     <span class='ocr_line' id='line_1_11' title="bbox 140 1099 1792 1173; baseline -0.001 -16"><span class='ocrx_word' id='word_1_67' title='bbox 140 1100 322 1171; x_wconf 88' lang='lat' dir='ltr'><strong>tione,</strong></span> <span class='ocrx_word' id='word_1_68' title='bbox 346 1104 544 1156; x_wconf 86' lang='lat' dir='ltr'><strong>sumat</strong></span> <span class='ocrx_word' id='word_1_69' title='bbox 573 1101 722 1156; x_wconf 93' lang='lat' dir='ltr'><strong>duos</strong></span> <span class='ocrx_word' id='word_1_70' title='bbox 768 1101 1036 1173; x_wconf 89' lang='lat' dir='ltr'><strong>ejusdem</strong></span> <span class='ocrx_word' id='word_1_71' title='bbox 1088 1101 1413 1157; x_wconf 89' lang='lat' dir='ltr'><strong>secundum</strong></span> <span class='ocrx_word' id='word_1_72' title='bbox 1460 1099 1702 1168; x_wconf 90' lang='lat' dir='ltr'><strong>ordinis,</strong></span> <span class='ocrx_word' id='word_1_73' title='bbox 1736 1104 1792 1156; x_wconf 87' lang='lat' dir='ltr'><strong>et</strong></span> 
     </span>
    </p>
   </div>
   <div class='ocr_carea' id='block_1_12' title="bbox 135 1188 1790 1262">
    <p class='ocr_par' dir='ltr' id='par_1_12' title="bbox 135 1188 1790 1262">
     <span class='ocr_line' id='line_1_12' title="bbox 135 1188 1790 1262; baseline -0.001 -16"><span class='ocrx_word' id='word_1_74' title='bbox 135 1192 350 1262; x_wconf 81' lang='lat' dir='ltr'><strong>purget</strong></span> <span class='ocrx_word' id='word_1_75' title='bbox 379 1205 443 1244; x_wconf 92' lang='lat' dir='ltr'><strong>se</strong></span> <span class='ocrx_word' id='word_1_76' title='bbox 467 1205 601 1244; x_wconf 90' lang='lat' dir='ltr'><strong>cum</strong></span> <span class='ocrx_word' id='word_1_77' title='bbox 631 1188 771 1246; x_wconf 86' lang='lat' dir='ltr'><strong>illis.</strong></span> <span class='ocrx_word' id='word_1_78' title='bbox 789 1190 861 1246; x_wconf 89' lang='lat' dir='ltr'><strong>Et</strong></span> <span class='ocrx_word' id='word_1_79' title='bbox 890 1190 939 1246; x_wconf 89' lang='lat' dir='ltr'><strong>si</strong></span> <span class='ocrx_word' id='word_1_80' title='bbox 973 1195 1278 1246; x_wconf 88' lang='lat' dir='ltr'><strong>accusetur</strong></span> <span class='ocrx_word' id='word_1_81' title='bbox 1305 1189 1521 1262; x_wconf 90' lang='lat' dir='ltr'><strong>triplici</strong></span> <span class='ocrx_word' id='word_1_82' title='bbox 1554 1205 1790 1245; x_wconf 87' lang='lat' dir='ltr'><strong>accusa-</strong></span> 
     </span>
    </p>
   </div>
   <div class='ocr_carea' id='block_1_13' title="bbox 133 1277 1789 1352">
    <p class='ocr_par' dir='ltr' id='par_1_13' title="bbox 133 1277 1789 1352">
     <span class='ocr_line' id='line_1_13' title="bbox 133 1277 1789 1352; baseline -0.001 -18"><span class='ocrx_word' id='word_1_83' title='bbox 133 1277 520 1345; x_wconf 87' lang='lat' dir='ltr'><strong>tione,sumat</strong></span> <span class='ocrx_word' id='word_1_84' title='bbox 550 1294 652 1335; x_wconf 84' lang='lat' dir='ltr'><strong>sex</strong></span> <span class='ocrx_word' id='word_1_85' title='bbox 681 1279 947 1349; x_wconf 87' lang='lat' dir='ltr'><strong>ejusdem</strong></span> <span class='ocrx_word' id='word_1_86' title='bbox 979 1279 1206 1335; x_wconf 90' lang='lat' dir='ltr'><strong>ordinis</strong></span> <span class='ocrx_word' id='word_1_87' title='bbox 1239 1280 1317 1352; x_wconf 91' lang='lat' dir='ltr'><strong>(et</strong></span> <span class='ocrx_word' id='word_1_88' title='bbox 1347 1279 1470 1352; x_wconf 92' lang='lat' dir='ltr'><strong>ipse</strong></span> <span class='ocrx_word' id='word_1_89' title='bbox 1502 1278 1580 1334; x_wconf 93' lang='lat' dir='ltr'><strong>sit</strong></span> <span class='ocrx_word' id='word_1_90' title='bbox 1609 1278 1789 1350; x_wconf 90' lang='lat' dir='ltr'><strong>septi-</strong></span> 
     </span>
    </p>
   </div>
   <div class='ocr_carea' id='block_1_14' title="bbox 131 1367 1790 1440">
    <p class='ocr_par' dir='ltr' id='par_1_14' title="bbox 131 1367 1790 1440">
     <span class='ocr_line' id='line_1_14' title="bbox 131 1367 1790 1440; baseline -0.001 -17"><span class='ocrx_word' id='word_1_91' title='bbox 131 1367 294 1438; x_wconf 89' lang='lat' dir='ltr'><strong>mus)</strong></span> <span class='ocrx_word' id='word_1_92' title='bbox 316 1370 376 1422; x_wconf 90' lang='lat' dir='ltr'><strong>et</strong></span> <span class='ocrx_word' id='word_1_93' title='bbox 399 1371 610 1440; x_wconf 85' lang='lat' dir='ltr'><strong>purget</strong></span> <span class='ocrx_word' id='word_1_94' title='bbox 625 1383 688 1424; x_wconf 91' lang='lat' dir='ltr'><strong>se</strong></span> <span class='ocrx_word' id='word_1_95' title='bbox 711 1367 918 1424; x_wconf 91' lang='lat' dir='ltr'><strong>illis.Si</strong></span> <span class='ocrx_word' id='word_1_96' title='bbox 949 1367 1212 1440; x_wconf 89' lang='lat' dir='ltr'><strong>plebeius</strong></span> <span class='ocrx_word' id='word_1_97' title='bbox 1245 1368 1517 1424; x_wconf 88' lang='lat' dir='ltr'><strong>sacerdos</strong></span> <span class='ocrx_word' id='word_1_98' title='bbox 1547 1384 1790 1423; x_wconf 90' lang='lat' dir='ltr'><strong>accusa-</strong></span> 
     </span>
    </p>
   </div>
   <div class='ocr_carea' id='block_1_15' title="bbox 130 1455 1788 1530">
    <p class='ocr_par' dir='ltr' id='par_1_15' title="bbox 130 1455 1788 1530">
     <span class='ocr_line' id='line_1_15' title="bbox 130 1455 1788 1530; baseline -0.001 -19"><span class='ocrx_word' id='word_1_99' title='bbox 130 1455 398 1512; x_wconf 88' lang='lat' dir='ltr'><strong>tionibus</strong></span> <span class='ocrx_word' id='word_1_100' title='bbox 427 1459 698 1512; x_wconf 87' lang='lat' dir='ltr'><strong>oneretur</strong></span> <span class='ocrx_word' id='word_1_101' title='bbox 725 1457 880 1529; x_wconf 92' lang='lat' dir='ltr'><strong>quod</strong></span> <span class='ocrx_word' id='word_1_102' title='bbox 903 1456 1229 1530; x_wconf 89' lang='lat' dir='ltr'><strong>regularem</strong></span> <span class='ocrx_word' id='word_1_103' title='bbox 1251 1457 1429 1512; x_wconf 90' lang='lat' dir='ltr'><strong>vitam</strong></span> <span class='ocrx_word' id='word_1_104' title='bbox 1451 1473 1567 1512; x_wconf 90' lang='lat' dir='ltr'><strong>non</strong></span> <span class='ocrx_word' id='word_1_105' title='bbox 1597 1457 1788 1529; x_wconf 87' lang='lat' dir='ltr'><strong>degat,</strong></span> 
     </span>
    </p>
   </div>
   <div class='ocr_carea' id='block_1_16' title="bbox 132 1545 1788 1620">
    <p class='ocr_par' dir='ltr' id='par_1_16' title="bbox 132 1545 1788 1620">
     <span class='ocr_line' id='line_1_16' title="bbox 132 1545 1788 1620; baseline 0 -20"><span class='ocrx_word' id='word_1_106' title='bbox 132 1548 351 1618; x_wconf 87' lang='lat' dir='ltr'><strong>purget</strong></span> <span class='ocrx_word' id='word_1_107' title='bbox 395 1562 457 1602; x_wconf 90' lang='lat' dir='ltr'><strong>se</strong></span> <span class='ocrx_word' id='word_1_108' title='bbox 515 1545 671 1603; x_wconf 88' lang='lat' dir='ltr'><strong>sicut</strong></span> <span class='ocrx_word' id='word_1_109' title='bbox 729 1547 1012 1603; x_wconf 89' lang='lat' dir='ltr'><strong>diaconus</strong></span> <span class='ocrx_word' id='word_1_110' title='bbox 1070 1547 1170 1620; x_wconf 88' lang='lat' dir='ltr'><strong>qui</strong></span> <span class='ocrx_word' id='word_1_111' title='bbox 1225 1545 1551 1620; x_wconf 88' lang='lat' dir='ltr'><strong>regularem</strong></span> <span class='ocrx_word' id='word_1_112' title='bbox 1608 1546 1788 1601; x_wconf 91' lang='lat' dir='ltr'><strong>vitam</strong></span> 
     </span>
    </p>
   </div>
   <div class='ocr_carea' id='block_1_17' title="bbox 131 1633 1788 1707">
    <p class='ocr_par' dir='ltr' id='par_1_17' title="bbox 131 1633 1788 1707">
     <span class='ocr_line' id='line_1_17' title="bbox 131 1633 1788 1707; baseline -0.001 -17"><span class='ocrx_word' id='word_1_113' title='bbox 131 1633 352 1707; x_wconf 89' lang='lat' dir='ltr'><strong>agit.Et</strong></span> <span class='ocrx_word' id='word_1_114' title='bbox 382 1633 431 1691; x_wconf 93' lang='lat' dir='ltr'><strong>si</strong></span> <span class='ocrx_word' id='word_1_115' title='bbox 460 1634 595 1707; x_wconf 88' lang='lat' dir='ltr'><strong>quis</strong></span> <span class='ocrx_word' id='word_1_116' title='bbox 625 1635 832 1692; x_wconf 91' lang='lat' dir='ltr'><strong>amicis</strong></span> <span class='ocrx_word' id='word_1_117' title='bbox 853 1634 1204 1692; x_wconf 91' lang='lat' dir='ltr'><strong>destitutum</strong></span> <span class='ocrx_word' id='word_1_118' title='bbox 1227 1635 1428 1691; x_wconf 89' lang='lat' dir='ltr'><strong>altaris</strong></span> <span class='ocrx_word' id='word_1_119' title='bbox 1450 1633 1788 1690; x_wconf 91' lang='lat' dir='ltr'><strong>ministrum</strong></span> 
     </span>
    </p>
   </div>
   <div class='ocr_carea' id='block_1_18' title="bbox 130 1723 1786 1796">
    <p class='ocr_par' dir='ltr' id='par_1_18' title="bbox 130 1723 1786 1796">
     <span class='ocr_line' id='line_1_18' title="bbox 130 1723 1786 1796; baseline -0.001 -18"><span class='ocrx_word' id='word_1_120' title='bbox 130 1723 611 1780; x_wconf 84' lang='lat' dir='ltr'><strong>accusationibus</strong></span> <span class='ocrx_word' id='word_1_121' title='bbox 633 1729 854 1791; x_wconf 88' lang='lat' dir='ltr'><strong>oneret,</strong></span> <span class='ocrx_word' id='word_1_122' title='bbox 870 1725 968 1796; x_wconf 93' lang='lat' dir='ltr'><strong>qui</strong></span> <span class='ocrx_word' id='word_1_123' title='bbox 987 1742 1104 1780; x_wconf 91' lang='lat' dir='ltr'><strong>non</strong></span> <span class='ocrx_word' id='word_1_124' title='bbox 1125 1723 1786 1789; x_wconf 89' lang='lat' dir='ltr'><strong>babetsacramentales,</strong></span> 
     </span>
    </p>
   </div>
   <div class='ocr_carea' id='block_1_19' title="bbox 127 1811 1787 1881">
    <p class='ocr_par' dir='ltr' id='par_1_19' title="bbox 127 1811 1787 1881">
     <span class='ocr_line' id='line_1_19' title="bbox 127 1811 1787 1881; baseline -0.001 -14"><span class='ocrx_word' id='word_1_125' title='bbox 127 1814 229 1867; x_wconf 88' lang='lat' dir='ltr'><strong>eat</strong></span> <span class='ocrx_word' id='word_1_126' title='bbox 257 1811 328 1866; x_wconf 91' lang='lat' dir='ltr'><strong>ad</strong></span> <span class='ocrx_word' id='word_1_127' title='bbox 363 1811 538 1867; x_wconf 81' lang='lat' dir='ltr'><strong>oli‘am</strong></span> <span class='ocrx_word' id='word_1_128' title='bbox 594 1816 979 1881; x_wconf 87' lang='lat' dir='ltr'><strong>exsecratam,</strong></span> <span class='ocrx_word' id='word_1_129' title='bbox 1008 1815 1065 1868; x_wconf 91' lang='lat' dir='ltr'><strong>et</strong></span> <span class='ocrx_word' id='word_1_130' title='bbox 1117 1811 1198 1868; x_wconf 93' lang='lat' dir='ltr'><strong>ibi</strong></span> <span class='ocrx_word' id='word_1_131' title='bbox 1256 1812 1378 1880; x_wconf 82' lang='lat' dir='ltr'><strong>fiat,</strong></span> <span class='ocrx_word' id='word_1_132' title='bbox 1412 1811 1584 1866; x_wconf 89' lang='lat' dir='ltr'><strong>sicuti</strong></span> <span class='ocrx_word' id='word_1_133' title='bbox 1634 1815 1787 1866; x_wconf 92' lang='lat' dir='ltr'><strong>Deus</strong></span> 
     </span>
    </p>
   </div>
   <div class='ocr_carea' id='block_1_20' title="bbox 124 1898 1788 1974">
    <p class='ocr_par' dir='ltr' id='par_1_20' title="bbox 124 1898 1788 1974">
     <span class='ocr_line' id='line_1_20' title="bbox 124 1898 1788 1974; baseline -0.001 -19"><span class='ocrx_word' id='word_1_134' title='bbox 124 1898 400 1968; x_wconf 89' lang='lat' dir='ltr'><strong>voluerit,</strong></span> <span class='ocrx_word' id='word_1_135' title='bbox 421 1899 534 1956; x_wconf 90' lang='lat' dir='ltr'><strong>nisi</strong></span> <span class='ocrx_word' id='word_1_136' title='bbox 561 1917 625 1957; x_wconf 89' lang='lat' dir='ltr'><strong>se</strong></span> <span class='ocrx_word' id='word_1_137' title='bbox 656 1917 758 1973; x_wconf 90' lang='lat' dir='ltr'><strong>per</strong></span> <span class='ocrx_word' id='word_1_138' title='bbox 779 1902 836 1957; x_wconf 91' lang='lat' dir='ltr'><strong>S.</strong></span> <span class='ocrx_word' id='word_1_139' title='bbox 862 1900 1280 1956; x_wconf 86' lang='lat' dir='ltr'><strong>eucharistiam</strong></span> <span class='ocrx_word' id='word_1_140' title='bbox 1303 1916 1554 1974; x_wconf 89' lang='lat' dir='ltr'><strong>purgare</strong></span> <span class='ocrx_word' id='word_1_141' title='bbox 1581 1899 1788 1972; x_wconf 86' lang='lat' dir='ltr'><strong>possit.</strong></span> 
     </span>
    </p>
   </div>
   <div class='ocr_carea' id='block_1_21' title="bbox 127 1987 1796 2062">
    <p class='ocr_par' dir='ltr' id='par_1_21' title="bbox 127 1987 1796 2062">
     <span class='ocr_line' id='line_1_21' title="bbox 127 1987 1796 2062; baseline -0.001 -18"><span class='ocrx_word' id='word_1_142' title='bbox 127 1988 206 2044; x_wconf 92' lang='lat' dir='ltr'><strong>Et</strong></span> <span class='ocrx_word' id='word_1_143' title='bbox 230 1987 282 2044; x_wconf 90' lang='lat' dir='ltr'><strong>si</strong></span> <span class='ocrx_word' id='word_1_144' title='bbox 313 1988 448 2062; x_wconf 92' lang='lat' dir='ltr'><strong>quis</strong></span> <span class='ocrx_word' id='word_1_145' title='bbox 479 1989 662 2046; x_wconf 90' lang='lat' dir='ltr'><strong>sacris</strong></span> <span class='ocrx_word' id='word_1_146' title='bbox 715 1989 1018 2046; x_wconf 89' lang='lat' dir='ltr'><strong>initiatum</strong></span> <span class='ocrx_word' id='word_1_147' title='bbox 1077 1989 1397 2045; x_wconf 83' lang='lat' dir='ltr'><strong>inimicitia</strong></span> <span class='ocrx_word' id='word_1_148' title='bbox 1455 1991 1707 2055; x_wconf 86' lang='lat' dir='ltr'><strong>accuset,</strong></span> <span class='ocrx_word' id='word_1_149' title='bbox 1738 1992 1796 2043; x_wconf 92' lang='lat' dir='ltr'><strong>et</strong></span> 
     </span>
    </p>
   </div>
   <div class='ocr_carea' id='block_1_22' title="bbox 127 2076 1790 2150">
    <p class='ocr_par' dir='ltr' id='par_1_22' title="bbox 127 2076 1790 2150">
     <span class='ocr_line' id='line_1_22' title="bbox 127 2076 1790 2150; baseline -0.002 -16"><span class='ocrx_word' id='word_1_150' title='bbox 127 2077 294 2134; x_wconf 87' lang='lat' dir='ltr'><strong>dicat</strong></span> <span class='ocrx_word' id='word_1_151' title='bbox 323 2077 480 2150; x_wconf 91' lang='lat' dir='ltr'><strong>quod</strong></span> <span class='ocrx_word' id='word_1_152' title='bbox 512 2077 814 2134; x_wconf 88' lang='lat' dir='ltr'><strong>homicidii</strong></span> <span class='ocrx_word' id='word_1_153' title='bbox 862 2082 1066 2135; x_wconf 89' lang='lat' dir='ltr'><strong>auctor</strong></span> <span class='ocrx_word' id='word_1_154' title='bbox 1122 2078 1218 2146; x_wconf 87' lang='lat' dir='ltr'><strong>sit,</strong></span> <span class='ocrx_word' id='word_1_155' title='bbox 1250 2077 1341 2134; x_wconf 86' lang='lat' dir='ltr'><strong>vel</strong></span> <span class='ocrx_word' id='word_1_156' title='bbox 1397 2076 1790 2148; x_wconf 88' lang='lat' dir='ltr'><strong>consiliarius,</strong></span> 
     </span>
    </p>
   </div>
   <div class='ocr_carea' id='block_1_23' title="bbox 127 2164 1793 2241">
    <p class='ocr_par' dir='ltr' id='par_1_23' title="bbox 127 2164 1793 2241">
     <span class='ocr_line' id='line_1_23' title="bbox 127 2164 1793 2241; baseline -0.001 -19"><span class='ocrx_word' id='word_1_157' title='bbox 127 2170 348 2240; x_wconf 89' lang='lat' dir='ltr'><strong>purget</strong></span> <span class='ocrx_word' id='word_1_158' title='bbox 383 2184 444 2223; x_wconf 91' lang='lat' dir='ltr'><strong>se</strong></span> <span class='ocrx_word' id='word_1_159' title='bbox 469 2183 573 2240; x_wconf 90' lang='lat' dir='ltr'><strong>per</strong></span> <span class='ocrx_word' id='word_1_160' title='bbox 601 2172 882 2241; x_wconf 90' lang='lat' dir='ltr'><strong>cognatos</strong></span> <span class='ocrx_word' id='word_1_161' title='bbox 911 2167 1181 2240; x_wconf 89' lang='lat' dir='ltr'><strong>suos,qui</strong></span> <span class='ocrx_word' id='word_1_162' title='bbox 1199 2165 1568 2223; x_wconf 89' lang='lat' dir='ltr'><strong>inimicitiam</strong></span> <span class='ocrx_word' id='word_1_163' title='bbox 1589 2164 1793 2221; x_wconf 86' lang='lat' dir='ltr'><strong>tolera-</strong></span> 
     </span>
    </p>
   </div>
   <div class='ocr_carea' id='block_1_24' title="bbox 126 2253 1789 2329">
    <p class='ocr_par' dir='ltr' id='par_1_24' title="bbox 126 2253 1789 2329">
     <span class='ocr_line' id='line_1_24' title="bbox 126 2253 1789 2329; baseline 0 -19"><span class='ocrx_word' id='word_1_164' title='bbox 126 2271 195 2312; x_wconf 86' lang='lat' dir='ltr'><strong>re</strong></span> <span class='ocrx_word' id='word_1_165' title='bbox 219 2254 306 2312; x_wconf 92' lang='lat' dir='ltr'><strong>vel</strong></span> <span class='ocrx_word' id='word_1_166' title='bbox 331 2257 643 2313; x_wconf 90' lang='lat' dir='ltr'><strong>emendare</strong></span> <span class='ocrx_word' id='word_1_167' title='bbox 663 2257 974 2313; x_wconf 90' lang='lat' dir='ltr'><strong>debent.Et</strong></span> <span class='ocrx_word' id='word_1_168' title='bbox 1003 2257 1052 2312; x_wconf 88' lang='lat' dir='ltr'><strong>si</strong></span> <span class='ocrx_word' id='word_1_169' title='bbox 1081 2257 1159 2312; x_wconf 90' lang='lat' dir='ltr'><strong>sit</strong></span> <span class='ocrx_word' id='word_1_170' title='bbox 1178 2256 1443 2329; x_wconf 88' lang='lat' dir='ltr'><strong>cognatis</strong></span> <span class='ocrx_word' id='word_1_171' title='bbox 1472 2253 1789 2311; x_wconf 90' lang='lat' dir='ltr'><strong>destitutus</strong></span> 
     </span>
    </p>
   </div>
   <div class='ocr_carea' id='block_1_25' title="bbox 119 2343 1787 2419">
    <p class='ocr_par' dir='ltr' id='par_1_25' title="bbox 119 2343 1787 2419">
     <span class='ocr_line' id='line_1_25' title="bbox 119 2343 1787 2419; baseline -0.002 -17"><span class='ocrx_word' id='word_1_172' title='bbox 119 2349 338 2419; x_wconf 84' lang='lat' dir='ltr'><strong>purget</strong></span> <span class='ocrx_word' id='word_1_173' title='bbox 367 2361 428 2400; x_wconf 90' lang='lat' dir='ltr'><strong>se</strong></span> <span class='ocrx_word' id='word_1_174' title='bbox 460 2361 565 2418; x_wconf 92' lang='lat' dir='ltr'><strong>per</strong></span> <span class='ocrx_word' id='word_1_175' title='bbox 593 2346 805 2414; x_wconf 89' lang='lat' dir='ltr'><strong>socios,</strong></span> <span class='ocrx_word' id='word_1_176' title='bbox 828 2344 915 2401; x_wconf 88' lang='lat' dir='ltr'><strong>vel</strong></span> <span class='ocrx_word' id='word_1_177' title='bbox 941 2345 1238 2417; x_wconf 90' lang='lat' dir='ltr'><strong>jejunium</strong></span> <span class='ocrx_word' id='word_1_178' title='bbox 1267 2343 1568 2416; x_wconf 89' lang='lat' dir='ltr'><strong>suscipiat,</strong></span> <span class='ocrx_word' id='word_1_179' title='bbox 1601 2343 1650 2398; x_wconf 91' lang='lat' dir='ltr'><strong>si</strong></span> <span class='ocrx_word' id='word_1_180' title='bbox 1683 2360 1787 2398; x_wconf 92' lang='lat' dir='ltr'><strong>au-</strong></span> 
     </span>
    </p>
   </div>
   <div class='ocr_carea' id='block_1_26' title="bbox 120 2431 1787 2500">
    <p class='ocr_par' dir='ltr' id='par_1_26' title="bbox 120 2431 1787 2500">
     <span class='ocr_line' id='line_1_26' title="bbox 120 2431 1787 2500; baseline -0.002 -10"><span class='ocrx_word' id='word_1_181' title='bbox 120 2435 346 2499; x_wconf 89' lang='lat' dir='ltr'><strong>deat,ct</strong></span> <span class='ocrx_word' id='word_1_182' title='bbox 376 2450 444 2490; x_wconf 89' lang='lat' dir='ltr'><strong>ea</strong></span> <span class='ocrx_word' id='word_1_183' title='bbox 475 2434 547 2490; x_wconf 91' lang='lat' dir='ltr'><strong>ad</strong></span> <span class='ocrx_word' id='word_1_184' title='bbox 579 2435 753 2490; x_wconf 79' lang='lat' dir='ltr'><strong>oli&#39;am</strong></span> <span class='ocrx_word' id='word_1_185' title='bbox 801 2439 1182 2500; x_wconf 87' lang='lat' dir='ltr'><strong>exsecratam,</strong></span> <span class='ocrx_word' id='word_1_186' title='bbox 1214 2437 1272 2489; x_wconf 91' lang='lat' dir='ltr'><strong>et</strong></span> <span class='ocrx_word' id='word_1_187' title='bbox 1330 2433 1410 2488; x_wconf 92' lang='lat' dir='ltr'><strong>ibi</strong></span> <span class='ocrx_word' id='word_1_188' title='bbox 1468 2433 1589 2498; x_wconf 80' lang='lat' dir='ltr'><strong>flat,</strong></span> <span class='ocrx_word' id='word_1_189' title='bbox 1615 2431 1787 2487; x_wconf 91' lang='lat' dir='ltr'><strong>sicuti</strong></span> 
     </span>
    </p>
   </div>
   <div class='ocr_carea' id='block_1_27' title="bbox 119 2521 1784 2596">
    <p class='ocr_par' dir='ltr' id='par_1_27' title="bbox 119 2521 1784 2596">
     <span class='ocr_line' id='line_1_27' title="bbox 119 2521 1784 2596; baseline -0.002 -16"><span class='ocrx_word' id='word_1_190' title='bbox 119 2522 1168 2596; x_wconf 87' lang='lat' dir='ltr'><strong>Deusjudicaverit.Etnullustempli</strong></span> <span class='ocrx_word' id='word_1_191' title='bbox 1185 2521 1508 2578; x_wconf 90' lang='lat' dir='ltr'><strong>monachus</strong></span> <span class='ocrx_word' id='word_1_192' title='bbox 1523 2537 1784 2592; x_wconf 89' lang='lat' dir='ltr'><strong>unquam</strong></span> 
     </span>
    </p>
   </div>
   <div class='ocr_carea' id='block_1_28' title="bbox 1898 565 3547 638">
    <p class='ocr_par' dir='ltr' id='par_1_28' title="bbox 1898 565 3547 638">
     <span class='ocr_line' id='line_1_28' title="bbox 1898 565 3547 638; baseline 0.002 -16"><span class='ocrx_word' id='word_1_193' title='bbox 1898 581 2021 622; x_wconf 88' lang='lat' dir='ltr'><strong>rem</strong></span> <span class='ocrx_word' id='word_1_194' title='bbox 2055 566 2250 633; x_wconf 91' lang='lat' dir='ltr'><strong>ducat,</strong></span> <span class='ocrx_word' id='word_1_195' title='bbox 2284 580 2472 637; x_wconf 90' lang='lat' dir='ltr'><strong>neque</strong></span> <span class='ocrx_word' id='word_1_196' title='bbox 2501 565 2732 637; x_wconf 90' lang='lat' dir='ltr'><strong>cognati</strong></span> <span class='ocrx_word' id='word_1_197' title='bbox 2788 565 2879 621; x_wconf 90' lang='lat' dir='ltr'><strong>sui</strong></span> <span class='ocrx_word' id='word_1_198' title='bbox 2927 565 3189 638; x_wconf 87' lang='lat' dir='ltr'><strong>viduam,</strong></span> <span class='ocrx_word' id='word_1_199' title='bbox 3217 565 3311 622; x_wconf 92' lang='lat' dir='ltr'><strong>cui</strong></span> <span class='ocrx_word' id='word_1_200' title='bbox 3341 567 3547 625; x_wconf 84' lang='lat' dir='ltr'><strong>eadem</strong></span> 
     </span>
    </p>
   </div>
   <div class='ocr_carea' id='block_1_29' title="bbox 1896 653 3548 730">
    <p class='ocr_par' dir='ltr' id='par_1_29' title="bbox 1896 653 3548 730">
     <span class='ocr_line' id='line_1_29' title="bbox 1896 653 3548 730; baseline 0.003 -22"><span class='ocrx_word' id='word_1_201' title='bbox 1896 653 2111 710; x_wconf 84' lang='lat' dir='ltr'><strong>vicinia</strong></span> <span class='ocrx_word' id='word_1_202' title='bbox 2139 657 2425 727; x_wconf 87' lang='lat' dir='ltr'><strong>cognatus</strong></span> <span class='ocrx_word' id='word_1_203' title='bbox 2454 658 2598 720; x_wconf 88' lang='lat' dir='ltr'><strong>erat,</strong></span> <span class='ocrx_word' id='word_1_204' title='bbox 2623 669 2813 726; x_wconf 90' lang='lat' dir='ltr'><strong>neque</strong></span> <span class='ocrx_word' id='word_1_205' title='bbox 2842 657 3146 730; x_wconf 86' lang='lat' dir='ltr'><strong>cognatam</strong></span> <span class='ocrx_word' id='word_1_206' title='bbox 3178 655 3376 712; x_wconf 88' lang='lat' dir='ltr'><strong>uxoris</strong></span> <span class='ocrx_word' id='word_1_207' title='bbox 3407 673 3548 727; x_wconf 81' lang='lat' dir='ltr'><strong>sua,</strong></span> 
     </span>
    </p>
   </div>
   <div class='ocr_carea' id='block_1_30' title="bbox 1899 743 3550 820">
    <p class='ocr_par' dir='ltr' id='par_1_30' title="bbox 1899 743 3550 820">
     <span class='ocr_line' id='line_1_30' title="bbox 1899 743 3550 820; baseline 0.002 -21"><span class='ocrx_word' id='word_1_208' title='bbox 1899 760 2078 816; x_wconf 90' lang='lat' dir='ltr'><strong>quam</strong></span> <span class='ocrx_word' id='word_1_209' title='bbox 2129 747 2302 800; x_wconf 90' lang='lat' dir='ltr'><strong>antea</strong></span> <span class='ocrx_word' id='word_1_210' title='bbox 2346 743 2634 799; x_wconf 88' lang='lat' dir='ltr'><strong>habuerat</strong></span> <span class='ocrx_word' id='word_1_211' title='bbox 2680 743 2830 815; x_wconf 87' lang='lat' dir='ltr'><strong>ipse,</strong></span> <span class='ocrx_word' id='word_1_212' title='bbox 2889 760 3080 816; x_wconf 91' lang='lat' dir='ltr'><strong>neque</strong></span> <span class='ocrx_word' id='word_1_213' title='bbox 3128 747 3550 820; x_wconf 89' lang='lat' dir='ltr'><strong>susceptricem</strong></span> 
     </span>
    </p>
   </div>
   <div class='ocr_carea' id='block_1_31' title="bbox 1901 831 3552 909">
    <p class='ocr_par' dir='ltr' id='par_1_31' title="bbox 1901 831 3552 909">
     <span class='ocr_line' id='line_1_31' title="bbox 1901 831 3552 909; baseline 0.002 -20"><span class='ocrx_word' id='word_1_214' title='bbox 1901 847 2289 903; x_wconf 89' lang='lat' dir='ltr'><strong>suam,neque</strong></span> <span class='ocrx_word' id='word_1_215' title='bbox 2319 835 2718 888; x_wconf 87' lang='lat' dir='ltr'><strong>consecratam</strong></span> <span class='ocrx_word' id='word_1_216' title='bbox 2748 831 3251 906; x_wconf 87' lang='lat' dir='ltr'><strong>vestalem,neque</strong></span> <span class='ocrx_word' id='word_1_217' title='bbox 3280 835 3552 909; x_wconf 90' lang='lat' dir='ltr'><strong>repudia-</strong></span> 
     </span>
    </p>
   </div>
   <div class='ocr_carea' id='block_1_32' title="bbox 1901 919 3554 994">
    <p class='ocr_par' dir='ltr' id='par_1_32' title="bbox 1901 919 3554 994">
     <span class='ocr_line' id='line_1_32' title="bbox 1901 919 3554 994; baseline 0.002 -17"><span class='ocrx_word' id='word_1_218' title='bbox 1901 924 2024 977; x_wconf 89' lang='lat' dir='ltr'><strong>tam</strong></span> <span class='ocrx_word' id='word_1_219' title='bbox 2055 920 2271 993; x_wconf 88' lang='lat' dir='ltr'><strong>aliquis</strong></span> <span class='ocrx_word' id='word_1_220' title='bbox 2303 919 2671 978; x_wconf 90' lang='lat' dir='ltr'><strong>Christianus</strong></span> <span class='ocrx_word' id='word_1_221' title='bbox 2691 937 2954 994; x_wconf 89' lang='lat' dir='ltr'><strong>unquam</strong></span> <span class='ocrx_word' id='word_1_222' title='bbox 2985 938 3223 980; x_wconf 86' lang='lat' dir='ltr'><strong>uxorem</strong></span> <span class='ocrx_word' id='word_1_223' title='bbox 3255 923 3554 994; x_wconf 88' lang='lat' dir='ltr'><strong>ducat,ne-</strong></span> 
     </span>
    </p>
   </div>
   <div class='ocr_carea' id='block_1_33' title="bbox 1901 1009 3547 1086">
    <p class='ocr_par' dir='ltr' id='par_1_33' title="bbox 1901 1009 3547 1086">
     <span class='ocr_line' id='line_1_33' title="bbox 1901 1009 3547 1086; baseline 0.002 -20"><span class='ocrx_word' id='word_1_224' title='bbox 1901 1027 2014 1082; x_wconf 92' lang='lat' dir='ltr'><strong>que</strong></span> <span class='ocrx_word' id='word_1_225' title='bbox 2036 1009 2297 1082; x_wconf 88' lang='lat' dir='ltr'><strong>aliquam</strong></span> <span class='ocrx_word' id='word_1_226' title='bbox 2339 1009 2702 1066; x_wconf 89' lang='lat' dir='ltr'><strong>meretricem</strong></span> <span class='ocrx_word' id='word_1_227' title='bbox 2745 1027 3010 1083; x_wconf 88' lang='lat' dir='ltr'><strong>unquam</strong></span> <span class='ocrx_word' id='word_1_228' title='bbox 3054 1015 3327 1081; x_wconf 87' lang='lat' dir='ltr'><strong>sectetur,</strong></span> <span class='ocrx_word' id='word_1_229' title='bbox 3358 1029 3547 1086; x_wconf 88' lang='lat' dir='ltr'><strong>neque</strong></span> 
     </span>
    </p>
   </div>
   <div class='ocr_carea' id='block_1_34' title="bbox 1900 1099 3551 1176">
    <p class='ocr_par' dir='ltr' id='par_1_34' title="bbox 1900 1099 3551 1176">
     <span class='ocr_line' id='line_1_34' title="bbox 1900 1099 3551 1176; baseline 0.004 -22"><span class='ocrx_word' id='word_1_230' title='bbox 1900 1099 2098 1172; x_wconf 90' lang='lat' dir='ltr'><strong>plures</strong></span> <span class='ocrx_word' id='word_1_231' title='bbox 2123 1116 2241 1154; x_wconf 92' lang='lat' dir='ltr'><strong>una</strong></span> <span class='ocrx_word' id='word_1_232' title='bbox 2272 1115 2449 1155; x_wconf 87' lang='lat' dir='ltr'><strong>uxore</strong></span> <span class='ocrx_word' id='word_1_233' title='bbox 2479 1099 2712 1165; x_wconf 89' lang='lat' dir='ltr'><strong>habeat,</strong></span> <span class='ocrx_word' id='word_1_234' title='bbox 2744 1103 2802 1154; x_wconf 91' lang='lat' dir='ltr'><strong>et</strong></span> <span class='ocrx_word' id='word_1_235' title='bbox 2856 1116 2924 1157; x_wconf 90' lang='lat' dir='ltr'><strong>ea</strong></span> <span class='ocrx_word' id='word_1_236' title='bbox 2953 1099 3032 1156; x_wconf 89' lang='lat' dir='ltr'><strong>sit</strong></span> <span class='ocrx_word' id='word_1_237' title='bbox 3078 1100 3338 1174; x_wconf 90' lang='lat' dir='ltr'><strong>legitime</strong></span> <span class='ocrx_word' id='word_1_238' title='bbox 3367 1106 3551 1176; x_wconf 82' lang='lat' dir='ltr'><strong>nupta</strong></span> 
     </span>
    </p>
   </div>
   <div class='ocr_carea' id='block_1_35' title="bbox 1899 1186 3554 1263">
    <p class='ocr_par' dir='ltr' id='par_1_35' title="bbox 1899 1186 3554 1263">
     <span class='ocr_line' id='line_1_35' title="bbox 1899 1186 3554 1263; baseline 0.003 -19"><span class='ocrx_word' id='word_1_239' title='bbox 1899 1205 2063 1255; x_wconf 84' lang='lat' dir='ltr'><strong>uxor,</strong></span> <span class='ocrx_word' id='word_1_240' title='bbox 2098 1189 2200 1244; x_wconf 91' lang='lat' dir='ltr'><strong>sed</strong></span> <span class='ocrx_word' id='word_1_241' title='bbox 2227 1186 2449 1244; x_wconf 89' lang='lat' dir='ltr'><strong>habitet</strong></span> <span class='ocrx_word' id='word_1_242' title='bbox 2471 1204 2604 1243; x_wconf 92' lang='lat' dir='ltr'><strong>cum</strong></span> <span class='ocrx_word' id='word_1_243' title='bbox 2649 1187 2752 1243; x_wconf 89' lang='lat' dir='ltr'><strong>illa</strong></span> <span class='ocrx_word' id='word_1_244' title='bbox 2780 1188 2923 1256; x_wconf 90' lang='lat' dir='ltr'><strong>sola,</strong></span> <span class='ocrx_word' id='word_1_245' title='bbox 2957 1189 3220 1260; x_wconf 88' lang='lat' dir='ltr'><strong>quandiu</strong></span> <span class='ocrx_word' id='word_1_246' title='bbox 3248 1188 3379 1263; x_wconf 87' lang='lat' dir='ltr'><strong>ipsa</strong></span> <span class='ocrx_word' id='word_1_247' title='bbox 3403 1191 3554 1249; x_wconf 84' lang='lat' dir='ltr'><strong>vixe-</strong></span> 
     </span>
    </p>
   </div>
   <div class='ocr_carea' id='block_1_36' title="bbox 1900 1276 3551 1353">
    <p class='ocr_par' dir='ltr' id='par_1_36' title="bbox 1900 1276 3551 1353">
     <span class='ocr_line' id='line_1_36' title="bbox 1900 1276 3551 1353; baseline 0.004 -21"><span class='ocrx_word' id='word_1_248' title='bbox 1900 1277 1995 1332; x_wconf 88' lang='lat' dir='ltr'><strong>rit.</strong></span> <span class='ocrx_word' id='word_1_249' title='bbox 2029 1277 2117 1332; x_wconf 88' lang='lat' dir='ltr'><strong>Ita</strong></span> <span class='ocrx_word' id='word_1_250' title='bbox 2146 1292 2378 1348; x_wconf 90' lang='lat' dir='ltr'><strong>semper</strong></span> <span class='ocrx_word' id='word_1_251' title='bbox 2408 1276 2642 1345; x_wconf 85' lang='lat' dir='ltr'><strong>(facere)</strong></span> <span class='ocrx_word' id='word_1_252' title='bbox 2669 1277 2840 1332; x_wconf 88' lang='lat' dir='ltr'><strong>debet</strong></span> <span class='ocrx_word' id='word_1_253' title='bbox 2895 1277 2995 1352; x_wconf 88' lang='lat' dir='ltr'><strong>qui</strong></span> <span class='ocrx_word' id='word_1_254' title='bbox 3051 1277 3154 1335; x_wconf 91' lang='lat' dir='ltr'><strong>Dei</strong></span> <span class='ocrx_word' id='word_1_255' title='bbox 3199 1278 3357 1352; x_wconf 88' lang='lat' dir='ltr'><strong>leges</strong></span> <span class='ocrx_word' id='word_1_256' title='bbox 3387 1280 3551 1353; x_wconf 88' lang='lat' dir='ltr'><strong>juste</strong></span> 
     </span>
    </p>
   </div>
   <div class='ocr_carea' id='block_1_37' title="bbox 1899 1365 3549 1432">
    <p class='ocr_par' dir='ltr' id='par_1_37' title="bbox 1899 1365 3549 1432">
     <span class='ocr_line' id='line_1_37' title="bbox 1899 1365 3549 1432; baseline 0.004 -11"><span class='ocrx_word' id='word_1_257' title='bbox 1899 1382 2124 1432; x_wconf 90' lang='lat' dir='ltr'><strong>curare,</strong></span> <span class='ocrx_word' id='word_1_258' title='bbox 2156 1369 2215 1422; x_wconf 94' lang='lat' dir='ltr'><strong>et</strong></span> <span class='ocrx_word' id='word_1_259' title='bbox 2244 1366 2317 1422; x_wconf 90' lang='lat' dir='ltr'><strong>ab</strong></span> <span class='ocrx_word' id='word_1_260' title='bbox 2351 1365 2564 1421; x_wconf 81' lang='lat' dir='ltr'><strong>interni</strong></span> <span class='ocrx_word' id='word_1_261' title='bbox 2595 1365 2864 1422; x_wconf 91' lang='lat' dir='ltr'><strong>incendio</strong></span> <span class='ocrx_word' id='word_1_262' title='bbox 2905 1365 3167 1424; x_wconf 88' lang='lat' dir='ltr'><strong>animam</strong></span> <span class='ocrx_word' id='word_1_263' title='bbox 3213 1384 3384 1427; x_wconf 89' lang='lat' dir='ltr'><strong>suam</strong></span> <span class='ocrx_word' id='word_1_264' title='bbox 3415 1385 3549 1428; x_wconf 88' lang='lat' dir='ltr'><strong>cus-</strong></span> 
     </span>
    </p>
   </div>
   <div class='ocr_carea' id='block_1_38' title="bbox 1901 1454 2274 1512">
    <p class='ocr_par' dir='ltr' id='par_1_38' title="bbox 1901 1454 2274 1512">
     <span class='ocr_line' id='line_1_38' title="bbox 1901 1454 2274 1512; baseline 0 -2"><span class='ocrx_word' id='word_1_265' title='bbox 1901 1454 2089 1512; x_wconf 92' lang='lat' dir='ltr'><strong>todire</strong></span> <span class='ocrx_word' id='word_1_266' title='bbox 2116 1454 2274 1510; x_wconf 91' lang='lat' dir='ltr'><strong>velit.</strong></span> 
     </span>
    </p>
   </div>
   <div class='ocr_carea' id='block_1_39' title="bbox 2297 1543 3142 1602">
    <p class='ocr_par' dir='ltr' id='par_1_39' title="bbox 2297 1543 3142 1602">
     <span class='ocr_line' id='line_1_39' title="bbox 2297 1543 3142 1602; baseline 0.007 -6"><span class='ocrx_word' id='word_1_267' title='bbox 2297 1543 2441 1601; x_wconf 86' lang='lat' dir='ltr'><strong>VIII.</strong></span> <span class='ocrx_word' id='word_1_268' title='bbox 2476 1546 2552 1600; x_wconf 92' lang='lat' dir='ltr'><strong>De</strong></span> <span class='ocrx_word' id='word_1_269' title='bbox 2580 1543 2805 1600; x_wconf 87' lang='lat' dir='ltr'><strong>decimis</strong></span> <span class='ocrx_word' id='word_1_270' title='bbox 2834 1543 3142 1602; x_wconf 70' lang='lat' dir='ltr'><strong>reddendis.</strong></span> 
     </span>
    </p>
   </div>
   <div class='ocr_carea' id='block_1_40' title="bbox 1969 1633 3554 1707">
    <p class='ocr_par' dir='ltr' id='par_1_40' title="bbox 1969 1633 3554 1707">
     <span class='ocr_line' id='line_1_40' title="bbox 1969 1633 3554 1707; baseline 0.003 -19"><span class='ocrx_word' id='word_1_271' title='bbox 1969 1633 2040 1688; x_wconf 90' lang='lat' dir='ltr'><strong>Et</strong></span> <span class='ocrx_word' id='word_1_272' title='bbox 2070 1633 2478 1704; x_wconf 88' lang='lat' dir='ltr'><strong>persolvantur</strong></span> <span class='ocrx_word' id='word_1_273' title='bbox 2508 1633 2608 1689; x_wconf 90' lang='lat' dir='ltr'><strong>Dei</strong></span> <span class='ocrx_word' id='word_1_274' title='bbox 2633 1634 2772 1704; x_wconf 90' lang='lat' dir='ltr'><strong>jura</strong></span> <span class='ocrx_word' id='word_1_275' title='bbox 2824 1633 3029 1705; x_wconf 90' lang='lat' dir='ltr'><strong>quovis</strong></span> <span class='ocrx_word' id='word_1_276' title='bbox 3055 1651 3208 1691; x_wconf 90' lang='lat' dir='ltr'><strong>anno</strong></span> <span class='ocrx_word' id='word_1_277' title='bbox 3231 1635 3390 1707; x_wconf 90' lang='lat' dir='ltr'><strong>juste</strong></span> <span class='ocrx_word' id='word_1_278' title='bbox 3419 1635 3554 1693; x_wconf 90' lang='lat' dir='ltr'><strong>dili-</strong></span> 
     </span>
    </p>
   </div>
   <div class='ocr_carea' id='block_1_41' title="bbox 1899 1721 3552 1797">
    <p class='ocr_par' dir='ltr' id='par_1_41' title="bbox 1899 1721 3552 1797">
     <span class='ocr_line' id='line_1_41' title="bbox 1899 1721 3552 1797; baseline 0.003 -21"><span class='ocrx_word' id='word_1_279' title='bbox 1899 1725 2103 1793; x_wconf 86' lang='lat' dir='ltr'><strong>genter</strong></span> <span class='ocrx_word' id='word_1_280' title='bbox 2121 1721 2231 1777; x_wconf 93' lang='lat' dir='ltr'><strong>hoc</strong></span> <span class='ocrx_word' id='word_1_281' title='bbox 2261 1726 2351 1778; x_wconf 93' lang='lat' dir='ltr'><strong>est</strong></span> <span class='ocrx_word' id='word_1_282' title='bbox 2382 1721 2662 1778; x_wconf 88' lang='lat' dir='ltr'><strong>arationis</strong></span> <span class='ocrx_word' id='word_1_283' title='bbox 2691 1721 3061 1796; x_wconf 84' lang='lat' dir='ltr'><strong>eleemosyna</strong></span> <span class='ocrx_word' id='word_1_284' title='bbox 3089 1724 3316 1780; x_wconf 90' lang='lat' dir='ltr'><strong>decimo</strong></span> <span class='ocrx_word' id='word_1_285' title='bbox 3346 1725 3552 1797; x_wconf 92' lang='lat' dir='ltr'><strong>quinto</strong></span> 
     </span>
    </p>
   </div>
   <div class='ocr_carea' id='block_1_42' title="bbox 1898 1809 3550 1882">
    <p class='ocr_par' dir='ltr' id='par_1_42' title="bbox 1898 1809 3550 1882">
     <span class='ocr_line' id='line_1_42' title="bbox 1898 1809 3550 1882; baseline 0.003 -18"><span class='ocrx_word' id='word_1_286' title='bbox 1898 1809 1992 1864; x_wconf 89' lang='lat' dir='ltr'><strong>die</strong></span> <span class='ocrx_word' id='word_1_287' title='bbox 2021 1827 2055 1864; x_wconf 92' lang='lat' dir='ltr'><strong>a</strong></span> <span class='ocrx_word' id='word_1_288' title='bbox 2080 1810 2379 1882; x_wconf 87' lang='lat' dir='ltr'><strong>Paschate,</strong></span> <span class='ocrx_word' id='word_1_289' title='bbox 2411 1814 2468 1866; x_wconf 92' lang='lat' dir='ltr'><strong>et</strong></span> <span class='ocrx_word' id='word_1_290' title='bbox 2497 1810 2724 1866; x_wconf 82' lang='lat' dir='ltr'><strong>fetuum</strong></span> <span class='ocrx_word' id='word_1_291' title='bbox 2756 1810 2994 1866; x_wconf 89' lang='lat' dir='ltr'><strong>decima</strong></span> <span class='ocrx_word' id='word_1_292' title='bbox 3033 1812 3106 1867; x_wconf 92' lang='lat' dir='ltr'><strong>ad</strong></span> <span class='ocrx_word' id='word_1_293' title='bbox 3153 1812 3550 1882; x_wconf 87' lang='lat' dir='ltr'><strong>Pentecosten,</strong></span> 
     </span>
    </p>
   </div>
   <div class='ocr_carea' id='block_1_43' title="bbox 1907 1897 3554 1971">
    <p class='ocr_par' dir='ltr' id='par_1_43' title="bbox 1907 1897 3554 1971">
     <span class='ocr_line' id='line_1_43' title="bbox 1907 1897 3554 1971; baseline 0.003 -18"><span class='ocrx_word' id='word_1_294' title='bbox 1907 1901 1964 1953; x_wconf 93' lang='lat' dir='ltr'><strong>et</strong></span> <span class='ocrx_word' id='word_1_295' title='bbox 1990 1901 2156 1954; x_wconf 82' lang='lat' dir='ltr'><strong>terra</strong></span> <span class='ocrx_word' id='word_1_296' title='bbox 2184 1897 2455 1971; x_wconf 87' lang='lat' dir='ltr'><strong>primitia</strong></span> <span class='ocrx_word' id='word_1_297' title='bbox 2478 1899 2550 1954; x_wconf 87' lang='lat' dir='ltr'><strong>ad</strong></span> <span class='ocrx_word' id='word_1_298' title='bbox 2575 1898 2790 1955; x_wconf 88' lang='lat' dir='ltr'><strong>festum</strong></span> <span class='ocrx_word' id='word_1_299' title='bbox 2807 1899 3085 1956; x_wconf 90' lang='lat' dir='ltr'><strong>Omnium</strong></span> <span class='ocrx_word' id='word_1_300' title='bbox 3115 1901 3554 1970; x_wconf 87' lang='lat' dir='ltr'><strong>Sanctorum;et</strong></span> 
     </span>
    </p>
   </div>
   <div class='ocr_carea' id='block_1_44' title="bbox 1903 1985 3552 2062">
    <p class='ocr_par' dir='ltr' id='par_1_44' title="bbox 1903 1985 3552 2062">
     <span class='ocr_line' id='line_1_44' title="bbox 1903 1985 3552 2062; baseline 0.002 -20"><span class='ocrx_word' id='word_1_301' title='bbox 1903 1985 1954 2042; x_wconf 92' lang='lat' dir='ltr'><strong>si</strong></span> <span class='ocrx_word' id='word_1_302' title='bbox 1981 1987 2115 2059; x_wconf 91' lang='lat' dir='ltr'><strong>quis</strong></span> <span class='ocrx_word' id='word_1_303' title='bbox 2147 1991 2288 2043; x_wconf 90' lang='lat' dir='ltr'><strong>tunc</strong></span> <span class='ocrx_word' id='word_1_304' title='bbox 2330 1987 2590 2044; x_wconf 89' lang='lat' dir='ltr'><strong>decimas</strong></span> <span class='ocrx_word' id='word_1_305' title='bbox 2621 1987 2950 2060; x_wconf 88' lang='lat' dir='ltr'><strong>persolvere</strong></span> <span class='ocrx_word' id='word_1_306' title='bbox 2981 1987 3146 2057; x_wconf 91' lang='lat' dir='ltr'><strong>nolit,</strong></span> <span class='ocrx_word' id='word_1_307' title='bbox 3179 1988 3374 2062; x_wconf 91' lang='lat' dir='ltr'><strong>prouti</strong></span> <span class='ocrx_word' id='word_1_308' title='bbox 3404 1989 3552 2046; x_wconf 84' lang='lat' dir='ltr'><strong>dixi-</strong></span> 
     </span>
    </p>
   </div>
   <div class='ocr_carea' id='block_1_45' title="bbox 1902 2074 3551 2150">
    <p class='ocr_par' dir='ltr' id='par_1_45' title="bbox 1902 2074 3551 2150">
     <span class='ocr_line' id='line_1_45' title="bbox 1902 2074 3551 2150; baseline 0.004 -20"><span class='ocrx_word' id='word_1_309' title='bbox 1902 2091 2057 2142; x_wconf 90' lang='lat' dir='ltr'><strong>mus,</strong></span> <span class='ocrx_word' id='word_1_310' title='bbox 2088 2074 2197 2132; x_wconf 93' lang='lat' dir='ltr'><strong>hoc</strong></span> <span class='ocrx_word' id='word_1_311' title='bbox 2227 2079 2317 2132; x_wconf 91' lang='lat' dir='ltr'><strong>est</strong></span> <span class='ocrx_word' id='word_1_312' title='bbox 2347 2076 2606 2132; x_wconf 89' lang='lat' dir='ltr'><strong>decimas</strong></span> <span class='ocrx_word' id='word_1_313' title='bbox 2627 2076 2774 2150; x_wconf 87' lang='lat' dir='ltr'><strong>agri,</strong></span> <span class='ocrx_word' id='word_1_314' title='bbox 2807 2076 3011 2134; x_wconf 91' lang='lat' dir='ltr'><strong>eodem</strong></span> <span class='ocrx_word' id='word_1_315' title='bbox 3024 2077 3198 2134; x_wconf 91' lang='lat' dir='ltr'><strong>modo</strong></span> <span class='ocrx_word' id='word_1_316' title='bbox 3211 2081 3551 2136; x_wconf 89' lang='lat' dir='ltr'><strong>acaratrum</strong></span> 
     </span>
    </p>
   </div>
   <div class='ocr_carea' id='block_1_46' title="bbox 1900 2164 3553 2240">
    <p class='ocr_par' dir='ltr' id='par_1_46' title="bbox 1900 2164 3553 2240">
     <span class='ocr_line' id='line_1_46' title="bbox 1900 2164 3553 2240; baseline 0.003 -21"><span class='ocrx_word' id='word_1_317' title='bbox 1900 2179 2278 2236; x_wconf 88' lang='lat' dir='ltr'><strong>progressum</strong></span> <span class='ocrx_word' id='word_1_318' title='bbox 2295 2164 2434 2221; x_wconf 86' lang='lat' dir='ltr'><strong>fecit</strong></span> <span class='ocrx_word' id='word_1_319' title='bbox 2457 2183 2472 2234; x_wconf 92' lang='lat'><strong>;</strong></span> <span class='ocrx_word' id='word_1_320' title='bbox 2491 2169 2630 2220; x_wconf 90' lang='lat' dir='ltr'><strong>tunc</strong></span> <span class='ocrx_word' id='word_1_321' title='bbox 2663 2165 3012 2222; x_wconf 89' lang='lat' dir='ltr'><strong>conveniant</strong></span> <span class='ocrx_word' id='word_1_322' title='bbox 3032 2165 3189 2240; x_wconf 89' lang='lat' dir='ltr'><strong>regis</strong></span> <span class='ocrx_word' id='word_1_323' title='bbox 3204 2167 3553 2240; x_wconf 67' lang='lat' dir='ltr'><strong>praepositus</strong></span> 
     </span>
    </p>
   </div>
   <div class='ocr_carea' id='block_1_47' title="bbox 1898 2252 3554 2328">
    <p class='ocr_par' dir='ltr' id='par_1_47' title="bbox 1898 2252 3554 2328">
     <span class='ocr_line' id='line_1_47' title="bbox 1898 2252 3554 2328; baseline 0.003 -21"><span class='ocrx_word' id='word_1_324' title='bbox 1898 2255 1955 2307; x_wconf 90' lang='lat' dir='ltr'><strong>et</strong></span> <span class='ocrx_word' id='word_1_325' title='bbox 1983 2252 2262 2325; x_wconf 91' lang='lat' dir='ltr'><strong>episcopi,</strong></span> <span class='ocrx_word' id='word_1_326' title='bbox 2295 2257 2353 2309; x_wconf 90' lang='lat' dir='ltr'><strong>et</strong></span> <span class='ocrx_word' id='word_1_327' title='bbox 2391 2254 2556 2310; x_wconf 83' lang='lat' dir='ltr'><strong>fundi</strong></span> <span class='ocrx_word' id='word_1_328' title='bbox 2579 2253 2856 2311; x_wconf 90' lang='lat' dir='ltr'><strong>dominus</strong></span> <span class='ocrx_word' id='word_1_329' title='bbox 2875 2257 2933 2310; x_wconf 91' lang='lat' dir='ltr'><strong>et</strong></span> <span class='ocrx_word' id='word_1_330' title='bbox 2953 2254 3209 2311; x_wconf 87' lang='lat' dir='ltr'><strong>ecclesia</strong></span> <span class='ocrx_word' id='word_1_331' title='bbox 3229 2255 3554 2328; x_wconf 85' lang='lat' dir='ltr'><strong>presbyter,</strong></span> 
     </span>
    </p>
   </div>
   <div class='ocr_carea' id='block_1_48' title="bbox 1897 2341 3555 2417">
    <p class='ocr_par' dir='ltr' id='par_1_48' title="bbox 1897 2341 3555 2417">
     <span class='ocr_line' id='line_1_48' title="bbox 1897 2341 3555 2417; baseline 0.002 -20"><span class='ocrx_word' id='word_1_332' title='bbox 1897 2344 1955 2397; x_wconf 91' lang='lat' dir='ltr'><strong>et</strong></span> <span class='ocrx_word' id='word_1_333' title='bbox 1984 2348 2225 2398; x_wconf 83' lang='lat' dir='ltr'><strong>sumant</strong></span> <span class='ocrx_word' id='word_1_334' title='bbox 2246 2341 2424 2398; x_wconf 90' lang='lat' dir='ltr'><strong>invito</strong></span> <span class='ocrx_word' id='word_1_335' title='bbox 2451 2341 2549 2398; x_wconf 92' lang='lat' dir='ltr'><strong>illo</strong></span> <span class='ocrx_word' id='word_1_336' title='bbox 2601 2341 2890 2399; x_wconf 90' lang='lat' dir='ltr'><strong>decimam</strong></span> <span class='ocrx_word' id='word_1_337' title='bbox 2929 2346 3156 2415; x_wconf 86' lang='lat' dir='ltr'><strong>partem</strong></span> <span class='ocrx_word' id='word_1_338' title='bbox 3178 2359 3284 2417; x_wconf 92' lang='lat' dir='ltr'><strong>pro</strong></span> <span class='ocrx_word' id='word_1_339' title='bbox 3309 2343 3555 2402; x_wconf 87' lang='lat' dir='ltr'><strong>ecclesia</strong></span> 
     </span>
    </p>
   </div>
   <div class='ocr_carea' id='block_1_49' title="bbox 1896 2429 3556 2506">
    <p class='ocr_par' dir='ltr' id='par_1_49' title="bbox 1896 2429 3556 2506">
     <span class='ocr_line' id='line_1_49' title="bbox 1896 2429 3556 2506; baseline 0.004 -22"><span class='ocrx_word' id='word_1_340' title='bbox 1896 2429 1968 2484; x_wconf 87' lang='lat' dir='ltr'><strong>ad</strong></span> <span class='ocrx_word' id='word_1_341' title='bbox 2004 2447 2182 2502; x_wconf 88' lang='lat' dir='ltr'><strong>quam</strong></span> <span class='ocrx_word' id='word_1_342' title='bbox 2207 2431 2542 2504; x_wconf 90' lang='lat' dir='ltr'><strong>pertinet,et</strong></span> <span class='ocrx_word' id='word_1_343' title='bbox 2567 2430 2869 2503; x_wconf 89' lang='lat' dir='ltr'><strong>assignent</strong></span> <span class='ocrx_word' id='word_1_344' title='bbox 2893 2431 2945 2487; x_wconf 91' lang='lat' dir='ltr'><strong>ei</strong></span> <span class='ocrx_word' id='word_1_345' title='bbox 2967 2448 3184 2488; x_wconf 90' lang='lat' dir='ltr'><strong>nonam</strong></span> <span class='ocrx_word' id='word_1_346' title='bbox 3207 2436 3432 2506; x_wconf 87' lang='lat' dir='ltr'><strong>partem</strong></span> <span class='ocrx_word' id='word_1_347' title='bbox 3457 2451 3473 2502; x_wconf 89' lang='lat'><strong>;</strong></span> <span class='ocrx_word' id='word_1_348' title='bbox 3497 2439 3556 2491; x_wconf 91' lang='lat' dir='ltr'><strong>et</strong></span> 
     </span>
    </p>
   </div>
   <div class='ocr_carea' id='block_1_50' title="bbox 1895 2517 3555 2593">
    <p class='ocr_par' dir='ltr' id='par_1_50' title="bbox 1895 2517 3555 2593">
     <span class='ocr_line' id='line_1_50' title="bbox 1895 2517 3555 2593; baseline 0.003 -19"><span class='ocrx_word' id='word_1_349' title='bbox 1895 2517 2194 2575; x_wconf 82' lang='lat' dir='ltr'><strong>dividatur</strong></span> <span class='ocrx_word' id='word_1_350' title='bbox 2212 2523 2414 2576; x_wconf 91' lang='lat' dir='ltr'><strong>octava</strong></span> <span class='ocrx_word' id='word_1_351' title='bbox 2438 2537 2574 2592; x_wconf 91' lang='lat' dir='ltr'><strong>pars</strong></span> <span class='ocrx_word' id='word_1_352' title='bbox 2604 2519 2666 2574; x_wconf 91' lang='lat' dir='ltr'><strong>in</strong></span> <span class='ocrx_word' id='word_1_353' title='bbox 2688 2521 2825 2587; x_wconf 93' lang='lat' dir='ltr'><strong>duo,</strong></span> <span class='ocrx_word' id='word_1_354' title='bbox 2859 2524 2917 2575; x_wconf 88' lang='lat' dir='ltr'><strong>et</strong></span> <span class='ocrx_word' id='word_1_355' title='bbox 2957 2521 3150 2593; x_wconf 87' lang='lat' dir='ltr'><strong>capiat</strong></span> <span class='ocrx_word' id='word_1_356' title='bbox 3175 2523 3342 2578; x_wconf 79' lang='lat' dir='ltr'><strong>terra</strong></span> <span class='ocrx_word' id='word_1_357' title='bbox 3370 2522 3555 2579; x_wconf 90' lang='lat' dir='ltr'><strong>domi-</strong></span> 
     </span>
    </p>
   </div>
   <div class='ocr_carea' id='block_1_51' title="bbox 25 2609 1782 2686">
    <p class='ocr_par' dir='ltr' id='par_1_51' title="bbox 25 2609 1782 2686">
     <span class='ocr_line' id='line_1_51' title="bbox 25 2609 1782 2686; baseline -0.003 -17"><span class='ocrx_word' id='word_1_358' title='bbox 25 2632 38 2636; x_wconf 92' lang='grc'><strong>·</strong></span> <span class='ocrx_word' id='word_1_359' title='bbox 111 2613 257 2686; x_wconf 88' lang='lat' dir='ltr'><strong>jure</strong></span> <span class='ocrx_word' id='word_1_360' title='bbox 285 2610 602 2668; x_wconf 88' lang='lat' dir='ltr'><strong>inimicitia</strong></span> <span class='ocrx_word' id='word_1_361' title='bbox 629 2612 1170 2685; x_wconf 88' lang='lat' dir='ltr'><strong>compensationem</strong></span> <span class='ocrx_word' id='word_1_362' title='bbox 1199 2616 1416 2686; x_wconf 91' lang='lat' dir='ltr'><strong>petere,</strong></span> <span class='ocrx_word' id='word_1_363' title='bbox 1450 2627 1555 2666; x_wconf 92' lang='lat' dir='ltr'><strong>nec</strong></span> <span class='ocrx_word' id='word_1_364' title='bbox 1586 2609 1782 2665; x_wconf 90' lang='lat' dir='ltr'><strong>inimi-</strong></span> 
     </span>
    </p>
   </div>
   <div class='ocr_carea' id='block_1_52' title="bbox 1892 2607 3548 2684">
    <p class='ocr_par' dir='ltr' id='par_1_52' title="bbox 1892 2607 3548 2684">
     <span class='ocr_line' id='line_1_52' title="bbox 1892 2607 3548 2684; baseline 0.004 -22"><span class='ocrx_word' id='word_1_365' title='bbox 1892 2623 2006 2663; x_wconf 91' lang='lat' dir='ltr'><strong>nus</strong></span> <span class='ocrx_word' id='word_1_366' title='bbox 2033 2607 2433 2675; x_wconf 87' lang='lat' dir='ltr'><strong>dimidium,et</strong></span> <span class='ocrx_word' id='word_1_367' title='bbox 2455 2607 2772 2664; x_wconf 91' lang='lat' dir='ltr'><strong>dimidium</strong></span> <span class='ocrx_word' id='word_1_368' title='bbox 2793 2608 3254 2682; x_wconf 90' lang='lat' dir='ltr'><strong>episcopus,sive</strong></span> <span class='ocrx_word' id='word_1_369' title='bbox 3275 2610 3354 2667; x_wconf 87' lang='lat' dir='ltr'><strong>sit</strong></span> <span class='ocrx_word' id='word_1_370' title='bbox 3371 2609 3548 2684; x_wconf 87' lang='lat' dir='ltr'><strong>regis,</strong></span> 
     </span>
    </p>
   </div>
   <div class='ocr_carea' id='block_1_53' title="bbox 124 2695 2528 2773">
    <p class='ocr_par' dir='ltr' id='par_1_53' title="bbox 124 2695 2528 2773">
     <span class='ocr_line' id='line_1_53' title="bbox 124 2695 2528 2773; baseline -0.002 -16"><span class='ocrx_word' id='word_1_371' title='bbox 124 2700 279 2758; x_wconf 85' lang='lat' dir='ltr'><strong>citia</strong></span> <span class='ocrx_word' id='word_1_372' title='bbox 300 2701 840 2773; x_wconf 88' lang='lat' dir='ltr'><strong>compensationem</strong></span> <span class='ocrx_word' id='word_1_373' title='bbox 873 2701 1092 2758; x_wconf 90' lang='lat' dir='ltr'><strong>solvere</strong></span> <span class='ocrx_word' id='word_1_374' title='bbox 1131 2705 1380 2770; x_wconf 90' lang='lat' dir='ltr'><strong>tenetur,</strong></span> <span class='ocrx_word' id='word_1_375' title='bbox 1414 2701 1668 2773; x_wconf 90' lang='lat' dir='ltr'><strong>deponat</strong></span> <span class='ocrx_word' id='word_1_376' title='bbox 1688 2714 1782 2754; x_wconf 93' lang='lat' dir='ltr'><strong>co-</strong></span> <span class='ocrx_word' id='word_1_377' title='bbox 1893 2695 2013 2752; x_wconf 88' lang='lat' dir='ltr'><strong>sive</strong></span> <span class='ocrx_word' id='word_1_378' title='bbox 2042 2696 2207 2753; x_wconf 89' lang='lat' dir='ltr'><strong>thani</strong></span> <span class='ocrx_word' id='word_1_379' title='bbox 2240 2696 2528 2753; x_wconf 91' lang='lat' dir='ltr'><strong>minister.</strong></span> 
     </span>
    </p>
   </div>
   <div class='ocr_carea' id='block_1_54' title="bbox 125 2780 3088 2864">
    <p class='ocr_par' dir='ltr' id='par_1_54' title="bbox 125 2780 3088 2864">
     <span class='ocr_line' id='line_1_54' title="bbox 125 2780 3088 2864; baseline 0.002 -20"><span class='ocrx_word' id='word_1_380' title='bbox 125 2788 427 2864; x_wconf 83' lang='lat' dir='ltr'><strong>gnationis</strong></span> <span class='ocrx_word' id='word_1_381' title='bbox 458 2788 637 2862; x_wconf 86' lang='lat' dir='ltr'><strong>leges,</strong></span> <span class='ocrx_word' id='word_1_382' title='bbox 659 2806 794 2846; x_wconf 90' lang='lat' dir='ltr'><strong>cum</strong></span> <span class='ocrx_word' id='word_1_383' title='bbox 815 2790 1027 2847; x_wconf 90' lang='lat' dir='ltr'><strong>transit</strong></span> <span class='ocrx_word' id='word_1_384' title='bbox 1048 2791 1120 2846; x_wconf 91' lang='lat' dir='ltr'><strong>ad</strong></span> <span class='ocrx_word' id='word_1_385' title='bbox 1152 2790 1310 2863; x_wconf 88' lang='lat' dir='ltr'><strong>leges</strong></span> <span class='ocrx_word' id='word_1_386' title='bbox 1340 2787 1655 2862; x_wconf 88' lang='lat' dir='ltr'><strong>regulares.</strong></span> <span class='ocrx_word' id='word_1_387' title='bbox 1689 2787 1780 2855; x_wconf 91' lang='lat' dir='ltr'><strong>Et,</strong></span> <span class='ocrx_word' id='word_1_388' title='bbox 2192 2780 2196 2784; x_wconf 60' lang='grc'><strong>’</strong></span> <span class='ocrx_word' id='word_1_389' title='bbox 2343 2794 2438 2850; x_wconf 83' lang='grc' dir='ltr'><strong>ΙΧ.</strong></span> <span class='ocrx_word' id='word_1_390' title='bbox 2471 2795 2544 2851; x_wconf 88' lang='lat' dir='ltr'><strong>De</strong></span> <span class='ocrx_word' id='word_1_391' title='bbox 2572 2811 2797 2853; x_wconf 86' lang='lat' dir='ltr'><strong>nummo</strong></span> <span class='ocrx_word' id='word_1_392' title='bbox 2826 2796 3088 2853; x_wconf 83' lang='lat' dir='ltr'><strong>Romano.</strong></span> 
     </span>
    </p>
   </div>
   <div class='ocr_carea' id='block_1_55' title="bbox 124 2875 3546 2958">
    <p class='ocr_par' dir='ltr' id='par_1_55' title="bbox 124 2875 3546 2958">
     <span class='ocr_line' id='line_1_55' title="bbox 124 2875 3546 2958; baseline 0.003 -25"><span class='ocrx_word' id='word_1_393' title='bbox 124 2878 184 2936; x_wconf 89' lang='lat' dir='ltr'><strong>si</strong></span> <span class='ocrx_word' id='word_1_394' title='bbox 214 2878 515 2952; x_wconf 81' lang='lat' dir='ltr'><strong>presbyter</strong></span> <span class='ocrx_word' id='word_1_395' title='bbox 542 2895 805 2951; x_wconf 90' lang='lat' dir='ltr'><strong>unquam</strong></span> <span class='ocrx_word' id='word_1_396' title='bbox 834 2879 1010 2935; x_wconf 85' lang='lat' dir='ltr'><strong>fuerit</strong></span> <span class='ocrx_word' id='word_1_397' title='bbox 1036 2879 1222 2936; x_wconf 86' lang='lat' dir='ltr'><strong>falsus</strong></span> <span class='ocrx_word' id='word_1_398' title='bbox 1252 2879 1440 2943; x_wconf 83' lang='lat' dir='ltr'><strong>testis,</strong></span> <span class='ocrx_word' id='word_1_399' title='bbox 1472 2875 1558 2932; x_wconf 89' lang='lat' dir='ltr'><strong>vel</strong></span> <span class='ocrx_word' id='word_1_400' title='bbox 1589 2877 1710 2949; x_wconf 90' lang='lat' dir='ltr'><strong>perj</strong></span> <span class='ocrx_word' id='word_1_401' title='bbox 1723 2893 1783 2931; x_wconf 87' lang='lat' dir='ltr'><strong>u-</strong></span> <span class='ocrx_word' id='word_1_402' title='bbox 1959 2883 2030 2938; x_wconf 89' lang='lat' dir='ltr'><strong>Et</strong></span> <span class='ocrx_word' id='word_1_403' title='bbox 2059 2882 2337 2940; x_wconf 90' lang='lat' dir='ltr'><strong>denarius</strong></span> <span class='ocrx_word' id='word_1_404' title='bbox 2366 2884 2522 2939; x_wconf 91' lang='lat' dir='ltr'><strong>Petri</strong></span> <span class='ocrx_word' id='word_1_405' title='bbox 2553 2885 2626 2940; x_wconf 90' lang='lat' dir='ltr'><strong>ad</strong></span> <span class='ocrx_word' id='word_1_406' title='bbox 2657 2884 2875 2940; x_wconf 88' lang='lat' dir='ltr'><strong>festum</strong></span> <span class='ocrx_word' id='word_1_407' title='bbox 2905 2884 3059 2941; x_wconf 90' lang='lat' dir='ltr'><strong>Petri</strong></span> <span class='ocrx_word' id='word_1_408' title='bbox 3090 2884 3395 2958; x_wconf 84' lang='lat' dir='ltr'><strong>(solvatur)</strong></span> <span class='ocrx_word' id='word_1_409' title='bbox 3423 2889 3481 2944; x_wconf 91' lang='lat' dir='ltr'><strong>et</strong></span> <span class='ocrx_word' id='word_1_410' title='bbox 3495 2887 3546 2944; x_wconf 84' lang='lat' dir='ltr'><strong>si</strong></span> 
     </span>
    </p>
   </div>
   <div class='ocr_carea' id='block_1_56' title="bbox 125 2966 3533 3049">
    <p class='ocr_par' dir='ltr' id='par_1_56' title="bbox 125 2966 3533 3049">
     <span class='ocr_line' id='line_1_56' title="bbox 125 2966 3533 3049; baseline 0.003 -25"><span class='ocrx_word' id='word_1_411' title='bbox 125 2967 351 3038; x_wconf 86' lang='lat' dir='ltr'><strong>rus,vel</strong></span> <span class='ocrx_word' id='word_1_412' title='bbox 382 2967 519 3022; x_wconf 85' lang='lat' dir='ltr'><strong>furti</strong></span> <span class='ocrx_word' id='word_1_413' title='bbox 552 2968 844 3035; x_wconf 89' lang='lat' dir='ltr'><strong>conscius,</strong></span> <span class='ocrx_word' id='word_1_414' title='bbox 867 2973 969 3024; x_wconf 91' lang='lat' dir='ltr'><strong>aut</strong></span> <span class='ocrx_word' id='word_1_415' title='bbox 997 2968 1370 3025; x_wconf 90' lang='lat' dir='ltr'><strong>consiliarius</strong></span> <span class='ocrx_word' id='word_1_416' title='bbox 1411 2966 1606 3032; x_wconf 88' lang='lat' dir='ltr'><strong>fuerit,</strong></span> <span class='ocrx_word' id='word_1_417' title='bbox 1638 2968 1780 3020; x_wconf 90' lang='lat' dir='ltr'><strong>tunc</strong></span> <span class='ocrx_word' id='word_1_418' title='bbox 1887 2971 2021 3043; x_wconf 86' lang='lat' dir='ltr'><strong>quis</strong></span> <span class='ocrx_word' id='word_1_419' title='bbox 2051 2987 2185 3027; x_wconf 86' lang='lat' dir='ltr'><strong>eum</strong></span> <span class='ocrx_word' id='word_1_420' title='bbox 2222 2989 2409 3045; x_wconf 88' lang='lat' dir='ltr'><strong>usque</strong></span> <span class='ocrx_word' id='word_1_421' title='bbox 2438 2972 2750 3045; x_wconf 92' lang='lat' dir='ltr'><strong>postillum</strong></span> <span class='ocrx_word' id='word_1_422' title='bbox 2779 2973 2934 3030; x_wconf 90' lang='lat' dir='ltr'><strong>diem</strong></span> <span class='ocrx_word' id='word_1_423' title='bbox 2964 2973 3396 3043; x_wconf 89' lang='lat' dir='ltr'><strong>retinuerit,det</strong></span> <span class='ocrx_word' id='word_1_424' title='bbox 3409 2975 3533 3049; x_wconf 89' lang='lat' dir='ltr'><strong>epi-</strong></span> 
     </span>
    </p>
   </div>
   <div class='ocr_carea' id='block_1_57' title="bbox 126 3053 3532 3136">
    <p class='ocr_par' dir='ltr' id='par_1_57' title="bbox 126 3053 3532 3136">
     <span class='ocr_line' id='line_1_57' title="bbox 126 3053 3532 3136; baseline 0.002 -24"><span class='ocrx_word' id='word_1_425' title='bbox 126 3055 213 3112; x_wconf 87' lang='lat' dir='ltr'><strong>sit</strong></span> <span class='ocrx_word' id='word_1_426' title='bbox 242 3055 605 3112; x_wconf 88' lang='lat' dir='ltr'><strong>sanctiﬁcata</strong></span> <span class='ocrx_word' id='word_1_427' title='bbox 633 3055 879 3112; x_wconf 89' lang='lat' dir='ltr'><strong>ecclesia</strong></span> <span class='ocrx_word' id='word_1_428' title='bbox 925 3056 1215 3125; x_wconf 88' lang='lat' dir='ltr'><strong>exclusus,</strong></span> <span class='ocrx_word' id='word_1_429' title='bbox 1239 3060 1296 3112; x_wconf 94' lang='lat' dir='ltr'><strong>et</strong></span> <span class='ocrx_word' id='word_1_430' title='bbox 1325 3055 1529 3128; x_wconf 88' lang='lat' dir='ltr'><strong>perdat</strong></span> <span class='ocrx_word' id='word_1_431' title='bbox 1559 3053 1778 3126; x_wconf 91' lang='lat' dir='ltr'><strong>ubique</strong></span> <span class='ocrx_word' id='word_1_432' title='bbox 1884 3076 2061 3132; x_wconf 92' lang='lat' dir='ltr'><strong>scopo</strong></span> <span class='ocrx_word' id='word_1_433' title='bbox 2083 3058 2248 3116; x_wconf 91' lang='lat' dir='ltr'><strong>illum</strong></span> <span class='ocrx_word' id='word_1_434' title='bbox 2274 3061 2604 3128; x_wconf 88' lang='lat' dir='ltr'><strong>denarium,</strong></span> <span class='ocrx_word' id='word_1_435' title='bbox 2638 3065 2695 3117; x_wconf 90' lang='lat' dir='ltr'><strong>et</strong></span> <span class='ocrx_word' id='word_1_436' title='bbox 2725 3061 2903 3118; x_wconf 89' lang='lat' dir='ltr'><strong>addat</strong></span> <span class='ocrx_word' id='word_1_437' title='bbox 2927 3079 3042 3118; x_wconf 83' lang='lat' dir='ltr'><strong>xxx</strong></span> <span class='ocrx_word' id='word_1_438' title='bbox 3070 3066 3128 3119; x_wconf 86' lang='lat' dir='ltr'><strong>et</strong></span> <span class='ocrx_word' id='word_1_439' title='bbox 3156 3063 3276 3136; x_wconf 86' lang='lat' dir='ltr'><strong>regi</strong></span> <span class='ocrx_word' id='word_1_440' title='bbox 3297 3067 3532 3121; x_wconf 89' lang='lat' dir='ltr'><strong>centum</strong></span> 
     </span>
    </p>
   </div>
   <div class='ocr_carea' id='block_1_58' title="bbox 125 3144 2358 3222">
    <p class='ocr_par' dir='ltr' id='par_1_58' title="bbox 125 3144 2358 3222">
     <span class='ocr_line' id='line_1_58' title="bbox 125 3144 2358 3222; baseline 0.002 -21"><span class='ocrx_word' id='word_1_441' title='bbox 125 3147 256 3201; x_wconf 79' lang='lat' dir='ltr'><strong>tam</strong></span> <span class='ocrx_word' id='word_1_442' title='bbox 287 3144 624 3201; x_wconf 89' lang='lat' dir='ltr'><strong>societatem</strong></span> <span class='ocrx_word' id='word_1_443' title='bbox 654 3161 832 3218; x_wconf 91' lang='lat' dir='ltr'><strong>quam</strong></span> <span class='ocrx_word' id='word_1_444' title='bbox 853 3144 1258 3214; x_wconf 86' lang='lat' dir='ltr'><strong>amicitiam,et</strong></span> <span class='ocrx_word' id='word_1_445' title='bbox 1277 3145 1596 3217; x_wconf 84' lang='lat' dir='ltr'><strong>cujuslibet</strong></span> <span class='ocrx_word' id='word_1_446' title='bbox 1613 3157 1779 3198; x_wconf 89' lang='lat' dir='ltr'><strong>vene-</strong></span> <span class='ocrx_word' id='word_1_447' title='bbox 1822 3216 1853 3222; x_wconf 80' lang='lat'><strong>_</strong></span> <span class='ocrx_word' id='word_1_448' title='bbox 1882 3147 2086 3222; x_wconf 89' lang='lat' dir='ltr'><strong>viginti</strong></span> <span class='ocrx_word' id='word_1_449' title='bbox 2118 3148 2358 3205; x_wconf 91' lang='lat' dir='ltr'><strong>solidos.</strong></span> 
     </span>
    </p>
   </div>
   <div class='ocr_carea' id='block_1_59' title="bbox 130 3216 3098 3320">
    <p class='ocr_par' dir='ltr' id='par_1_59' title="bbox 130 3216 3098 3320">
     <span class='ocr_line' id='line_1_59' title="bbox 130 3216 3098 3320; baseline 0.002 -31"><span class='ocrx_word' id='word_1_450' title='bbox 130 3232 447 3302; x_wconf 85' lang='lat' dir='ltr'><strong>rationem,</strong></span> <span class='ocrx_word' id='word_1_451' title='bbox 466 3233 588 3300; x_wconf 86' lang='lat' dir='ltr'><strong>nisi</strong></span> <span class='ocrx_word' id='word_1_452' title='bbox 613 3216 768 3307; x_wconf 81' lang='lat' dir='ltr'><strong>apud</strong></span> <span class='ocrx_word' id='word_1_453' title='bbox 799 3234 984 3290; x_wconf 91' lang='lat' dir='ltr'><strong>Deum</strong></span> <span class='ocrx_word' id='word_1_454' title='bbox 1001 3239 1058 3290; x_wconf 91' lang='lat' dir='ltr'><strong>et</strong></span> <span class='ocrx_word' id='word_1_455' title='bbox 1087 3235 1241 3306; x_wconf 92' lang='lat' dir='ltr'><strong>apud</strong></span> <span class='ocrx_word' id='word_1_456' title='bbox 1273 3216 1542 3290; x_wconf 90' lang='lat' dir='ltr'><strong>homines</strong></span> <span class='ocrx_word' id='word_1_457' title='bbox 1573 3232 1780 3304; x_wconf 90' lang='lat' dir='ltr'><strong>majori</strong></span> <span class='ocrx_word' id='word_1_458' title='bbox 1812 3216 1856 3283; x_wconf 71' lang='grc' dir='ltr'>Ο</span> <span class='ocrx_word' id='word_1_459' title='bbox 1943 3216 1973 3222; x_wconf 44' lang='grc'>⁷</span> <span class='ocrx_word' id='word_1_460' title='bbox 2326 3247 2388 3304; x_wconf 78' lang='grc' dir='ltr'><strong>Χ,</strong></span> <span class='ocrx_word' id='word_1_461' title='bbox 2420 3249 2494 3305; x_wconf 73' lang='grc' dir='ltr'><strong>οε</strong></span> <span class='ocrx_word' id='word_1_462' title='bbox 2519 3249 2789 3320; x_wconf 58' lang='lat' dir='ltr'><strong>primum</strong></span> <span class='ocrx_word' id='word_1_463' title='bbox 2807 3250 3098 3306; x_wconf 65' lang='lat' dir='ltr'><strong>seminum.</strong></span> 
     </span>
    </p>
   </div>
   <div class='ocr_carea' id='block_1_60' title="bbox 127 3321 3540 3411">
    <p class='ocr_par' dir='ltr' id='par_1_60' title="bbox 127 3321 3540 3411">
     <span class='ocr_line' id='line_1_60' title="bbox 127 3321 3540 3411; baseline 0.001 -17"><span class='ocrx_word' id='word_1_464' title='bbox 127 3322 309 3411; x_wconf 61' lang='lat' dir='ltr'><strong>modo</strong></span> <span class='ocrx_word' id='word_1_465' title='bbox 337 3324 894 3395; x_wconf 62' lang='grc' dir='ltr'><strong>οοωρθηεθινρνουιί</strong></span> <span class='ocrx_word' id='word_1_466' title='bbox 925 3323 1233 3396; x_wconf 79' lang='lat' dir='ltr'><strong>episcopus</strong></span> <span class='ocrx_word' id='word_1_467' title='bbox 1254 3339 1388 3378; x_wconf 79' lang='lat' dir='ltr'><strong>eum</strong></span> <span class='ocrx_word' id='word_1_468' title='bbox 1415 3321 1778 3388; x_wconf 75' lang='lat' dir='ltr'><strong>instruxerit.</strong></span> <span class='ocrx_word' id='word_1_469' title='bbox 1963 3335 2032 3390; x_wconf 91' lang='lat' dir='ltr'><strong>Et</strong></span> <span class='ocrx_word' id='word_1_470' title='bbox 2059 3335 2354 3392; x_wconf 85' lang='lat' dir='ltr'><strong>seminum</strong></span> <span class='ocrx_word' id='word_1_471' title='bbox 2377 3336 2646 3408; x_wconf 69' lang='lat' dir='ltr'><strong>primitias</strong></span> <span class='ocrx_word' id='word_1_472' title='bbox 2669 3337 2742 3392; x_wconf 87' lang='lat' dir='ltr'><strong>ad</strong></span> <span class='ocrx_word' id='word_1_473' title='bbox 2769 3337 3004 3394; x_wconf 76' lang='lat' dir='ltr'><strong>Martini</strong></span> <span class='ocrx_word' id='word_1_474' title='bbox 3024 3338 3386 3407; x_wconf 84' lang='lat' dir='ltr'><strong>festum,etsi</strong></span> <span class='ocrx_word' id='word_1_475' title='bbox 3405 3338 3540 3411; x_wconf 91' lang='lat' dir='ltr'><strong>quis</strong></span> 
     </span>
    </p>
   </div>
   <div class='ocr_carea' id='block_1_61' title="bbox 129 3409 1794 3501">
    <p class='ocr_par' dir='ltr' id='par_1_61' title="bbox 129 3409 1782 3484">
     <span class='ocr_line' id='line_1_61' title="bbox 129 3409 1782 3484; baseline -0.001 -18"><span class='ocrx_word' id='word_1_476' title='bbox 129 3412 195 3466; x_wconf 83' lang='lat' dir='ltr'><strong>et</strong></span> <span class='ocrx_word' id='word_1_477' title='bbox 221 3409 513 3466; x_wconf 89' lang='lat' dir='ltr'><strong>inveniam</strong></span> <span class='ocrx_word' id='word_1_478' title='bbox 563 3411 675 3468; x_wconf 91' lang='lat' dir='ltr'><strong>sibi</strong></span> <span class='ocrx_word' id='word_1_479' title='bbox 725 3411 1154 3483; x_wconf 76' lang='lat' dir='ltr'><strong>fidejussorem,</strong></span> <span class='ocrx_word' id='word_1_480' title='bbox 1189 3412 1345 3484; x_wconf 90' lang='lat' dir='ltr'><strong>quod</strong></span> <span class='ocrx_word' id='word_1_481' title='bbox 1397 3411 1782 3482; x_wconf 87' lang='lat' dir='ltr'><strong>imposterum</strong></span> 
     </span>
    </p>
   </div>
   <div class='ocr_carea' id='block_1_62' title="bbox 1967 3409 3544 3501">
    <p class='ocr_par' dir='ltr' id='par_1_62' title="bbox 1967 3409 3544 3501">
     <span class='ocr_line' id='line_1_62' title="bbox 1967 3409 3544 3501; baseline 0.003 -23"><span class='ocrx_word' id='word_1_482' title='bbox 1967 3439 2185 3496; x_wconf 89' lang='lat' dir='ltr'><strong>susque</strong></span> <span class='ocrx_word' id='word_1_483' title='bbox 2234 3428 2366 3496; x_wconf 91' lang='lat' dir='ltr'><strong>post</strong></span> <span class='ocrx_word' id='word_1_484' title='bbox 2389 3423 2559 3480; x_wconf 92' lang='lat' dir='ltr'><strong>illum</strong></span> <span class='ocrx_word' id='word_1_485' title='bbox 2589 3424 2748 3480; x_wconf 92' lang='lat' dir='ltr'><strong>diem</strong></span> <span class='ocrx_word' id='word_1_486' title='bbox 2807 3424 3136 3498; x_wconf 89' lang='lat' dir='ltr'><strong>retinuerit,</strong></span> <span class='ocrx_word' id='word_1_487' title='bbox 3166 3426 3263 3483; x_wconf 91' lang='lat' dir='ltr'><strong>det</strong></span> <span class='ocrx_word' id='word_1_488' title='bbox 3291 3442 3392 3484; x_wconf 90' lang='lat' dir='ltr'><strong>eas</strong></span> <span class='ocrx_word' id='word_1_489' title='bbox 3415 3409 3544 3501; x_wconf 81' lang='lat' dir='ltr'><strong>epi-</strong></span> 
     </span>
    </p>
   </div>
   <div class='ocr_carea' id='block_1_63' title="bbox 131 3498 3540 3589">
    <p class='ocr_par' dir='ltr' id='par_1_63' title="bbox 131 3498 3540 3589">
     <span class='ocr_line' id='line_1_63' title="bbox 131 3498 3540 3589; baseline 0.001 -18"><span class='ocrx_word' id='word_1_490' title='bbox 131 3513 368 3571; x_wconf 62' lang='lat' dir='ltr'><strong>semper</strong></span> <span class='ocrx_word' id='word_1_491' title='bbox 419 3516 455 3554; x_wconf 72' lang='grc'>⁸</span> <span class='ocrx_word' id='word_1_492' title='bbox 498 3498 678 3589; x_wconf 43' lang='lat' dir='ltr'><strong>Simili</strong></span> <span class='ocrx_word' id='word_1_493' title='bbox 735 3499 1023 3571; x_wconf 64' lang='grc' dir='ltr'><strong>(οπίωίοθ)</strong></span> <span class='ocrx_word' id='word_1_494' title='bbox 1080 3504 1417 3589; x_wconf 58' lang='grc' dir='ltr'><strong>οθβεαῗτυτυε</strong></span> <span class='ocrx_word' id='word_1_495' title='bbox 1474 3499 1572 3555; x_wconf 70' lang='lat' dir='ltr'><strong>Sit-</strong></span> <span class='ocrx_word' id='word_1_496' title='bbox 1606 3499 1692 3568; x_wconf 62' lang='lat' dir='ltr'><strong>Et,</strong></span> <span class='ocrx_word' id='word_1_497' title='bbox 1734 3499 1785 3589; x_wconf 72' lang='lat' dir='ltr'><strong>Si</strong></span> <span class='ocrx_word' id='word_1_498' title='bbox 1895 3528 2090 3584; x_wconf 91' lang='lat' dir='ltr'><strong>scopo,</strong></span> <span class='ocrx_word' id='word_1_499' title='bbox 2123 3516 2180 3569; x_wconf 90' lang='lat' dir='ltr'><strong>et</strong></span> <span class='ocrx_word' id='word_1_500' title='bbox 2209 3517 2550 3585; x_wconf 91' lang='lat' dir='ltr'><strong>compenset</strong></span> <span class='ocrx_word' id='word_1_501' title='bbox 2593 3515 2870 3570; x_wconf 91' lang='lat' dir='ltr'><strong>undecies</strong></span> <span class='ocrx_word' id='word_1_502' title='bbox 2927 3519 2985 3571; x_wconf 91' lang='lat' dir='ltr'><strong>et</strong></span> <span class='ocrx_word' id='word_1_503' title='bbox 3012 3515 3134 3589; x_wconf 84' lang='lat' dir='ltr'><strong>regi</strong></span> <span class='ocrx_word' id='word_1_504' title='bbox 3164 3527 3273 3572; x_wconf 73' lang='lat' dir='ltr'><strong>axx</strong></span> <span class='ocrx_word' id='word_1_505' title='bbox 3301 3498 3540 3574; x_wconf 78' lang='lat' dir='ltr'><strong>solidos.</strong></span> 
     </span>
    </p>
   </div>
   <div class='ocr_carea' id='block_1_64' title="bbox 131 3587 1787 3661">
    <p class='ocr_par' dir='ltr' id='par_1_64' title="bbox 131 3587 1787 3661">
     <span class='ocr_line' id='line_1_64' title="bbox 131 3587 1787 3661; baseline -0.001 -17"><span class='ocrx_word' id='word_1_506' title='bbox 131 3603 275 3644; x_wconf 85' lang='lat' dir='ltr'><strong>eum</strong></span> <span class='ocrx_word' id='word_1_507' title='bbox 304 3603 555 3660; x_wconf 86' lang='lat' dir='ltr'><strong>purgare</strong></span> <span class='ocrx_word' id='word_1_508' title='bbox 584 3587 741 3656; x_wconf 91' lang='lat' dir='ltr'><strong>velit,</strong></span> <span class='ocrx_word' id='word_1_509' title='bbox 771 3592 980 3661; x_wconf 89' lang='lat' dir='ltr'><strong>purget</strong></span> <span class='ocrx_word' id='word_1_510' title='bbox 1009 3605 1112 3660; x_wconf 92' lang='lat' dir='ltr'><strong>pro</strong></span> <span class='ocrx_word' id='word_1_511' title='bbox 1144 3587 1278 3644; x_wconf 84' lang='lat' dir='ltr'><strong>tacti</strong></span> <span class='ocrx_word' id='word_1_512' title='bbox 1310 3589 1504 3656; x_wconf 90' lang='lat' dir='ltr'><strong>modo,</strong></span> <span class='ocrx_word' id='word_1_513' title='bbox 1537 3589 1656 3644; x_wconf 90' lang='lat' dir='ltr'><strong>sive</strong></span> <span class='ocrx_word' id='word_1_514' title='bbox 1677 3588 1787 3642; x_wconf 92' lang='lat' dir='ltr'><strong>tri-</strong></span> 
     </span>
    </p>
   </div>
   <div class='ocr_carea' id='block_1_65' title="bbox 135 3673 1614 3750">
    <p class='ocr_par' dir='ltr' id='par_1_65' title="bbox 135 3673 1614 3750">
     <span class='ocr_line' id='line_1_65' title="bbox 135 3673 1614 3750; baseline -0.001 -19"><span class='ocrx_word' id='word_1_515' title='bbox 135 3673 278 3749; x_wconf 90' lang='lat' dir='ltr'><strong>plici</strong></span> <span class='ocrx_word' id='word_1_516' title='bbox 310 3676 429 3732; x_wconf 88' lang='lat' dir='ltr'><strong>sive</strong></span> <span class='ocrx_word' id='word_1_517' title='bbox 456 3675 710 3748; x_wconf 89' lang='lat' dir='ltr'><strong>simplici</strong></span> <span class='ocrx_word' id='word_1_518' title='bbox 741 3677 1087 3750; x_wconf 88' lang='lat' dir='ltr'><strong>purgatione</strong></span> <span class='ocrx_word' id='word_1_519' title='bbox 1116 3694 1220 3749; x_wconf 93' lang='lat' dir='ltr'><strong>pro</strong></span> <span class='ocrx_word' id='word_1_520' title='bbox 1252 3677 1388 3732; x_wconf 80' lang='lat' dir='ltr'><strong>facti</strong></span> <span class='ocrx_word' id='word_1_521' title='bbox 1422 3677 1614 3733; x_wconf 89' lang='lat' dir='ltr'><strong>modo.</strong></span> 
     </span>
    </p>
   </div>
   <div class='ocr_carea' id='block_1_66' title="bbox 196 3790 1724 3860">
    <p class='ocr_par' dir='ltr' id='par_1_66' title="bbox 196 3790 1724 3860">
     <span class='ocr_line' id='line_1_66' title="bbox 196 3790 1724 3860; baseline 0.002 -15"><span class='ocrx_word' id='word_1_522' title='bbox 196 3790 288 3847; x_wconf 87' lang='lat' dir='ltr'><strong>Vl.</strong></span> <span class='ocrx_word' id='word_1_523' title='bbox 317 3791 636 3848; x_wconf 73' lang='lat' dir='ltr'><strong>Exhortatio</strong></span> <span class='ocrx_word' id='word_1_524' title='bbox 665 3792 734 3848; x_wconf 84' lang='lat' dir='ltr'><strong>ad</strong></span> <span class='ocrx_word' id='word_1_525' title='bbox 778 3793 1180 3860; x_wconf 82' lang='lat' dir='ltr'><strong>ecclesiasticos,</strong></span> <span class='ocrx_word' id='word_1_526' title='bbox 1213 3797 1273 3847; x_wconf 83' lang='lat' dir='ltr'><strong>ut</strong></span> <span class='ocrx_word' id='word_1_527' title='bbox 1302 3799 1488 3847; x_wconf 77' lang='lat' dir='ltr'><strong>sancte</strong></span> <span class='ocrx_word' id='word_1_528' title='bbox 1515 3793 1724 3848; x_wconf 76' lang='lat' dir='ltr'><strong>viva-nt.</strong></span> 
     </span>
    </p>
   </div>
   <div class='ocr_carea' id='block_1_67' title="bbox 215 3905 1794 3980">
    <p class='ocr_par' dir='ltr' id='par_1_67' title="bbox 215 3905 1794 3980">
     <span class='ocr_line' id='line_1_67' title="bbox 215 3905 1794 3980; baseline 0 -18"><span class='ocrx_word' id='word_1_529' title='bbox 215 3906 288 3962; x_wconf 90' lang='lat' dir='ltr'><strong>Et</strong></span> <span class='ocrx_word' id='word_1_530' title='bbox 314 3905 586 3963; x_wconf 89' lang='lat' dir='ltr'><strong>volumus</strong></span> <span class='ocrx_word' id='word_1_531' title='bbox 617 3911 681 3963; x_wconf 87' lang='lat' dir='ltr'><strong>ut</strong></span> <span class='ocrx_word' id='word_1_532' title='bbox 701 3906 1018 3978; x_wconf 86' lang='lat' dir='ltr'><strong>cujuslibet</strong></span> <span class='ocrx_word' id='word_1_533' title='bbox 1038 3907 1259 3964; x_wconf 88' lang='lat' dir='ltr'><strong>ordinis</strong></span> <span class='ocrx_word' id='word_1_534' title='bbox 1279 3907 1386 3962; x_wconf 89' lang='lat' dir='ltr'><strong>viri</strong></span> <span class='ocrx_word' id='word_1_535' title='bbox 1408 3906 1716 3980; x_wconf 90' lang='lat' dir='ltr'><strong>diligenter</strong></span> <span class='ocrx_word' id='word_1_536' title='bbox 1731 3923 1794 3963; x_wconf 89' lang='lat' dir='ltr'><strong>se</strong></span> 
     </span>
    </p>
   </div>
   <div class='ocr_carea' id='block_1_68' title="bbox 146 3994 1792 4068">
    <p class='ocr_par' dir='ltr' id='par_1_68' title="bbox 146 3994 1792 4068">
     <span class='ocr_line' id='line_1_68' title="bbox 146 3994 1792 4068; baseline -0.001 -17"><span class='ocrx_word' id='word_1_537' title='bbox 146 3994 863 4068; x_wconf 89' lang='lat' dir='ltr'><strong>submittantsingulijuri</strong></span> <span class='ocrx_word' id='word_1_538' title='bbox 903 3996 1057 4068; x_wconf 91' lang='lat' dir='ltr'><strong>quod</strong></span> <span class='ocrx_word' id='word_1_539' title='bbox 1071 3996 1145 4052; x_wconf 91' lang='lat' dir='ltr'><strong>ad</strong></span> <span class='ocrx_word' id='word_1_540' title='bbox 1175 4012 1274 4052; x_wconf 91' lang='lat' dir='ltr'><strong>eos</strong></span> <span class='ocrx_word' id='word_1_541' title='bbox 1290 3995 1623 4067; x_wconf 88' lang='lat' dir='ltr'><strong>pertinet,et</strong></span> <span class='ocrx_word' id='word_1_542' title='bbox 1649 4013 1792 4068; x_wconf 86' lang='lat' dir='ltr'><strong>pra-</strong></span> 
     </span>
    </p>
   </div>
   <div class='ocr_carea' id='block_1_69' title="bbox 149 4082 1796 4156">
    <p class='ocr_par' dir='ltr' id='par_1_69' title="bbox 149 4082 1796 4156">
     <span class='ocr_line' id='line_1_69' title="bbox 149 4082 1796 4156; baseline 0.001 -17"><span class='ocrx_word' id='word_1_543' title='bbox 149 4082 351 4139; x_wconf 85' lang='lat' dir='ltr'><strong>sertim</strong></span> <span class='ocrx_word' id='word_1_544' title='bbox 366 4083 466 4140; x_wconf 94' lang='lat' dir='ltr'><strong>Dei</strong></span> <span class='ocrx_word' id='word_1_545' title='bbox 483 4083 759 4152; x_wconf 89' lang='lat' dir='ltr'><strong>ministri,</strong></span> <span class='ocrx_word' id='word_1_546' title='bbox 784 4084 1112 4156; x_wconf 90' lang='lat' dir='ltr'><strong>episcopiet</strong></span> <span class='ocrx_word' id='word_1_547' title='bbox 1141 4085 1402 4153; x_wconf 90' lang='lat' dir='ltr'><strong>abbates,</strong></span> <span class='ocrx_word' id='word_1_548' title='bbox 1436 4083 1707 4140; x_wconf 89' lang='lat' dir='ltr'><strong>monachi</strong></span> <span class='ocrx_word' id='word_1_549' title='bbox 1739 4089 1796 4140; x_wconf 91' lang='lat' dir='ltr'><strong>et</strong></span> 
     </span>
    </p>
   </div>
   <div class='ocr_carea' id='block_1_70' title="bbox 149 4170 1794 4242">
    <p class='ocr_par' dir='ltr' id='par_1_70' title="bbox 149 4170 1794 4242">
     <span class='ocr_line' id='line_1_70' title="bbox 149 4170 1794 4242; baseline 0.001 -14"><span class='ocrx_word' id='word_1_550' title='bbox 149 4170 454 4238; x_wconf 88' lang='lat' dir='ltr'><strong>moniales,</strong></span> <span class='ocrx_word' id='word_1_551' title='bbox 488 4170 751 4228; x_wconf 85' lang='lat' dir='ltr'><strong>canonici</strong></span> <span class='ocrx_word' id='word_1_552' title='bbox 773 4176 830 4228; x_wconf 90' lang='lat' dir='ltr'><strong>et</strong></span> <span class='ocrx_word' id='word_1_553' title='bbox 855 4172 1104 4229; x_wconf 88' lang='lat' dir='ltr'><strong>vestales</strong></span> <span class='ocrx_word' id='word_1_554' title='bbox 1135 4174 1206 4228; x_wconf 88' lang='lat' dir='ltr'><strong>ad</strong></span> <span class='ocrx_word' id='word_1_555' title='bbox 1239 4177 1460 4229; x_wconf 90' lang='lat' dir='ltr'><strong>rectum</strong></span> <span class='ocrx_word' id='word_1_556' title='bbox 1493 4173 1794 4242; x_wconf 87' lang='lat' dir='ltr'><strong>inclinent,</strong></span> 
     </span>
    </p>
   </div>
   <div class='ocr_carea' id='block_1_71' title="bbox 149 4258 1800 4334">
    <p class='ocr_par' dir='ltr' id='par_1_71' title="bbox 149 4258 1800 4334">
     <span class='ocr_line' id='line_1_71' title="bbox 149 4258 1800 4334; baseline 0.001 -18"><span class='ocrx_word' id='word_1_557' title='bbox 149 4262 210 4316; x_wconf 87' lang='lat' dir='ltr'><strong>et</strong></span> <span class='ocrx_word' id='word_1_558' title='bbox 234 4258 577 4332; x_wconf 88' lang='lat' dir='ltr'><strong>regulariter</strong></span> <span class='ocrx_word' id='word_1_559' title='bbox 606 4259 822 4328; x_wconf 91' lang='lat' dir='ltr'><strong>vivant,</strong></span> <span class='ocrx_word' id='word_1_560' title='bbox 847 4265 903 4317; x_wconf 90' lang='lat' dir='ltr'><strong>et</strong></span> <span class='ocrx_word' id='word_1_561' title='bbox 922 4260 1014 4316; x_wconf 91' lang='lat' dir='ltr'><strong>die</strong></span> <span class='ocrx_word' id='word_1_562' title='bbox 1035 4278 1101 4317; x_wconf 90' lang='lat' dir='ltr'><strong>ac</strong></span> <span class='ocrx_word' id='word_1_563' title='bbox 1115 4265 1300 4329; x_wconf 88' lang='lat' dir='ltr'><strong>nocte,</strong></span> <span class='ocrx_word' id='word_1_564' title='bbox 1333 4278 1485 4334; x_wconf 88' lang='lat' dir='ltr'><strong>sape</strong></span> <span class='ocrx_word' id='word_1_565' title='bbox 1518 4267 1575 4318; x_wconf 92' lang='lat' dir='ltr'><strong>et</strong></span> <span class='ocrx_word' id='word_1_566' title='bbox 1599 4263 1800 4319; x_wconf 90' lang='lat' dir='ltr'><strong>crebro</strong></span> 
     </span>
    </p>
   </div>
   <div class='ocr_carea' id='block_1_72' title="bbox 149 4347 1802 4422">
    <p class='ocr_par' dir='ltr' id='par_1_72' title="bbox 149 4347 1802 4422">
     <span class='ocr_line' id='line_1_72' title="bbox 149 4347 1802 4422; baseline 0.003 -19"><span class='ocrx_word' id='word_1_567' title='bbox 149 4347 450 4405; x_wconf 90' lang='lat' dir='ltr'><strong>Christum</strong></span> <span class='ocrx_word' id='word_1_568' title='bbox 482 4349 774 4420; x_wconf 90' lang='lat' dir='ltr'><strong>invocent,</strong></span> <span class='ocrx_word' id='word_1_569' title='bbox 805 4353 862 4406; x_wconf 93' lang='lat' dir='ltr'><strong>et</strong></span> <span class='ocrx_word' id='word_1_570' title='bbox 889 4367 993 4420; x_wconf 93' lang='lat' dir='ltr'><strong>pro</strong></span> <span class='ocrx_word' id='word_1_571' title='bbox 1023 4350 1186 4406; x_wconf 91' lang='lat' dir='ltr'><strong>omni</strong></span> <span class='ocrx_word' id='word_1_572' title='bbox 1229 4350 1442 4422; x_wconf 91' lang='lat' dir='ltr'><strong>populo</strong></span> <span class='ocrx_word' id='word_1_573' title='bbox 1473 4350 1802 4408; x_wconf 90' lang='lat' dir='ltr'><strong>Christiano</strong></span> 
     </span>
    </p>
   </div>
   <div class='ocr_carea' id='block_1_73' title="bbox 151 4436 1804 4510">
    <p class='ocr_par' dir='ltr' id='par_1_73' title="bbox 151 4436 1804 4510">
     <span class='ocr_line' id='line_1_73' title="bbox 151 4436 1804 4510; baseline 0.002 -17"><span class='ocrx_word' id='word_1_574' title='bbox 151 4436 464 4510; x_wconf 88' lang='lat' dir='ltr'><strong>diligenter</strong></span> <span class='ocrx_word' id='word_1_575' title='bbox 495 4437 874 4495; x_wconf 88' lang='lat' dir='ltr'><strong>intercedant.</strong></span> <span class='ocrx_word' id='word_1_576' title='bbox 912 4439 978 4494; x_wconf 87' lang='lat' dir='ltr'><strong>Et</strong></span> <span class='ocrx_word' id='word_1_577' title='bbox 1007 4455 1211 4495; x_wconf 90' lang='lat' dir='ltr'><strong>omnes</strong></span> <span class='ocrx_word' id='word_1_578' title='bbox 1245 4439 1342 4494; x_wconf 91' lang='lat' dir='ltr'><strong>Dei</strong></span> <span class='ocrx_word' id='word_1_579' title='bbox 1373 4437 1676 4496; x_wconf 89' lang='lat' dir='ltr'><strong>ministros</strong></span> <span class='ocrx_word' id='word_1_580' title='bbox 1704 4457 1804 4496; x_wconf 90' lang='lat' dir='ltr'><strong>ro-</strong></span> 
     </span>
    </p>
   </div>
   <div class='ocr_carea' id='block_1_74' title="bbox 154 4526 1806 4600">
    <p class='ocr_par' dir='ltr' id='par_1_74' title="bbox 154 4526 1806 4600">
     <span class='ocr_line' id='line_1_74' title="bbox 154 4526 1806 4600; baseline 0.002 -18"><span class='ocrx_word' id='word_1_581' title='bbox 154 4541 366 4598; x_wconf 86' lang='lat' dir='ltr'><strong>gamus</strong></span> <span class='ocrx_word' id='word_1_582' title='bbox 397 4529 454 4582; x_wconf 91' lang='lat' dir='ltr'><strong>et</strong></span> <span class='ocrx_word' id='word_1_583' title='bbox 485 4527 850 4594; x_wconf 89' lang='lat' dir='ltr'><strong>docemus,et</strong></span> <span class='ocrx_word' id='word_1_584' title='bbox 877 4526 1200 4600; x_wconf 86' lang='lat' dir='ltr'><strong>prasertim</strong></span> <span class='ocrx_word' id='word_1_585' title='bbox 1224 4527 1576 4594; x_wconf 89' lang='lat' dir='ltr'><strong>sacerdotes,</strong></span> <span class='ocrx_word' id='word_1_586' title='bbox 1599 4532 1664 4583; x_wconf 90' lang='lat' dir='ltr'><strong>ut</strong></span> <span class='ocrx_word' id='word_1_587' title='bbox 1690 4528 1806 4585; x_wconf 94' lang='lat' dir='ltr'><strong>Deo</strong></span> 
     </span>
    </p>
   </div>
   <div class='ocr_carea' id='block_1_75' title="bbox 157 4613 1809 4689">
    <p class='ocr_par' dir='ltr' id='par_1_75' title="bbox 157 4613 1809 4689">
     <span class='ocr_line' id='line_1_75' title="bbox 157 4613 1809 4689; baseline 0.002 -20"><span class='ocrx_word' id='word_1_588' title='bbox 157 4613 452 4682; x_wconf 90' lang='lat' dir='ltr'><strong>obediant,</strong></span> <span class='ocrx_word' id='word_1_589' title='bbox 489 4620 546 4672; x_wconf 91' lang='lat' dir='ltr'><strong>et</strong></span> <span class='ocrx_word' id='word_1_590' title='bbox 575 4617 905 4673; x_wconf 86' lang='lat' dir='ltr'><strong>castitatem</strong></span> <span class='ocrx_word' id='word_1_591' title='bbox 929 4620 1144 4682; x_wconf 85' lang='lat' dir='ltr'><strong>ament,</strong></span> <span class='ocrx_word' id='word_1_592' title='bbox 1167 4619 1224 4671; x_wconf 89' lang='lat' dir='ltr'><strong>et</strong></span> <span class='ocrx_word' id='word_1_593' title='bbox 1253 4619 1492 4672; x_wconf 90' lang='lat' dir='ltr'><strong>caveant</strong></span> <span class='ocrx_word' id='word_1_594' title='bbox 1521 4616 1632 4672; x_wconf 88' lang='lat' dir='ltr'><strong>sibi</strong></span> <span class='ocrx_word' id='word_1_595' title='bbox 1663 4616 1809 4689; x_wconf 90' lang='lat' dir='ltr'><strong>ipsis</strong></span> 
     </span>
    </p>
   </div>
   <div class='ocr_carea' id='block_1_76' title="bbox 158 4701 1809 4777">
    <p class='ocr_par' dir='ltr' id='par_1_76' title="bbox 158 4701 1809 4777">
     <span class='ocr_line' id='line_1_76' title="bbox 158 4701 1809 4777; baseline 0.001 -19"><span class='ocrx_word' id='word_1_596' title='bbox 158 4703 231 4758; x_wconf 88' lang='lat' dir='ltr'><strong>ab</strong></span> <span class='ocrx_word' id='word_1_597' title='bbox 262 4701 350 4758; x_wconf 91' lang='lat' dir='ltr'><strong>ira</strong></span> <span class='ocrx_word' id='word_1_598' title='bbox 379 4703 502 4771; x_wconf 90' lang='lat' dir='ltr'><strong>Dei,</strong></span> <span class='ocrx_word' id='word_1_599' title='bbox 536 4708 593 4760; x_wconf 92' lang='lat' dir='ltr'><strong>et</strong></span> <span class='ocrx_word' id='word_1_600' title='bbox 622 4705 695 4760; x_wconf 89' lang='lat' dir='ltr'><strong>ab</strong></span> <span class='ocrx_word' id='word_1_601' title='bbox 753 4708 1037 4762; x_wconf 83' lang='lat' dir='ltr'><strong>astuante</strong></span> <span class='ocrx_word' id='word_1_602' title='bbox 1091 4704 1359 4760; x_wconf 91' lang='lat' dir='ltr'><strong>incendio</strong></span> <span class='ocrx_word' id='word_1_603' title='bbox 1391 4705 1546 4777; x_wconf 91' lang='lat' dir='ltr'><strong>quod</strong></span> <span class='ocrx_word' id='word_1_604' title='bbox 1579 4704 1720 4760; x_wconf 84' lang='lat' dir='ltr'><strong>furit</strong></span> <span class='ocrx_word' id='word_1_605' title='bbox 1749 4705 1809 4760; x_wconf 92' lang='lat' dir='ltr'><strong>in</strong></span> 
     </span>
    </p>
   </div>
   <div class='ocr_carea' id='block_1_77' title="bbox 159 4789 1810 4866">
    <p class='ocr_par' dir='ltr' id='par_1_77' title="bbox 159 4789 1810 4866">
     <span class='ocr_line' id='line_1_77' title="bbox 159 4789 1810 4866; baseline 0.002 -21"><span class='ocrx_word' id='word_1_606' title='bbox 159 4789 407 4847; x_wconf 85' lang='lat' dir='ltr'><strong>inferno.</strong></span> <span class='ocrx_word' id='word_1_607' title='bbox 441 4791 900 4865; x_wconf 89' lang='lat' dir='ltr'><strong>Diligentissime</strong></span> <span class='ocrx_word' id='word_1_608' title='bbox 925 4792 1111 4850; x_wconf 90' lang='lat' dir='ltr'><strong>sciant</strong></span> <span class='ocrx_word' id='word_1_609' title='bbox 1131 4794 1287 4866; x_wconf 91' lang='lat' dir='ltr'><strong>quod</strong></span> <span class='ocrx_word' id='word_1_610' title='bbox 1310 4793 1548 4850; x_wconf 90' lang='lat' dir='ltr'><strong>omnino</strong></span> <span class='ocrx_word' id='word_1_611' title='bbox 1571 4810 1688 4849; x_wconf 92' lang='lat' dir='ltr'><strong>non</strong></span> <span class='ocrx_word' id='word_1_612' title='bbox 1711 4794 1810 4849; x_wconf 91' lang='lat' dir='ltr'><strong>de-</strong></span> 
     </span>
    </p>
   </div>
   <div class='ocr_carea' id='block_1_78' title="bbox 161 4879 1814 4939">
    <p class='ocr_par' dir='ltr' id='par_1_78' title="bbox 161 4879 1814 4939">
     <span class='ocr_line' id='line_1_78' title="bbox 161 4879 1814 4939; baseline 0.002 -5"><span class='ocrx_word' id='word_1_613' title='bbox 161 4879 340 4936; x_wconf 81' lang='lat' dir='ltr'><strong>beant</strong></span> <span class='ocrx_word' id='word_1_614' title='bbox 355 4879 546 4938; x_wconf 93' lang='lat' dir='ltr'><strong>coitus</strong></span> <span class='ocrx_word' id='word_1_615' title='bbox 564 4898 742 4938; x_wconf 90' lang='lat' dir='ltr'><strong>causa</strong></span> <span class='ocrx_word' id='word_1_616' title='bbox 759 4900 894 4939; x_wconf 91' lang='lat' dir='ltr'><strong>cum</strong></span> <span class='ocrx_word' id='word_1_617' title='bbox 945 4883 1162 4939; x_wconf 88' lang='lat' dir='ltr'><strong>femina</strong></span> <span class='ocrx_word' id='word_1_618' title='bbox 1181 4883 1636 4939; x_wconf 91' lang='lat' dir='ltr'><strong>communicare.</strong></span> <span class='ocrx_word' id='word_1_619' title='bbox 1665 4883 1735 4937; x_wconf 91' lang='lat' dir='ltr'><strong>Et</strong></span> <span class='ocrx_word' id='word_1_620' title='bbox 1763 4883 1814 4938; x_wconf 90' lang='lat' dir='ltr'><strong>si</strong></span> 
     </span>
    </p>
   </div>
   <div class='ocr_carea' id='block_1_79' title="bbox 163 4967 1816 5040">
    <p class='ocr_par' dir='ltr' id='par_1_79' title="bbox 163 4967 1816 5040">
     <span class='ocr_line' id='line_1_79' title="bbox 163 4967 1816 5040; baseline 0.003 -17"><span class='ocrx_word' id='word_1_621' title='bbox 163 4967 299 5039; x_wconf 83' lang='lat' dir='ltr'><strong>quis</strong></span> <span class='ocrx_word' id='word_1_622' title='bbox 331 4968 404 5023; x_wconf 89' lang='lat' dir='ltr'><strong>ab</strong></span> <span class='ocrx_word' id='word_1_623' title='bbox 435 4985 501 5025; x_wconf 92' lang='lat' dir='ltr'><strong>eo</strong></span> <span class='ocrx_word' id='word_1_624' title='bbox 531 4971 826 5027; x_wconf 89' lang='lat' dir='ltr'><strong>abstinere</strong></span> <span class='ocrx_word' id='word_1_625' title='bbox 855 4975 912 5028; x_wconf 92' lang='lat' dir='ltr'><strong>et</strong></span> <span class='ocrx_word' id='word_1_626' title='bbox 931 4972 1261 5040; x_wconf 81' lang='lat' dir='ltr'><strong>castitatem</strong></span> <span class='ocrx_word' id='word_1_627' title='bbox 1283 4988 1514 5029; x_wconf 89' lang='lat' dir='ltr'><strong>servare</strong></span> <span class='ocrx_word' id='word_1_628' title='bbox 1533 4969 1692 5040; x_wconf 89' lang='lat' dir='ltr'><strong>velit,</strong></span> <span class='ocrx_word' id='word_1_629' title='bbox 1707 4971 1816 5028; x_wconf 90' lang='lat' dir='ltr'><strong>ha-</strong></span> 
     </span>
    </p>
   </div>
   <div class='ocr_carea' id='block_1_80' title="bbox 164 5056 1818 5133">
    <p class='ocr_par' dir='ltr' id='par_1_80' title="bbox 164 5056 1818 5133">
     <span class='ocr_line' id='line_1_80' title="bbox 164 5056 1818 5133; baseline 0.002 -21"><span class='ocrx_word' id='word_1_630' title='bbox 164 5056 300 5112; x_wconf 88' lang='lat' dir='ltr'><strong>beat</strong></span> <span class='ocrx_word' id='word_1_631' title='bbox 328 5056 431 5114; x_wconf 91' lang='lat' dir='ltr'><strong>Dei</strong></span> <span class='ocrx_word' id='word_1_632' title='bbox 454 5058 1010 5128; x_wconf 90' lang='lat' dir='ltr'><strong>misericordiam,et</strong></span> <span class='ocrx_word' id='word_1_633' title='bbox 1039 5061 1232 5133; x_wconf 93' lang='lat' dir='ltr'><strong>quoad</strong></span> <span class='ocrx_word' id='word_1_634' title='bbox 1255 5065 1546 5116; x_wconf 82' lang='lat' dir='ltr'><strong>terrenam</strong></span> <span class='ocrx_word' id='word_1_635' title='bbox 1579 5077 1818 5116; x_wconf 89' lang='lat' dir='ltr'><strong>venera-</strong></span> 
     </span>
    </p>
   </div>
   <div class='ocr_carea' id='block_1_81' title="bbox 167 5145 1816 5222">
    <p class='ocr_par' dir='ltr' id='par_1_81' title="bbox 167 5145 1816 5222">
     <span class='ocr_line' id='line_1_81' title="bbox 167 5145 1816 5222; baseline 0.002 -22"><span class='ocrx_word' id='word_1_636' title='bbox 167 5145 384 5202; x_wconf 88' lang='lat' dir='ltr'><strong>tionem</strong></span> <span class='ocrx_word' id='word_1_637' title='bbox 419 5146 497 5202; x_wconf 90' lang='lat' dir='ltr'><strong>sit</strong></span> <span class='ocrx_word' id='word_1_638' title='bbox 519 5149 653 5220; x_wconf 90' lang='lat' dir='ltr'><strong>jure</strong></span> <span class='ocrx_word' id='word_1_639' title='bbox 684 5148 847 5205; x_wconf 88' lang='lat' dir='ltr'><strong>thani</strong></span> <span class='ocrx_word' id='word_1_640' title='bbox 874 5150 1108 5222; x_wconf 85' lang='lat' dir='ltr'><strong>dignus.</strong></span> <span class='ocrx_word' id='word_1_641' title='bbox 1143 5149 1214 5204; x_wconf 86' lang='lat' dir='ltr'><strong>Et</strong></span> <span class='ocrx_word' id='word_1_642' title='bbox 1265 5149 1510 5221; x_wconf 89' lang='lat' dir='ltr'><strong>quilibet</strong></span> <span class='ocrx_word' id='word_1_643' title='bbox 1539 5149 1816 5205; x_wconf 86' lang='lat' dir='ltr'><strong>Christia-</strong></span> 
     </span>
    </p>
   </div>
   <div class='ocr_carea' id='block_1_82' title="bbox 167 5233 1820 5309">
    <p class='ocr_par' dir='ltr' id='par_1_82' title="bbox 167 5233 1820 5309">
     <span class='ocr_line' id='line_1_82' title="bbox 167 5233 1820 5309; baseline 0.004 -21"><span class='ocrx_word' id='word_1_644' title='bbox 167 5249 282 5290; x_wconf 90' lang='lat' dir='ltr'><strong>nus</strong></span> <span class='ocrx_word' id='word_1_645' title='bbox 311 5250 378 5290; x_wconf 79' lang='lat' dir='ltr'><strong>ex</strong></span> <span class='ocrx_word' id='word_1_646' title='bbox 409 5233 617 5293; x_wconf 87' lang='lat' dir='ltr'><strong>timore</strong></span> <span class='ocrx_word' id='word_1_647' title='bbox 647 5237 876 5293; x_wconf 90' lang='lat' dir='ltr'><strong>Domini</strong></span> <span class='ocrx_word' id='word_1_648' title='bbox 909 5237 1001 5293; x_wconf 93' lang='lat' dir='ltr'><strong>sui</strong></span> <span class='ocrx_word' id='word_1_649' title='bbox 1051 5238 1338 5309; x_wconf 89' lang='lat' dir='ltr'><strong>injustum</strong></span> <span class='ocrx_word' id='word_1_650' title='bbox 1366 5238 1583 5292; x_wconf 87' lang='lat' dir='ltr'><strong>coitum</strong></span> <span class='ocrx_word' id='word_1_651' title='bbox 1617 5237 1820 5294; x_wconf 92' lang='lat' dir='ltr'><strong>sedulo</strong></span> 
     </span>
    </p>
   </div>
   <div class='ocr_carea' id='block_1_83' title="bbox 167 5320 1591 5398">
    <p class='ocr_par' dir='ltr' id='par_1_83' title="bbox 167 5320 1591 5398">
     <span class='ocr_line' id='line_1_83' title="bbox 167 5320 1591 5398; baseline 0.004 -21"><span class='ocrx_word' id='word_1_652' title='bbox 167 5320 364 5394; x_wconf 86' lang='lat' dir='ltr'><strong>evitet,</strong></span> <span class='ocrx_word' id='word_1_653' title='bbox 392 5326 450 5378; x_wconf 90' lang='lat' dir='ltr'><strong>et</strong></span> <span class='ocrx_word' id='word_1_654' title='bbox 479 5323 637 5398; x_wconf 87' lang='lat' dir='ltr'><strong>leges</strong></span> <span class='ocrx_word' id='word_1_655' title='bbox 670 5325 1092 5382; x_wconf 87' lang='lat' dir='ltr'><strong>ecclesiasticas</strong></span> <span class='ocrx_word' id='word_1_656' title='bbox 1114 5326 1278 5398; x_wconf 90' lang='lat' dir='ltr'><strong>juste</strong></span> <span class='ocrx_word' id='word_1_657' title='bbox 1309 5325 1591 5383; x_wconf 88' lang='lat' dir='ltr'><strong>observet.</strong></span> 
     </span>
    </p>
   </div>
   <div class='ocr_carea' id='block_1_84' title="bbox 565 5430 1463 5504">
    <p class='ocr_par' dir='ltr' id='par_1_84' title="bbox 565 5430 1463 5504">
     <span class='ocr_line' id='line_1_84' title="bbox 565 5430 1463 5504; baseline 0.003 -20"><span class='ocrx_word' id='word_1_658' title='bbox 565 5430 686 5487; x_wconf 88' lang='lat' dir='ltr'><strong>VII.</strong></span> <span class='ocrx_word' id='word_1_659' title='bbox 721 5433 796 5488; x_wconf 91' lang='lat' dir='ltr'><strong>De</strong></span> <span class='ocrx_word' id='word_1_660' title='bbox 814 5433 1086 5504; x_wconf 85' lang='lat' dir='ltr'><strong>conjugiis</strong></span> <span class='ocrx_word' id='word_1_661' title='bbox 1112 5431 1430 5503; x_wconf 77' lang='lat' dir='ltr'><strong>prohibitis.</strong></span> <span class='ocrx_word' id='word_1_662' title='bbox 1457 5492 1463 5499; x_wconf 54' lang='grc'><strong><em>,</em></strong></span> 
     </span>
    </p>
   </div>
   <div class='ocr_carea' id='block_1_85' title="bbox 246 5532 1827 5611">
    <p class='ocr_par' dir='ltr' id='par_1_85' title="bbox 246 5532 1827 5611">
     <span class='ocr_line' id='line_1_85' title="bbox 246 5532 1827 5611; baseline 0.003 -21"><span class='ocrx_word' id='word_1_663' title='bbox 246 5532 538 5592; x_wconf 90' lang='lat' dir='ltr'><strong>Docemus</strong></span> <span class='ocrx_word' id='word_1_664' title='bbox 567 5535 744 5594; x_wconf 88' lang='lat' dir='ltr'><strong>etiam</strong></span> <span class='ocrx_word' id='word_1_665' title='bbox 793 5542 851 5594; x_wconf 91' lang='lat' dir='ltr'><strong>et</strong></span> <span class='ocrx_word' id='word_1_666' title='bbox 880 5553 1179 5611; x_wconf 89' lang='lat' dir='ltr'><strong>rogamus,</strong></span> <span class='ocrx_word' id='word_1_667' title='bbox 1213 5541 1270 5591; x_wconf 89' lang='lat' dir='ltr'><strong>et</strong></span> <span class='ocrx_word' id='word_1_668' title='bbox 1321 5537 1379 5592; x_wconf 90' lang='lat' dir='ltr'><strong>in</strong></span> <span class='ocrx_word' id='word_1_669' title='bbox 1434 5535 1535 5592; x_wconf 91' lang='lat' dir='ltr'><strong>Dei</strong></span> <span class='ocrx_word' id='word_1_670' title='bbox 1592 5538 1827 5594; x_wconf 90' lang='lat' dir='ltr'><strong>nomine</strong></span> 
     </span>
    </p>
   </div>
   <div class='ocr_carea' id='block_1_86' title="bbox 198 5625 1832 5700">
    <p class='ocr_par' dir='ltr' id='par_1_86' title="bbox 198 5625 1832 5700">
     <span class='ocr_line' id='line_1_86' title="bbox 198 5625 1832 5700; baseline 0.001 -18"><span class='ocrx_word' id='word_1_671' title='bbox 198 5637 542 5690; x_wconf 77' lang='lat' dir='ltr'><strong>mperamus</strong></span> <span class='ocrx_word' id='word_1_672' title='bbox 575 5641 646 5682; x_wconf 92' lang='lat' dir='ltr'><strong>ne</strong></span> <span class='ocrx_word' id='word_1_673' title='bbox 669 5625 881 5700; x_wconf 86' lang='lat' dir='ltr'><strong>aliquis</strong></span> <span class='ocrx_word' id='word_1_674' title='bbox 903 5626 1271 5682; x_wconf 87' lang='lat' dir='ltr'><strong>Christianus</strong></span> <span class='ocrx_word' id='word_1_675' title='bbox 1314 5625 1706 5683; x_wconf 84' lang='lat' dir='ltr'><strong>infrasextum</strong></span> <span class='ocrx_word' id='word_1_676' title='bbox 1739 5645 1832 5684; x_wconf 84' lang='lat' dir='ltr'><strong>co-</strong></span> 
     </span>
    </p>
   </div>
   <div class='ocr_carea' id='block_1_87' title="bbox 1966 3601 3470 3678">
    <p class='ocr_par' dir='ltr' id='par_1_87' title="bbox 1966 3601 3470 3678">
     <span class='ocr_line' id='line_1_87' title="bbox 1966 3601 3470 3678; baseline 0.003 -20"><span class='ocrx_word' id='word_1_677' title='bbox 1966 3601 2056 3658; x_wconf 85' lang='lat' dir='ltr'><strong>XI.</strong></span> <span class='ocrx_word' id='word_1_678' title='bbox 2089 3603 2164 3657; x_wconf 90' lang='lat' dir='ltr'><strong>De</strong></span> <span class='ocrx_word' id='word_1_679' title='bbox 2187 3602 2410 3658; x_wconf 77' lang='lat' dir='ltr'><strong>decimis</strong></span> <span class='ocrx_word' id='word_1_680' title='bbox 2437 3603 2507 3658; x_wconf 89' lang='lat' dir='ltr'><strong>ad</strong></span> <span class='ocrx_word' id='word_1_681' title='bbox 2535 3603 2820 3660; x_wconf 80' lang='lat' dir='ltr'><strong>ecclesiam</strong></span> <span class='ocrx_word' id='word_1_682' title='bbox 2856 3603 3019 3660; x_wconf 78' lang='lat' dir='ltr'><strong>thani</strong></span> <span class='ocrx_word' id='word_1_683' title='bbox 3046 3605 3470 3678; x_wconf 80' lang='lat' dir='ltr'><strong>pertinentibus.</strong></span> 
     </span>
    </p>
   </div>
   <div class='ocr_carea' id='block_1_88' title="bbox 1969 3691 3550 3767">
    <p class='ocr_par' dir='ltr' id='par_1_88' title="bbox 1969 3691 3550 3767">
     <span class='ocr_line' id='line_1_88' title="bbox 1969 3691 3550 3767; baseline 0.004 -21"><span class='ocrx_word' id='word_1_684' title='bbox 1969 3691 2029 3746; x_wconf 92' lang='lat' dir='ltr'><strong>Si</strong></span> <span class='ocrx_word' id='word_1_685' title='bbox 2062 3691 2194 3762; x_wconf 91' lang='lat' dir='ltr'><strong>quis</strong></span> <span class='ocrx_word' id='word_1_686' title='bbox 2217 3696 2358 3747; x_wconf 91' lang='lat' dir='ltr'><strong>tunc</strong></span> <span class='ocrx_word' id='word_1_687' title='bbox 2387 3691 2604 3749; x_wconf 82' lang='lat' dir='ltr'><strong>thanus</strong></span> <span class='ocrx_word' id='word_1_688' title='bbox 2636 3693 2733 3762; x_wconf 90' lang='lat' dir='ltr'><strong>sit,</strong></span> <span class='ocrx_word' id='word_1_689' title='bbox 2765 3693 2866 3766; x_wconf 90' lang='lat' dir='ltr'><strong>qui</strong></span> <span class='ocrx_word' id='word_1_690' title='bbox 2923 3694 2985 3750; x_wconf 91' lang='lat' dir='ltr'><strong>in</strong></span> <span class='ocrx_word' id='word_1_691' title='bbox 3036 3694 3411 3767; x_wconf 88' lang='lat' dir='ltr'><strong>possessione</strong></span> <span class='ocrx_word' id='word_1_692' title='bbox 3439 3712 3550 3753; x_wconf 88' lang='lat' dir='ltr'><strong>sua</strong></span> 
     </span>
    </p>
   </div>
   <div class='ocr_carea' id='block_1_89' title="bbox 1899 3778 3553 3855">
    <p class='ocr_par' dir='ltr' id='par_1_89' title="bbox 1899 3778 3553 3855">
     <span class='ocr_line' id='line_1_89' title="bbox 1899 3778 3553 3855; baseline 0.003 -19"><span class='ocrx_word' id='word_1_693' title='bbox 1899 3778 2206 3836; x_wconf 90' lang='lat' dir='ltr'><strong>ecclesiam</strong></span> <span class='ocrx_word' id='word_1_694' title='bbox 2242 3780 2474 3850; x_wconf 87' lang='lat' dir='ltr'><strong>habeat,</strong></span> <span class='ocrx_word' id='word_1_695' title='bbox 2510 3782 2568 3837; x_wconf 91' lang='lat' dir='ltr'><strong>in</strong></span> <span class='ocrx_word' id='word_1_696' title='bbox 2608 3799 2726 3855; x_wconf 86' lang='lat' dir='ltr'><strong>qua</strong></span> <span class='ocrx_word' id='word_1_697' title='bbox 2773 3783 2850 3839; x_wconf 89' lang='lat' dir='ltr'><strong>sit</strong></span> <span class='ocrx_word' id='word_1_698' title='bbox 2904 3783 3326 3853; x_wconf 83' lang='lat' dir='ltr'><strong>ccemeterium,</strong></span> <span class='ocrx_word' id='word_1_699' title='bbox 3358 3785 3553 3842; x_wconf 87' lang='lat' dir='ltr'><strong>tradat</strong></span> 
     </span>
    </p>
   </div>
   <div class='ocr_carea' id='block_1_90' title="bbox 1900 3868 3550 3943">
    <p class='ocr_par' dir='ltr' id='par_1_90' title="bbox 1900 3868 3550 3943">
     <span class='ocr_line' id='line_1_90' title="bbox 1900 3868 3550 3943; baseline 0.004 -20"><span class='ocrx_word' id='word_1_700' title='bbox 1900 3871 2041 3923; x_wconf 92' lang='lat' dir='ltr'><strong>tunc</strong></span> <span class='ocrx_word' id='word_1_701' title='bbox 2062 3868 2294 3925; x_wconf 87' lang='lat' dir='ltr'><strong>tertiam</strong></span> <span class='ocrx_word' id='word_1_702' title='bbox 2309 3874 2534 3942; x_wconf 88' lang='lat' dir='ltr'><strong>partem</strong></span> <span class='ocrx_word' id='word_1_703' title='bbox 2572 3871 2942 3943; x_wconf 90' lang='lat' dir='ltr'><strong>propriarum</strong></span> <span class='ocrx_word' id='word_1_704' title='bbox 2973 3871 3336 3929; x_wconf 88' lang='lat' dir='ltr'><strong>decimarum</strong></span> <span class='ocrx_word' id='word_1_705' title='bbox 3368 3872 3550 3929; x_wconf 89' lang='lat' dir='ltr'><strong>eccle-</strong></span> 
     </span>
    </p>
   </div>
   <div class='ocr_carea' id='block_1_91' title="bbox 1903 3956 3555 4033">
    <p class='ocr_par' dir='ltr' id='par_1_91' title="bbox 1903 3956 3555 4033">
     <span class='ocr_line' id='line_1_91' title="bbox 1903 3956 3555 4033; baseline 0.003 -20"><span class='ocrx_word' id='word_1_706' title='bbox 1903 3956 2001 4013; x_wconf 83' lang='lat' dir='ltr'><strong>sia</strong></span> <span class='ocrx_word' id='word_1_707' title='bbox 2035 3958 2250 4012; x_wconf 86' lang='lat' dir='ltr'><strong>sua.Et</strong></span> <span class='ocrx_word' id='word_1_708' title='bbox 2279 3957 2328 4013; x_wconf 92' lang='lat' dir='ltr'><strong>si</strong></span> <span class='ocrx_word' id='word_1_709' title='bbox 2361 3959 2496 4030; x_wconf 90' lang='lat' dir='ltr'><strong>quis</strong></span> <span class='ocrx_word' id='word_1_710' title='bbox 2527 3959 2832 4016; x_wconf 90' lang='lat' dir='ltr'><strong>ecclesiam</strong></span> <span class='ocrx_word' id='word_1_711' title='bbox 2863 3960 3077 4016; x_wconf 89' lang='lat' dir='ltr'><strong>habeat</strong></span> <span class='ocrx_word' id='word_1_712' title='bbox 3105 3960 3165 4016; x_wconf 93' lang='lat' dir='ltr'><strong>in</strong></span> <span class='ocrx_word' id='word_1_713' title='bbox 3188 3977 3305 4033; x_wconf 91' lang='lat' dir='ltr'><strong>qua</strong></span> <span class='ocrx_word' id='word_1_714' title='bbox 3333 3977 3449 4017; x_wconf 93' lang='lat' dir='ltr'><strong>non</strong></span> <span class='ocrx_word' id='word_1_715' title='bbox 3464 3965 3555 4018; x_wconf 88' lang='lat' dir='ltr'><strong>est</strong></span> 
     </span>
    </p>
   </div>
   <div class='ocr_carea' id='block_1_92' title="bbox 1905 4046 3552 4121">
    <p class='ocr_par' dir='ltr' id='par_1_92' title="bbox 1905 4046 3552 4121">
     <span class='ocr_line' id='line_1_92' title="bbox 1905 4046 3552 4121; baseline 0.002 -19"><span class='ocrx_word' id='word_1_716' title='bbox 1905 4046 2325 4114; x_wconf 83' lang='lat' dir='ltr'><strong>ccemeterium,</strong></span> <span class='ocrx_word' id='word_1_717' title='bbox 2360 4047 2457 4102; x_wconf 91' lang='lat' dir='ltr'><strong>det</strong></span> <span class='ocrx_word' id='word_1_718' title='bbox 2487 4063 2556 4102; x_wconf 85' lang='lat' dir='ltr'><strong>ex</strong></span> <span class='ocrx_word' id='word_1_719' title='bbox 2587 4065 2642 4102; x_wconf 83' lang='lat' dir='ltr'><strong>1x</strong></span> <span class='ocrx_word' id='word_1_720' title='bbox 2682 4047 2950 4120; x_wconf 88' lang='lat' dir='ltr'><strong>partibus</strong></span> <span class='ocrx_word' id='word_1_721' title='bbox 2984 4047 3322 4121; x_wconf 80' lang='lat' dir='ltr'><strong>presbytero</strong></span> <span class='ocrx_word' id='word_1_722' title='bbox 3354 4065 3462 4105; x_wconf 88' lang='lat' dir='ltr'><strong>suo</strong></span> <span class='ocrx_word' id='word_1_723' title='bbox 3492 4047 3552 4105; x_wconf 90' lang='lat' dir='ltr'><strong>id</strong></span> 
     </span>
    </p>
   </div>
   <div class='ocr_carea' id='block_1_93' title="bbox 1907 4132 3554 4210">
    <p class='ocr_par' dir='ltr' id='par_1_93' title="bbox 1907 4132 3554 4210">
     <span class='ocr_line' id='line_1_93' title="bbox 1907 4132 3554 4210; baseline 0.002 -20"><span class='ocrx_word' id='word_1_724' title='bbox 1907 4134 2063 4206; x_wconf 91' lang='lat' dir='ltr'><strong>quod</strong></span> <span class='ocrx_word' id='word_1_725' title='bbox 2093 4132 2248 4201; x_wconf 89' lang='lat' dir='ltr'><strong>velit,</strong></span> <span class='ocrx_word' id='word_1_726' title='bbox 2291 4138 2349 4190; x_wconf 92' lang='lat' dir='ltr'><strong>et</strong></span> <span class='ocrx_word' id='word_1_727' title='bbox 2397 4135 2644 4208; x_wconf 87' lang='lat' dir='ltr'><strong>quilibet</strong></span> <span class='ocrx_word' id='word_1_728' title='bbox 2697 4135 2956 4193; x_wconf 83' lang='lat' dir='ltr'><strong>ecclesia</strong></span> <span class='ocrx_word' id='word_1_729' title='bbox 3011 4152 3222 4193; x_wconf 89' lang='lat' dir='ltr'><strong>census</strong></span> <span class='ocrx_word' id='word_1_730' title='bbox 3273 4136 3554 4210; x_wconf 89' lang='lat' dir='ltr'><strong>primario</strong></span> 
     </span>
    </p>
   </div>
   <div class='ocr_carea' id='block_1_94' title="bbox 1907 4222 3446 4298">
    <p class='ocr_par' dir='ltr' id='par_1_94' title="bbox 1907 4222 3446 4298">
     <span class='ocr_line' id='line_1_94' title="bbox 1907 4222 3446 4298; baseline 0.001 -19"><span class='ocrx_word' id='word_1_731' title='bbox 1907 4223 2174 4279; x_wconf 88' lang='lat' dir='ltr'><strong>tradatur</strong></span> <span class='ocrx_word' id='word_1_732' title='bbox 2207 4222 2424 4294; x_wconf 91' lang='lat' dir='ltr'><strong>templo</strong></span> <span class='ocrx_word' id='word_1_733' title='bbox 2456 4239 2525 4279; x_wconf 83' lang='lat' dir='ltr'><strong>ex</strong></span> <span class='ocrx_word' id='word_1_734' title='bbox 2553 4223 2828 4280; x_wconf 88' lang='lat' dir='ltr'><strong>omnibus</strong></span> <span class='ocrx_word' id='word_1_735' title='bbox 2857 4223 3251 4298; x_wconf 90' lang='lat' dir='ltr'><strong>ingenuorum</strong></span> <span class='ocrx_word' id='word_1_736' title='bbox 3281 4223 3446 4284; x_wconf 78' lang='lat' dir='ltr'><strong>focis.</strong></span> 
     </span>
    </p>
   </div>
   <div class='ocr_carea' id='block_1_95' title="bbox 2292 4312 3183 4386">
    <p class='ocr_par' dir='ltr' id='par_1_95' title="bbox 2292 4312 3183 4386">
     <span class='ocr_line' id='line_1_95' title="bbox 2292 4312 3183 4386; baseline 0.004 -19"><span class='ocrx_word' id='word_1_737' title='bbox 2292 4312 2413 4368; x_wconf 86' lang='lat' dir='ltr'><strong>XII.</strong></span> <span class='ocrx_word' id='word_1_738' title='bbox 2445 4314 2520 4368; x_wconf 91' lang='lat' dir='ltr'><strong>De</strong></span> <span class='ocrx_word' id='word_1_739' title='bbox 2538 4315 2775 4385; x_wconf 83' lang='lat' dir='ltr'><strong>pecunia</strong></span> <span class='ocrx_word' id='word_1_740' title='bbox 2797 4330 2899 4386; x_wconf 89' lang='lat' dir='ltr'><strong>pro</strong></span> <span class='ocrx_word' id='word_1_741' title='bbox 2925 4315 3183 4371; x_wconf 81' lang='lat' dir='ltr'><strong>lucernis.</strong></span> 
     </span>
    </p>
   </div>
   <div class='ocr_carea' id='block_1_96' title="bbox 1985 4400 3560 4477">
    <p class='ocr_par' dir='ltr' id='par_1_96' title="bbox 1985 4400 3560 4477">
     <span class='ocr_line' id='line_1_96' title="bbox 1985 4400 3560 4477; baseline 0.003 -22"><span class='ocrx_word' id='word_1_742' title='bbox 1985 4403 2053 4456; x_wconf 88' lang='lat' dir='ltr'><strong>Et</strong></span> <span class='ocrx_word' id='word_1_743' title='bbox 2084 4417 2367 4458; x_wconf 88' lang='lat' dir='ltr'><strong>nummus</strong></span> <span class='ocrx_word' id='word_1_744' title='bbox 2398 4400 2724 4458; x_wconf 88' lang='lat' dir='ltr'><strong>candelaris</strong></span> <span class='ocrx_word' id='word_1_745' title='bbox 2773 4407 2862 4459; x_wconf 91' lang='lat' dir='ltr'><strong>ter</strong></span> <span class='ocrx_word' id='word_1_746' title='bbox 2902 4403 3222 4476; x_wconf 90' lang='lat' dir='ltr'><strong>quotannis</strong></span> <span class='ocrx_word' id='word_1_747' title='bbox 3254 4402 3560 4477; x_wconf 86' lang='lat' dir='ltr'><strong>(solvatur)</strong></span> 
     </span>
    </p>
   </div>
   <div class='ocr_carea' id='block_1_97' title="bbox 1915 4489 3565 4564">
    <p class='ocr_par' dir='ltr' id='par_1_97' title="bbox 1915 4489 3565 4564">
     <span class='ocr_line' id='line_1_97' title="bbox 1915 4489 3565 4564; baseline 0.003 -19"><span class='ocrx_word' id='word_1_748' title='bbox 1915 4489 2105 4563; x_wconf 92' lang='lat' dir='ltr'><strong>primo</strong></span> <span class='ocrx_word' id='word_1_749' title='bbox 2136 4490 2332 4564; x_wconf 88' lang='lat' dir='ltr'><strong>vigilia</strong></span> <span class='ocrx_word' id='word_1_750' title='bbox 2361 4491 2684 4558; x_wconf 89' lang='lat' dir='ltr'><strong>Paschatis,</strong></span> <span class='ocrx_word' id='word_1_751' title='bbox 2718 4509 2851 4549; x_wconf 89' lang='lat' dir='ltr'><strong>cera</strong></span> <span class='ocrx_word' id='word_1_752' title='bbox 2885 4491 3100 4550; x_wconf 89' lang='lat' dir='ltr'><strong>valoris</strong></span> <span class='ocrx_word' id='word_1_753' title='bbox 3148 4491 3377 4550; x_wconf 88' lang='lat' dir='ltr'><strong>dimidii</strong></span> <span class='ocrx_word' id='word_1_754' title='bbox 3409 4492 3565 4550; x_wconf 87' lang='lat' dir='ltr'><strong>oboli</strong></span> 
     </span>
    </p>
   </div>
   <div class='ocr_carea' id='block_1_98' title="bbox 1841 4577 3567 4651">
    <p class='ocr_par' dir='ltr' id='par_1_98' title="bbox 1841 4577 3567 4651">
     <span class='ocr_line' id='line_1_98' title="bbox 1841 4577 3567 4651; baseline 0.004 -19"><span class='ocrx_word' id='word_1_755' title='bbox 1841 4579 1886 4644; x_wconf 89' lang='lat' dir='ltr'><strong>D</strong></span> <span class='ocrx_word' id='word_1_756' title='bbox 1918 4595 2022 4651; x_wconf 90' lang='lat' dir='ltr'><strong>pro</strong></span> <span class='ocrx_word' id='word_1_757' title='bbox 2053 4577 2314 4650; x_wconf 86' lang='lat' dir='ltr'><strong>qualibet</strong></span> <span class='ocrx_word' id='word_1_758' title='bbox 2338 4579 2513 4651; x_wconf 84' lang='lat' dir='ltr'><strong>hyda,</strong></span> <span class='ocrx_word' id='word_1_759' title='bbox 2545 4583 2603 4637; x_wconf 94' lang='lat' dir='ltr'><strong>et</strong></span> <span class='ocrx_word' id='word_1_760' title='bbox 2632 4581 2842 4638; x_wconf 89' lang='lat' dir='ltr'><strong>deinde</strong></span> <span class='ocrx_word' id='word_1_761' title='bbox 2884 4582 2958 4638; x_wconf 91' lang='lat' dir='ltr'><strong>ad</strong></span> <span class='ocrx_word' id='word_1_762' title='bbox 3015 4581 3284 4638; x_wconf 90' lang='lat' dir='ltr'><strong>omnium</strong></span> <span class='ocrx_word' id='word_1_763' title='bbox 3329 4585 3567 4639; x_wconf 90' lang='lat' dir='ltr'><strong>sancto-</strong></span> 
     </span>
    </p>
   </div>
   <div class='ocr_carea' id='block_1_99' title="bbox 1916 4666 3566 4743">
    <p class='ocr_par' dir='ltr' id='par_1_99' title="bbox 1916 4666 3566 4743">
     <span class='ocr_line' id='line_1_99' title="bbox 1916 4666 3566 4743; baseline 0.004 -21"><span class='ocrx_word' id='word_1_764' title='bbox 1916 4683 2050 4722; x_wconf 89' lang='lat' dir='ltr'><strong>rum</strong></span> <span class='ocrx_word' id='word_1_765' title='bbox 2082 4666 2294 4721; x_wconf 83' lang='lat' dir='ltr'><strong>festum</strong></span> <span class='ocrx_word' id='word_1_766' title='bbox 2328 4671 2412 4722; x_wconf 89' lang='lat' dir='ltr'><strong>tot</strong></span> <span class='ocrx_word' id='word_1_767' title='bbox 2439 4667 2636 4736; x_wconf 88' lang='lat' dir='ltr'><strong>etiam,</strong></span> <span class='ocrx_word' id='word_1_768' title='bbox 2669 4674 2727 4724; x_wconf 90' lang='lat' dir='ltr'><strong>et</strong></span> <span class='ocrx_word' id='word_1_769' title='bbox 2756 4675 2960 4743; x_wconf 90' lang='lat' dir='ltr'><strong>postea</strong></span> <span class='ocrx_word' id='word_1_770' title='bbox 2989 4671 3062 4728; x_wconf 92' lang='lat' dir='ltr'><strong>ad</strong></span> <span class='ocrx_word' id='word_1_771' title='bbox 3094 4669 3566 4729; x_wconf 82' lang='lat' dir='ltr'><strong>Puriﬁcationem</strong></span> 
     </span>
    </p>
   </div>
   <div class='ocr_carea' id='block_1_100' title="bbox 1919 4753 2633 4812">
    <p class='ocr_par' dir='ltr' id='par_1_100' title="bbox 1919 4753 2633 4812">
     <span class='ocr_line' id='line_1_100' title="bbox 1919 4753 2633 4812; baseline 0 0"><span class='ocrx_word' id='word_1_772' title='bbox 1919 4755 2100 4811; x_wconf 87' lang='lat' dir='ltr'><strong>beata</strong></span> <span class='ocrx_word' id='word_1_773' title='bbox 2126 4753 2315 4809; x_wconf 81' lang='lat' dir='ltr'><strong>Maria</strong></span> <span class='ocrx_word' id='word_1_774' title='bbox 2346 4755 2633 4812; x_wconf 89' lang='lat' dir='ltr'><strong>similiter.</strong></span> 
     </span>
    </p>
   </div>
   <div class='ocr_carea' id='block_1_101' title="bbox 1921 4843 3658 4973">
    <p class='ocr_par' dir='ltr' id='par_1_101' title="bbox 1921 4843 3658 4973">
     <span class='ocr_line' id='line_1_101' title="bbox 1921 4843 3658 4973; baseline 0.004 -73"><span class='ocrx_word' id='word_1_775' title='bbox 1921 4843 2066 4900; x_wconf 88' lang='lat' dir='ltr'><strong>XIII.</strong></span> <span class='ocrx_word' id='word_1_776' title='bbox 2104 4845 2172 4900; x_wconf 87' lang='lat' dir='ltr'><strong>De</strong></span> <span class='ocrx_word' id='word_1_777' title='bbox 2196 4845 2432 4915; x_wconf 84' lang='lat' dir='ltr'><strong>pecunia</strong></span> <span class='ocrx_word' id='word_1_778' title='bbox 2454 4861 2574 4917; x_wconf 80' lang='lat' dir='ltr'><strong>qua</strong></span> <span class='ocrx_word' id='word_1_779' title='bbox 2601 4846 2807 4973; x_wconf 54' lang='grc' dir='ltr'><em>άὶσὶιῧν</em></span> <span class='ocrx_word' id='word_1_780' title='bbox 2833 4847 3142 4918; x_wconf 83' lang='lat' dir='ltr'><strong>symbolum</strong></span> <span class='ocrx_word' id='word_1_781' title='bbox 3169 4849 3398 4919; x_wconf 69' lang='lat' dir='ltr'><strong>anima,</strong></span> <span class='ocrx_word' id='word_1_782' title='bbox 3425 4852 3478 4906; x_wconf 83' lang='lat' dir='ltr'><strong>et</strong></span> <span class='ocrx_word' id='word_1_783' title='bbox 3506 4848 3572 4906; x_wconf 79' lang='lat' dir='ltr'><strong>de</strong></span> <span class='ocrx_word' id='word_1_784' title='bbox 3655 4877 3658 4880; x_wconf 76' lang='lat'><strong><em>~</em></strong></span> 
     </span>
     <span class='ocr_line' id='line_1_102' title="bbox 2597 4934 2901 4973; baseline 0.003 -1"><span class='ocrx_word' id='word_1_785' title='bbox 2597 4934 2728 4973; x_wconf 71' lang='lat' dir='ltr'><strong>sena</strong></span> <span class='ocrx_word' id='word_1_786' title='bbox 2777 4935 2901 4973; x_wconf 66' lang='grc' dir='ltr'><em>τινα.</em></span> 
     </span>
    </p>
   </div>
   <div class='ocr_carea' id='block_1_102' title="bbox 2597 4934 2901 4990">
    <p class='ocr_par' dir='ltr' id='par_1_102' title="bbox 2597 4934 2901 4990">
     <span class='ocr_line' id='line_1_103' title="bbox 2597 4934 2901 4990; baseline 0.003 -18"><span class='ocrx_word' id='word_1_787' title='bbox 2597 4934 2901 4990; x_wconf 72' lang='lat' dir='ltr'><strong>sepultura.</strong></span> 
     </span>
    </p>
   </div>
   <div class='ocr_carea' id='block_1_103' title="bbox 1996 5003 3575 5079">
    <p class='ocr_par' dir='ltr' id='par_1_103' title="bbox 1996 5003 3575 5079">
     <span class='ocr_line' id='line_1_104' title="bbox 1996 5003 3575 5079; baseline 0.003 -20"><span class='ocrx_word' id='word_1_788' title='bbox 1996 5005 2065 5059; x_wconf 92' lang='lat' dir='ltr'><strong>Et</strong></span> <span class='ocrx_word' id='word_1_789' title='bbox 2093 5003 2498 5076; x_wconf 86' lang='lat' dir='ltr'><strong>aquissimum</strong></span> <span class='ocrx_word' id='word_1_790' title='bbox 2528 5010 2696 5062; x_wconf 91' lang='lat' dir='ltr'><strong>estut</strong></span> <span class='ocrx_word' id='word_1_791' title='bbox 2719 5005 2968 5079; x_wconf 90' lang='lat' dir='ltr'><strong>pecunia</strong></span> <span class='ocrx_word' id='word_1_792' title='bbox 2987 5005 3330 5075; x_wconf 88' lang='lat' dir='ltr'><strong>sepulcralis</strong></span> <span class='ocrx_word' id='word_1_793' title='bbox 3342 5022 3575 5079; x_wconf 85' lang='lat' dir='ltr'><strong>semper</strong></span> 
     </span>
    </p>
   </div>
   <div class='ocr_carea' id='block_1_104' title="bbox 1928 5093 3575 5167">
    <p class='ocr_par' dir='ltr' id='par_1_104' title="bbox 1928 5093 3575 5167">
     <span class='ocr_line' id='line_1_105' title="bbox 1928 5093 3575 5167; baseline 0.002 -19"><span class='ocrx_word' id='word_1_794' title='bbox 1928 5093 2187 5148; x_wconf 91' lang='lat' dir='ltr'><strong>solvatur</strong></span> <span class='ocrx_word' id='word_1_795' title='bbox 2217 5093 2287 5147; x_wconf 84' lang='lat' dir='ltr'><strong>ad</strong></span> <span class='ocrx_word' id='word_1_796' title='bbox 2320 5097 2587 5164; x_wconf 90' lang='lat' dir='ltr'><strong>apertum</strong></span> <span class='ocrx_word' id='word_1_797' title='bbox 2629 5093 2988 5166; x_wconf 85' lang='lat' dir='ltr'><strong>sepulcrum.</strong></span> <span class='ocrx_word' id='word_1_798' title='bbox 3021 5099 3078 5151; x_wconf 89' lang='lat' dir='ltr'><strong>et</strong></span> <span class='ocrx_word' id='word_1_799' title='bbox 3102 5094 3152 5151; x_wconf 92' lang='lat' dir='ltr'><strong>si</strong></span> <span class='ocrx_word' id='word_1_800' title='bbox 3183 5093 3315 5167; x_wconf 90' lang='lat' dir='ltr'><strong>quis</strong></span> <span class='ocrx_word' id='word_1_801' title='bbox 3335 5093 3575 5166; x_wconf 90' lang='lat' dir='ltr'><strong>aliquod</strong></span> 
     </span>
    </p>
   </div>
   <div class='ocr_carea' id='block_1_105' title="bbox 1929 5181 3578 5254">
    <p class='ocr_par' dir='ltr' id='par_1_105' title="bbox 1929 5181 3578 5254">
     <span class='ocr_line' id='line_1_106' title="bbox 1929 5181 3578 5254; baseline 0.002 -18"><span class='ocrx_word' id='word_1_802' title='bbox 1929 5198 2140 5253; x_wconf 91' lang='lat' dir='ltr'><strong>corpus</strong></span> <span class='ocrx_word' id='word_1_803' title='bbox 2171 5198 2238 5236; x_wconf 81' lang='lat' dir='ltr'><strong>ex</strong></span> <span class='ocrx_word' id='word_1_804' title='bbox 2270 5197 2378 5236; x_wconf 88' lang='lat' dir='ltr'><strong>sua</strong></span> <span class='ocrx_word' id='word_1_805' title='bbox 2425 5182 2701 5253; x_wconf 91' lang='lat' dir='ltr'><strong>parochia</strong></span> <span class='ocrx_word' id='word_1_806' title='bbox 2743 5183 2882 5238; x_wconf 91' lang='lat' dir='ltr'><strong>alibi</strong></span> <span class='ocrx_word' id='word_1_807' title='bbox 2937 5183 3288 5254; x_wconf 90' lang='lat' dir='ltr'><strong>humaverit,</strong></span> <span class='ocrx_word' id='word_1_808' title='bbox 3318 5181 3578 5239; x_wconf 86' lang='lat' dir='ltr'><strong>solvatur</strong></span> 
     </span>
    </p>
   </div>
   <div class='ocr_carea' id='block_1_106' title="bbox 1931 5269 3577 5346">
    <p class='ocr_par' dir='ltr' id='par_1_106' title="bbox 1931 5269 3577 5346">
     <span class='ocr_line' id='line_1_107' title="bbox 1931 5269 3577 5346; baseline 0.002 -21"><span class='ocrx_word' id='word_1_809' title='bbox 1931 5269 2318 5326; x_wconf 90' lang='lat' dir='ltr'><strong>nihilominus</strong></span> <span class='ocrx_word' id='word_1_810' title='bbox 2373 5271 2620 5343; x_wconf 91' lang='lat' dir='ltr'><strong>pecunia</strong></span> <span class='ocrx_word' id='word_1_811' title='bbox 2671 5271 3020 5346; x_wconf 85' lang='lat' dir='ltr'><strong>sepulcralis</strong></span> <span class='ocrx_word' id='word_1_812' title='bbox 3078 5271 3163 5328; x_wconf 91' lang='lat' dir='ltr'><strong>illi</strong></span> <span class='ocrx_word' id='word_1_813' title='bbox 3219 5270 3472 5329; x_wconf 79' lang='lat' dir='ltr'><strong>ecclesia</strong></span> <span class='ocrx_word' id='word_1_814' title='bbox 3505 5273 3577 5330; x_wconf 88' lang='lat' dir='ltr'><strong>ad</strong></span> 
     </span>
    </p>
   </div>
   <div class='ocr_carea' id='block_1_107' title="bbox 1933 5358 2594 5432">
    <p class='ocr_par' dir='ltr' id='par_1_107' title="bbox 1933 5358 2594 5432">
     <span class='ocr_line' id='line_1_108' title="bbox 1933 5358 2594 5432; baseline 0.003 -18"><span class='ocrx_word' id='word_1_815' title='bbox 1933 5376 2110 5432; x_wconf 80' lang='lat' dir='ltr'><strong>quam</strong></span> <span class='ocrx_word' id='word_1_816' title='bbox 2143 5358 2290 5415; x_wconf 91' lang='lat' dir='ltr'><strong>illud</strong></span> <span class='ocrx_word' id='word_1_817' title='bbox 2323 5358 2594 5432; x_wconf 90' lang='lat' dir='ltr'><strong>pertinet.</strong></span> 
     </span>
    </p>
   </div>
   <div class='ocr_carea' id='block_1_108' title="bbox 1933 5449 3582 5523">
    <p class='ocr_par' dir='ltr' id='par_1_108' title="bbox 1933 5449 3582 5523">
     <span class='ocr_line' id='line_1_109' title="bbox 1933 5449 3582 5523; baseline 0.001 -18"><span class='ocrx_word' id='word_1_818' title='bbox 1933 5449 2077 5505; x_wconf 88' lang='lat' dir='ltr'><strong>XIV.</strong></span> <span class='ocrx_word' id='word_1_819' title='bbox 2103 5451 2177 5504; x_wconf 85' lang='lat' dir='ltr'><strong>De</strong></span> <span class='ocrx_word' id='word_1_820' title='bbox 2197 5449 2293 5504; x_wconf 88' lang='lat' dir='ltr'><strong>Dei</strong></span> <span class='ocrx_word' id='word_1_821' title='bbox 2312 5449 2558 5519; x_wconf 83' lang='lat' dir='ltr'><strong>juribus,</strong></span> <span class='ocrx_word' id='word_1_822' title='bbox 2607 5451 2780 5521; x_wconf 80' lang='lat' dir='ltr'><strong>festis,</strong></span> <span class='ocrx_word' id='word_1_823' title='bbox 2814 5458 2865 5506; x_wconf 81' lang='lat' dir='ltr'><strong>et</strong></span> <span class='ocrx_word' id='word_1_824' title='bbox 2888 5449 3122 5523; x_wconf 87' lang='lat' dir='ltr'><strong>jejuniis</strong></span> <span class='ocrx_word' id='word_1_825' title='bbox 3178 5451 3582 5507; x_wconf 84' lang='lat' dir='ltr'><strong>conservandis.</strong></span> 
     </span>
    </p>
   </div>
   <div class='ocr_carea' id='block_1_109' title="bbox 2007 5536 3586 5614">
    <p class='ocr_par' dir='ltr' id='par_1_109' title="bbox 2007 5536 3586 5614">
     <span class='ocr_line' id='line_1_110' title="bbox 2007 5536 3586 5614; baseline 0.002 -21"><span class='ocrx_word' id='word_1_826' title='bbox 2007 5539 2077 5593; x_wconf 84' lang='lat' dir='ltr'><strong>Et</strong></span> <span class='ocrx_word' id='word_1_827' title='bbox 2107 5536 2304 5592; x_wconf 88' lang='lat' dir='ltr'><strong>omnia</strong></span> <span class='ocrx_word' id='word_1_828' title='bbox 2327 5536 2424 5592; x_wconf 90' lang='lat' dir='ltr'><strong>Dei</strong></span> <span class='ocrx_word' id='word_1_829' title='bbox 2437 5539 2575 5609; x_wconf 85' lang='lat' dir='ltr'><strong>jura</strong></span> <span class='ocrx_word' id='word_1_830' title='bbox 2597 5542 3024 5611; x_wconf 81' lang='lat' dir='ltr'><strong>praserventur</strong></span> <span class='ocrx_word' id='word_1_831' title='bbox 3042 5539 3359 5614; x_wconf 86' lang='lat' dir='ltr'><strong>diligenter</strong></span> <span class='ocrx_word' id='word_1_832' title='bbox 3391 5540 3586 5614; x_wconf 90' lang='lat' dir='ltr'><strong>prouti</strong></span> 
     </span>
    </p>
   </div>
   <div class='ocr_carea' id='block_1_110' title="bbox 1943 5619 3561 5702">
    <p class='ocr_par' dir='ltr' id='par_1_110' title="bbox 1943 5619 3561 5702">
     <span class='ocr_line' id='line_1_111' title="bbox 1943 5619 3561 5702; baseline 0 -18"><span class='ocrx_word' id='word_1_833' title='bbox 1943 5619 2345 5684; x_wconf 77' lang='lat' dir='ltr'><strong>necesSarium</strong></span> <span class='ocrx_word' id='word_1_834' title='bbox 2367 5631 2483 5694; x_wconf 88' lang='lat' dir='ltr'><strong>est;</strong></span> <span class='ocrx_word' id='word_1_835' title='bbox 2511 5627 2656 5683; x_wconf 85' lang='lat' dir='ltr'><strong>festa</strong></span> <span class='ocrx_word' id='word_1_836' title='bbox 2686 5631 2743 5684; x_wconf 90' lang='lat' dir='ltr'><strong>et</strong></span> <span class='ocrx_word' id='word_1_837' title='bbox 2764 5628 2993 5702; x_wconf 91' lang='lat' dir='ltr'><strong>jejunia</strong></span> <span class='ocrx_word' id='word_1_838' title='bbox 3016 5628 3211 5688; x_wconf 90' lang='lat' dir='ltr'><strong>debito</strong></span> <span class='ocrx_word' id='word_1_839' title='bbox 3243 5629 3414 5687; x_wconf 90' lang='lat' dir='ltr'><strong>modo</strong></span> <span class='ocrx_word' id='word_1_840' title='bbox 3443 5629 3561 5690; x_wconf 80' lang='lat' dir='ltr'><strong>cole</strong></span> 
     </span>
    </p>
   </div>
  </div>
