3968 6158
174 290 329 356 η-ιτ

444 440 449 443 -
547 419 737 480 xxxv.
767 419 835 478 Et
861 420 1007 479 inter
1024 414 1444 492 'haecistuprum.

242 514 533 571 Docemus
562 511 741 568 etiam
772 514 837 566 ut
859 509 1129 567 homines
1159 526 1193 565 a
1228 508 1381 582 turpi
1412 510 1638 581 stupro,
1661 515 1714 565 et
1747 511 1821 564 ab

175 603 378 663 illicito
406 599 742 669 concubitu,
773 603 832 657 et
860 600 933 656 ab
964 599 1126 656 omni
1157 597 1443 655 adulterio
1474 602 1823 654 moneantur

174 708 408 766 semper
436 707 499 748 se
527 690 840 747 abstinere.

338 789 511 846 XXV.
548 791 615 847 Ut
642 794 871 844 caveant
894 788 1002 844 sibi
1029 787 1095 843 de
1122 788 1397 844 tremendo
1418 787 1650 859 judicio.

246 881 536 937 Docemus
563 876 739 934 etiam
770 880 837 932 ut
864 876 1112 949 quilibet
1136 875 1309 932 homo
1358 875 1667 950 diligenter
1718 878 1820 935 Dei

174 969 445 1025 timorem
478 967 537 1022 in
558 966 757 1023 animo
778 982 885 1022 suo
906 966 1137 1034 habeat,
1160 969 1218 1022 et
1236 965 1329 1022 die
1349 983 1415 1022 ac
1438 970 1604 1023 nocte
1626 973 1825 1025 caveat

175 1074 210 1115 a
237 1056 508 1131 peccatis,
528 1054 693 1112 diem
707 1055 917 1128 judicii
940 1056 1167 1123 timeat,
1190 1057 1247 1110 et
1268 1054 1340 1111 ab
1362 1055 1587 1113 inferno
1609 1057 1823 1114 abhor-

176 1150 319 1216 reat,
349 1149 413 1203 et
436 1161 670 1219 semper
697 1146 873 1201 finem
913 1145 1142 1201 dierum
1186 1148 1376 1200 astare
1420 1145 1530 1201 sibi
1580 1146 1824 1203 arbitre-

172 1239 290 1292 tur.

241 1339 443 1398 XXVI.
467 1344 535 1400 Ut
553 1343 792 1414 episcopi
810 1344 865 1396 et
884 1339 1184 1397 sacerdotes
1205 1339 1313 1412 ﬁde
1332 1341 1527 1398 obeant
1546 1343 1751 1415 ofﬁcia.

242 1430 515 1503 Episcopi
547 1430 668 1486 sint
698 1443 994 1502 praecones
1021 1432 1077 1485 et
1106 1429 1373 1485 doctores
1403 1429 1601 1505 legum
1625 1431 1745 1499 Dei,
1771 1437 1827 1489 et

171 1518 465 1591 explicent
496 1532 563 1573 ac
594 1516 858 1590 exemplo
899 1534 1009 1573 suo
1056 1518 1301 1574 doceant
1348 1517 1600 1576 libenter
1645 1521 1825 1580 eccle-

172 1606 415 1665 siastica
444 1606 657 1676 ofﬁcia,
691 1606 954 1663 attendat
981 1606 1075 1662 his
1105 1606 1441 1680 quicunque
1469 1608 1624 1665 velit.
1669 1613 1826 1678 Quo-

171 1695 335 1754 niam
368 1693 601 1752 inutilis
630 1698 833 1768 pastor
857 1695 1185 1751 invenietur
1206 1697 1390 1771 gregi,
1413 1698 1513 1770 qui
1537 1698 1684 1755 nolit
1703 1717 1826 1773 grc-

1252 279 1291 296 ”
1423 268 1785 351 canorus
1828 284 1854 348 1
1900 283 2056 349 nux
2095 260 2328 350 AN'cL.

3411 277 3441 341 ι
3457 238 3581 341 iis

1712 424 1716 429 '
1824 420 1831 425 ’
1843 422 1901 487 Α
1929 398 2196 488 ducatur,
2229 420 2331 477 sed
2354 386 2661 494 diligenter
2681 420 2961 488 foveatur,
2984 435 3056 478 ne
3079 386 3591 495 animaperdatur‘

1930 525 2107 582 quam
2137 510 2403 566 Christus
2431 509 2667 582 propria
2694 527 2803 567 sua
2828 510 2948 567 vita
2974 511 3240 568 redemit.

1932 606 2025 662 IV.
2059 608 2132 664 De
2160 610 2328 680 sagis,
2360 609 2649 680 sortilegis,
2685 612 2818 675 etc.,
2849 608 3131 680 ejiciendis
3164 610 3275 683 (LI.
3310 612 3444 668 Sax.
3497 613 3571 684 4).

2002 696 2387 754 Prohibemus
2416 698 2592 755 etiam
2627 701 2691 754 ut
2718 701 2937 755 terram
2962 696 3420 773 circumquaque
3442 701 3576 757 dili-

1931 789 2133 858 genter
2163 787 2448 843 mundare
2478 787 2782 860 incipiant,
2815 791 2873 843 et
2901 804 2936 845 a
2957 788 3223 846 nefandis
3244 790 3577 848 actionibus

1932 874 2148 947 ubique
2178 875 2529 933 abstineant.
2562 876 2633 932 Et
2662 876 2711 933 si
2743 893 2915 951 sagae,
2948 875 3034 933 vel
3077 877 3310 946 harioli,
3360 880 3602 952 sicarii,.

1930 963 2020 1020 vel
2051 964 2388 1023 meretrices
2418 964 2633 1021 alicubi
2664 965 2724 1021 in
2763 966 2998 1039 regione
3043 966 3577 1040 deprehendantur,

1932 1053 2257 1109 educantur
2287 1053 2492 1110 sedulo
2522 1071 2591 1109 ex
2620 1057 2776 1111 terra
2803 1052 2926 1121 illa,
2956 1053 3041 1110 vel
3075 1055 3133 1110 in
3160 1059 3321 1113 terra
3339 1062 3583 1129 pereant

1933 1142 2194 1214 omnino,
2226 1143 2338 1199 nisi
2363 1147 2593 1200 cessent
2622 1161 2657 1200 a
2684 1142 2853 1200 factis
2883 1143 3077 1215 malis,
3105 1148 3161 1201 et
3182 1145 3390 1218 majori
3406 1147 3581 1204 modo

1934 1235 2330 1303 compensent.
2352 1230 2729 1304 Praaci‘pimus
2751 1231 2926 1289 etiam
2949 1236 3014 1287 ut
3032 1232 3263 1307 profugi
3279 1238 3336 1290 et
3355 1234 3584 1309 exleges

1936 1320 2034 1377 Dei
2067 1338 2133 1377 ac
2164 1321 2495 1389 hominum,
2528 1338 2597 1378 ex
2626 1321 2818 1395 patria
2844 1323 3322 1393 exterminentur,
3364 1324 3477 1382 nisi
3520 1343 3583 1383 se

1933 1410 2287 1467 submittant
2308 1415 2366 1467 et
2387 1427 2565 1483 quam
2586 1410 3031 1485 diligentissime
3050 1414 3381 1470 emendant.
3406 1415 3474 1472 Et
3492 1416 3583 1472 fu-

1933 1516 2026 1556 res
2059 1515 2126 1555 ac
2156 1498 2412 1557 latrones
2445 1499 2664 1573 publici
2696 1500 2852 1556 brevi
2882 1504 3140 1574 pereant,
3193 1503 3309 1559 nisi
3356 1510 3588 1563 cessent

1935 1598 1993 1668 (a
2022 1587 2392 1657 malefactis).

1933 1685 2003 1742 V.
2033 1688 2102 1743 De
2116 1688 2900 1761 gentiliumsuperstilionibus
2917 1689 3193 1747 abolendis
3212 1690 3328 1762 (LI.
3352 1691 3483 1749 Sax.
3507 1693 3585 1765 5).
3606 1719 3611 1725 ·

173 1800 330 1859 gem,
363 1799 539 1856 quem
572 1784 724 1840 tueri
755 1784 946 1851 debet,
980 1784 1231 1841 clamore
1253 1786 1582 1854 defendere,
1609 1788 1656 1844 si
1685 1788 1831 1846 alias
1859 1791 1908 1857 Β
2009 1775 2396 1832 Prohibemus
2426 1776 2601 1833 etiam
2638 1776 2791 1833 serio
2821 1777 3261 1835 ethnicismum.
3297 1780 3611 1841 Ethnicisr

173 1874 384 1948 possit,
416 1889 551 1930 cum
579 1871 815 1945 aliquod
844 1872 1128 1928 damnum
1161 1874 1321 1947 gregi
1354 1891 1559 1931 nocere
1598 1876 1821 1951 incipit.

171 1961 417 2019 Nullum
447 1965 539 2020 est
568 1962 850 2019 damnum
884 1962 1027 2018 adeo
1050 1960 1273 2017 malum
1302 1979 1367 2018 ac
1387 1963 1657 2021 diabolus
1679 1966 1824 2038 ipse,

174 2051 280 2124 qui
308 2066 540 2124 semper
568 2050 680 2106 hoc
711 2068 895 2106 unum
928 2051 1267 2122 meditatur,
1291 2053 1584 2123 quomodo
1605 2056 1827 2112 anima-

172 2141 292 2196 bus
315 2139 625 2195 hominum
658 2140 915 2196 maxime
944 2156 1152 2196 nocere
1181 2141 1386 2213 possit.
1419 2142 1568 2198 Tum
1608 2151 1834 2216 oportet

174 2231 463 2302 pastores
478 2215 606 2285 esse
634 2227 802 2283 valde
830 2228 1057 2302 vigiles,
1083 2232 1141 2285 et
1159 2228 1469 2303 diligenter
1489 2215 1831 2302 clamantes,

175 2317 282 2391 qui
306 2317 379 2373 ab
399 2316 511 2374 hoc
530 2317 755 2373 latrone
774 2317 1012 2391 publico
1037 2317 1319 2391 pOpulum
1343 2320 1491 2376 tueri
1515 2320 1746 2378 debent.
1767 2323 1836 2380 Hi

178 2408 327 2463 sunt
355 2405 614 2478 episcopi
644 2411 700 2462 et
731 2407 1074 2480 presbyteri,
1102 2407 1202 2479 qui
1225 2407 1683 2466 ecclesiasticum
1708 2427 1838 2483 gre-

174 2510 316 2569 gem
346 2493 655 2550 defendere
683 2498 741 2550 et
767 2495 918 2550 tueri
949 2496 1162 2552 debent
1183 2514 1286 2569 per
1315 2498 1609 2570 sapientes
1623 2500 1838 2556 doctri-

177 2599 315 2651 nas,
349 2598 424 2638 ne
455 2583 716 2639 furiosus
745 2583 1165 2658 lycanthropus
1195 2603 1331 2642 eum
1352 2587 1605 2644 nimium
1630 2589 1843 2647 discer-

182 2676 311 2745 pat,
346 2674 449 2729 aut
476 2671 696 2728 multos
724 2690 794 2729 ex
823 2673 1217 2732 ecclesiastico
1247 2691 1420 2750 grege
1450 2678 1734 2736 mordeat.
1776 2681 1845 2736 Et

183 2760 243 2818 si
272 2760 408 2832 quis
438 2761 692 2818 maxime
724 2766 908 2830 curet,
937 2765 1001 2818 ut
1024 2762 1124 2819 Dei
1156 2765 1382 2820 nuntiis
1412 2766 1663 2838 obediat,
1687 2769 1842 2825 idem

181 2853 280 2907 est
309 2866 378 2906 ac
405 2850 458 2906 si
488 2850 605 2907 Deo
634 2850 749 2923 ipsi
781 2852 1033 2908 obediat.
1067 2853 1309 2926 Semper
1352 2853 1430 2911 sit
1478 2873 1692 2913 nomen
1743 2859 1845 2916 Dei

185 2938 586 3007 benedictum,
621 2944 681 2997 et
708 2940 785 2996 sit
810 2940 938 2998 laus
978 2940 1049 3009 ei,
1103 2959 1169 2998 ac
1216 2942 1403 2998 honor
1450 2949 1506 3000 et
1552 2945 1738 3019 gloria
1785 2950 1846 3005 in

188 3043 401 3084 omnes
431 3026 629 3085 saeculi
658 3033 875 3086 aatates.
912 3032 1116 3087 Amen.

264 3116 387 3173 Hoc
408 3121 500 3173 est
521 3117 798 3174 seculare
818 3118 1131 3175 consilium
1155 3121 1310 3192 quod
1329 3137 1397 3177 ex
1417 3123 1846 3184 consultatione

185 3222 330 3264 cum
361 3206 728 3278 sapientibus
759 3207 905 3263 meis
935 3207 1064 3264 volo
1084 3213 1150 3264 ut
1179 3209 1519 3268 observetur
1538 3229 1641 3285 per
1660 3218 1844 3273 totam

180 3293 484 3379 Angliam.

456 3393 500 3451 Ι.
532 3393 607 3450 De
626 3395 855 3467 justitia
884 3395 1157 3468 efferenda
1186 3396 1297 3469 (LI.
1332 3399 1463 3455 Sax.
1499 3400 1573 3471 1).

259 3479 380 3537 Hoc
409 3482 589 3556 igitur
617 3486 707 3539 est
737 3483 1018 3556 primum,
1052 3485 1209 3556 quod
1234 3484 1380 3551 volo,
1405 3490 1469 3542 ut
1487 3488 1665 3559 justas
1687 3489 1847 3565 leges

182 3568 550 3639 sanciantur,
583 3574 642 3628 et
667 3571 941 3644 quaelibet
971 3572 1264 3645 injustitia
1285 3575 1487 3632 sedulo
1509 3577 1843 3652 damnetur,

181 3663 247 3717 et
276 3662 342 3714 ut
370 3658 698 3717 sarculetur
729 3665 787 3717 et
813 3661 1143 3718 eradicetur
1181 3663 1484 3735 quodlibet
1529 3666 1843 3739 injustum,

182 3764 371 3822 quam
402 3746 853 3823 diligentissime
886 3750 1071 3822 possit
1098 3751 1169 3807 de
1204 3750 1310 3808 hac
1340 3757 1513 3822 terra,
1538 3759 1595 3811 et
1618 3774 1847 3829 promo-

178 3839 393 3893 veatur
415 3837 516 3894 Dei
538 3836 794 3909 justitia,
820 3855 886 3895 ac
905 3838 965 3893 in
989 3843 1290 3911 posterum
1314 3858 1539 3912 omnes,
1561 3848 1683 3901 tam
1706 3864 1845 3920 pau-

181 3940 355 3997 peres
373 3938 551 3997 quam
573 3925 802 3993 divites,
818 3927 955 3998 jure
976 3927 1206 4000 publico
1229 3929 1520 4000 fruantur,
1545 3935 1842 4006 etjustum

176 4011 624 4085 illis'judicium
659 4015 954 4071 reddatur.

178 4120 256 4177 II.
289 4121 364 4175 De
390 4122 772 4177 misericordia
800 4123 1106 4179 exhibenda
1138 4126 1197 4178 in
1217 4126 1432 4196 judicio
1463 4127 1575 4200 (LI.
1603 4130 1734 4187 Sax.
1762 4134 1841 4204 2).

256 4226 557 4283 Docemus
579 4226 754 4282 etiam
781 4228 960 4299 quod,
982 4228 1116 4284 licet
1135 4229 1269 4301 quis
1289 4231 1613 4305 delinquat,
1639 4241 1697 4293 et
1718 4238 1842 4310 ipse

170 4313 476 4388 profunde
506 4314 806 4386 poeniteat,
839 4319 980 4372 tunc
1009 4316 1361 4373 adhibeatur
1390 4322 1715 4380 moderatio
1757 4326 1839 4398 (in

171 4418 358 4476 paena
380 4400 735 4475 irroganda),
755 4404 949 4476 prouti
970 4421 1166 4460 coram
1187 4406 1303 4462 Deo
1334 4408 1546 4464 decens
1566 4415 1623 4465 et
1644 4427 1840 4470 coram

1938 1882 2072 1921 mus
2086 1871 2318 1922 estcum
2334 1865 2466 1938 quis
2480 1865 2638 1923 idola
2651 1866 2873 1935 adorat,
2889 1867 3030 1923 deos
3040 1868 3312 1941 gentiles,
3332 1874 3392 1926 et
3406 1869 3589 1927 solem

1933 1952 2023 2010 vel
2054 1952 2479 2028 lunam,ignem
2509 1954 2599 2012 vel
2630 1956 2895 2026 ﬂuvium,
2925 1960 3155 2015 torrens
3184 1957 3273 2014 vel
3301 1975 3463 2028 saxa,
3501 1959 3619 2017 vel.

1940 2043 2189 2115 alicujus
2206 2043 2437 2116 generis
2460 2044 2734 2101 arborum
2756 2044 2939 2117 ligna,
2960 2043 3045 2101 vel
3070 2049 3228 2114 (cum
3253 2046 3410 2119 quis)
3428 2064 3598 2104 vene-

1943 2132 2141 2187 ﬁcium
2156 2136 2334 2199 amat,
2351 2132 2441 2186 vel
2460 2131 2804 2188 vicariatum
2823 2133 3142 2189 committit
3162 2132 3280 2189 ullo
3294 2136 3487 2203 modo,
3504 2135 3594 2192 vel

1944 2219 2264 2291 sortilegio,
2294 2218 2383 2276 vcl
2415 2220 2550 2277 teda
2578 2220 2667 2276 vel
2702 2220 2899 2293 aliquo
2928 2221 3340 2294 phantasmate
3368 2222 3591 2297 aliquid

1947 2309 2190 2382 perficit.

2253 2397 2542 2456 homicidis
2577 2400 3009 2544 (ἷῗξεέἒφὲἰὲῗς,
3084 2408 3136 2457 et
3205 2362 3625 2461 mchanlibusa

2020 2558 2334 2615 Homicida:
2348 2563 2405 2615 et
2418 2560 2538 2633 perj
2546 2560 2633 2615 uri
2650 2559 2924 2616 ordinum
2950 2559 3262 2619 violatores
3279 2567 3336 2619 et
3349 2563 3599 2621 adulteri

1952 2650 2305 2707 submittant
2335 2667 2396 2707 se
2428 2654 2483 2706 et
2513 2651 2844 2721 emendent,
2876 2650 2965 2707 vel
2998 2651 3247 2711 scienter
3268 2653 3324 2710 in
3347 2655 3600 2729 peccatis

1953 2739 2297 2796 moriantur.

1951 2837 2072 2895 VII.
2099 2838 2250 2914 Quod
2264 2841 2551 2914 peccatum,
2568 2841 2780 2911 turpius
2800 2841 2874 2914 sit
2894 2842 2955 2897 in
2978 2839 3162 2914 diebus
3182 2849 3235 2914 et
3254 2843 3384 2899 locis
3402 2846 3602 2914 sacris,

2060 2914 2112 2966 et
2137 2911 2369 2982 majores
2399 2913 2577 2980 magis
2606 2920 2735 2968 sunt
2753 2912 3027 2983 plectendi
3057 2913 3167 2984 (LI.
3201 2913 3333 2970 Sax.
3379 2916 3491 2989 35).

2028 2999 2318 3069 Injustum
2349 3015 2463 3055 non
2495 3002 2584 3056 est
2614 2996 2730 3055 ullo
2761 3004 3021 3072 tempore
3051 3000 3430 3073 permissum;
3454 3006 3598 3060 atta-

1959 3103 2094 3144 men
2125 3086 2333 3143 diebus
2366 3087 2551 3158 festis,
2584 3091 2641 3143 et
2670 3087 2729 3143 in
2753 3087 3019 3159 jejuniis,
3054 3092 3112 3144 et
3138 3088 3198 3144 in
3220 3087 3363 3146 locis
3384 3091 3628 3149 sanctis.

1876 3163 1919 3231 C
1955 3175 2406 3251 diligentissime
2436 3176 2510 3233 ab
2539 3191 2606 3232 eo
2637 3177 2959 3233 cavendum
2990 3180 3097 3232 est.
3129 3177 3199 3233 Et
3228 3195 3461 3252 semper
3488 3196 3605 3252 quo

1956 3265 2090 3339 quis
2119 3269 2208 3322 est
2237 3264 2528 3338 potentior
2555 3263 2642 3321 vel
2673 3264 2917 3337 majoris
2938 3263 3180 3333 ordinis,
3205 3282 3271 3321 eo
3295 3266 3483 3340 magis
3508 3284 3603 3323 co-

1956 3370 2083 3410 ram
2114 3355 2230 3410 Deo
2261 3358 2318 3410 et
2347 3354 2568 3410 mundo
2598 3353 2890 3426 injustum
2935 3355 3248 3410 emendare
3295 3355 3483 3412 debet.
3535 3356 3606 3412 Et

1955 3442 2349 3501 ecclesiastica
2376 3442 2775 3517 compensatio
2806 3459 3040 3516 semper
3068 3442 3377 3517 diligenter
3412 3442 3604 3514 inqui-

1955 3533 2136 3589 renda
2167 3537 2255 3590 est
2282 3550 2350 3589 ex
2379 3533 2634 3605 scriptis,
2663 3536 2722 3588 et
2751 3532 3052 3588 mundana
3081 3520 3480 3606 compensatio
3513 3532 3602 3590 in-

1955 3622 2241 3693 quirenda
2265 3626 2355 3679 est
2383 3638 2451 3677 ex
2482 3621 2784 3678 mundana
2815 3620 2959 3695 lege.

1953 3720 2105 3775 VIII.
2136 3721 2211 3776 De
2257 3722 2577 3777 ministrum
2621 3722 2792 3777 altari
2835 3721 3104 3777 occidente
3151 3721 3258 3794 (LI.
3306 3723 3439 3778 Ssx.
3488 3723 3599 3795 36).

2024 3817 2081 3872 Si
2102 3819 2234 3889 quis
2256 3817 2461 3873 altaris
2476 3816 2821 3874 ministrum
2844 3817 3141 3885 occiderit,
3167 3817 3244 3873 sit
3264 3817 3426 3874 exlex
3445 3820 3601 3891 apud

1954 3905 2139 3962 Deum
2171 3910 2227 3962 et
2256 3907 2412 3979 apud
2443 3905 2736 3972 homines,
2766 3905 2880 3962 nisi
2913 3923 3016 3979 per
3044 3905 3315 3962 exsilium
3342 3910 3398 3962 et
3446 3908 3602 3980 apud
3634 3923 3642 3927 ‘

1953 3999 2233 4068 cognatos
2264 3995 2441 4050 etiam
2473 3994 2662 4068 magis
2693 3997 3051 4067 compensat,
3082 3993 3171 4049 vel
3194 3998 3485 4066 purgetse
3507 4012 3601 4052 ca-

1952 4083 2116 4157 pitali
2140 4083 2505 4157 purgatione,
2528 4082 2580 4139 ei
2603 4084 2757 4139 intra
2776 4100 2888 4139 xxx
2908 4083 3035 4140 dies
3060 4082 3305 4155 incipiat
3324 4099 3600 4157 compen-

1952 4172 2236 4229 sationem
2255 4174 2471 4245 ubique
2482 4177 2604 4230 tam
2617 4172 2962 4246 apudDeum
2977 4189 3153 4245 quam
3167 4172 3323 4245 apud
3334 4171 3602 4229 homines

1952 4261 2275 4336 (solvendo)
2307 4262 2508 4320 omnia
2535 4280 2663 4337 quis
2693 4262 2888 4321 habet.

1950 4361 2040 4417 ΙΧ.
2103 4364 2166 4419 Ut
2220 4378 2321 4418 rex
2377 4364 2450 4418 sit
2502 4362 2782 4419 ordinatis
2836 4365 2893 4435 et,
2944 4363 3271 4435 alienigenis
3331 4370 3599 4435 patronus

2568 4434 2677 4505 (LI.
2710 4435 2842 4492 Sax.
2870 4434 2982 4507 3’7).

170 4489 878 4599 ξίξξθτθδξίεῗξξί·
911 4493 979 4593 βε
1008 4494 1342 4599 ωθωίξιῗνίί
1364 4496 1836 4599 (ξίῙίβθηίίεείηξβν
2021 4521 2080 4576 Si
2113 4522 2245 4593 quis
2276 4523 2462 4579 sacris
2491 4489 2796 4580 initiatum
2809 4489 2899 4580 vel
2920 4489 3183 4580 exterum
3205 4523 3403 4597 aliquo
3426 4526 3599 4583 modo

169 4579 284 4654 qui
306 4579 534 4659 judicio
565 4581 855 4653 praesidet,
888 4583 1017 4653 ejus
1048 4583 1205 4655 quod
1235 4584 1361 4655 ipse
1389 4584 1604 4643 habere
1633 4590 1836 4661 gessit,

168 4662 320 4726 cum
349 4668 460 4725 hoc
489 4670 664 4726 modo
695 4670 869 4727 dicit:
896 4673 963 4727 Et
991 4672 1207 4731 dimitte
1234 4674 1391 4729 nobis
1421 4673 1601 4731 debita
1629 4686 1834 4747 nostra,

165 4758 325 4816 sicut
350 4765 402 4813 et
428 4774 528 4814 nos
556 4759 887 4816 dimittimus
928 4760 1144 4831 (Matth.
1196 4763 1294 4829 γι).
1345 4762 1414 4818 Et
1453 4764 1835 4836 prohibemus

166 4862 256 4903 ne
287 4844 655 4903 Christianus
687 4852 820 4904 ante
842 4848 1043 4904 omnia
1062 4847 1270 4904 saltem
1292 4849 1438 4907 levis
1460 4850 1540 4908 rei
1563 4870 1743 4912 causa
1762 4860 1837 4915 ad

167 4936 435 4997 mortein
467 4936 754 5006 tradatur;
789 4937 891 4994 sed
921 4937 1117 5010 potius
1149 4937 1312 4994 mitis
1341 4957 1514 5012 poena
1541 4946 1838 5003 statuatur

161 5024 234 5080 in
258 5021 463 5094 populi
483 5024 882 5094 commodum,
903 5042 1091 5098 neque
1114 5027 1412 5097 perdatur,
1432 5045 1535 5100 pro
1553 5047 1612 5087 re
1636 5050 1832 5108 parva,

162 5110 283 5169 Dei
314 5127 600 5173 manuum
631 5114 914 5187 operatio,
948 5118 1003 5169 et
1031 5114 1331 5187 proprium
1378 5117 1506 5187 ejus
1558 5122 1831 5191 pretium,

162 5198 351 5273 quod;
369 5214 504 5256 caro
538 5202 801 5259 redemit.
1116 5206 1117 5209 “
1798 5205 1805 5211 ’

158 5313 276 5372 ΙΙΙ.
345 5315 420 5369 De
485 5315 796 5372 Christiano
820 5316 1315 5459 (Itilimsazeggendo
1379 5323 1538 5376 extra
1602 5338 1833 5394 regnum

244 5481 637 5539 Prohibemus
648 5483 823 5541 etiam
836 5502 908 5541 ne
918 5484 1286 5542 Christianus
1300 5486 1613 5560 quisquam
1626 5495 1829 5563 procul

159 5573 245 5629 de
262 5574 423 5629 terra
434 5572 739 5644 vendatur,
760 5590 948 5648 neque
968 5574 1040 5630 ad
1061 5573 1463 5647 gentilismum
1478 5576 1687 5637 saltem
1698 5597 1827 5654 per-

1947 4610 2186 4666 seducat
2211 4611 2280 4665 ad
2314 4626 2382 4666 ea
2412 4628 2539 4683 quae
2569 4616 2930 4668 concernunt
2950 4613 3262 4684 pecuniam
3282 4612 3371 4668 vel
3394 4614 3596 4683 vitam,

1945 4702 2086 4754 tunc
2117 4715 2216 4755 rex
2245 4700 2294 4755 ei
2329 4699 2407 4754 sit
2434 4699 2559 4756 loco
2590 4700 2843 4772 cognati,
2874 4704 2931 4757 et
2958 4700 3084 4757 loco
3114 4702 3367 4774 patroni,
3400 4702 3515 4758 nisi
3544 4702 3595 4757 is

1947 4787 2129 4844 alium
2143 4788 2451 4844 dominum
2466 4788 2823 4855 habuerit,et
2835 4795 3249 4862 compensetur
3261 4788 3405 4863 regi,
3423 4794 3597 4862 prout

1946 4877 2129 4948 decet,
2157 4878 2246 4934 vel
2274 4878 2493 4934 factum
2523 4877 2671 4934 illud
2717 4895 2895 4951 quam
2946 4879 3200 4936 maxime
3247 4877 3592 4948 vindicetur,

1945 4966 2223 5040 regemCh
2232 4966 2541 5023 ristianum
2555 4984 2733 5039 quam
2747 4967 2999 5023 maxime
3011 4966 3300 5037 decet,Dei
3316 4967 3396 5039 inj
3406 4965 3595 5024 uriam

1944 5071 2123 5125 quam
2156 5054 2524 5111 severissime
2554 5055 2759 5112 ulcisci
2790 5074 2894 5129 pro
2925 5073 2992 5113 eo
3025 5056 3183 5128 quod
3212 5056 3433 5111 factum
3482 5060 3590 5112 est.
3656 5081 3659 5085 -

1943 5144 2007 5198 X.
2042 5145 2116 5199 De
2145 5147 2397 5200 ministro
2425 5146 2623 5201 altaris
2654 5146 2946 5214 homicida,
2970 5150 3079 5202 etc.
3129 5145 3243 5218 (LI.
3295 5144 3428 5201 Sax.
3477 5146 3590 5213 38).

2012 5232 2070 5287 Si
2093 5232 2364 5289 minister
2375 5233 2579 5290 altaris
2598 5234 3027 5301 homicidaﬁat,
3044 5233 3132 5290 vel
3149 5233 3294 5290 alias
3307 5249 3592 5306 magnum

1943 5321 2106 5377 nefas
2123 5324 2561 5395 perpetraverit,
2578 5328 2719 5380 tunc
2738 5324 2946 5396 perdat
2961 5323 3172 5380 deinde
3188 5328 3306 5378 tam
3326 5321 3590 5380 ordinem

1942 5425 2122 5482 quam
2155 5410 2457 5477 honorem,
2485 5416 2544 5468 et
2575 5412 2979 5485 peregrinetur
3003 5429 3180 5485 quam
3206 5410 3407 5483 procul
3440 5428 3593 5485 papa

1940 5498 1992 5554 ei
2022 5499 2466 5573 praescripserit,
2498 5505 2556 5558 et
2588 5501 2730 5557 illud
2762 5501 3013 5559 libenter
3040 5501 3330 5570 emendet,
3354 5504 3425 5557 et.
3446 5502 3496 5557 si
3527 5519 3610 5559 se-

1943 5602 2195 5661 purgare
2224 5588 2381 5658 velit,
2414 5594 2626 5663 purget
2645 5606 2707 5648 se
2727 5589 2923 5664 triplo,
2947 5594 3005 5648 et
3026 5589 3141 5650 nisi
3162 5590 3319 5649 intra
3334 5606 3443 5649 xxx
3463 5589 3588 5648 dies
