  <div class='ocr_page' id='page_1' title='image "/cluster/home/n/w/nwhite01/storage/ocr_20150623/151/hvd.32044054760095/595.png"; bbox 0 0 3968 6158; ppageno 0'>
   <div class='ocr_carea' id='block_1_1' title="bbox 375 254 534 322">
    <p class='ocr_par' dir='ltr' id='par_1_1' title="bbox 375 254 534 322">
     <span class='ocr_line' id='line_1_1' title="bbox 375 254 534 322; baseline 0.006 -1"><span class='ocrx_word' id='word_1_1' title='bbox 375 254 534 322; x_wconf 77' lang='lat' dir='ltr'><strong>H79</strong></span> 
     </span>
    </p>
   </div>
   <div class='ocr_carea' id='block_1_2' title="bbox 1744 257 2423 326">
    <p class='ocr_par' dir='ltr' id='par_1_2' title="bbox 1744 257 2423 326">
     <span class='ocr_line' id='line_1_2' title="bbox 1744 257 2423 326; baseline -0.001 -1"><span class='ocrx_word' id='word_1_2' title='bbox 1744 257 2057 325; x_wconf 85' lang='lat' dir='ltr'><strong>MONUM.</strong></span> <span class='ocrx_word' id='word_1_3' title='bbox 2104 258 2423 326; x_wconf 88' lang='lat' dir='ltr'><strong>DIPLOM.</strong></span> 
     </span>
    </p>
   </div>
   <div class='ocr_carea' id='block_1_3' title="bbox 3629 257 3803 326">
    <p class='ocr_par' dir='ltr' id='par_1_3' title="bbox 3629 257 3803 326">
     <span class='ocr_line' id='line_1_3' title="bbox 3629 257 3803 326; baseline 0.017 -3"><span class='ocrx_word' id='word_1_4' title='bbox 3629 257 3803 326; x_wconf 73' lang='lat'><strong>1180</strong></span> 
     </span>
    </p>
   </div>
   <div class='ocr_carea' id='block_1_4' title="bbox 365 391 3793 473">
    <p class='ocr_par' dir='ltr' id='par_1_4' title="bbox 365 391 3793 473">
     <span class='ocr_line' id='line_1_4' title="bbox 365 391 3793 473; baseline 0 -21"><span class='ocrx_word' id='word_1_5' title='bbox 365 391 903 468; x_wconf 76' lang='lat' dir='ltr'><strong>compensationem</strong></span> <span class='ocrx_word' id='word_1_6' title='bbox 932 392 1234 470; x_wconf 72' lang='lat' dir='ltr'><strong>incmperit</strong></span> <span class='ocrx_word' id='word_1_7' title='bbox 1263 393 1414 469; x_wconf 87' lang='lat' dir='ltr'><strong>apud</strong></span> <span class='ocrx_word' id='word_1_8' title='bbox 1438 393 1622 453; x_wconf 92' lang='lat' dir='ltr'><strong>Deum</strong></span> <span class='ocrx_word' id='word_1_9' title='bbox 1647 397 1705 453; x_wconf 90' lang='lat' dir='ltr'><strong>et</strong></span> <span class='ocrx_word' id='word_1_10' title='bbox 1725 394 1879 470; x_wconf 91' lang='lat' dir='ltr'><strong>apud</strong></span> <span class='ocrx_word' id='word_1_11' title='bbox 1903 394 2012 453; x_wconf 84' lang='lat' dir='ltr'><strong>ho-</strong></span> <span class='ocrx_word' id='word_1_12' title='bbox 2042 395 2098 464; x_wconf 78' lang='grc' dir='ltr'>Α</span> <span class='ocrx_word' id='word_1_13' title='bbox 2126 395 2205 453; x_wconf 89' lang='lat' dir='ltr'><strong>sit</strong></span> <span class='ocrx_word' id='word_1_14' title='bbox 2233 404 2480 472; x_wconf 76' lang='lat' dir='ltr'><strong>occsius,</strong></span> <span class='ocrx_word' id='word_1_15' title='bbox 2514 411 2618 468; x_wconf 92' lang='lat' dir='ltr'><strong>pro</strong></span> <span class='ocrx_word' id='word_1_16' title='bbox 2637 411 2706 456; x_wconf 93' lang='lat' dir='ltr'><strong>eo</strong></span> <span class='ocrx_word' id='word_1_17' title='bbox 2727 395 2884 473; x_wconf 87' lang='lat' dir='ltr'><strong>quod</strong></span> <span class='ocrx_word' id='word_1_18' title='bbox 2898 393 3024 471; x_wconf 89' lang='lat' dir='ltr'><strong>illej</strong></span> <span class='ocrx_word' id='word_1_19' title='bbox 3033 393 3243 455; x_wconf 76' lang='lat' dir='ltr'><strong>ustitias</strong></span> <span class='ocrx_word' id='word_1_20' title='bbox 3261 411 3325 454; x_wconf 89' lang='lat' dir='ltr'><strong>se</strong></span> <span class='ocrx_word' id='word_1_21' title='bbox 3346 394 3710 470; x_wconf 79' lang='lat' dir='ltr'><strong>opposuerit,</strong></span> <span class='ocrx_word' id='word_1_22' title='bbox 3728 396 3793 453; x_wconf 85' lang='lat' dir='ltr'><strong>si</strong></span> 
     </span>
    </p>
   </div>
   <div class='ocr_carea' id='block_1_5' title="bbox 371 485 1069 556">
    <p class='ocr_par' dir='ltr' id='par_1_5' title="bbox 371 485 1069 556">
     <span class='ocr_line' id='line_1_5' title="bbox 371 485 1069 556; baseline 0 -14"><span class='ocrx_word' id='word_1_23' title='bbox 371 485 583 556; x_wconf 90' lang='lat' dir='ltr'><strong>mines,</strong></span> <span class='ocrx_word' id='word_1_24' title='bbox 613 489 754 541; x_wconf 88' lang='lat' dir='ltr'><strong>tunc</strong></span> <span class='ocrx_word' id='word_1_25' title='bbox 782 486 859 542; x_wconf 89' lang='lat' dir='ltr'><strong>sit</strong></span> <span class='ocrx_word' id='word_1_26' title='bbox 888 485 1069 542; x_wconf 85' lang='lat' dir='ltr'><strong>exlex.</strong></span> 
     </span>
    </p>
   </div>
   <div class='ocr_carea' id='block_1_6' title="bbox 533 592 1860 650">
    <p class='ocr_par' dir='ltr' id='par_1_6' title="bbox 533 592 1860 650">
     <span class='ocr_line' id='line_1_6' title="bbox 533 592 1860 650; baseline 0 -2"><span class='ocrx_word' id='word_1_27' title='bbox 533 592 626 648; x_wconf 90' lang='grc' dir='ltr'><strong>ΧΙ.</strong></span> <span class='ocrx_word' id='word_1_28' title='bbox 655 594 732 649; x_wconf 89' lang='lat' dir='ltr'><strong>De</strong></span> <span class='ocrx_word' id='word_1_29' title='bbox 757 593 1078 650; x_wconf 83' lang='lat' dir='ltr'><strong>ordinatum</strong></span> <span class='ocrx_word' id='word_1_30' title='bbox 1108 595 1381 650; x_wconf 79' lang='lat' dir='ltr'><strong>vinciente</strong></span> <span class='ocrx_word' id='word_1_31' title='bbox 1407 601 1508 649; x_wconf 85' lang='lat' dir='ltr'><strong>aut</strong></span> <span class='ocrx_word' id='word_1_32' title='bbox 1539 594 1860 649; x_wconf 78' lang='lat' dir='ltr'><strong>verberante</strong></span> 
     </span>
    </p>
   </div>
   <div class='ocr_carea' id='block_1_7' title="bbox 981 666 1404 736">
    <p class='ocr_par' dir='ltr' id='par_1_7' title="bbox 981 666 1404 736">
     <span class='ocr_line' id='line_1_7' title="bbox 981 666 1404 736; baseline -0.002 -16"><span class='ocrx_word' id='word_1_33' title='bbox 981 666 1094 733; x_wconf 91' lang='lat' dir='ltr'><strong>(LI.</strong></span> <span class='ocrx_word' id='word_1_34' title='bbox 1125 666 1255 720; x_wconf 85' lang='lat' dir='ltr'><strong>Sax.</strong></span> <span class='ocrx_word' id='word_1_35' title='bbox 1290 666 1404 736; x_wconf 87' lang='grc'><strong>39).</strong></span> 
     </span>
    </p>
   </div>
   <div class='ocr_carea' id='block_1_8' title="bbox 445 753 2022 826">
    <p class='ocr_par' dir='ltr' id='par_1_8' title="bbox 445 753 2022 826">
     <span class='ocr_line' id='line_1_8' title="bbox 445 753 2022 826; baseline 0 -16"><span class='ocrx_word' id='word_1_36' title='bbox 445 753 505 810; x_wconf 91' lang='lat' dir='ltr'><strong>Si</strong></span> <span class='ocrx_word' id='word_1_37' title='bbox 537 753 671 826; x_wconf 86' lang='lat' dir='ltr'><strong>quis</strong></span> <span class='ocrx_word' id='word_1_38' title='bbox 702 753 884 810; x_wconf 90' lang='lat' dir='ltr'><strong>sacris</strong></span> <span class='ocrx_word' id='word_1_39' title='bbox 914 753 1211 810; x_wconf 86' lang='lat' dir='ltr'><strong>initiatum</strong></span> <span class='ocrx_word' id='word_1_40' title='bbox 1242 754 1460 810; x_wconf 83' lang='lat' dir='ltr'><strong>vinciat</strong></span> <span class='ocrx_word' id='word_1_41' title='bbox 1484 754 1574 816; x_wconf 83' lang='lat' dir='ltr'><strong>vel</strong></span> <span class='ocrx_word' id='word_1_42' title='bbox 1608 754 1890 820; x_wconf 80' lang='lat' dir='ltr'><strong>verberet,</strong></span> <span class='ocrx_word' id='word_1_43' title='bbox 1935 754 2022 810; x_wconf 90' lang='lat' dir='ltr'><strong>vel</strong></span> 
     </span>
    </p>
   </div>
   <div class='ocr_carea' id='block_1_9' title="bbox 373 841 2020 915">
    <p class='ocr_par' dir='ltr' id='par_1_9' title="bbox 373 841 2020 915">
     <span class='ocr_line' id='line_1_9' title="bbox 373 841 2020 915; baseline 0 -18"><span class='ocrx_word' id='word_1_44' title='bbox 373 842 692 898; x_wconf 79' lang='lat' dir='ltr'><strong>admodum</strong></span> <span class='ocrx_word' id='word_1_45' title='bbox 724 841 1100 910; x_wconf 91' lang='lat' dir='ltr'><strong>convicietur,</strong></span> <span class='ocrx_word' id='word_1_46' title='bbox 1134 847 1473 914; x_wconf 88' lang='lat' dir='ltr'><strong>compenset</strong></span> <span class='ocrx_word' id='word_1_47' title='bbox 1500 842 1550 898; x_wconf 92' lang='lat' dir='ltr'><strong>ei</strong></span> <span class='ocrx_word' id='word_1_48' title='bbox 1581 845 1755 915; x_wconf 86' lang='lat' dir='ltr'><strong>prout</strong></span> <span class='ocrx_word' id='word_1_49' title='bbox 1787 843 2020 913; x_wconf 90' lang='lat' dir='ltr'><strong>justum</strong></span> 
     </span>
    </p>
   </div>
   <div class='ocr_carea' id='block_1_10' title="bbox 371 929 2021 1002">
    <p class='ocr_par' dir='ltr' id='par_1_10' title="bbox 371 929 2021 1002">
     <span class='ocr_line' id='line_1_10' title="bbox 371 929 2021 1002; baseline -0.002 -15"><span class='ocrx_word' id='word_1_50' title='bbox 371 934 480 998; x_wconf 89' lang='lat' dir='ltr'><strong>est,</strong></span> <span class='ocrx_word' id='word_1_51' title='bbox 511 934 568 986; x_wconf 92' lang='lat' dir='ltr'><strong>et</strong></span> <span class='ocrx_word' id='word_1_52' title='bbox 597 930 868 1002; x_wconf 90' lang='lat' dir='ltr'><strong>episcopo</strong></span> <span class='ocrx_word' id='word_1_53' title='bbox 900 947 1010 986; x_wconf 80' lang='lat' dir='ltr'><strong>arae</strong></span> <span class='ocrx_word' id='word_1_54' title='bbox 1041 930 1340 1002; x_wconf 83' lang='lat' dir='ltr'><strong>expiandae</strong></span> <span class='ocrx_word' id='word_1_55' title='bbox 1373 931 1621 986; x_wconf 89' lang='lat' dir='ltr'><strong>multam</strong></span> <span class='ocrx_word' id='word_1_56' title='bbox 1657 947 1760 1002; x_wconf 92' lang='lat' dir='ltr'><strong>pro</strong></span> <span class='ocrx_word' id='word_1_57' title='bbox 1799 929 2021 985; x_wconf 87' lang='lat' dir='ltr'><strong>ordinis</strong></span> 
     </span>
    </p>
   </div>
   <div class='ocr_carea' id='block_1_11' title="bbox 372 1018 2021 1092">
    <p class='ocr_par' dir='ltr' id='par_1_11' title="bbox 372 1018 2021 1092">
     <span class='ocr_line' id='line_1_11' title="bbox 372 1018 2021 1092; baseline 0 -18"><span class='ocrx_word' id='word_1_58' title='bbox 372 1019 570 1085; x_wconf 89' lang='lat' dir='ltr'><strong>modo,</strong></span> <span class='ocrx_word' id='word_1_59' title='bbox 592 1022 649 1076; x_wconf 90' lang='lat' dir='ltr'><strong>et</strong></span> <span class='ocrx_word' id='word_1_60' title='bbox 669 1020 908 1076; x_wconf 92' lang='lat' dir='ltr'><strong>domino</strong></span> <span class='ocrx_word' id='word_1_61' title='bbox 925 1019 1014 1076; x_wconf 91' lang='lat' dir='ltr'><strong>vel</strong></span> <span class='ocrx_word' id='word_1_62' title='bbox 1037 1020 1158 1092; x_wconf 89' lang='lat' dir='ltr'><strong>regi</strong></span> <span class='ocrx_word' id='word_1_63' title='bbox 1182 1037 1284 1092; x_wconf 87' lang='lat' dir='ltr'><strong>pro</strong></span> <span class='ocrx_word' id='word_1_64' title='bbox 1305 1019 1478 1092; x_wconf 91' lang='lat' dir='ltr'><strong>plena</strong></span> <span class='ocrx_word' id='word_1_65' title='bbox 1491 1019 1803 1076; x_wconf 89' lang='lat' dir='ltr'><strong>violatione</strong></span> <span class='ocrx_word' id='word_1_66' title='bbox 1837 1018 2021 1090; x_wconf 86' lang='lat' dir='ltr'><strong>pacis,</strong></span> 
     </span>
    </p>
   </div>
   <div class='ocr_carea' id='block_1_12' title="bbox 365 1107 1626 1181">
    <p class='ocr_par' dir='ltr' id='par_1_12' title="bbox 365 1107 1626 1181">
     <span class='ocr_line' id='line_1_12' title="bbox 365 1107 1626 1181; baseline 0 -19"><span class='ocrx_word' id='word_1_67' title='bbox 365 1107 455 1164; x_wconf 86' lang='lat' dir='ltr'><strong>vel</strong></span> <span class='ocrx_word' id='word_1_68' title='bbox 489 1111 698 1181; x_wconf 85' lang='lat' dir='ltr'><strong>purget</strong></span> <span class='ocrx_word' id='word_1_69' title='bbox 727 1108 988 1181; x_wconf 88' lang='lat' dir='ltr'><strong>seipsum</strong></span> <span class='ocrx_word' id='word_1_70' title='bbox 1021 1107 1195 1180; x_wconf 91' lang='lat' dir='ltr'><strong>plena</strong></span> <span class='ocrx_word' id='word_1_71' title='bbox 1235 1108 1626 1165; x_wconf 87' lang='lat' dir='ltr'><strong>excusatione.</strong></span> 
     </span>
    </p>
   </div>
   <div class='ocr_carea' id='block_1_13' title="bbox 543 1197 1836 1270">
    <p class='ocr_par' dir='ltr' id='par_1_13' title="bbox 543 1197 1836 1270">
     <span class='ocr_line' id='line_1_13' title="bbox 543 1197 1836 1270; baseline -0.002 -18"><span class='ocrx_word' id='word_1_72' title='bbox 543 1197 661 1254; x_wconf 89' lang='lat' dir='ltr'><strong>XII.</strong></span> <span class='ocrx_word' id='word_1_73' title='bbox 691 1199 765 1253; x_wconf 90' lang='lat' dir='ltr'><strong>De</strong></span> <span class='ocrx_word' id='word_1_74' title='bbox 793 1197 1046 1254; x_wconf 86' lang='lat' dir='ltr'><strong>ordinato</strong></span> <span class='ocrx_word' id='word_1_75' title='bbox 1067 1199 1266 1270; x_wconf 81' lang='lat' dir='ltr'><strong>capitis</strong></span> <span class='ocrx_word' id='word_1_76' title='bbox 1295 1213 1385 1253; x_wconf 89' lang='lat' dir='ltr'><strong>reo</strong></span> <span class='ocrx_word' id='word_1_77' title='bbox 1418 1198 1531 1268; x_wconf 90' lang='lat' dir='ltr'><strong>(LI.</strong></span> <span class='ocrx_word' id='word_1_78' title='bbox 1559 1198 1687 1253; x_wconf 86' lang='lat' dir='ltr'><strong>Sax.</strong></span> <span class='ocrx_word' id='word_1_79' title='bbox 1725 1197 1836 1267; x_wconf 89' lang='grc'>40).</span> 
     </span>
    </p>
   </div>
   <div class='ocr_carea' id='block_1_14' title="bbox 439 1284 2018 1359">
    <p class='ocr_par' dir='ltr' id='par_1_14' title="bbox 439 1284 2018 1359">
     <span class='ocr_line' id='line_1_14' title="bbox 439 1284 2018 1359; baseline -0.002 -17"><span class='ocrx_word' id='word_1_80' title='bbox 439 1286 499 1342; x_wconf 91' lang='lat' dir='ltr'><strong>Si</strong></span> <span class='ocrx_word' id='word_1_81' title='bbox 532 1284 665 1359; x_wconf 88' lang='lat' dir='ltr'><strong>quis</strong></span> <span class='ocrx_word' id='word_1_82' title='bbox 697 1286 880 1342; x_wconf 88' lang='lat' dir='ltr'><strong>sacris</strong></span> <span class='ocrx_word' id='word_1_83' title='bbox 909 1285 1174 1343; x_wconf 87' lang='lat' dir='ltr'><strong>initiatus</strong></span> <span class='ocrx_word' id='word_1_84' title='bbox 1204 1284 1454 1358; x_wconf 84' lang='lat' dir='ltr'><strong>capitale</strong></span> <span class='ocrx_word' id='word_1_85' title='bbox 1499 1286 1717 1341; x_wconf 88' lang='lat' dir='ltr'><strong>crimen</strong></span> <span class='ocrx_word' id='word_1_86' title='bbox 1769 1284 2018 1340; x_wconf 86' lang='lat' dir='ltr'><strong>commi-</strong></span> 
     </span>
    </p>
   </div>
   <div class='ocr_carea' id='block_1_15' title="bbox 368 1374 2017 1449">
    <p class='ocr_par' dir='ltr' id='par_1_15' title="bbox 368 1374 2017 1449">
     <span class='ocr_line' id='line_1_15' title="bbox 368 1374 2017 1449; baseline -0.001 -18"><span class='ocrx_word' id='word_1_87' title='bbox 368 1374 532 1443; x_wconf 91' lang='lat' dir='ltr'><strong>serit,</strong></span> <span class='ocrx_word' id='word_1_88' title='bbox 566 1375 1058 1449; x_wconf 85' lang='lat' dir='ltr'><strong>apprehendatur,</strong></span> <span class='ocrx_word' id='word_1_89' title='bbox 1092 1380 1151 1432; x_wconf 89' lang='lat' dir='ltr'><strong>et</strong></span> <span class='ocrx_word' id='word_1_90' title='bbox 1180 1375 1424 1432; x_wconf 84' lang='lat' dir='ltr'><strong>sistatur</strong></span> <span class='ocrx_word' id='word_1_91' title='bbox 1454 1391 1648 1431; x_wconf 92' lang='lat' dir='ltr'><strong>coram</strong></span> <span class='ocrx_word' id='word_1_92' title='bbox 1686 1374 1850 1430; x_wconf 91' lang='lat' dir='ltr'><strong>curia</strong></span> <span class='ocrx_word' id='word_1_93' title='bbox 1896 1374 2017 1446; x_wconf 91' lang='lat' dir='ltr'><strong>epi-</strong></span> 
     </span>
    </p>
   </div>
   <div class='ocr_carea' id='block_1_16' title="bbox 335 1463 1432 1537">
    <p class='ocr_par' dir='ltr' id='par_1_16' title="bbox 335 1463 1432 1537">
     <span class='ocr_line' id='line_1_16' title="bbox 335 1463 1432 1537; baseline -0.001 -17"><span class='ocrx_word' id='word_1_94' title='bbox 335 1529 343 1536; x_wconf 92' lang='lat'><em>_</em></span> <span class='ocrx_word' id='word_1_95' title='bbox 370 1463 595 1537; x_wconf 87' lang='lat' dir='ltr'><strong>scopali</strong></span> <span class='ocrx_word' id='word_1_96' title='bbox 625 1481 730 1537; x_wconf 91' lang='lat' dir='ltr'><strong>pro</strong></span> <span class='ocrx_word' id='word_1_97' title='bbox 756 1463 855 1520; x_wconf 93' lang='lat' dir='ltr'><strong>illo</strong></span> <span class='ocrx_word' id='word_1_98' title='bbox 888 1466 1044 1537; x_wconf 91' lang='lat' dir='ltr'><strong>quod</strong></span> <span class='ocrx_word' id='word_1_99' title='bbox 1075 1465 1295 1520; x_wconf 87' lang='lat' dir='ltr'><strong>factum</strong></span> <span class='ocrx_word' id='word_1_100' title='bbox 1325 1468 1432 1520; x_wconf 90' lang='lat' dir='ltr'><strong>est.</strong></span> 
     </span>
    </p>
   </div>
   <div class='ocr_carea' id='block_1_17' title="bbox 438 1552 1945 1627">
    <p class='ocr_par' dir='ltr' id='par_1_17' title="bbox 438 1552 1945 1627">
     <span class='ocr_line' id='line_1_17' title="bbox 438 1552 1945 1627; baseline -0.001 -17"><span class='ocrx_word' id='word_1_101' title='bbox 438 1554 581 1611; x_wconf 88' lang='lat' dir='ltr'><strong>XIII.</strong></span> <span class='ocrx_word' id='word_1_102' title='bbox 614 1556 689 1611; x_wconf 87' lang='lat' dir='ltr'><strong>De</strong></span> <span class='ocrx_word' id='word_1_103' title='bbox 718 1571 807 1612; x_wconf 86' lang='lat' dir='ltr'><strong>reo</strong></span> <span class='ocrx_word' id='word_1_104' title='bbox 837 1556 1237 1626; x_wconf 81' lang='lat' dir='ltr'><strong>confessarium</strong></span> <span class='ocrx_word' id='word_1_105' title='bbox 1261 1558 1475 1627; x_wconf 82' lang='lat' dir='ltr'><strong>petente</strong></span> <span class='ocrx_word' id='word_1_106' title='bbox 1499 1555 1612 1626; x_wconf 91' lang='lat' dir='ltr'><strong>(LI.</strong></span> <span class='ocrx_word' id='word_1_107' title='bbox 1649 1554 1780 1609; x_wconf 88' lang='lat' dir='ltr'><strong>Sax.</strong></span> <span class='ocrx_word' id='word_1_108' title='bbox 1834 1552 1945 1622; x_wconf 93' lang='grc'>41).</span> 
     </span>
    </p>
   </div>
   <div class='ocr_carea' id='block_1_18' title="bbox 440 1640 2019 1716">
    <p class='ocr_par' dir='ltr' id='par_1_18' title="bbox 440 1640 2019 1716">
     <span class='ocr_line' id='line_1_18' title="bbox 440 1640 2019 1716; baseline -0.003 -18"><span class='ocrx_word' id='word_1_109' title='bbox 440 1643 502 1698; x_wconf 91' lang='lat' dir='ltr'><strong>Si</strong></span> <span class='ocrx_word' id='word_1_110' title='bbox 532 1643 667 1715; x_wconf 89' lang='lat' dir='ltr'><strong>quis</strong></span> <span class='ocrx_word' id='word_1_111' title='bbox 702 1643 969 1716; x_wconf 88' lang='lat' dir='ltr'><strong>capitalis</strong></span> <span class='ocrx_word' id='word_1_112' title='bbox 1015 1642 1280 1699; x_wconf 84' lang='lat' dir='ltr'><strong>criminis</strong></span> <span class='ocrx_word' id='word_1_113' title='bbox 1331 1659 1466 1698; x_wconf 88' lang='lat' dir='ltr'><strong>reus</strong></span> <span class='ocrx_word' id='word_1_114' title='bbox 1513 1642 1717 1699; x_wconf 89' lang='lat' dir='ltr'><strong>sedulo</strong></span> <span class='ocrx_word' id='word_1_115' title='bbox 1757 1640 2019 1710; x_wconf 84' lang='lat' dir='ltr'><strong>conﬁteri</strong></span> 
     </span>
    </p>
   </div>
   <div class='ocr_carea' id='block_1_19' title="bbox 367 1728 2016 1803">
    <p class='ocr_par' dir='ltr' id='par_1_19' title="bbox 367 1728 2016 1803">
     <span class='ocr_line' id='line_1_19' title="bbox 367 1728 2016 1803; baseline -0.002 -18"><span class='ocrx_word' id='word_1_116' title='bbox 367 1729 526 1799; x_wconf 84' lang='lat' dir='ltr'><strong>velit,</strong></span> <span class='ocrx_word' id='word_1_117' title='bbox 559 1747 678 1786; x_wconf 88' lang='lat' dir='ltr'><strong>non</strong></span> <span class='ocrx_word' id='word_1_118' title='bbox 709 1736 957 1803; x_wconf 84' lang='lat' dir='ltr'><strong>negetur</strong></span> <span class='ocrx_word' id='word_1_119' title='bbox 987 1730 1132 1786; x_wconf 93' lang='lat' dir='ltr'><strong>illud</strong></span> <span class='ocrx_word' id='word_1_120' title='bbox 1167 1731 1278 1803; x_wconf 87' lang='lat' dir='ltr'><strong>ipsi</strong></span> <span class='ocrx_word' id='word_1_121' title='bbox 1310 1747 1596 1802; x_wconf 85' lang='lat' dir='ltr'><strong>unquam,</strong></span> <span class='ocrx_word' id='word_1_122' title='bbox 1631 1729 1760 1785; x_wconf 86' lang='lat' dir='ltr'><strong>etsi</strong></span> <span class='ocrx_word' id='word_1_123' title='bbox 1795 1728 1926 1801; x_wconf 90' lang='lat' dir='ltr'><strong>quis</strong></span> <span class='ocrx_word' id='word_1_124' title='bbox 1967 1729 2016 1784; x_wconf 89' lang='lat' dir='ltr'><strong>ei</strong></span> 
     </span>
    </p>
   </div>
   <div class='ocr_carea' id='block_1_20' title="bbox 369 1817 2018 1892">
    <p class='ocr_par' dir='ltr' id='par_1_20' title="bbox 369 1817 2018 1892">
     <span class='ocr_line' id='line_1_20' title="bbox 369 1817 2018 1892; baseline -0.001 -17"><span class='ocrx_word' id='word_1_125' title='bbox 369 1819 690 1892; x_wconf 85' lang='lat' dir='ltr'><strong>negaverit,</strong></span> <span class='ocrx_word' id='word_1_126' title='bbox 718 1824 1059 1892; x_wconf 90' lang='lat' dir='ltr'><strong>compenset</strong></span> <span class='ocrx_word' id='word_1_127' title='bbox 1087 1820 1196 1876; x_wconf 90' lang='lat' dir='ltr'><strong>hoc</strong></span> <span class='ocrx_word' id='word_1_128' title='bbox 1227 1820 1380 1892; x_wconf 89' lang='lat' dir='ltr'><strong>apud</strong></span> <span class='ocrx_word' id='word_1_129' title='bbox 1413 1835 1607 1891; x_wconf 90' lang='lat' dir='ltr'><strong>regem</strong></span> <span class='ocrx_word' id='word_1_130' title='bbox 1639 1835 1745 1874; x_wconf 85' lang='lat' dir='ltr'><strong>cxx</strong></span> <span class='ocrx_word' id='word_1_131' title='bbox 1793 1817 2018 1884; x_wconf 89' lang='lat' dir='ltr'><strong>solidis,</strong></span> 
     </span>
    </p>
   </div>
   <div class='ocr_carea' id='block_1_21' title="bbox 369 1906 2025 1982">
    <p class='ocr_par' dir='ltr' id='par_1_21' title="bbox 369 1906 2025 1982">
     <span class='ocr_line' id='line_1_21' title="bbox 369 1906 2025 1982; baseline 0 -20"><span class='ocrx_word' id='word_1_132' title='bbox 369 1906 459 1964; x_wconf 89' lang='lat' dir='ltr'><strong>vel</strong></span> <span class='ocrx_word' id='word_1_133' title='bbox 488 1912 698 1982; x_wconf 84' lang='lat' dir='ltr'><strong>purget</strong></span> <span class='ocrx_word' id='word_1_134' title='bbox 727 1925 969 1964; x_wconf 88' lang='lat' dir='ltr'><strong>sumens</strong></span> <span class='ocrx_word' id='word_1_135' title='bbox 1018 1907 1278 1982; x_wconf 90' lang='lat' dir='ltr'><strong>quinque</strong></span> <span class='ocrx_word' id='word_1_136' title='bbox 1325 1907 1616 1976; x_wconf 87' lang='lat' dir='ltr'><strong>homines,</strong></span> <span class='ocrx_word' id='word_1_137' title='bbox 1665 1911 1722 1964; x_wconf 90' lang='lat' dir='ltr'><strong>et</strong></span> <span class='ocrx_word' id='word_1_138' title='bbox 1769 1907 1895 1980; x_wconf 92' lang='lat' dir='ltr'><strong>ipse</strong></span> <span class='ocrx_word' id='word_1_139' title='bbox 1947 1906 2025 1962; x_wconf 88' lang='lat' dir='ltr'><strong>sit</strong></span> 
     </span>
    </p>
   </div>
   <div class='ocr_carea' id='block_1_22' title="bbox 370 1999 588 2054">
    <p class='ocr_par' dir='ltr' id='par_1_22' title="bbox 370 1999 588 2054">
     <span class='ocr_line' id='line_1_22' title="bbox 370 1999 588 2054; baseline -0.005 0"><span class='ocrx_word' id='word_1_140' title='bbox 370 1999 588 2054; x_wconf 83' lang='lat' dir='ltr'><strong>sextus.</strong></span> 
     </span>
    </p>
   </div>
   <div class='ocr_carea' id='block_1_23' title="bbox 440 2102 1953 2249">
    <p class='ocr_par' dir='ltr' id='par_1_23' title="bbox 440 2102 1953 2249">
     <span class='ocr_line' id='line_1_23' title="bbox 440 2102 1953 2247; baseline -0.002 -87"><span class='ocrx_word' id='word_1_141' title='bbox 440 2104 583 2161; x_wconf 95' lang='lat' dir='ltr'><strong>XIV.</strong></span> <span class='ocrx_word' id='word_1_142' title='bbox 639 2105 715 2161; x_wconf 83' lang='lat' dir='ltr'><strong>De</strong></span> <span class='ocrx_word' id='word_1_143' title='bbox 773 2104 862 2162; x_wconf 89' lang='lat' dir='ltr'><strong>die</strong></span> <span class='ocrx_word' id='word_1_144' title='bbox 924 2104 1202 2233; x_wconf 47' lang='lat' dir='ltr'><strong>dominzga</strong></span> <span class='ocrx_word' id='word_1_145' title='bbox 1267 2109 1320 2162; x_wconf 88' lang='lat' dir='ltr'><strong>et</strong></span> <span class='ocrx_word' id='word_1_146' title='bbox 1374 2105 1541 2247; x_wconf 66' lang='lat' dir='ltr'><strong>)[estis</strong></span> <span class='ocrx_word' id='word_1_147' title='bbox 1605 2102 1953 2160; x_wconf 76' lang='lat' dir='ltr'><strong>observandis</strong></span> 
     </span>
     <span class='ocr_line' id='line_1_24' title="bbox 971 2177 1414 2249; baseline -0.002 -17"><span class='ocrx_word' id='word_1_148' title='bbox 971 2177 1086 2249; x_wconf 92' lang='lat' dir='ltr'><strong>(LI.</strong></span> <span class='ocrx_word' id='word_1_149' title='bbox 1164 2193 1254 2232; x_wconf 85' lang='lat' dir='ltr'><strong>ax.</strong></span> <span class='ocrx_word' id='word_1_150' title='bbox 1301 2177 1370 2231; x_wconf 85' lang='grc'>42</span> <span class='ocrx_word' id='word_1_151' title='bbox 1401 2219 1414 2232; x_wconf 93' lang='grc'><strong>.</strong></span> 
     </span>
    </p>
   </div>
   <div class='ocr_carea' id='block_1_24' title="bbox 1074 2193 1414 2232">
    <p class='ocr_par' dir='ltr' id='par_1_24' title="bbox 1074 2193 1414 2232">
     <span class='ocr_line' id='line_1_25' title="bbox 1074 2193 1414 2232; baseline 0.003 -1"><span class='ocrx_word' id='word_1_152' title='bbox 1074 2217 1086 2231; x_wconf 90' lang='grc'><strong>.</strong></span> <span class='ocrx_word' id='word_1_153' title='bbox 1121 2193 1254 2232; x_wconf 68' lang='grc' dir='ltr'>δᾶΧ.</span> <span class='ocrx_word' id='word_1_154' title='bbox 1301 2193 1414 2232; x_wconf 66' lang='lat'><strong>42).</strong></span> 
     </span>
    </p>
   </div>
   <div class='ocr_carea' id='block_1_25' title="bbox 440 2262 2018 2338">
    <p class='ocr_par' dir='ltr' id='par_1_25' title="bbox 440 2262 2018 2338">
     <span class='ocr_line' id='line_1_26' title="bbox 440 2262 2018 2338; baseline -0.003 -16"><span class='ocrx_word' id='word_1_155' title='bbox 440 2264 502 2322; x_wconf 89' lang='lat' dir='ltr'><strong>Si</strong></span> <span class='ocrx_word' id='word_1_156' title='bbox 533 2265 889 2338; x_wconf 88' lang='lat' dir='ltr'><strong>apprehendi</strong></span> <span class='ocrx_word' id='word_1_157' title='bbox 921 2268 1133 2338; x_wconf 87' lang='lat' dir='ltr'><strong>potest,</strong></span> <span class='ocrx_word' id='word_1_158' title='bbox 1156 2282 1272 2321; x_wconf 91' lang='lat' dir='ltr'><strong>non</strong></span> <span class='ocrx_word' id='word_1_159' title='bbox 1297 2264 1598 2322; x_wconf 89' lang='lat' dir='ltr'><strong>occidatur</strong></span> <span class='ocrx_word' id='word_1_160' title='bbox 1620 2279 1882 2335; x_wconf 88' lang='lat' dir='ltr'><strong>unquam</strong></span> <span class='ocrx_word' id='word_1_161' title='bbox 1905 2262 2018 2319; x_wconf 90' lang='lat' dir='ltr'><strong>diei</strong></span> 
     </span>
    </p>
   </div>
   <div class='ocr_carea' id='block_1_26' title="bbox 367 2352 2022 2427">
    <p class='ocr_par' dir='ltr' id='par_1_26' title="bbox 367 2352 2022 2427">
     <span class='ocr_line' id='line_1_27' title="bbox 367 2352 2022 2427; baseline -0.001 -18"><span class='ocrx_word' id='word_1_162' title='bbox 367 2353 519 2410; x_wconf 91' lang='lat' dir='ltr'><strong>Solis</strong></span> <span class='ocrx_word' id='word_1_163' title='bbox 563 2355 708 2412; x_wconf 81' lang='lat' dir='ltr'><strong>festo</strong></span> <span class='ocrx_word' id='word_1_164' title='bbox 759 2354 974 2427; x_wconf 89' lang='lat' dir='ltr'><strong>aliquis</strong></span> <span class='ocrx_word' id='word_1_165' title='bbox 1023 2353 1376 2411; x_wconf 88' lang='lat' dir='ltr'><strong>occidendus</strong></span> <span class='ocrx_word' id='word_1_166' title='bbox 1425 2353 1622 2422; x_wconf 91' lang='lat' dir='ltr'><strong>homo,</strong></span> <span class='ocrx_word' id='word_1_167' title='bbox 1673 2352 1786 2408; x_wconf 90' lang='lat' dir='ltr'><strong>nisi</strong></span> <span class='ocrx_word' id='word_1_168' title='bbox 1836 2352 2022 2426; x_wconf 86' lang='lat' dir='ltr'><strong>fugiat</strong></span> 
     </span>
    </p>
   </div>
   <div class='ocr_carea' id='block_1_27' title="bbox 364 2441 2019 2518">
    <p class='ocr_par' dir='ltr' id='par_1_27' title="bbox 364 2441 2019 2518">
     <span class='ocr_line' id='line_1_28' title="bbox 364 2441 2019 2518; baseline -0.002 -18"><span class='ocrx_word' id='word_1_169' title='bbox 364 2443 454 2500; x_wconf 88' lang='lat' dir='ltr'><strong>vel</strong></span> <span class='ocrx_word' id='word_1_170' title='bbox 473 2447 713 2518; x_wconf 87' lang='lat' dir='ltr'><strong>pugnet,</strong></span> <span class='ocrx_word' id='word_1_171' title='bbox 734 2444 835 2500; x_wconf 90' lang='lat' dir='ltr'><strong>sed</strong></span> <span class='ocrx_word' id='word_1_172' title='bbox 853 2444 1325 2517; x_wconf 82' lang='lat' dir='ltr'><strong>apprehendatur</strong></span> <span class='ocrx_word' id='word_1_173' title='bbox 1340 2448 1398 2498; x_wconf 91' lang='lat' dir='ltr'><strong>et</strong></span> <span class='ocrx_word' id='word_1_174' title='bbox 1414 2445 1882 2513; x_wconf 89' lang='lat' dir='ltr'><strong>teneaturusque</strong></span> <span class='ocrx_word' id='word_1_175' title='bbox 1895 2441 2019 2496; x_wconf 90' lang='lat' dir='ltr'><strong>dies</strong></span> 
     </span>
    </p>
   </div>
   <div class='ocr_carea' id='block_1_28' title="bbox 367 2530 2014 2606">
    <p class='ocr_par' dir='ltr' id='par_1_28' title="bbox 367 2530 2014 2606">
     <span class='ocr_line' id='line_1_29' title="bbox 367 2530 2014 2606; baseline -0.002 -17"><span class='ocrx_word' id='word_1_176' title='bbox 367 2533 557 2589; x_wconf 87' lang='lat' dir='ltr'><strong>festus</strong></span> <span class='ocrx_word' id='word_1_177' title='bbox 587 2533 880 2606; x_wconf 60' lang='lat' dir='ltr'><strong>prateriit.</strong></span> <span class='ocrx_word' id='word_1_178' title='bbox 914 2533 973 2589; x_wconf 90' lang='lat' dir='ltr'><strong>Si</strong></span> <span class='ocrx_word' id='word_1_179' title='bbox 1019 2532 1168 2588; x_wconf 89' lang='lat' dir='ltr'><strong>liber</strong></span> <span class='ocrx_word' id='word_1_180' title='bbox 1213 2532 1388 2588; x_wconf 90' lang='lat' dir='ltr'><strong>homo</strong></span> <span class='ocrx_word' id='word_1_181' title='bbox 1438 2531 1529 2587; x_wconf 87' lang='lat' dir='ltr'><strong>die</strong></span> <span class='ocrx_word' id='word_1_182' title='bbox 1579 2531 1725 2586; x_wconf 86' lang='lat' dir='ltr'><strong>festo</strong></span> <span class='ocrx_word' id='word_1_183' title='bbox 1774 2530 2014 2598; x_wconf 89' lang='lat' dir='ltr'><strong>laboret,</strong></span> 
     </span>
    </p>
   </div>
   <div class='ocr_carea' id='block_1_29' title="bbox 367 2617 2016 2693">
    <p class='ocr_par' dir='ltr' id='par_1_29' title="bbox 367 2617 2016 2693">
     <span class='ocr_line' id='line_1_30' title="bbox 367 2617 2016 2693; baseline -0.002 -16"><span class='ocrx_word' id='word_1_184' title='bbox 367 2626 509 2677; x_wconf 89' lang='lat' dir='ltr'><strong>tunc</strong></span> <span class='ocrx_word' id='word_1_185' title='bbox 538 2625 879 2693; x_wconf 89' lang='lat' dir='ltr'><strong>compenset</strong></span> <span class='ocrx_word' id='word_1_186' title='bbox 904 2620 1014 2676; x_wconf 93' lang='lat' dir='ltr'><strong>hoc</strong></span> <span class='ocrx_word' id='word_1_187' title='bbox 1046 2619 1310 2676; x_wconf 89' lang='lat' dir='ltr'><strong>obstricti</strong></span> <span class='ocrx_word' id='word_1_188' title='bbox 1341 2619 1475 2675; x_wconf 92' lang='lat' dir='ltr'><strong>colli</strong></span> <span class='ocrx_word' id='word_1_189' title='bbox 1499 2618 1703 2687; x_wconf 89' lang='lat' dir='ltr'><strong>multa,</strong></span> <span class='ocrx_word' id='word_1_190' title='bbox 1732 2623 1789 2673; x_wconf 90' lang='lat' dir='ltr'><strong>et</strong></span> <span class='ocrx_word' id='word_1_191' title='bbox 1809 2617 2016 2675; x_wconf 89' lang='lat' dir='ltr'><strong>saltem</strong></span> 
     </span>
    </p>
   </div>
   <div class='ocr_carea' id='block_1_30' title="bbox 367 2699 2014 2782">
    <p class='ocr_par' dir='ltr' id='par_1_30' title="bbox 367 2699 2014 2782">
     <span class='ocr_line' id='line_1_31' title="bbox 367 2699 2014 2782; baseline -0.001 -17"><span class='ocrx_word' id='word_1_192' title='bbox 367 2711 524 2782; x_wconf 87' lang='lat' dir='ltr'><strong>apud</strong></span> <span class='ocrx_word' id='word_1_193' title='bbox 554 2714 736 2766; x_wconf 91' lang='lat' dir='ltr'><strong>Deum</strong></span> <span class='ocrx_word' id='word_1_194' title='bbox 761 2709 1073 2782; x_wconf 90' lang='lat' dir='ltr'><strong>diligenter</strong></span> <span class='ocrx_word' id='word_1_195' title='bbox 1102 2712 1458 2782; x_wconf 87' lang='lat' dir='ltr'><strong>compenset,</strong></span> <span class='ocrx_word' id='word_1_196' title='bbox 1509 2707 1700 2781; x_wconf 91' lang='lat' dir='ltr'><strong>prouti</strong></span> <span class='ocrx_word' id='word_1_197' title='bbox 1752 2699 2014 2764; x_wconf 87' lang='lat' dir='ltr'><strong>docetur.</strong></span> 
     </span>
    </p>
   </div>
   <div class='ocr_carea' id='block_1_31' title="bbox 366 2796 2015 2870">
    <p class='ocr_par' dir='ltr' id='par_1_31' title="bbox 366 2796 2015 2870">
     <span class='ocr_line' id='line_1_32' title="bbox 366 2796 2015 2870; baseline 0 -17"><span class='ocrx_word' id='word_1_198' title='bbox 366 2801 578 2854; x_wconf 90' lang='lat' dir='ltr'><strong>Servus</strong></span> <span class='ocrx_word' id='word_1_199' title='bbox 594 2797 645 2855; x_wconf 89' lang='lat' dir='ltr'><strong>si</strong></span> <span class='ocrx_word' id='word_1_200' title='bbox 663 2797 907 2865; x_wconf 89' lang='lat' dir='ltr'><strong>laboret,</strong></span> <span class='ocrx_word' id='word_1_201' title='bbox 926 2797 1180 2870; x_wconf 87' lang='lat' dir='ltr'><strong>vapulet,</strong></span> <span class='ocrx_word' id='word_1_202' title='bbox 1197 2797 1285 2853; x_wconf 88' lang='lat' dir='ltr'><strong>vel</strong></span> <span class='ocrx_word' id='word_1_203' title='bbox 1309 2796 1563 2870; x_wconf 89' lang='lat' dir='ltr'><strong>pretium</strong></span> <span class='ocrx_word' id='word_1_204' title='bbox 1583 2797 1888 2853; x_wconf 90' lang='lat' dir='ltr'><strong>verberum</strong></span> <span class='ocrx_word' id='word_1_205' title='bbox 1912 2814 2015 2869; x_wconf 88' lang='lat' dir='ltr'><strong>pro</strong></span> 
     </span>
    </p>
   </div>
   <div class='ocr_carea' id='block_1_32' title="bbox 367 2885 2014 2959">
    <p class='ocr_par' dir='ltr' id='par_1_32' title="bbox 367 2885 2014 2959">
     <span class='ocr_line' id='line_1_33' title="bbox 367 2885 2014 2959; baseline 0 -16"><span class='ocrx_word' id='word_1_206' title='bbox 367 2887 590 2944; x_wconf 89' lang='lat' dir='ltr'><strong>ratione</strong></span> <span class='ocrx_word' id='word_1_207' title='bbox 617 2887 746 2959; x_wconf 85' lang='lat' dir='ltr'><strong>ejus</strong></span> <span class='ocrx_word' id='word_1_208' title='bbox 779 2887 934 2959; x_wconf 91' lang='lat' dir='ltr'><strong>quod</strong></span> <span class='ocrx_word' id='word_1_209' title='bbox 976 2887 1195 2943; x_wconf 90' lang='lat' dir='ltr'><strong>factum</strong></span> <span class='ocrx_word' id='word_1_210' title='bbox 1245 2891 1336 2943; x_wconf 90' lang='lat' dir='ltr'><strong>est</strong></span> <span class='ocrx_word' id='word_1_211' title='bbox 1384 2885 1582 2958; x_wconf 91' lang='lat' dir='ltr'><strong>(luat);</strong></span> <span class='ocrx_word' id='word_1_212' title='bbox 1638 2886 1688 2942; x_wconf 94' lang='lat' dir='ltr'><strong>si</strong></span> <span class='ocrx_word' id='word_1_213' title='bbox 1738 2885 2014 2943; x_wconf 90' lang='lat' dir='ltr'><strong>dominus</strong></span> 
     </span>
    </p>
   </div>
   <div class='ocr_carea' id='block_1_33' title="bbox 366 2973 2016 3048">
    <p class='ocr_par' dir='ltr' id='par_1_33' title="bbox 366 2973 2016 3048">
     <span class='ocr_line' id='line_1_34' title="bbox 366 2973 2016 3048; baseline -0.001 -17"><span class='ocrx_word' id='word_1_214' title='bbox 366 2991 564 3032; x_wconf 87' lang='lat' dir='ltr'><strong>servos</strong></span> <span class='ocrx_word' id='word_1_215' title='bbox 597 2993 736 3033; x_wconf 87' lang='lat' dir='ltr'><strong>suos</strong></span> <span class='ocrx_word' id='word_1_216' title='bbox 766 2975 859 3032; x_wconf 90' lang='lat' dir='ltr'><strong>die</strong></span> <span class='ocrx_word' id='word_1_217' title='bbox 884 2975 1033 3032; x_wconf 81' lang='lat' dir='ltr'><strong>testo</strong></span> <span class='ocrx_word' id='word_1_218' title='bbox 1063 2979 1232 3048; x_wconf 89' lang='lat' dir='ltr'><strong>cogat</strong></span> <span class='ocrx_word' id='word_1_219' title='bbox 1261 2976 1334 3031; x_wconf 90' lang='lat' dir='ltr'><strong>ad</strong></span> <span class='ocrx_word' id='word_1_220' title='bbox 1380 2973 1767 3031; x_wconf 90' lang='lat' dir='ltr'><strong>laborandum</strong></span> <span class='ocrx_word' id='word_1_221' title='bbox 1810 2975 2016 3046; x_wconf 84' lang='lat' dir='ltr'><strong>perdat</strong></span> 
     </span>
    </p>
   </div>
   <div class='ocr_carea' id='block_1_34' title="bbox 365 3063 2014 3137">
    <p class='ocr_par' dir='ltr' id='par_1_34' title="bbox 365 3063 2014 3137">
     <span class='ocr_line' id='line_1_35' title="bbox 365 3063 2014 3137; baseline -0.001 -17"><span class='ocrx_word' id='word_1_222' title='bbox 365 3079 620 3132; x_wconf 88' lang='lat' dir='ltr'><strong>servum,</strong></span> <span class='ocrx_word' id='word_1_223' title='bbox 653 3069 711 3120; x_wconf 92' lang='lat' dir='ltr'><strong>et</strong></span> <span class='ocrx_word' id='word_1_224' title='bbox 739 3063 814 3121; x_wconf 90' lang='lat' dir='ltr'><strong>sit</strong></span> <span class='ocrx_word' id='word_1_225' title='bbox 841 3064 900 3119; x_wconf 92' lang='lat' dir='ltr'><strong>in</strong></span> <span class='ocrx_word' id='word_1_226' title='bbox 932 3067 1233 3137; x_wconf 91' lang='lat' dir='ltr'><strong>posterum</strong></span> <span class='ocrx_word' id='word_1_227' title='bbox 1263 3064 1427 3133; x_wconf 88' lang='lat' dir='ltr'><strong>liber,</strong></span> <span class='ocrx_word' id='word_1_228' title='bbox 1461 3067 1518 3120; x_wconf 92' lang='lat' dir='ltr'><strong>et</strong></span> <span class='ocrx_word' id='word_1_229' title='bbox 1535 3063 1808 3120; x_wconf 91' lang='lat' dir='ltr'><strong>dominus</strong></span> <span class='ocrx_word' id='word_1_230' title='bbox 1829 3063 2014 3120; x_wconf 89' lang='lat' dir='ltr'><strong>solvat</strong></span> 
     </span>
    </p>
   </div>
   <div class='ocr_carea' id='block_1_35' title="bbox 362 3133 2094 3227">
    <p class='ocr_par' dir='ltr' id='par_1_35' title="bbox 362 3133 2094 3227">
     <span class='ocr_line' id='line_1_36' title="bbox 362 3133 2094 3227; baseline 0 -19"><span class='ocrx_word' id='word_1_231' title='bbox 362 3153 586 3210; x_wconf 70' lang='lat' dir='ltr'><strong>violata:</strong></span> <span class='ocrx_word' id='word_1_232' title='bbox 611 3153 757 3226; x_wconf 90' lang='lat' dir='ltr'><strong>legis</strong></span> <span class='ocrx_word' id='word_1_233' title='bbox 806 3133 1039 3227; x_wconf 47' lang='lat' dir='ltr'><strong>pcen—am</strong></span> <span class='ocrx_word' id='word_1_234' title='bbox 1093 3154 1249 3226; x_wconf 91' lang='lat' dir='ltr'><strong>apud</strong></span> <span class='ocrx_word' id='word_1_235' title='bbox 1299 3153 1514 3223; x_wconf 90' lang='lat' dir='ltr'><strong>Danos,</strong></span> <span class='ocrx_word' id='word_1_236' title='bbox 1565 3152 1811 3209; x_wconf 90' lang='lat' dir='ltr'><strong>multam</strong></span> <span class='ocrx_word' id='word_1_237' title='bbox 1855 3152 2011 3226; x_wconf 87' lang='lat' dir='ltr'><strong>apud</strong></span> <span class='ocrx_word' id='word_1_238' title='bbox 2050 3133 2094 3201; x_wconf 70' lang='grc' dir='ltr'>ο</span> 
     </span>
    </p>
   </div>
   <div class='ocr_carea' id='block_1_36' title="bbox 360 3241 2009 3316">
    <p class='ocr_par' dir='ltr' id='par_1_36' title="bbox 360 3241 2009 3316">
     <span class='ocr_line' id='line_1_37' title="bbox 360 3241 2009 3316; baseline -0.001 -18"><span class='ocrx_word' id='word_1_239' title='bbox 360 3243 600 3315; x_wconf 82' lang='lat' dir='ltr'><strong>Anglos,</strong></span> <span class='ocrx_word' id='word_1_240' title='bbox 633 3259 737 3316; x_wconf 90' lang='lat' dir='ltr'><strong>pro</strong></span> <span class='ocrx_word' id='word_1_241' title='bbox 769 3243 991 3299; x_wconf 89' lang='lat' dir='ltr'><strong>ratione</strong></span> <span class='ocrx_word' id='word_1_242' title='bbox 1017 3242 1145 3314; x_wconf 89' lang='lat' dir='ltr'><strong>ejus</strong></span> <span class='ocrx_word' id='word_1_243' title='bbox 1177 3242 1333 3314; x_wconf 92' lang='lat' dir='ltr'><strong>quod</strong></span> <span class='ocrx_word' id='word_1_244' title='bbox 1364 3242 1583 3298; x_wconf 87' lang='lat' dir='ltr'><strong>factum</strong></span> <span class='ocrx_word' id='word_1_245' title='bbox 1615 3245 1724 3310; x_wconf 89' lang='lat' dir='ltr'><strong>est,</strong></span> <span class='ocrx_word' id='word_1_246' title='bbox 1754 3241 1842 3298; x_wconf 89' lang='lat' dir='ltr'><strong>vel</strong></span> <span class='ocrx_word' id='word_1_247' title='bbox 1871 3258 2009 3314; x_wconf 91' lang='lat' dir='ltr'><strong>pur-</strong></span> 
     </span>
    </p>
   </div>
   <div class='ocr_carea' id='block_1_37' title="bbox 362 3333 572 3404">
    <p class='ocr_par' dir='ltr' id='par_1_37' title="bbox 362 3333 572 3404">
     <span class='ocr_line' id='line_1_38' title="bbox 362 3333 572 3404; baseline 0.01 -18"><span class='ocrx_word' id='word_1_248' title='bbox 362 3333 461 3404; x_wconf 85' lang='lat' dir='ltr'><strong>get</strong></span> <span class='ocrx_word' id='word_1_249' title='bbox 489 3348 572 3388; x_wconf 88' lang='lat' dir='ltr'><strong>se.</strong></span> 
     </span>
    </p>
   </div>
   <div class='ocr_carea' id='block_1_38' title="bbox 558 3419 1812 3494">
    <p class='ocr_par' dir='ltr' id='par_1_38' title="bbox 558 3419 1812 3494">
     <span class='ocr_line' id='line_1_39' title="bbox 558 3419 1812 3494; baseline -0.002 -18"><span class='ocrx_word' id='word_1_250' title='bbox 558 3420 672 3477; x_wconf 88' lang='lat' dir='ltr'><strong>XV.</strong></span> <span class='ocrx_word' id='word_1_251' title='bbox 705 3420 782 3476; x_wconf 88' lang='lat' dir='ltr'><strong>De</strong></span> <span class='ocrx_word' id='word_1_252' title='bbox 800 3421 1083 3494; x_wconf 81' lang='lat' dir='ltr'><strong>jejunium</strong></span> <span class='ocrx_word' id='word_1_253' title='bbox 1122 3421 1362 3476; x_wconf 84' lang='lat' dir='ltr'><strong>violante</strong></span> <span class='ocrx_word' id='word_1_254' title='bbox 1393 3419 1507 3493; x_wconf 92' lang='lat' dir='ltr'><strong>(LI.</strong></span> <span class='ocrx_word' id='word_1_255' title='bbox 1537 3419 1668 3476; x_wconf 82' lang='lat' dir='ltr'><strong>Sax.</strong></span> <span class='ocrx_word' id='word_1_256' title='bbox 1703 3419 1812 3491; x_wconf 87' lang='grc'>43).</span> 
     </span>
    </p>
   </div>
   <div class='ocr_carea' id='block_1_39' title="bbox 432 3505 2014 3580">
    <p class='ocr_par' dir='ltr' id='par_1_39' title="bbox 432 3505 2014 3580">
     <span class='ocr_line' id='line_1_40' title="bbox 432 3505 2014 3580; baseline 0 -18"><span class='ocrx_word' id='word_1_257' title='bbox 432 3509 492 3564; x_wconf 87' lang='lat' dir='ltr'><strong>Si</strong></span> <span class='ocrx_word' id='word_1_258' title='bbox 521 3507 670 3565; x_wconf 88' lang='lat' dir='ltr'><strong>liber</strong></span> <span class='ocrx_word' id='word_1_259' title='bbox 699 3509 872 3566; x_wconf 89' lang='lat' dir='ltr'><strong>homo</strong></span> <span class='ocrx_word' id='word_1_260' title='bbox 902 3525 1104 3564; x_wconf 91' lang='lat' dir='ltr'><strong>verum</strong></span> <span class='ocrx_word' id='word_1_261' title='bbox 1128 3508 1428 3580; x_wconf 85' lang='lat' dir='ltr'><strong>jejunium</strong></span> <span class='ocrx_word' id='word_1_262' title='bbox 1477 3507 1778 3574; x_wconf 88' lang='lat' dir='ltr'><strong>dissolvat,</strong></span> <span class='ocrx_word' id='word_1_263' title='bbox 1827 3505 2014 3563; x_wconf 88' lang='lat' dir='ltr'><strong>solvat</strong></span> 
     </span>
    </p>
   </div>
   <div class='ocr_carea' id='block_1_40' title="bbox 361 3595 2012 3670">
    <p class='ocr_par' dir='ltr' id='par_1_40' title="bbox 361 3595 2012 3670">
     <span class='ocr_line' id='line_1_41' title="bbox 361 3595 2012 3670; baseline -0.001 -17"><span class='ocrx_word' id='word_1_264' title='bbox 361 3595 585 3653; x_wconf 73' lang='lat' dir='ltr'><strong>violatae</strong></span> <span class='ocrx_word' id='word_1_265' title='bbox 617 3597 762 3670; x_wconf 88' lang='lat' dir='ltr'><strong>legis</strong></span> <span class='ocrx_word' id='word_1_266' title='bbox 782 3614 1012 3669; x_wconf 74' lang='lat' dir='ltr'><strong>pmnam</strong></span> <span class='ocrx_word' id='word_1_267' title='bbox 1029 3597 1186 3669; x_wconf 92' lang='lat' dir='ltr'><strong>apud</strong></span> <span class='ocrx_word' id='word_1_268' title='bbox 1212 3601 1422 3662; x_wconf 90' lang='lat' dir='ltr'><strong>Danos,</strong></span> <span class='ocrx_word' id='word_1_269' title='bbox 1447 3595 1695 3651; x_wconf 87' lang='lat' dir='ltr'><strong>multam</strong></span> <span class='ocrx_word' id='word_1_270' title='bbox 1720 3596 1873 3669; x_wconf 87' lang='lat' dir='ltr'><strong>apud</strong></span> <span class='ocrx_word' id='word_1_271' title='bbox 1896 3597 2012 3651; x_wconf 88' lang='lat' dir='ltr'><strong>An-</strong></span> 
     </span>
    </p>
   </div>
   <div class='ocr_carea' id='block_1_41' title="bbox 362 3684 2013 3759">
    <p class='ocr_par' dir='ltr' id='par_1_41' title="bbox 362 3684 2013 3759">
     <span class='ocr_line' id='line_1_42' title="bbox 362 3684 2013 3759; baseline -0.001 -18"><span class='ocrx_word' id='word_1_272' title='bbox 362 3685 490 3759; x_wconf 91' lang='lat' dir='ltr'><strong>glos</strong></span> <span class='ocrx_word' id='word_1_273' title='bbox 520 3701 624 3758; x_wconf 90' lang='lat' dir='ltr'><strong>pro</strong></span> <span class='ocrx_word' id='word_1_274' title='bbox 648 3684 874 3741; x_wconf 89' lang='lat' dir='ltr'><strong>ratione</strong></span> <span class='ocrx_word' id='word_1_275' title='bbox 897 3687 1027 3757; x_wconf 89' lang='lat' dir='ltr'><strong>ejus</strong></span> <span class='ocrx_word' id='word_1_276' title='bbox 1057 3685 1212 3757; x_wconf 92' lang='lat' dir='ltr'><strong>quod</strong></span> <span class='ocrx_word' id='word_1_277' title='bbox 1247 3685 1466 3740; x_wconf 88' lang='lat' dir='ltr'><strong>factum</strong></span> <span class='ocrx_word' id='word_1_278' title='bbox 1495 3687 1602 3739; x_wconf 92' lang='lat' dir='ltr'><strong>est.</strong></span> <span class='ocrx_word' id='word_1_279' title='bbox 1655 3684 1874 3740; x_wconf 90' lang='lat' dir='ltr'><strong>Malum</strong></span> <span class='ocrx_word' id='word_1_280' title='bbox 1923 3689 2013 3742; x_wconf 88' lang='lat' dir='ltr'><strong>est</strong></span> 
     </span>
    </p>
   </div>
   <div class='ocr_carea' id='block_1_42' title="bbox 362 3773 2012 3847">
    <p class='ocr_par' dir='ltr' id='par_1_42' title="bbox 362 3773 2012 3847">
     <span class='ocr_line' id='line_1_43' title="bbox 362 3773 2012 3847; baseline -0.001 -15"><span class='ocrx_word' id='word_1_281' title='bbox 362 3778 624 3847; x_wconf 88' lang='lat' dir='ltr'><strong>tempore</strong></span> <span class='ocrx_word' id='word_1_282' title='bbox 652 3774 771 3830; x_wconf 89' lang='lat' dir='ltr'><strong>veri</strong></span> <span class='ocrx_word' id='word_1_283' title='bbox 793 3773 1008 3846; x_wconf 89' lang='lat' dir='ltr'><strong>jejunii</strong></span> <span class='ocrx_word' id='word_1_284' title='bbox 1038 3777 1172 3830; x_wconf 90' lang='lat' dir='ltr'><strong>ante</strong></span> <span class='ocrx_word' id='word_1_285' title='bbox 1195 3773 1508 3847; x_wconf 88' lang='lat' dir='ltr'><strong>prandium</strong></span> <span class='ocrx_word' id='word_1_286' title='bbox 1532 3773 1721 3841; x_wconf 90' lang='lat' dir='ltr'><strong>edere,</strong></span> <span class='ocrx_word' id='word_1_287' title='bbox 1745 3778 1802 3829; x_wconf 91' lang='lat' dir='ltr'><strong>et</strong></span> <span class='ocrx_word' id='word_1_288' title='bbox 1819 3773 2012 3830; x_wconf 90' lang='lat' dir='ltr'><strong>adhuc</strong></span> 
     </span>
    </p>
   </div>
   <div class='ocr_carea' id='block_1_43' title="bbox 363 3862 2010 3938">
    <p class='ocr_par' dir='ltr' id='par_1_43' title="bbox 363 3862 2010 3938">
     <span class='ocr_line' id='line_1_44' title="bbox 363 3862 2010 3938; baseline -0.001 -18"><span class='ocrx_word' id='word_1_289' title='bbox 363 3864 553 3938; x_wconf 89' lang='lat' dir='ltr'><strong>pejus,</strong></span> <span class='ocrx_word' id='word_1_290' title='bbox 574 3863 834 3936; x_wconf 88' lang='lat' dir='ltr'><strong>seipsum</strong></span> <span class='ocrx_word' id='word_1_291' title='bbox 853 3879 1026 3920; x_wconf 88' lang='lat' dir='ltr'><strong>carne</strong></span> <span class='ocrx_word' id='word_1_292' title='bbox 1048 3863 1357 3920; x_wconf 87' lang='lat' dir='ltr'><strong>defcedare.</strong></span> <span class='ocrx_word' id='word_1_293' title='bbox 1380 3862 1438 3917; x_wconf 91' lang='lat' dir='ltr'><strong>Si</strong></span> <span class='ocrx_word' id='word_1_294' title='bbox 1451 3878 1654 3919; x_wconf 88' lang='lat' dir='ltr'><strong>servus</strong></span> <span class='ocrx_word' id='word_1_295' title='bbox 1669 3862 1778 3919; x_wconf 92' lang='lat' dir='ltr'><strong>hoc</strong></span> <span class='ocrx_word' id='word_1_296' title='bbox 1791 3863 2010 3933; x_wconf 85' lang='lat' dir='ltr'><strong>fecerit,</strong></span> 
     </span>
    </p>
   </div>
   <div class='ocr_carea' id='block_1_44' title="bbox 361 3951 2011 4026">
    <p class='ocr_par' dir='ltr' id='par_1_44' title="bbox 361 3951 2011 4026">
     <span class='ocr_line' id='line_1_45' title="bbox 361 3951 2011 4026; baseline 0 -17"><span class='ocrx_word' id='word_1_297' title='bbox 361 3951 618 4026; x_wconf 88' lang='lat' dir='ltr'><strong>vapulet,</strong></span> <span class='ocrx_word' id='word_1_298' title='bbox 649 3953 737 4009; x_wconf 89' lang='lat' dir='ltr'><strong>vel</strong></span> <span class='ocrx_word' id='word_1_299' title='bbox 756 3953 1007 4026; x_wconf 88' lang='lat' dir='ltr'><strong>pretium</strong></span> <span class='ocrx_word' id='word_1_300' title='bbox 1026 3953 1330 4009; x_wconf 89' lang='lat' dir='ltr'><strong>verberum</strong></span> <span class='ocrx_word' id='word_1_301' title='bbox 1350 3969 1453 4025; x_wconf 92' lang='lat' dir='ltr'><strong>pro</strong></span> <span class='ocrx_word' id='word_1_302' title='bbox 1471 3951 1694 4008; x_wconf 89' lang='lat' dir='ltr'><strong>ratione</strong></span> <span class='ocrx_word' id='word_1_303' title='bbox 1711 3953 1838 4024; x_wconf 89' lang='lat' dir='ltr'><strong>ejus</strong></span> <span class='ocrx_word' id='word_1_304' title='bbox 1857 3954 2011 4025; x_wconf 91' lang='lat' dir='ltr'><strong>quod</strong></span> 
     </span>
    </p>
   </div>
   <div class='ocr_carea' id='block_1_45' title="bbox 363 4041 919 4115">
    <p class='ocr_par' dir='ltr' id='par_1_45' title="bbox 363 4041 919 4115">
     <span class='ocr_line' id='line_1_46' title="bbox 363 4041 919 4115; baseline -0.002 -16"><span class='ocrx_word' id='word_1_305' title='bbox 363 4043 582 4100; x_wconf 87' lang='lat' dir='ltr'><strong>factum</strong></span> <span class='ocrx_word' id='word_1_306' title='bbox 615 4045 704 4100; x_wconf 89' lang='lat' dir='ltr'><strong>est</strong></span> <span class='ocrx_word' id='word_1_307' title='bbox 730 4041 919 4115; x_wconf 88' lang='lat' dir='ltr'><strong>(luat).</strong></span> 
     </span>
    </p>
   </div>
   <div class='ocr_carea' id='block_1_46' title="bbox 362 4149 2016 4293">
    <p class='ocr_par' dir='ltr' id='par_1_46' title="bbox 362 4149 2016 4293">
     <span class='ocr_line' id='line_1_47' title="bbox 362 4149 2016 4293; baseline -0.002 -85"><span class='ocrx_word' id='word_1_308' title='bbox 362 4151 506 4208; x_wconf 90' lang='lat' dir='ltr'><strong>XVI.</strong></span> <span class='ocrx_word' id='word_1_309' title='bbox 581 4152 644 4207; x_wconf 91' lang='lat' dir='ltr'><strong>Ut</strong></span> <span class='ocrx_word' id='word_1_310' title='bbox 698 4149 1144 4293; x_wconf 61' lang='lat' dir='ltr'><strong>Quadrage(sliilnas</strong></span> <span class='ocrx_word' id='word_1_311' title='bbox 1179 4153 1232 4205; x_wconf 84' lang='lat' dir='ltr'><strong>et</strong></span> <span class='ocrx_word' id='word_1_312' title='bbox 1260 4151 1434 4289; x_wconf 40' lang='lat' dir='ltr'><strong>diem</strong></span> <span class='ocrx_word' id='word_1_313' title='bbox 1510 4165 1623 4204; x_wconf 83' lang='lat' dir='ltr'><strong>non</strong></span> <span class='ocrx_word' id='word_1_314' title='bbox 1685 4153 2016 4206; x_wconf 71' lang='lat' dir='ltr'><strong>(emerentur</strong></span> 
     </span>
     <span class='ocr_line' id='line_1_48' title="bbox 1069 4237 1369 4276; baseline -0.003 -1"><span class='ocrx_word' id='word_1_315' title='bbox 1069 4262 1081 4275; x_wconf 95' lang='lat'><strong>.</strong></span> <span class='ocrx_word' id='word_1_316' title='bbox 1150 4237 1239 4276; x_wconf 90' lang='lat' dir='ltr'><strong>ax.</strong></span> <span class='ocrx_word' id='word_1_317' title='bbox 1358 4262 1369 4274; x_wconf 90' lang='lat'><strong>.</strong></span> 
     </span>
    </p>
   </div>
   <div class='ocr_carea' id='block_1_47' title="bbox 1069 4237 1369 4276">
    <p class='ocr_par' dir='ltr' id='par_1_47' title="bbox 1069 4237 1369 4276">
     <span class='ocr_line' id='line_1_49' title="bbox 1069 4237 1369 4276; baseline -0.003 -1"><span class='ocrx_word' id='word_1_318' title='bbox 1069 4262 1081 4275; x_wconf 89' lang='lat'><strong>.</strong></span> <span class='ocrx_word' id='word_1_319' title='bbox 1107 4237 1239 4276; x_wconf 63' lang='lat' dir='ltr'><strong>58X.</strong></span> <span class='ocrx_word' id='word_1_320' title='bbox 1260 4237 1369 4276; x_wconf 69' lang='grc'>44).</span> 
     </span>
    </p>
   </div>
   <div class='ocr_carea' id='block_1_48' title="bbox 434 4307 2014 4382">
    <p class='ocr_par' dir='ltr' id='par_1_48' title="bbox 434 4307 2014 4382">
     <span class='ocr_line' id='line_1_50' title="bbox 434 4307 2014 4382; baseline -0.001 -18"><span class='ocrx_word' id='word_1_321' title='bbox 434 4311 490 4364; x_wconf 88' lang='lat' dir='ltr'><strong>Si</strong></span> <span class='ocrx_word' id='word_1_322' title='bbox 523 4309 657 4382; x_wconf 91' lang='lat' dir='ltr'><strong>quis</strong></span> <span class='ocrx_word' id='word_1_323' title='bbox 687 4309 917 4381; x_wconf 91' lang='lat' dir='ltr'><strong>publice</strong></span> <span class='ocrx_word' id='word_1_324' title='bbox 946 4307 1468 4381; x_wconf 86' lang='lat' dir='ltr'><strong>Quadragesimam</strong></span> <span class='ocrx_word' id='word_1_325' title='bbox 1494 4307 1776 4363; x_wconf 84' lang='lat' dir='ltr'><strong>dissolvat</strong></span> <span class='ocrx_word' id='word_1_326' title='bbox 1797 4325 1899 4380; x_wconf 90' lang='lat' dir='ltr'><strong>per</strong></span> <span class='ocrx_word' id='word_1_327' title='bbox 1926 4308 2014 4363; x_wconf 94' lang='lat' dir='ltr'><strong>di-</strong></span> 
     </span>
    </p>
   </div>
   <div class='ocr_carea' id='block_1_49' title="bbox 366 4395 2013 4470">
    <p class='ocr_par' dir='ltr' id='par_1_49' title="bbox 366 4395 2013 4470">
     <span class='ocr_line' id='line_1_51' title="bbox 366 4395 2013 4470; baseline -0.001 -17"><span class='ocrx_word' id='word_1_328' title='bbox 366 4397 766 4466; x_wconf 88' lang='lat' dir='ltr'><strong>micationem,</strong></span> <span class='ocrx_word' id='word_1_329' title='bbox 795 4399 884 4454; x_wconf 90' lang='lat' dir='ltr'><strong>vel</strong></span> <span class='ocrx_word' id='word_1_330' title='bbox 916 4415 1020 4470; x_wconf 91' lang='lat' dir='ltr'><strong>per</strong></span> <span class='ocrx_word' id='word_1_331' title='bbox 1047 4397 1488 4469; x_wconf 88' lang='lat' dir='ltr'><strong>patrimonium,</strong></span> <span class='ocrx_word' id='word_1_332' title='bbox 1511 4395 1598 4451; x_wconf 89' lang='lat' dir='ltr'><strong>vel</strong></span> <span class='ocrx_word' id='word_1_333' title='bbox 1622 4413 1725 4470; x_wconf 89' lang='lat' dir='ltr'><strong>per</strong></span> <span class='ocrx_word' id='word_1_334' title='bbox 1745 4397 2013 4469; x_wconf 89' lang='lat' dir='ltr'><strong>rapinam</strong></span> 
     </span>
    </p>
   </div>
   <div class='ocr_carea' id='block_1_50' title="bbox 2135 486 3166 561">
    <p class='ocr_par' dir='ltr' id='par_1_50' title="bbox 2135 486 3166 561">
     <span class='ocr_line' id='line_1_52' title="bbox 2135 486 3166 561; baseline -0.009 -10"><span class='ocrx_word' id='word_1_335' title='bbox 2135 496 2245 551; x_wconf 90' lang='lat' dir='ltr'><strong>hoc</strong></span> <span class='ocrx_word' id='word_1_336' title='bbox 2274 493 2671 559; x_wconf 82' lang='lat' dir='ltr'><strong>confirmetur,</strong></span> <span class='ocrx_word' id='word_1_337' title='bbox 2697 490 2892 561; x_wconf 86' lang='lat' dir='ltr'><strong>jaceat</strong></span> <span class='ocrx_word' id='word_1_338' title='bbox 2921 486 3166 544; x_wconf 89' lang='lat' dir='ltr'><strong>inultus.</strong></span> 
     </span>
    </p>
   </div>
   <div class='ocr_carea' id='block_1_51' title="bbox 2203 575 3715 648">
    <p class='ocr_par' dir='ltr' id='par_1_51' title="bbox 2203 575 3715 648">
     <span class='ocr_line' id='line_1_53' title="bbox 2203 575 3715 648; baseline -0.007 -8"><span class='ocrx_word' id='word_1_339' title='bbox 2203 584 2401 641; x_wconf 91' lang='lat' dir='ltr'><strong>XVIII.</strong></span> <span class='ocrx_word' id='word_1_340' title='bbox 2437 584 2506 638; x_wconf 89' lang='lat' dir='ltr'><strong>De</strong></span> <span class='ocrx_word' id='word_1_341' title='bbox 2533 596 2752 638; x_wconf 84' lang='lat' dir='ltr'><strong>sacrum</strong></span> <span class='ocrx_word' id='word_1_342' title='bbox 2777 577 3029 634; x_wconf 77' lang='lat' dir='ltr'><strong>ordinem</strong></span> <span class='ocrx_word' id='word_1_343' title='bbox 3049 577 3287 634; x_wconf 85' lang='lat' dir='ltr'><strong>violante</strong></span> <span class='ocrx_word' id='word_1_344' title='bbox 3307 575 3422 648; x_wconf 92' lang='lat' dir='ltr'><strong>(LI.</strong></span> <span class='ocrx_word' id='word_1_345' title='bbox 3445 575 3579 631; x_wconf 83' lang='lat' dir='ltr'><strong>Sax.</strong></span> <span class='ocrx_word' id='word_1_346' title='bbox 3597 575 3715 648; x_wconf 76' lang='grc'>46).</span> 
     </span>
    </p>
   </div>
   <div class='ocr_carea' id='block_1_52' title="bbox 2204 664 3796 746">
    <p class='ocr_par' dir='ltr' id='par_1_52' title="bbox 2204 664 3796 746">
     <span class='ocr_line' id='line_1_54' title="bbox 2204 664 3796 746; baseline -0.007 -16"><span class='ocrx_word' id='word_1_347' title='bbox 2204 674 2263 730; x_wconf 88' lang='lat' dir='ltr'><strong>Si</strong></span> <span class='ocrx_word' id='word_1_348' title='bbox 2297 672 2430 746; x_wconf 91' lang='lat' dir='ltr'><strong>quis</strong></span> <span class='ocrx_word' id='word_1_349' title='bbox 2460 686 2693 727; x_wconf 91' lang='lat' dir='ltr'><strong>sacrum</strong></span> <span class='ocrx_word' id='word_1_350' title='bbox 2726 667 2992 724; x_wconf 89' lang='lat' dir='ltr'><strong>ordinem</strong></span> <span class='ocrx_word' id='word_1_351' title='bbox 3021 664 3342 732; x_wconf 90' lang='lat' dir='ltr'><strong>violaverit,</strong></span> <span class='ocrx_word' id='word_1_352' title='bbox 3365 664 3641 721; x_wconf 87' lang='lat' dir='ltr'><strong>emendet</strong></span> <span class='ocrx_word' id='word_1_353' title='bbox 3675 665 3796 720; x_wconf 88' lang='lat' dir='ltr'><strong>hoc</strong></span> 
     </span>
    </p>
   </div>
   <div class='ocr_carea' id='block_1_53' title="bbox 2131 752 3787 836">
    <p class='ocr_par' dir='ltr' id='par_1_53' title="bbox 2131 752 3787 836">
     <span class='ocr_line' id='line_1_55' title="bbox 2131 752 3787 836; baseline -0.007 -17"><span class='ocrx_word' id='word_1_354' title='bbox 2131 780 2235 836; x_wconf 91' lang='lat' dir='ltr'><strong>pro</strong></span> <span class='ocrx_word' id='word_1_355' title='bbox 2256 761 2542 835; x_wconf 87' lang='lat' dir='ltr'><strong>dignitate</strong></span> <span class='ocrx_word' id='word_1_356' title='bbox 2561 757 2806 823; x_wconf 89' lang='lat' dir='ltr'><strong>ordinis,</strong></span> <span class='ocrx_word' id='word_1_357' title='bbox 2831 756 2949 812; x_wconf 85' lang='lat' dir='ltr'><strong>sive</strong></span> <span class='ocrx_word' id='word_1_358' title='bbox 2972 771 3076 828; x_wconf 90' lang='lat' dir='ltr'><strong>per</strong></span> <span class='ocrx_word' id='word_1_359' title='bbox 3091 753 3536 810; x_wconf 67' lang='lat' dir='ltr'><strong>mstimationem</strong></span> <span class='ocrx_word' id='word_1_360' title='bbox 3553 752 3787 824; x_wconf 81' lang='lat' dir='ltr'><strong>capitis,</strong></span> 
     </span>
    </p>
   </div>
   <div class='ocr_carea' id='block_1_54' title="bbox 2131 841 3787 922">
    <p class='ocr_par' dir='ltr' id='par_1_54' title="bbox 2131 841 3787 922">
     <span class='ocr_line' id='line_1_56' title="bbox 2131 841 3787 922; baseline -0.007 -14"><span class='ocrx_word' id='word_1_361' title='bbox 2131 852 2250 908; x_wconf 89' lang='lat' dir='ltr'><strong>sive</strong></span> <span class='ocrx_word' id='word_1_362' title='bbox 2277 866 2384 922; x_wconf 91' lang='lat' dir='ltr'><strong>per</strong></span> <span class='ocrx_word' id='word_1_363' title='bbox 2414 847 2684 913; x_wconf 88' lang='lat' dir='ltr'><strong>multam,</strong></span> <span class='ocrx_word' id='word_1_364' title='bbox 2717 846 2834 901; x_wconf 89' lang='lat' dir='ltr'><strong>sive</strong></span> <span class='ocrx_word' id='word_1_365' title='bbox 2846 861 2949 916; x_wconf 89' lang='lat' dir='ltr'><strong>per</strong></span> <span class='ocrx_word' id='word_1_366' title='bbox 2967 843 3192 900; x_wconf 69' lang='lat' dir='ltr'><strong>violatae</strong></span> <span class='ocrx_word' id='word_1_367' title='bbox 3214 841 3361 914; x_wconf 90' lang='lat' dir='ltr'><strong>legis</strong></span> <span class='ocrx_word' id='word_1_368' title='bbox 3381 858 3637 913; x_wconf 78' lang='lat' dir='ltr'><strong>poenam,</strong></span> <span class='ocrx_word' id='word_1_369' title='bbox 3661 842 3787 898; x_wconf 84' lang='lat' dir='ltr'><strong>sive</strong></span> 
     </span>
    </p>
   </div>
   <div class='ocr_carea' id='block_1_55' title="bbox 2130 934 2980 1014">
    <p class='ocr_par' dir='ltr' id='par_1_55' title="bbox 2130 934 2980 1014">
     <span class='ocr_line' id='line_1_57' title="bbox 2130 934 2980 1014; baseline -0.013 -16"><span class='ocrx_word' id='word_1_370' title='bbox 2130 957 2233 1014; x_wconf 90' lang='lat' dir='ltr'><strong>per</strong></span> <span class='ocrx_word' id='word_1_371' title='bbox 2257 954 2491 996; x_wconf 88' lang='lat' dir='ltr'><strong>omnem</strong></span> <span class='ocrx_word' id='word_1_372' title='bbox 2523 934 2980 1009; x_wconf 88' lang='lat' dir='ltr'><strong>possessionem.</strong></span> 
     </span>
    </p>
   </div>
   <div class='ocr_carea' id='block_1_56' title="bbox 2449 1019 3447 1094">
    <p class='ocr_par' dir='ltr' id='par_1_56' title="bbox 2449 1019 3447 1094">
     <span class='ocr_line' id='line_1_58' title="bbox 2449 1019 3447 1094; baseline -0.008 -12"><span class='ocrx_word' id='word_1_373' title='bbox 2449 1026 2596 1083; x_wconf 86' lang='lat' dir='ltr'><strong>XIX.</strong></span> <span class='ocrx_word' id='word_1_374' title='bbox 2629 1027 2704 1080; x_wconf 87' lang='lat' dir='ltr'><strong>De</strong></span> <span class='ocrx_word' id='word_1_375' title='bbox 2727 1022 3000 1078; x_wconf 86' lang='lat' dir='ltr'><strong>adulterio</strong></span> <span class='ocrx_word' id='word_1_376' title='bbox 3032 1021 3143 1094; x_wconf 94' lang='lat' dir='ltr'><strong>(LI.</strong></span> <span class='ocrx_word' id='word_1_377' title='bbox 3177 1021 3310 1076; x_wconf 89' lang='lat' dir='ltr'><strong>Sax.</strong></span> <span class='ocrx_word' id='word_1_378' title='bbox 3335 1019 3447 1092; x_wconf 66' lang='lat'><strong>1:7).</strong></span> 
     </span>
    </p>
   </div>
   <div class='ocr_carea' id='block_1_57' title="bbox 2201 1107 3778 1190">
    <p class='ocr_par' dir='ltr' id='par_1_57' title="bbox 2201 1107 3778 1190">
     <span class='ocr_line' id='line_1_59' title="bbox 2201 1107 3778 1190; baseline -0.007 -15"><span class='ocrx_word' id='word_1_379' title='bbox 2201 1118 2262 1175; x_wconf 89' lang='lat' dir='ltr'><strong>Si</strong></span> <span class='ocrx_word' id='word_1_380' title='bbox 2292 1117 2427 1190; x_wconf 92' lang='lat' dir='ltr'><strong>quis</strong></span> <span class='ocrx_word' id='word_1_381' title='bbox 2458 1114 2813 1171; x_wconf 86' lang='lat' dir='ltr'><strong>adulterium</strong></span> <span class='ocrx_word' id='word_1_382' title='bbox 2844 1110 3226 1175; x_wconf 85' lang='lat' dir='ltr'><strong>commiserit,</strong></span> <span class='ocrx_word' id='word_1_383' title='bbox 3260 1109 3532 1166; x_wconf 88' lang='lat' dir='ltr'><strong>emendet</strong></span> <span class='ocrx_word' id='word_1_384' title='bbox 3551 1124 3653 1181; x_wconf 90' lang='lat' dir='ltr'><strong>per</strong></span> <span class='ocrx_word' id='word_1_385' title='bbox 3669 1107 3778 1164; x_wconf 87' lang='lat' dir='ltr'><strong>hoc</strong></span> 
     </span>
    </p>
   </div>
   <div class='ocr_carea' id='block_1_58' title="bbox 2129 1197 3776 1281">
    <p class='ocr_par' dir='ltr' id='par_1_58' title="bbox 2129 1197 3776 1281">
     <span class='ocr_line' id='line_1_60' title="bbox 2129 1197 3776 1281; baseline -0.008 -16"><span class='ocrx_word' id='word_1_386' title='bbox 2129 1208 2284 1281; x_wconf 92' lang='lat' dir='ltr'><strong>quod</strong></span> <span class='ocrx_word' id='word_1_387' title='bbox 2316 1207 2534 1262; x_wconf 90' lang='lat' dir='ltr'><strong>factum</strong></span> <span class='ocrx_word' id='word_1_388' title='bbox 2554 1206 2661 1260; x_wconf 89' lang='lat' dir='ltr'><strong>est.</strong></span> <span class='ocrx_word' id='word_1_389' title='bbox 2686 1201 2907 1258; x_wconf 90' lang='lat' dir='ltr'><strong>Malum</strong></span> <span class='ocrx_word' id='word_1_390' title='bbox 2929 1199 3287 1256; x_wconf 86' lang='lat' dir='ltr'><strong>adulterium</strong></span> <span class='ocrx_word' id='word_1_391' title='bbox 3317 1201 3431 1266; x_wconf 89' lang='lat' dir='ltr'><strong>est,</strong></span> <span class='ocrx_word' id='word_1_392' title='bbox 3454 1197 3610 1270; x_wconf 92' lang='lat' dir='ltr'><strong>quod</strong></span> <span class='ocrx_word' id='word_1_393' title='bbox 3632 1214 3776 1253; x_wconf 83' lang='lat' dir='ltr'><strong>uxo-</strong></span> 
     </span>
    </p>
   </div>
   <div class='ocr_carea' id='block_1_59' title="bbox 2130 1286 3774 1360">
    <p class='ocr_par' dir='ltr' id='par_1_59' title="bbox 2130 1286 3774 1360">
     <span class='ocr_line' id='line_1_61' title="bbox 2130 1286 3774 1360; baseline -0.009 -6"><span class='ocrx_word' id='word_1_394' title='bbox 2130 1302 2294 1354; x_wconf 89' lang='lat' dir='ltr'><strong>ratus</strong></span> <span class='ocrx_word' id='word_1_395' title='bbox 2324 1297 2499 1351; x_wconf 91' lang='lat' dir='ltr'><strong>homo</strong></span> <span class='ocrx_word' id='word_1_396' title='bbox 2530 1309 2664 1348; x_wconf 89' lang='lat' dir='ltr'><strong>cum</strong></span> <span class='ocrx_word' id='word_1_397' title='bbox 2697 1290 2890 1348; x_wconf 89' lang='lat' dir='ltr'><strong>soluta</strong></span> <span class='ocrx_word' id='word_1_398' title='bbox 2919 1292 3102 1355; x_wconf 90' lang='lat' dir='ltr'><strong>coeat,</strong></span> <span class='ocrx_word' id='word_1_399' title='bbox 3135 1291 3192 1344; x_wconf 90' lang='lat' dir='ltr'><strong>et</strong></span> <span class='ocrx_word' id='word_1_400' title='bbox 3221 1286 3407 1343; x_wconf 83' lang='lat' dir='ltr'><strong>multo</strong></span> <span class='ocrx_word' id='word_1_401' title='bbox 3445 1287 3614 1360; x_wconf 87' lang='lat' dir='ltr'><strong>pejus</strong></span> <span class='ocrx_word' id='word_1_402' title='bbox 3640 1301 3774 1342; x_wconf 89' lang='lat' dir='ltr'><strong>cum</strong></span> 
     </span>
    </p>
   </div>
   <div class='ocr_carea' id='block_1_60' title="bbox 2133 1375 3562 1448">
    <p class='ocr_par' dir='ltr' id='par_1_60' title="bbox 2133 1375 3562 1448">
     <span class='ocr_line' id='line_1_62' title="bbox 2133 1375 3562 1448; baseline -0.008 -6"><span class='ocrx_word' id='word_1_403' title='bbox 2133 1385 2377 1442; x_wconf 89' lang='lat' dir='ltr'><strong>alterius</strong></span> <span class='ocrx_word' id='word_1_404' title='bbox 2403 1398 2603 1448; x_wconf 85' lang='lat' dir='ltr'><strong>uxore,</strong></span> <span class='ocrx_word' id='word_1_405' title='bbox 2634 1379 2722 1436; x_wconf 88' lang='lat' dir='ltr'><strong>vel</strong></span> <span class='ocrx_word' id='word_1_406' title='bbox 2754 1396 2890 1434; x_wconf 90' lang='lat' dir='ltr'><strong>cum</strong></span> <span class='ocrx_word' id='word_1_407' title='bbox 2921 1376 3105 1434; x_wconf 89' lang='lat' dir='ltr'><strong>sacris</strong></span> <span class='ocrx_word' id='word_1_408' title='bbox 3134 1375 3364 1432; x_wconf 87' lang='lat' dir='ltr'><strong>initiata</strong></span> <span class='ocrx_word' id='word_1_409' title='bbox 3389 1375 3562 1431; x_wconf 90' lang='lat' dir='ltr'><strong>votis.</strong></span> 
     </span>
    </p>
   </div>
   <div class='ocr_carea' id='block_1_61' title="bbox 2432 1463 3464 1536">
    <p class='ocr_par' dir='ltr' id='par_1_61' title="bbox 2432 1463 3464 1536">
     <span class='ocr_line' id='line_1_63' title="bbox 2432 1463 3464 1536; baseline -0.01 -11"><span class='ocrx_word' id='word_1_410' title='bbox 2432 1469 2542 1525; x_wconf 87' lang='lat' dir='ltr'><strong>XX.</strong></span> <span class='ocrx_word' id='word_1_411' title='bbox 2580 1472 2659 1525; x_wconf 90' lang='lat' dir='ltr'><strong>De</strong></span> <span class='ocrx_word' id='word_1_412' title='bbox 2687 1466 2999 1522; x_wconf 81' lang='lat' dir='ltr'><strong>incestuosis</strong></span> <span class='ocrx_word' id='word_1_413' title='bbox 3033 1463 3147 1536; x_wconf 90' lang='lat' dir='ltr'><strong>(LI.</strong></span> <span class='ocrx_word' id='word_1_414' title='bbox 3180 1463 3318 1519; x_wconf 89' lang='lat' dir='ltr'><strong>Sax.</strong></span> <span class='ocrx_word' id='word_1_415' title='bbox 3352 1463 3464 1530; x_wconf 73' lang='lat'><strong>48).</strong></span> 
     </span>
    </p>
   </div>
   <div class='ocr_carea' id='block_1_62' title="bbox 2200 1549 3775 1634">
    <p class='ocr_par' dir='ltr' id='par_1_62' title="bbox 2200 1549 3775 1634">
     <span class='ocr_line' id='line_1_64' title="bbox 2200 1549 3775 1634; baseline -0.01 -16"><span class='ocrx_word' id='word_1_416' title='bbox 2200 1562 2259 1618; x_wconf 88' lang='lat' dir='ltr'><strong>Si</strong></span> <span class='ocrx_word' id='word_1_417' title='bbox 2293 1560 2426 1634; x_wconf 88' lang='lat' dir='ltr'><strong>quis</strong></span> <span class='ocrx_word' id='word_1_418' title='bbox 2456 1559 2746 1614; x_wconf 88' lang='lat' dir='ltr'><strong>incestum</strong></span> <span class='ocrx_word' id='word_1_419' title='bbox 2777 1551 3156 1623; x_wconf 87' lang='lat' dir='ltr'><strong>commiserit,</strong></span> <span class='ocrx_word' id='word_1_420' title='bbox 3189 1552 3530 1622; x_wconf 90' lang='lat' dir='ltr'><strong>compenset</strong></span> <span class='ocrx_word' id='word_1_421' title='bbox 3549 1549 3658 1604; x_wconf 89' lang='lat' dir='ltr'><strong>hoc</strong></span> <span class='ocrx_word' id='word_1_422' title='bbox 3672 1564 3775 1621; x_wconf 90' lang='lat' dir='ltr'><strong>pro</strong></span> 
     </span>
    </p>
   </div>
   <div class='ocr_carea' id='block_1_63' title="bbox 2129 1637 3776 1725">
    <p class='ocr_par' dir='ltr' id='par_1_63' title="bbox 2129 1637 3776 1725">
     <span class='ocr_line' id='line_1_65' title="bbox 2129 1637 3776 1725; baseline -0.01 -17"><span class='ocrx_word' id='word_1_423' title='bbox 2129 1651 2410 1725; x_wconf 88' lang='lat' dir='ltr'><strong>dignitate</strong></span> <span class='ocrx_word' id='word_1_424' title='bbox 2423 1645 2811 1721; x_wconf 88' lang='lat' dir='ltr'><strong>cognationis,</strong></span> <span class='ocrx_word' id='word_1_425' title='bbox 2831 1644 2950 1699; x_wconf 90' lang='lat' dir='ltr'><strong>sive</strong></span> <span class='ocrx_word' id='word_1_426' title='bbox 2967 1659 3068 1714; x_wconf 91' lang='lat' dir='ltr'><strong>per</strong></span> <span class='ocrx_word' id='word_1_427' title='bbox 3084 1640 3295 1712; x_wconf 90' lang='lat' dir='ltr'><strong>capitis</strong></span> <span class='ocrx_word' id='word_1_428' title='bbox 3307 1637 3776 1701; x_wconf 87' lang='lat' dir='ltr'><strong>aestimationem,</strong></span> 
     </span>
    </p>
   </div>
   <div class='ocr_carea' id='block_1_64' title="bbox 2129 1727 3775 1814">
    <p class='ocr_par' dir='ltr' id='par_1_64' title="bbox 2129 1727 3775 1814">
     <span class='ocr_line' id='line_1_66' title="bbox 2129 1727 3775 1814; baseline -0.01 -16"><span class='ocrx_word' id='word_1_429' title='bbox 2129 1743 2251 1798; x_wconf 81' lang='lat' dir='ltr'><strong>sive</strong></span> <span class='ocrx_word' id='word_1_430' title='bbox 2281 1757 2384 1814; x_wconf 93' lang='lat' dir='ltr'><strong>per</strong></span> <span class='ocrx_word' id='word_1_431' title='bbox 2413 1735 2684 1804; x_wconf 86' lang='lat' dir='ltr'><strong>multam,</strong></span> <span class='ocrx_word' id='word_1_432' title='bbox 2709 1733 2829 1790; x_wconf 90' lang='lat' dir='ltr'><strong>sive</strong></span> <span class='ocrx_word' id='word_1_433' title='bbox 2850 1749 2953 1809; x_wconf 81' lang='lat' dir='ltr'><strong>per</strong></span> <span class='ocrx_word' id='word_1_434' title='bbox 2971 1734 3156 1787; x_wconf 91' lang='lat' dir='ltr'><strong>totam</strong></span> <span class='ocrx_word' id='word_1_435' title='bbox 3179 1728 3628 1803; x_wconf 85' lang='lat' dir='ltr'><strong>possessionem.</strong></span> <span class='ocrx_word' id='word_1_436' title='bbox 3651 1727 3775 1782; x_wconf 83' lang='lat' dir='ltr'><strong>Non</strong></span> 
     </span>
    </p>
   </div>
   <div class='ocr_carea' id='block_1_65' title="bbox 2131 1815 3775 1886">
    <p class='ocr_par' dir='ltr' id='par_1_65' title="bbox 2131 1815 3775 1886">
     <span class='ocr_line' id='line_1_67' title="bbox 2131 1815 3775 1886; baseline -0.009 -1"><span class='ocrx_word' id='word_1_437' title='bbox 2131 1834 2220 1886; x_wconf 91' lang='lat' dir='ltr'><strong>est</strong></span> <span class='ocrx_word' id='word_1_438' title='bbox 2250 1829 2452 1884; x_wconf 90' lang='lat' dir='ltr'><strong>eadem</strong></span> <span class='ocrx_word' id='word_1_439' title='bbox 2485 1824 2630 1881; x_wconf 88' lang='lat' dir='ltr'><strong>ratio</strong></span> <span class='ocrx_word' id='word_1_440' title='bbox 2661 1839 2794 1880; x_wconf 90' lang='lat' dir='ltr'><strong>cum</strong></span> <span class='ocrx_word' id='word_1_441' title='bbox 2826 1836 3023 1878; x_wconf 91' lang='lat' dir='ltr'><strong>sorore</strong></span> <span class='ocrx_word' id='word_1_442' title='bbox 3052 1836 3118 1874; x_wconf 91' lang='lat' dir='ltr'><strong>ac</strong></span> <span class='ocrx_word' id='word_1_443' title='bbox 3148 1834 3283 1874; x_wconf 89' lang='lat' dir='ltr'><strong>cum</strong></span> <span class='ocrx_word' id='word_1_444' title='bbox 3327 1815 3637 1873; x_wconf 87' lang='lat' dir='ltr'><strong>remotiore</strong></span> <span class='ocrx_word' id='word_1_445' title='bbox 3680 1831 3775 1871; x_wconf 87' lang='lat' dir='ltr'><strong>co-</strong></span> 
     </span>
    </p>
   </div>
   <div class='ocr_carea' id='block_1_66' title="bbox 2131 1914 2509 1992">
    <p class='ocr_par' dir='ltr' id='par_1_66' title="bbox 2131 1914 2509 1992">
     <span class='ocr_line' id='line_1_68' title="bbox 2131 1914 2509 1992; baseline -0.019 -17"><span class='ocrx_word' id='word_1_446' title='bbox 2131 1922 2309 1992; x_wconf 89' lang='lat' dir='ltr'><strong>gnata</strong></span> <span class='ocrx_word' id='word_1_447' title='bbox 2338 1914 2509 1972; x_wconf 90' lang='lat' dir='ltr'><strong>coire.</strong></span> 
     </span>
    </p>
   </div>
   <div class='ocr_carea' id='block_1_67' title="bbox 2342 1994 3559 2068">
    <p class='ocr_par' dir='ltr' id='par_1_67' title="bbox 2342 1994 3559 2068">
     <span class='ocr_line' id='line_1_69' title="bbox 2342 1994 3559 2068; baseline -0.011 -8"><span class='ocrx_word' id='word_1_448' title='bbox 2342 2004 2487 2060; x_wconf 87' lang='lat' dir='ltr'><strong>XXI.</strong></span> <span class='ocrx_word' id='word_1_449' title='bbox 2521 2005 2597 2058; x_wconf 89' lang='lat' dir='ltr'><strong>De</strong></span> <span class='ocrx_word' id='word_1_450' title='bbox 2624 2001 2844 2057; x_wconf 82' lang='lat' dir='ltr'><strong>viduam</strong></span> <span class='ocrx_word' id='word_1_451' title='bbox 2876 1997 3115 2054; x_wconf 80' lang='lat' dir='ltr'><strong>violante</strong></span> <span class='ocrx_word' id='word_1_452' title='bbox 3139 1996 3251 2068; x_wconf 91' lang='lat' dir='ltr'><strong>(LI.</strong></span> <span class='ocrx_word' id='word_1_453' title='bbox 3284 1996 3415 2052; x_wconf 85' lang='lat' dir='ltr'><strong>Sax.</strong></span> <span class='ocrx_word' id='word_1_454' title='bbox 3449 1994 3559 2065; x_wconf 81' lang='grc'>49).</span> 
     </span>
    </p>
   </div>
   <div class='ocr_carea' id='block_1_68' title="bbox 2202 2083 3778 2169">
    <p class='ocr_par' dir='ltr' id='par_1_68' title="bbox 2202 2083 3778 2169">
     <span class='ocr_line' id='line_1_70' title="bbox 2202 2083 3778 2169; baseline -0.01 -15"><span class='ocrx_word' id='word_1_455' title='bbox 2202 2097 2262 2154; x_wconf 91' lang='lat' dir='ltr'><strong>Si</strong></span> <span class='ocrx_word' id='word_1_456' title='bbox 2295 2096 2429 2169; x_wconf 89' lang='lat' dir='ltr'><strong>quis</strong></span> <span class='ocrx_word' id='word_1_457' title='bbox 2456 2094 2694 2149; x_wconf 89' lang='lat' dir='ltr'><strong>viduam</strong></span> <span class='ocrx_word' id='word_1_458' title='bbox 2723 2090 2780 2145; x_wconf 88' lang='lat' dir='ltr'><strong>vi</strong></span> <span class='ocrx_word' id='word_1_459' title='bbox 2808 2087 3126 2155; x_wconf 88' lang='lat' dir='ltr'><strong>violaverit,</strong></span> <span class='ocrx_word' id='word_1_460' title='bbox 3158 2091 3498 2159; x_wconf 89' lang='lat' dir='ltr'><strong>compenset</strong></span> <span class='ocrx_word' id='word_1_461' title='bbox 3526 2083 3638 2140; x_wconf 89' lang='lat' dir='ltr'><strong>hoc</strong></span> <span class='ocrx_word' id='word_1_462' title='bbox 3673 2099 3778 2156; x_wconf 89' lang='lat' dir='ltr'><strong>per</strong></span> 
     </span>
    </p>
   </div>
   <div class='ocr_carea' id='block_1_69' title="bbox 2130 2171 3776 2258">
    <p class='ocr_par' dir='ltr' id='par_1_69' title="bbox 2130 2171 3776 2258">
     <span class='ocr_line' id='line_1_71' title="bbox 2130 2171 3776 2258; baseline -0.009 -16"><span class='ocrx_word' id='word_1_463' title='bbox 2130 2185 2338 2258; x_wconf 86' lang='lat' dir='ltr'><strong>capitis</strong></span> <span class='ocrx_word' id='word_1_464' title='bbox 2355 2181 2824 2240; x_wconf 66' lang='lat' dir='ltr'><strong>aestimationem.</strong></span> <span class='ocrx_word' id='word_1_465' title='bbox 2844 2177 2904 2234; x_wconf 92' lang='lat' dir='ltr'><strong>Si</strong></span> <span class='ocrx_word' id='word_1_466' title='bbox 2921 2176 3057 2250; x_wconf 88' lang='lat' dir='ltr'><strong>quis</strong></span> <span class='ocrx_word' id='word_1_467' title='bbox 3077 2174 3333 2248; x_wconf 87' lang='lat' dir='ltr'><strong>puellam</strong></span> <span class='ocrx_word' id='word_1_468' title='bbox 3354 2171 3409 2229; x_wconf 93' lang='lat' dir='ltr'><strong>vi</strong></span> <span class='ocrx_word' id='word_1_469' title='bbox 3422 2172 3776 2246; x_wconf 89' lang='lat' dir='ltr'><strong>stupraverit</strong></span> 
     </span>
    </p>
   </div>
   <div class='ocr_carea' id='block_1_70' title="bbox 2129 2264 3479 2348">
    <p class='ocr_par' dir='ltr' id='par_1_70' title="bbox 2129 2264 3479 2348">
     <span class='ocr_line' id='line_1_72' title="bbox 2129 2264 3479 2348; baseline -0.011 -16"><span class='ocrx_word' id='word_1_470' title='bbox 2129 2275 2471 2348; x_wconf 88' lang='lat' dir='ltr'><strong>compensat</strong></span> <span class='ocrx_word' id='word_1_471' title='bbox 2499 2271 2610 2327; x_wconf 88' lang='lat' dir='ltr'><strong>hoc</strong></span> <span class='ocrx_word' id='word_1_472' title='bbox 2640 2286 2744 2343; x_wconf 91' lang='lat' dir='ltr'><strong>per</strong></span> <span class='ocrx_word' id='word_1_473' title='bbox 2772 2266 2982 2340; x_wconf 87' lang='lat' dir='ltr'><strong>capitis</strong></span> <span class='ocrx_word' id='word_1_474' title='bbox 3009 2264 3479 2320; x_wconf 69' lang='lat' dir='ltr'><strong>aestimationem.</strong></span> 
     </span>
    </p>
   </div>
   <div class='ocr_carea' id='block_1_71' title="bbox 2130 2359 3771 2436">
    <p class='ocr_par' dir='ltr' id='par_1_71' title="bbox 2130 2359 3771 2436">
     <span class='ocr_line' id='line_1_73' title="bbox 2130 2359 3771 2436; baseline -0.009 -8"><span class='ocrx_word' id='word_1_475' title='bbox 2130 2372 2299 2428; x_wconf 84' lang='lat' dir='ltr'><strong>XXII.</strong></span> <span class='ocrx_word' id='word_1_476' title='bbox 2333 2376 2413 2427; x_wconf 90' lang='lat' dir='ltr'><strong>De</strong></span> <span class='ocrx_word' id='word_1_477' title='bbox 2442 2369 2631 2425; x_wconf 77' lang='lat' dir='ltr'><strong>uxoris</strong></span> <span class='ocrx_word' id='word_1_478' title='bbox 2659 2365 2931 2422; x_wconf 50' lang='lat' dir='ltr'><strong>adulteri?</strong></span> <span class='ocrx_word' id='word_1_479' title='bbox 2946 2379 3107 2436; x_wconf 65' lang='lat' dir='ltr'><strong>plena</strong></span> <span class='ocrx_word' id='word_1_480' title='bbox 3136 2361 3296 2431; x_wconf 85' lang='lat' dir='ltr'><strong>gravi</strong></span> <span class='ocrx_word' id='word_1_481' title='bbox 3324 2359 3434 2431; x_wconf 85' lang='lat' dir='ltr'><strong>(LI.</strong></span> <span class='ocrx_word' id='word_1_482' title='bbox 3476 2359 3608 2415; x_wconf 88' lang='lat' dir='ltr'><strong>Sax.</strong></span> <span class='ocrx_word' id='word_1_483' title='bbox 3657 2359 3771 2431; x_wconf 84' lang='lat'><strong>50).</strong></span> 
     </span>
    </p>
   </div>
   <div class='ocr_carea' id='block_1_72' title="bbox 2199 2455 3772 2526">
    <p class='ocr_par' dir='ltr' id='par_1_72' title="bbox 2199 2455 3772 2526">
     <span class='ocr_line' id='line_1_74' title="bbox 2199 2455 3772 2526; baseline -0.01 0"><span class='ocrx_word' id='word_1_484' title='bbox 2199 2469 2259 2526; x_wconf 91' lang='lat' dir='ltr'><strong>Si</strong></span> <span class='ocrx_word' id='word_1_485' title='bbox 2291 2467 2500 2524; x_wconf 90' lang='lat' dir='ltr'><strong>marito</strong></span> <span class='ocrx_word' id='word_1_486' title='bbox 2516 2465 2643 2521; x_wconf 89' lang='lat' dir='ltr'><strong>vivo</strong></span> <span class='ocrx_word' id='word_1_487' title='bbox 2665 2479 2808 2520; x_wconf 89' lang='lat' dir='ltr'><strong>uxor</strong></span> <span class='ocrx_word' id='word_1_488' title='bbox 2828 2478 2963 2517; x_wconf 89' lang='lat' dir='ltr'><strong>cum</strong></span> <span class='ocrx_word' id='word_1_489' title='bbox 2987 2459 3102 2516; x_wconf 88' lang='lat' dir='ltr'><strong>alio</strong></span> <span class='ocrx_word' id='word_1_490' title='bbox 3124 2455 3521 2523; x_wconf 85' lang='lat' dir='ltr'><strong>concubuerit,</strong></span> <span class='ocrx_word' id='word_1_491' title='bbox 3551 2458 3609 2512; x_wconf 89' lang='lat' dir='ltr'><strong>et</strong></span> <span class='ocrx_word' id='word_1_492' title='bbox 3628 2455 3772 2511; x_wconf 90' lang='lat' dir='ltr'><strong>illud</strong></span> 
     </span>
    </p>
   </div>
   <div class='ocr_carea' id='block_1_73' title="bbox 2127 2544 3774 2623">
    <p class='ocr_par' dir='ltr' id='par_1_73' title="bbox 2127 2544 3774 2623">
     <span class='ocr_line' id='line_1_75' title="bbox 2127 2544 3774 2623; baseline -0.009 -8"><span class='ocrx_word' id='word_1_493' title='bbox 2127 2558 2505 2616; x_wconf 87' lang='lat' dir='ltr'><strong>manifestum</strong></span> <span class='ocrx_word' id='word_1_494' title='bbox 2539 2555 2721 2621; x_wconf 82' lang='lat' dir='ltr'><strong>fieret,</strong></span> <span class='ocrx_word' id='word_1_495' title='bbox 2755 2552 2857 2607; x_wconf 86' lang='lat' dir='ltr'><strong>ﬁat</strong></span> <span class='ocrx_word' id='word_1_496' title='bbox 2897 2551 3027 2623; x_wconf 90' lang='lat' dir='ltr'><strong>ipsa</strong></span> <span class='ocrx_word' id='word_1_497' title='bbox 3075 2549 3134 2603; x_wconf 92' lang='lat' dir='ltr'><strong>in</strong></span> <span class='ocrx_word' id='word_1_498' title='bbox 3185 2549 3484 2620; x_wconf 88' lang='lat' dir='ltr'><strong>posterum</strong></span> <span class='ocrx_word' id='word_1_499' title='bbox 3529 2544 3774 2602; x_wconf 88' lang='lat' dir='ltr'><strong>infamia</strong></span> 
     </span>
    </p>
   </div>
   <div class='ocr_carea' id='block_1_74' title="bbox 2125 2632 3771 2714">
    <p class='ocr_par' dir='ltr' id='par_1_74' title="bbox 2125 2632 3771 2714">
     <span class='ocr_line' id='line_1_76' title="bbox 2125 2632 3771 2714; baseline -0.009 -11"><span class='ocrx_word' id='word_1_500' title='bbox 2125 2646 2352 2714; x_wconf 91' lang='lat' dir='ltr'><strong>mundi,</strong></span> <span class='ocrx_word' id='word_1_501' title='bbox 2386 2647 2444 2700; x_wconf 88' lang='lat' dir='ltr'><strong>et</strong></span> <span class='ocrx_word' id='word_1_502' title='bbox 2470 2643 2685 2699; x_wconf 86' lang='lat' dir='ltr'><strong>habeat</strong></span> <span class='ocrx_word' id='word_1_503' title='bbox 2711 2656 2883 2697; x_wconf 87' lang='lat' dir='ltr'><strong>verus</strong></span> <span class='ocrx_word' id='word_1_504' title='bbox 2915 2637 3166 2694; x_wconf 89' lang='lat' dir='ltr'><strong>maritus</strong></span> <span class='ocrx_word' id='word_1_505' title='bbox 3200 2635 3400 2692; x_wconf 91' lang='lat' dir='ltr'><strong>omnia</strong></span> <span class='ocrx_word' id='word_1_506' title='bbox 3448 2651 3577 2707; x_wconf 64' lang='lat' dir='ltr'><strong>quas</strong></span> <span class='ocrx_word' id='word_1_507' title='bbox 3627 2632 3771 2705; x_wconf 88' lang='lat' dir='ltr'><strong>(illa)</strong></span> 
     </span>
    </p>
   </div>
   <div class='ocr_carea' id='block_1_75' title="bbox 2124 2727 3770 2810">
    <p class='ocr_par' dir='ltr' id='par_1_75' title="bbox 2124 2727 3770 2810">
     <span class='ocr_line' id='line_1_77' title="bbox 2124 2727 3770 2810; baseline -0.01 -18"><span class='ocrx_word' id='word_1_508' title='bbox 2124 2733 2484 2810; x_wconf 88' lang='lat' dir='ltr'><strong>possidebat,</strong></span> <span class='ocrx_word' id='word_1_509' title='bbox 2512 2747 2578 2787; x_wconf 91' lang='lat' dir='ltr'><strong>ac</strong></span> <span class='ocrx_word' id='word_1_510' title='bbox 2608 2729 2816 2803; x_wconf 90' lang='lat' dir='ltr'><strong>perdat</strong></span> <span class='ocrx_word' id='word_1_511' title='bbox 2860 2727 2962 2783; x_wconf 90' lang='lat' dir='ltr'><strong>illa</strong></span> <span class='ocrx_word' id='word_1_512' title='bbox 3004 2729 3341 2796; x_wconf 91' lang='lat' dir='ltr'><strong>utrumque,</strong></span> <span class='ocrx_word' id='word_1_513' title='bbox 3387 2727 3508 2779; x_wconf 90' lang='lat' dir='ltr'><strong>tam</strong></span> <span class='ocrx_word' id='word_1_514' title='bbox 3557 2738 3770 2778; x_wconf 89' lang='lat' dir='ltr'><strong>nasum</strong></span> 
     </span>
    </p>
   </div>
   <div class='ocr_carea' id='block_1_76' title="bbox 2126 2811 3772 2898">
    <p class='ocr_par' dir='ltr' id='par_1_76' title="bbox 2126 2811 3772 2898">
     <span class='ocr_line' id='line_1_78' title="bbox 2126 2811 3772 2898; baseline -0.01 -17"><span class='ocrx_word' id='word_1_515' title='bbox 2126 2841 2305 2898; x_wconf 92' lang='lat' dir='ltr'><strong>quam</strong></span> <span class='ocrx_word' id='word_1_516' title='bbox 2338 2838 2529 2878; x_wconf 89' lang='lat' dir='ltr'><strong>aures.</strong></span> <span class='ocrx_word' id='word_1_517' title='bbox 2563 2821 2631 2875; x_wconf 92' lang='lat' dir='ltr'><strong>Et</strong></span> <span class='ocrx_word' id='word_1_518' title='bbox 2660 2819 2710 2875; x_wconf 89' lang='lat' dir='ltr'><strong>si</strong></span> <span class='ocrx_word' id='word_1_519' title='bbox 2743 2816 3036 2874; x_wconf 90' lang='lat' dir='ltr'><strong>accusatio</strong></span> <span class='ocrx_word' id='word_1_520' title='bbox 3067 2814 3165 2880; x_wconf 89' lang='lat' dir='ltr'><strong>sit,</strong></span> <span class='ocrx_word' id='word_1_521' title='bbox 3198 2818 3254 2870; x_wconf 91' lang='lat' dir='ltr'><strong>et</strong></span> <span class='ocrx_word' id='word_1_522' title='bbox 3285 2811 3554 2886; x_wconf 87' lang='lat' dir='ltr'><strong>purgatio</strong></span> <span class='ocrx_word' id='word_1_523' title='bbox 3587 2811 3772 2869; x_wconf 80' lang='lat' dir='ltr'><strong>fracta</strong></span> 
     </span>
    </p>
   </div>
   <div class='ocr_carea' id='block_1_77' title="bbox 2124 2899 3767 2982">
    <p class='ocr_par' dir='ltr' id='par_1_77' title="bbox 2124 2899 3767 2982">
     <span class='ocr_line' id='line_1_79' title="bbox 2124 2899 3767 2982; baseline -0.009 -13"><span class='ocrx_word' id='word_1_524' title='bbox 2124 2914 2220 2982; x_wconf 88' lang='lat' dir='ltr'><strong>sit,</strong></span> <span class='ocrx_word' id='word_1_525' title='bbox 2253 2916 2394 2968; x_wconf 92' lang='lat' dir='ltr'><strong>tunc</strong></span> <span class='ocrx_word' id='word_1_526' title='bbox 2421 2909 2734 2982; x_wconf 90' lang='lat' dir='ltr'><strong>episcopus</strong></span> <span class='ocrx_word' id='word_1_527' title='bbox 2763 2909 3109 2979; x_wconf 89' lang='lat' dir='ltr'><strong>potestatem</strong></span> <span class='ocrx_word' id='word_1_528' title='bbox 3144 2903 3228 2976; x_wconf 93' lang='lat' dir='ltr'><strong>(in</strong></span> <span class='ocrx_word' id='word_1_529' title='bbox 3259 2901 3411 2973; x_wconf 89' lang='lat' dir='ltr'><strong>eam)</strong></span> <span class='ocrx_word' id='word_1_530' title='bbox 3441 2899 3675 2972; x_wconf 86' lang='lat' dir='ltr'><strong>habeat,</strong></span> <span class='ocrx_word' id='word_1_531' title='bbox 3709 2903 3767 2956; x_wconf 92' lang='lat' dir='ltr'><strong>et</strong></span> 
     </span>
    </p>
   </div>
   <div class='ocr_carea' id='block_1_78' title="bbox 2121 2998 2756 3070">
    <p class='ocr_par' dir='ltr' id='par_1_78' title="bbox 2121 2998 2756 3070">
     <span class='ocr_line' id='line_1_80' title="bbox 2121 2998 2756 3070; baseline -0.014 -11"><span class='ocrx_word' id='word_1_532' title='bbox 2121 2999 2486 3059; x_wconf 87' lang='lat' dir='ltr'><strong>severissime</strong></span> <span class='ocrx_word' id='word_1_533' title='bbox 2509 2998 2756 3070; x_wconf 91' lang='lat' dir='ltr'><strong>judicet.</strong></span> 
     </span>
    </p>
   </div>
   <div class='ocr_carea' id='block_1_79' title="bbox 2121 3077 3768 3228">
    <p class='ocr_par' dir='ltr' id='par_1_79' title="bbox 2121 3077 3768 3228">
     <span class='ocr_line' id='line_1_81' title="bbox 2121 3077 3768 3228; baseline -0.009 -81"><span class='ocrx_word' id='word_1_534' title='bbox 2121 3091 2323 3149; x_wconf 82' lang='lat' dir='ltr'><strong>XXIII.</strong></span> <span class='ocrx_word' id='word_1_535' title='bbox 2346 3091 2422 3146; x_wconf 89' lang='lat' dir='ltr'><strong>De</strong></span> <span class='ocrx_word' id='word_1_536' title='bbox 2441 3095 2672 3145; x_wconf 72' lang='lat' dir='ltr'><strong>uxorato</strong></span> <span class='ocrx_word' id='word_1_537' title='bbox 2687 3086 3015 3228; x_wconf 57' lang='grc' dir='ltr'><strong>Ῑιξῖἶίειέηιε,</strong></span> <span class='ocrx_word' id='word_1_538' title='bbox 3150 3077 3768 3137; x_wconf 77' lang='lat' dir='ltr'><strong>concubinamhabente</strong></span> 
     </span>
     <span class='ocr_line' id='line_1_82' title="bbox 2826 3172 3160 3211; baseline -0.009 0"><span class='ocrx_word' id='word_1_539' title='bbox 2826 3199 2840 3211; x_wconf 95' lang='lat'><strong>.</strong></span> <span class='ocrx_word' id='word_1_540' title='bbox 2925 3172 3016 3210; x_wconf 90' lang='lat' dir='ltr'><strong>ax.</strong></span> <span class='ocrx_word' id='word_1_541' title='bbox 3147 3195 3160 3208; x_wconf 94' lang='lat'><strong>.</strong></span> 
     </span>
    </p>
   </div>
   <div class='ocr_carea' id='block_1_80' title="bbox 2826 3172 3160 3211">
    <p class='ocr_par' dir='ltr' id='par_1_80' title="bbox 2826 3172 3160 3211">
     <span class='ocr_line' id='line_1_83' title="bbox 2826 3172 3160 3211; baseline -0.009 0"><span class='ocrx_word' id='word_1_542' title='bbox 2826 3199 2840 3211; x_wconf 90' lang='lat'><strong>.</strong></span> <span class='ocrx_word' id='word_1_543' title='bbox 2885 3172 3016 3210; x_wconf 64' lang='lat' dir='ltr'><strong>58.x.</strong></span> <span class='ocrx_word' id='word_1_544' title='bbox 3049 3172 3112 3210; x_wconf 79' lang='lat' dir='ltr'><strong>Ol</strong></span> <span class='ocrx_word' id='word_1_545' title='bbox 3127 3172 3160 3211; x_wconf 85' lang='lat' dir='ltr'><strong>l.</strong></span> 
     </span>
    </p>
   </div>
   <div class='ocr_carea' id='block_1_81' title="bbox 2190 3236 3768 3315">
    <p class='ocr_par' dir='ltr' id='par_1_81' title="bbox 2190 3236 3768 3315">
     <span class='ocr_line' id='line_1_84' title="bbox 2190 3236 3768 3315; baseline -0.01 -8"><span class='ocrx_word' id='word_1_546' title='bbox 2190 3251 2247 3307; x_wconf 88' lang='lat' dir='ltr'><strong>Si</strong></span> <span class='ocrx_word' id='word_1_547' title='bbox 2277 3249 2367 3305; x_wconf 88' lang='lat' dir='ltr'><strong>vir</strong></span> <span class='ocrx_word' id='word_1_548' title='bbox 2395 3251 2675 3305; x_wconf 90' lang='lat' dir='ltr'><strong>uxoratus</strong></span> <span class='ocrx_word' id='word_1_549' title='bbox 2706 3248 2867 3301; x_wconf 90' lang='lat' dir='ltr'><strong>coeat</strong></span> <span class='ocrx_word' id='word_1_550' title='bbox 2913 3259 3048 3298; x_wconf 91' lang='lat' dir='ltr'><strong>cum</strong></span> <span class='ocrx_word' id='word_1_551' title='bbox 3095 3241 3330 3315; x_wconf 90' lang='lat' dir='ltr'><strong>propria</strong></span> <span class='ocrx_word' id='word_1_552' title='bbox 3378 3256 3487 3297; x_wconf 88' lang='lat' dir='ltr'><strong>sua</strong></span> <span class='ocrx_word' id='word_1_553' title='bbox 3533 3236 3768 3303; x_wconf 85' lang='lat' dir='ltr'><strong>ancilla,</strong></span> 
     </span>
    </p>
   </div>
   <div class='ocr_carea' id='block_1_82' title="bbox 2121 3327 3772 3407">
    <p class='ocr_par' dir='ltr' id='par_1_82' title="bbox 2121 3327 3772 3407">
     <span class='ocr_line' id='line_1_85' title="bbox 2121 3327 3772 3407; baseline -0.01 -9"><span class='ocrx_word' id='word_1_554' title='bbox 2121 3341 2353 3399; x_wconf 88' lang='lat' dir='ltr'><strong>amittat</strong></span> <span class='ocrx_word' id='word_1_555' title='bbox 2376 3354 2528 3406; x_wconf 91' lang='lat' dir='ltr'><strong>eam,</strong></span> <span class='ocrx_word' id='word_1_556' title='bbox 2560 3341 2618 3391; x_wconf 91' lang='lat' dir='ltr'><strong>et</strong></span> <span class='ocrx_word' id='word_1_557' title='bbox 2647 3351 2750 3407; x_wconf 94' lang='lat' dir='ltr'><strong>pro</strong></span> <span class='ocrx_word' id='word_1_558' title='bbox 2781 3333 2910 3405; x_wconf 91' lang='lat' dir='ltr'><strong>ipsa</strong></span> <span class='ocrx_word' id='word_1_559' title='bbox 2940 3333 3278 3404; x_wconf 88' lang='lat' dir='ltr'><strong>compenset</strong></span> <span class='ocrx_word' id='word_1_560' title='bbox 3305 3329 3461 3402; x_wconf 90' lang='lat' dir='ltr'><strong>apud</strong></span> <span class='ocrx_word' id='word_1_561' title='bbox 3491 3327 3678 3384; x_wconf 90' lang='lat' dir='ltr'><strong>Denm</strong></span> <span class='ocrx_word' id='word_1_562' title='bbox 3713 3330 3772 3381; x_wconf 90' lang='lat' dir='ltr'><strong>et</strong></span> 
     </span>
    </p>
   </div>
   <div class='ocr_carea' id='block_1_83' title="bbox 2121 3414 3772 3503">
    <p class='ocr_par' dir='ltr' id='par_1_83' title="bbox 2121 3414 3772 3503">
     <span class='ocr_line' id='line_1_86' title="bbox 2121 3414 3772 3503; baseline -0.01 -17"><span class='ocrx_word' id='word_1_563' title='bbox 2121 3428 2277 3503; x_wconf 87' lang='lat' dir='ltr'><strong>apud</strong></span> <span class='ocrx_word' id='word_1_564' title='bbox 2308 3425 2599 3483; x_wconf 88' lang='lat' dir='ltr'><strong>homines.</strong></span> <span class='ocrx_word' id='word_1_565' title='bbox 2624 3424 2696 3479; x_wconf 89' lang='lat' dir='ltr'><strong>Et</strong></span> <span class='ocrx_word' id='word_1_566' title='bbox 2713 3421 2762 3478; x_wconf 90' lang='lat' dir='ltr'><strong>si</strong></span> <span class='ocrx_word' id='word_1_567' title='bbox 2784 3421 2918 3493; x_wconf 91' lang='lat' dir='ltr'><strong>quis</strong></span> <span class='ocrx_word' id='word_1_568' title='bbox 2936 3418 3260 3492; x_wconf 88' lang='lat' dir='ltr'><strong>legitimam</strong></span> <span class='ocrx_word' id='word_1_569' title='bbox 3282 3432 3521 3472; x_wconf 84' lang='lat' dir='ltr'><strong>uxorem</strong></span> <span class='ocrx_word' id='word_1_570' title='bbox 3535 3414 3772 3481; x_wconf 79' lang='lat' dir='ltr'><strong>habeat,</strong></span> 
     </span>
    </p>
   </div>
   <div class='ocr_carea' id='block_1_84' title="bbox 2121 3504 3770 3579">
    <p class='ocr_par' dir='ltr' id='par_1_84' title="bbox 2121 3504 3770 3579">
     <span class='ocr_line' id='line_1_87' title="bbox 2121 3504 3770 3579; baseline -0.01 -4"><span class='ocrx_word' id='word_1_571' title='bbox 2121 3524 2178 3574; x_wconf 92' lang='lat' dir='ltr'><strong>et</strong></span> <span class='ocrx_word' id='word_1_572' title='bbox 2207 3515 2596 3574; x_wconf 90' lang='lat' dir='ltr'><strong>concubinam</strong></span> <span class='ocrx_word' id='word_1_573' title='bbox 2624 3511 2824 3577; x_wconf 89' lang='lat' dir='ltr'><strong>etiam,</strong></span> <span class='ocrx_word' id='word_1_574' title='bbox 2844 3509 2982 3565; x_wconf 91' lang='lat' dir='ltr'><strong>huic</strong></span> <span class='ocrx_word' id='word_1_575' title='bbox 3003 3507 3204 3564; x_wconf 89' lang='lat' dir='ltr'><strong>nullus</strong></span> <span class='ocrx_word' id='word_1_576' title='bbox 3226 3506 3526 3579; x_wconf 82' lang='lat' dir='ltr'><strong>presbyter</strong></span> <span class='ocrx_word' id='word_1_577' title='bbox 3541 3504 3770 3577; x_wconf 90' lang='lat' dir='ltr'><strong>aliquos</strong></span> 
     </span>
    </p>
   </div>
   <div class='ocr_carea' id='block_1_85' title="bbox 2123 3593 3775 3675">
    <p class='ocr_par' dir='ltr' id='par_1_85' title="bbox 2123 3593 3775 3675">
     <span class='ocr_line' id='line_1_88' title="bbox 2123 3593 3775 3675; baseline -0.008 -12"><span class='ocrx_word' id='word_1_578' title='bbox 2123 3607 2299 3663; x_wconf 88' lang='lat' dir='ltr'><strong>faciat</strong></span> <span class='ocrx_word' id='word_1_579' title='bbox 2328 3605 2477 3660; x_wconf 90' lang='lat' dir='ltr'><strong>ritus</strong></span> <span class='ocrx_word' id='word_1_580' title='bbox 2507 3602 2608 3675; x_wconf 93' lang='lat' dir='ltr'><strong>qui</strong></span> <span class='ocrx_word' id='word_1_581' title='bbox 2640 3598 2990 3657; x_wconf 88' lang='lat' dir='ltr'><strong>Christianis</strong></span> <span class='ocrx_word' id='word_1_582' title='bbox 3018 3596 3143 3652; x_wconf 84' lang='lat' dir='ltr'><strong>ﬁeri</strong></span> <span class='ocrx_word' id='word_1_583' title='bbox 3175 3596 3408 3662; x_wconf 88' lang='lat' dir='ltr'><strong>debent,</strong></span> <span class='ocrx_word' id='word_1_584' title='bbox 3444 3593 3558 3650; x_wconf 90' lang='lat' dir='ltr'><strong>nisi</strong></span> <span class='ocrx_word' id='word_1_585' title='bbox 3581 3610 3775 3650; x_wconf 85' lang='lat' dir='ltr'><strong>cessa-</strong></span> 
     </span>
    </p>
   </div>
   <div class='ocr_carea' id='block_1_86' title="bbox 2119 3681 3772 3765">
    <p class='ocr_par' dir='ltr' id='par_1_86' title="bbox 2119 3681 3772 3765">
     <span class='ocr_line' id='line_1_89' title="bbox 2119 3681 3772 3765; baseline -0.009 -12"><span class='ocrx_word' id='word_1_586' title='bbox 2119 3695 2284 3764; x_wconf 88' lang='lat' dir='ltr'><strong>verit,</strong></span> <span class='ocrx_word' id='word_1_587' title='bbox 2312 3698 2369 3751; x_wconf 90' lang='lat' dir='ltr'><strong>et</strong></span> <span class='ocrx_word' id='word_1_588' title='bbox 2399 3708 2576 3765; x_wconf 87' lang='lat' dir='ltr'><strong>quam</strong></span> <span class='ocrx_word' id='word_1_589' title='bbox 2606 3689 2857 3745; x_wconf 81' lang='lat' dir='ltr'><strong>maxime</strong></span> <span class='ocrx_word' id='word_1_590' title='bbox 2887 3685 3177 3753; x_wconf 89' lang='lat' dir='ltr'><strong>emendet,</strong></span> <span class='ocrx_word' id='word_1_591' title='bbox 3225 3682 3418 3757; x_wconf 86' lang='lat' dir='ltr'><strong>prouti</strong></span> <span class='ocrx_word' id='word_1_592' title='bbox 3462 3681 3772 3755; x_wconf 87' lang='lat' dir='ltr'><strong>episcopus</strong></span> 
     </span>
    </p>
   </div>
   <div class='ocr_carea' id='block_1_87' title="bbox 2120 3772 3610 3850">
    <p class='ocr_par' dir='ltr' id='par_1_87' title="bbox 2120 3772 3610 3850">
     <span class='ocr_line' id='line_1_90' title="bbox 2120 3772 3610 3850; baseline -0.011 -7"><span class='ocrx_word' id='word_1_593' title='bbox 2120 3803 2255 3843; x_wconf 89' lang='lat' dir='ltr'><strong>eum</strong></span> <span class='ocrx_word' id='word_1_594' title='bbox 2287 3781 2600 3848; x_wconf 90' lang='lat' dir='ltr'><strong>edocuerit,</strong></span> <span class='ocrx_word' id='word_1_595' title='bbox 2634 3783 2693 3836; x_wconf 90' lang='lat' dir='ltr'><strong>et</strong></span> <span class='ocrx_word' id='word_1_596' title='bbox 2721 3781 2924 3850; x_wconf 91' lang='lat' dir='ltr'><strong>postea</strong></span> <span class='ocrx_word' id='word_1_597' title='bbox 2952 3775 3245 3832; x_wconf 90' lang='lat' dir='ltr'><strong>abstineat</strong></span> <span class='ocrx_word' id='word_1_598' title='bbox 3272 3774 3346 3829; x_wconf 91' lang='lat' dir='ltr'><strong>ab</strong></span> <span class='ocrx_word' id='word_1_599' title='bbox 3376 3772 3610 3828; x_wconf 89' lang='lat' dir='ltr'><strong>iisdem.</strong></span> 
     </span>
    </p>
   </div>
   <div class='ocr_carea' id='block_1_88' title="bbox 2120 3867 3770 3947">
    <p class='ocr_par' dir='ltr' id='par_1_88' title="bbox 2120 3867 3770 3947">
     <span class='ocr_line' id='line_1_91' title="bbox 2120 3867 3770 3947; baseline -0.009 -9"><span class='ocrx_word' id='word_1_600' title='bbox 2120 3880 2310 3938; x_wconf 88' lang='lat' dir='ltr'><strong>XXIV.</strong></span> <span class='ocrx_word' id='word_1_601' title='bbox 2334 3882 2397 3936; x_wconf 89' lang='lat' dir='ltr'><strong>Ut</strong></span> <span class='ocrx_word' id='word_1_602' title='bbox 2410 3878 2740 3947; x_wconf 72' lang='lat' dir='ltr'><strong>alienigenae</strong></span> <span class='ocrx_word' id='word_1_603' title='bbox 2755 3872 3035 3929; x_wconf 83' lang='lat' dir='ltr'><strong>libidinosi</strong></span> <span class='ocrx_word' id='word_1_604' title='bbox 3043 3869 3489 3940; x_wconf 81' lang='lat' dir='ltr'><strong>eiicicantur(LI.</strong></span> <span class='ocrx_word' id='word_1_605' title='bbox 3508 3867 3642 3924; x_wconf 84' lang='lat' dir='ltr'><strong>Sax.</strong></span> <span class='ocrx_word' id='word_1_606' title='bbox 3655 3867 3770 3939; x_wconf 90' lang='lat'><strong>52).</strong></span> 
     </span>
    </p>
   </div>
   <div class='ocr_carea' id='block_1_89' title="bbox 2194 3962 3770 4046">
    <p class='ocr_par' dir='ltr' id='par_1_89' title="bbox 2194 3962 3770 4046">
     <span class='ocr_line' id='line_1_92' title="bbox 2194 3962 3770 4046; baseline -0.009 -12"><span class='ocrx_word' id='word_1_607' title='bbox 2194 3977 2255 4034; x_wconf 92' lang='lat' dir='ltr'><strong>Si</strong></span> <span class='ocrx_word' id='word_1_608' title='bbox 2285 3974 2626 4046; x_wconf 65' lang='lat' dir='ltr'><strong>alienigenae</strong></span> <span class='ocrx_word' id='word_1_609' title='bbox 2657 3967 3003 4026; x_wconf 90' lang='lat' dir='ltr'><strong>concubitus</strong></span> <span class='ocrx_word' id='word_1_610' title='bbox 3034 3982 3174 4024; x_wconf 89' lang='lat' dir='ltr'><strong>suos</strong></span> <span class='ocrx_word' id='word_1_611' title='bbox 3205 3966 3521 4022; x_wconf 87' lang='lat' dir='ltr'><strong>reformare</strong></span> <span class='ocrx_word' id='word_1_612' title='bbox 3559 3962 3770 4032; x_wconf 88' lang='lat' dir='ltr'><strong>nolint,</strong></span> 
     </span>
    </p>
   </div>
   <div class='ocr_carea' id='block_1_90' title="bbox 2122 4051 3770 4136">
    <p class='ocr_par' dir='ltr' id='par_1_90' title="bbox 2122 4051 3770 4136">
     <span class='ocr_line' id='line_1_93' title="bbox 2122 4051 3770 4136; baseline -0.008 -14"><span class='ocrx_word' id='word_1_613' title='bbox 2122 4083 2190 4122; x_wconf 87' lang='lat' dir='ltr'><strong>ex</strong></span> <span class='ocrx_word' id='word_1_614' title='bbox 2220 4063 2454 4136; x_wconf 89' lang='lat' dir='ltr'><strong>regione</strong></span> <span class='ocrx_word' id='word_1_615' title='bbox 2483 4075 2616 4116; x_wconf 91' lang='lat' dir='ltr'><strong>cum</strong></span> <span class='ocrx_word' id='word_1_616' title='bbox 2647 4055 3119 4131; x_wconf 88' lang='lat' dir='ltr'><strong>possessionibus</strong></span> <span class='ocrx_word' id='word_1_617' title='bbox 3144 4059 3202 4112; x_wconf 91' lang='lat' dir='ltr'><strong>et</strong></span> <span class='ocrx_word' id='word_1_618' title='bbox 3232 4053 3486 4126; x_wconf 89' lang='lat' dir='ltr'><strong>peccatis</strong></span> <span class='ocrx_word' id='word_1_619' title='bbox 3516 4051 3643 4108; x_wconf 89' lang='lat' dir='ltr'><strong>suis</strong></span> <span class='ocrx_word' id='word_1_620' title='bbox 3674 4069 3770 4109; x_wconf 78' lang='lat' dir='ltr'><strong>ex~</strong></span> 
     </span>
    </p>
   </div>
   <div class='ocr_carea' id='block_1_91' title="bbox 2122 4151 2533 4210">
    <p class='ocr_par' dir='ltr' id='par_1_91' title="bbox 2122 4151 2533 4210">
     <span class='ocr_line' id='line_1_94' title="bbox 2122 4151 2533 4210; baseline -0.019 0"><span class='ocrx_word' id='word_1_621' title='bbox 2122 4151 2533 4210; x_wconf 88' lang='lat' dir='ltr'><strong>terminentur.</strong></span> 
     </span>
    </p>
   </div>
   <div class='ocr_carea' id='block_1_92' title="bbox 2121 4230 3774 4360">
    <p class='ocr_par' dir='ltr' id='par_1_92' title="bbox 2121 4230 3774 4360">
     <span class='ocr_line' id='line_1_95' title="bbox 2121 4230 3774 4360; baseline -0.007 -63"><span class='ocrx_word' id='word_1_622' title='bbox 2121 4240 2280 4297; x_wconf 87' lang='lat' dir='ltr'><strong>XXV.</strong></span> <span class='ocrx_word' id='word_1_623' title='bbox 2339 4240 2401 4296; x_wconf 90' lang='lat' dir='ltr'><strong>Ut</strong></span> <span class='ocrx_word' id='word_1_624' title='bbox 2455 4235 2726 4293; x_wconf 81' lang='lat' dir='ltr'><strong>homicida</strong></span> <span class='ocrx_word' id='word_1_625' title='bbox 2782 4236 2843 4289; x_wconf 86' lang='lat' dir='ltr'><strong>in</strong></span> <span class='ocrx_word' id='word_1_626' title='bbox 2889 4234 3225 4360; x_wconf 51' lang='lat' dir='ltr'><strong>purgatione</strong></span> <span class='ocrx_word' id='word_1_627' title='bbox 3280 4230 3478 4288; x_wconf 77' lang='lat' dir='ltr'><strong>cadens</strong></span> <span class='ocrx_word' id='word_1_628' title='bbox 3527 4230 3774 4303; x_wconf 82' lang='lat' dir='ltr'><strong>episcopo</strong></span> 
     </span>
     <span class='ocr_line' id='line_1_96' title="bbox 2586 4304 3306 4360; baseline -0.003 0"><span class='ocrx_word' id='word_1_629' title='bbox 2586 4305 2881 4360; x_wconf 84' lang='lat' dir='ltr'><strong>tradatur(</strong></span> <span class='ocrx_word' id='word_1_630' title='bbox 2937 4307 2977 4360; x_wconf 90' lang='lat' dir='ltr'><strong>I.</strong></span> <span class='ocrx_word' id='word_1_631' title='bbox 3021 4305 3154 4360; x_wconf 81' lang='lat' dir='ltr'><strong>Sax.</strong></span> <span class='ocrx_word' id='word_1_632' title='bbox 3194 4304 3306 4360; x_wconf 85' lang='lat'><strong>53).</strong></span> 
     </span>
    </p>
   </div>
   <div class='ocr_carea' id='block_1_93' title="bbox 2586 4304 3306 4376">
    <p class='ocr_par' dir='ltr' id='par_1_93' title="bbox 2586 4304 3306 4376">
     <span class='ocr_line' id='line_1_97' title="bbox 2586 4304 3306 4376; baseline -0.007 -13"><span class='ocrx_word' id='word_1_633' title='bbox 2586 4307 2841 4363; x_wconf 85' lang='lat' dir='ltr'><strong>tradatur</strong></span> <span class='ocrx_word' id='word_1_634' title='bbox 2865 4304 2977 4376; x_wconf 90' lang='lat' dir='ltr'><strong>(LI.</strong></span> <span class='ocrx_word' id='word_1_635' title='bbox 3010 4304 3154 4360; x_wconf 87' lang='lat' dir='ltr'><strong>Sax.</strong></span> <span class='ocrx_word' id='word_1_636' title='bbox 3194 4304 3306 4372; x_wconf 89' lang='lat'><strong>53).</strong></span> 
     </span>
    </p>
   </div>
   <div class='ocr_carea' id='block_1_94' title="bbox 2197 4389 3781 4464">
    <p class='ocr_par' dir='ltr' id='par_1_94' title="bbox 2197 4389 3781 4464">
     <span class='ocr_line' id='line_1_98' title="bbox 2197 4389 3781 4464; baseline -0.008 -7"><span class='ocrx_word' id='word_1_637' title='bbox 2197 4400 2258 4457; x_wconf 90' lang='lat' dir='ltr'><strong>Si</strong></span> <span class='ocrx_word' id='word_1_638' title='bbox 2289 4397 2676 4456; x_wconf 89' lang='lat' dir='ltr'><strong>homicidium</strong></span> <span class='ocrx_word' id='word_1_639' title='bbox 2707 4394 3087 4451; x_wconf 89' lang='lat' dir='ltr'><strong>manifestum</strong></span> <span class='ocrx_word' id='word_1_640' title='bbox 3135 4393 3260 4459; x_wconf 85' lang='lat' dir='ltr'><strong>ﬁat,</strong></span> <span class='ocrx_word' id='word_1_641' title='bbox 3314 4390 3471 4464; x_wconf 90' lang='lat' dir='ltr'><strong>quod</strong></span> <span class='ocrx_word' id='word_1_642' title='bbox 3517 4389 3654 4462; x_wconf 83' lang='lat' dir='ltr'><strong>quis</strong></span> <span class='ocrx_word' id='word_1_643' title='bbox 3702 4390 3781 4446; x_wconf 91' lang='lat' dir='ltr'><strong>sit</strong></span> 
     </span>
    </p>
   </div>
   <div class='ocr_carea' id='block_1_95' title="bbox 365 4477 3780 4566">
    <p class='ocr_par' dir='ltr' id='par_1_95' title="bbox 365 4477 3780 4566">
     <span class='ocr_line' id='line_1_99' title="bbox 365 4477 3780 4566; baseline -0.003 -24"><span class='ocrx_word' id='word_1_644' title='bbox 365 4485 454 4542; x_wconf 90' lang='lat' dir='ltr'><strong>vel</strong></span> <span class='ocrx_word' id='word_1_645' title='bbox 485 4503 590 4558; x_wconf 89' lang='lat' dir='ltr'><strong>per</strong></span> <span class='ocrx_word' id='word_1_646' title='bbox 619 4485 854 4558; x_wconf 90' lang='lat' dir='ltr'><strong>aliquod</strong></span> <span class='ocrx_word' id='word_1_647' title='bbox 887 4486 1204 4542; x_wconf 88' lang='lat' dir='ltr'><strong>nefandum</strong></span> <span class='ocrx_word' id='word_1_648' title='bbox 1230 4485 1479 4550; x_wconf 87' lang='lat' dir='ltr'><strong>facinus,</strong></span> <span class='ocrx_word' id='word_1_649' title='bbox 1514 4484 1692 4558; x_wconf 91' lang='lat' dir='ltr'><strong>duplo</strong></span> <span class='ocrx_word' id='word_1_650' title='bbox 1715 4484 1824 4542; x_wconf 89' lang='lat' dir='ltr'><strong>hoc</strong></span> <span class='ocrx_word' id='word_1_651' title='bbox 1850 4501 2014 4542; x_wconf 88' lang='lat' dir='ltr'><strong>com-</strong></span> <span class='ocrx_word' id='word_1_652' title='bbox 2046 4501 2093 4566; x_wconf 74' lang='grc' dir='ltr'>Ι)</span> <span class='ocrx_word' id='word_1_653' title='bbox 2126 4487 2481 4557; x_wconf 87' lang='lat' dir='ltr'><strong>trucidatus,</strong></span> <span class='ocrx_word' id='word_1_654' title='bbox 2513 4484 2780 4541; x_wconf 87' lang='lat' dir='ltr'><strong>tradatur</strong></span> <span class='ocrx_word' id='word_1_655' title='bbox 2807 4481 3072 4555; x_wconf 88' lang='lat' dir='ltr'><strong>cognatis</strong></span> <span class='ocrx_word' id='word_1_656' title='bbox 3102 4479 3464 4553; x_wconf 88' lang='lat' dir='ltr'><strong>(homicida),</strong></span> <span class='ocrx_word' id='word_1_657' title='bbox 3495 4483 3556 4534; x_wconf 90' lang='lat' dir='ltr'><strong>et</strong></span> <span class='ocrx_word' id='word_1_658' title='bbox 3584 4477 3636 4534; x_wconf 91' lang='lat' dir='ltr'><strong>si</strong></span> <span class='ocrx_word' id='word_1_659' title='bbox 3678 4494 3780 4533; x_wconf 85' lang='lat' dir='ltr'><strong>ac-</strong></span> 
     </span>
    </p>
   </div>
   <div class='ocr_carea' id='block_1_96' title="bbox 365 4566 3777 4648">
    <p class='ocr_par' dir='ltr' id='par_1_96' title="bbox 365 4566 3777 4648">
     <span class='ocr_line' id='line_1_100' title="bbox 365 4566 3777 4648; baseline -0.003 -17"><span class='ocrx_word' id='word_1_660' title='bbox 365 4579 662 4648; x_wconf 89' lang='lat' dir='ltr'><strong>pensetur,</strong></span> <span class='ocrx_word' id='word_1_661' title='bbox 697 4575 781 4630; x_wconf 91' lang='lat' dir='ltr'><strong>uti</strong></span> <span class='ocrx_word' id='word_1_662' title='bbox 813 4575 870 4630; x_wconf 91' lang='lat' dir='ltr'><strong>in</strong></span> <span class='ocrx_word' id='word_1_663' title='bbox 906 4591 1118 4647; x_wconf 89' lang='lat' dir='ltr'><strong>magno</strong></span> <span class='ocrx_word' id='word_1_664' title='bbox 1149 4575 1316 4643; x_wconf 88' lang='lat' dir='ltr'><strong>festo,</strong></span> <span class='ocrx_word' id='word_1_665' title='bbox 1344 4591 1448 4648; x_wconf 93' lang='lat' dir='ltr'><strong>pro</strong></span> <span class='ocrx_word' id='word_1_666' title='bbox 1470 4566 1693 4631; x_wconf 85' lang='lat' dir='ltr'><strong>ratione</strong></span> <span class='ocrx_word' id='word_1_667' title='bbox 1717 4576 1846 4647; x_wconf 89' lang='lat' dir='ltr'><strong>ejus</strong></span> <span class='ocrx_word' id='word_1_668' title='bbox 1859 4576 2015 4648; x_wconf 90' lang='lat' dir='ltr'><strong>quod</strong></span> <span class='ocrx_word' id='word_1_669' title='bbox 2127 4577 2352 4634; x_wconf 92' lang='lat' dir='ltr'><strong>cusatio</strong></span> <span class='ocrx_word' id='word_1_670' title='bbox 2385 4576 2462 4632; x_wconf 90' lang='lat' dir='ltr'><strong>sit</strong></span> <span class='ocrx_word' id='word_1_671' title='bbox 2491 4577 2549 4630; x_wconf 85' lang='lat' dir='ltr'><strong>et</strong></span> <span class='ocrx_word' id='word_1_672' title='bbox 2577 4571 2846 4646; x_wconf 87' lang='lat' dir='ltr'><strong>purgatio</strong></span> <span class='ocrx_word' id='word_1_673' title='bbox 2881 4569 3032 4627; x_wconf 89' lang='lat' dir='ltr'><strong>male</strong></span> <span class='ocrx_word' id='word_1_674' title='bbox 3062 4569 3359 4640; x_wconf 86' lang='lat' dir='ltr'><strong>succedat,</strong></span> <span class='ocrx_word' id='word_1_675' title='bbox 3381 4567 3614 4640; x_wconf 89' lang='lat' dir='ltr'><strong>judicet</strong></span> <span class='ocrx_word' id='word_1_676' title='bbox 3656 4567 3777 4639; x_wconf 85' lang='lat' dir='ltr'><strong>epi-</strong></span> 
     </span>
    </p>
   </div>
   <div class='ocr_carea' id='block_1_97' title="bbox 365 4653 2013 4739">
    <p class='ocr_par' dir='ltr' id='par_1_97' title="bbox 365 4653 2013 4739">
     <span class='ocr_line' id='line_1_101' title="bbox 365 4653 2013 4739; baseline 0.001 -19"><span class='ocrx_word' id='word_1_677' title='bbox 365 4664 586 4721; x_wconf 84' lang='lat' dir='ltr'><strong>factum</strong></span> <span class='ocrx_word' id='word_1_678' title='bbox 617 4667 723 4720; x_wconf 88' lang='lat' dir='ltr'><strong>est.</strong></span> <span class='ocrx_word' id='word_1_679' title='bbox 746 4653 881 4721; x_wconf 82' lang='lat' dir='ltr'><strong>Etsi</strong></span> <span class='ocrx_word' id='word_1_680' title='bbox 895 4664 1028 4737; x_wconf 92' lang='lat' dir='ltr'><strong>quis</strong></span> <span class='ocrx_word' id='word_1_681' title='bbox 1045 4663 1198 4737; x_wconf 89' lang='lat' dir='ltr'><strong>(hoc)</strong></span> <span class='ocrx_word' id='word_1_682' title='bbox 1215 4667 1406 4737; x_wconf 90' lang='lat' dir='ltr'><strong>neget,</strong></span> <span class='ocrx_word' id='word_1_683' title='bbox 1425 4663 1640 4738; x_wconf 89' lang='lat' dir='ltr'><strong>triplici</strong></span> <span class='ocrx_word' id='word_1_684' title='bbox 1665 4665 2013 4739; x_wconf 91' lang='lat' dir='ltr'><strong>purgatione</strong></span> 
     </span>
    </p>
   </div>
   <div class='ocr_carea' id='block_1_98' title="bbox 366 4757 685 4827">
    <p class='ocr_par' dir='ltr' id='par_1_98' title="bbox 366 4757 685 4827">
     <span class='ocr_line' id='line_1_102' title="bbox 366 4757 685 4827; baseline -0.003 -17"><span class='ocrx_word' id='word_1_685' title='bbox 366 4769 430 4810; x_wconf 87' lang='lat' dir='ltr'><strong>se</strong></span> <span class='ocrx_word' id='word_1_686' title='bbox 458 4757 685 4827; x_wconf 88' lang='lat' dir='ltr'><strong>purget.</strong></span> 
     </span>
    </p>
   </div>
   <div class='ocr_carea' id='block_1_99' title="bbox 365 4841 2012 4915">
    <p class='ocr_par' dir='ltr' id='par_1_99' title="bbox 365 4841 2012 4915">
     <span class='ocr_line' id='line_1_103' title="bbox 365 4841 2012 4915; baseline -0.001 -15"><span class='ocrx_word' id='word_1_687' title='bbox 365 4842 535 4900; x_wconf 88' lang='lat' dir='ltr'><strong>XVII.</strong></span> <span class='ocrx_word' id='word_1_688' title='bbox 567 4844 641 4900; x_wconf 88' lang='lat' dir='ltr'><strong>De</strong></span> <span class='ocrx_word' id='word_1_689' title='bbox 669 4843 905 4899; x_wconf 54' lang='lat' dir='ltr'><strong>ecclesia</strong></span> <span class='ocrx_word' id='word_1_690' title='bbox 931 4843 1111 4899; x_wconf 87' lang='lat' dir='ltr'><strong>debita</strong></span> <span class='ocrx_word' id='word_1_691' title='bbox 1140 4844 1196 4898; x_wconf 87' lang='lat' dir='ltr'><strong>vi</strong></span> <span class='ocrx_word' id='word_1_692' title='bbox 1223 4842 1500 4899; x_wconf 80' lang='lat' dir='ltr'><strong>detinente</strong></span> <span class='ocrx_word' id='word_1_693' title='bbox 1547 4841 1660 4915; x_wconf 90' lang='lat' dir='ltr'><strong>(LI.</strong></span> <span class='ocrx_word' id='word_1_694' title='bbox 1714 4842 1848 4897; x_wconf 85' lang='lat' dir='ltr'><strong>Sax.</strong></span> <span class='ocrx_word' id='word_1_695' title='bbox 1902 4843 2012 4914; x_wconf 89' lang='grc'>45).</span> 
     </span>
    </p>
   </div>
   <div class='ocr_carea' id='block_1_100' title="bbox 438 4930 2014 5005">
    <p class='ocr_par' dir='ltr' id='par_1_100' title="bbox 438 4930 2014 5005">
     <span class='ocr_line' id='line_1_104' title="bbox 438 4930 2014 5005; baseline -0.002 -16"><span class='ocrx_word' id='word_1_696' title='bbox 438 4932 498 4989; x_wconf 90' lang='lat' dir='ltr'><strong>Si</strong></span> <span class='ocrx_word' id='word_1_697' title='bbox 526 4931 660 5005; x_wconf 91' lang='lat' dir='ltr'><strong>quis</strong></span> <span class='ocrx_word' id='word_1_698' title='bbox 708 4932 763 4986; x_wconf 90' lang='lat' dir='ltr'><strong>vi</strong></span> <span class='ocrx_word' id='word_1_699' title='bbox 813 4931 1220 4988; x_wconf 89' lang='lat' dir='ltr'><strong>ecclesiasticis</strong></span> <span class='ocrx_word' id='word_1_700' title='bbox 1255 4930 1498 5001; x_wconf 90' lang='lat' dir='ltr'><strong>judiciis</strong></span> <span class='ocrx_word' id='word_1_701' title='bbox 1545 4947 1607 4986; x_wconf 89' lang='lat' dir='ltr'><strong>se</strong></span> <span class='ocrx_word' id='word_1_702' title='bbox 1657 4931 2014 5002; x_wconf 88' lang='lat' dir='ltr'><strong>opposuerit,</strong></span> 
     </span>
    </p>
   </div>
   <div class='ocr_carea' id='block_1_101' title="bbox 367 5018 2012 5094">
    <p class='ocr_par' dir='ltr' id='par_1_101' title="bbox 367 5018 2012 5094">
     <span class='ocr_line' id='line_1_105' title="bbox 367 5018 2012 5094; baseline -0.003 -14"><span class='ocrx_word' id='word_1_703' title='bbox 367 5021 789 5080; x_wconf 77' lang='lat' dir='ltr'><strong>solvatviolata:</strong></span> <span class='ocrx_word' id='word_1_704' title='bbox 801 5020 947 5094; x_wconf 90' lang='lat' dir='ltr'><strong>legis</strong></span> <span class='ocrx_word' id='word_1_705' title='bbox 962 5037 1193 5094; x_wconf 67' lang='lat' dir='ltr'><strong>poenam</strong></span> <span class='ocrx_word' id='word_1_706' title='bbox 1207 5020 1359 5093; x_wconf 88' lang='lat' dir='ltr'><strong>apud</strong></span> <span class='ocrx_word' id='word_1_707' title='bbox 1377 5018 1846 5085; x_wconf 87' lang='lat' dir='ltr'><strong>Danos,multam</strong></span> <span class='ocrx_word' id='word_1_708' title='bbox 1861 5021 2012 5092; x_wconf 90' lang='lat' dir='ltr'><strong>apud</strong></span> 
     </span>
    </p>
   </div>
   <div class='ocr_carea' id='block_1_102' title="bbox 365 5107 2019 5184">
    <p class='ocr_par' dir='ltr' id='par_1_102' title="bbox 365 5107 2019 5184">
     <span class='ocr_line' id='line_1_106' title="bbox 365 5107 2019 5184; baseline -0.001 -19"><span class='ocrx_word' id='word_1_709' title='bbox 365 5109 607 5184; x_wconf 82' lang='lat' dir='ltr'><strong>Anglos,</strong></span> <span class='ocrx_word' id='word_1_710' title='bbox 640 5110 730 5166; x_wconf 91' lang='lat' dir='ltr'><strong>vel</strong></span> <span class='ocrx_word' id='word_1_711' title='bbox 761 5115 972 5182; x_wconf 89' lang='lat' dir='ltr'><strong>purget</strong></span> <span class='ocrx_word' id='word_1_712' title='bbox 1002 5125 1063 5164; x_wconf 90' lang='lat' dir='ltr'><strong>se</strong></span> <span class='ocrx_word' id='word_1_713' title='bbox 1095 5125 1336 5164; x_wconf 89' lang='lat' dir='ltr'><strong>sumens</strong></span> <span class='ocrx_word' id='word_1_714' title='bbox 1367 5107 1661 5175; x_wconf 90' lang='lat' dir='ltr'><strong>undecim,</strong></span> <span class='ocrx_word' id='word_1_715' title='bbox 1695 5111 1752 5162; x_wconf 90' lang='lat' dir='ltr'><strong>et</strong></span> <span class='ocrx_word' id='word_1_716' title='bbox 1784 5107 1909 5179; x_wconf 88' lang='lat' dir='ltr'><strong>ipse</strong></span> <span class='ocrx_word' id='word_1_717' title='bbox 1939 5109 2019 5164; x_wconf 86' lang='lat' dir='ltr'><strong>sit</strong></span> 
     </span>
    </p>
   </div>
   <div class='ocr_carea' id='block_1_103' title="bbox 369 5196 2018 5271">
    <p class='ocr_par' dir='ltr' id='par_1_103' title="bbox 369 5196 2018 5271">
     <span class='ocr_line' id='line_1_107' title="bbox 369 5196 2018 5271; baseline -0.001 -17"><span class='ocrx_word' id='word_1_718' title='bbox 369 5198 774 5256; x_wconf 90' lang='lat' dir='ltr'><strong>duodecimus.</strong></span> <span class='ocrx_word' id='word_1_719' title='bbox 795 5199 855 5256; x_wconf 91' lang='lat' dir='ltr'><strong>Si</strong></span> <span class='ocrx_word' id='word_1_720' title='bbox 873 5197 1129 5271; x_wconf 89' lang='lat' dir='ltr'><strong>aliquem</strong></span> <span class='ocrx_word' id='word_1_721' title='bbox 1149 5196 1432 5264; x_wconf 89' lang='lat' dir='ltr'><strong>vulneret,</strong></span> <span class='ocrx_word' id='word_1_722' title='bbox 1455 5199 1794 5268; x_wconf 88' lang='lat' dir='ltr'><strong>compenset</strong></span> <span class='ocrx_word' id='word_1_723' title='bbox 1813 5196 1942 5263; x_wconf 89' lang='lat' dir='ltr'><strong>hoc,</strong></span> <span class='ocrx_word' id='word_1_724' title='bbox 1962 5202 2018 5253; x_wconf 89' lang='lat' dir='ltr'><strong>et</strong></span> 
     </span>
    </p>
   </div>
   <div class='ocr_carea' id='block_1_104' title="bbox 371 5285 2016 5366">
    <p class='ocr_par' dir='ltr' id='par_1_104' title="bbox 371 5285 2016 5366">
     <span class='ocr_line' id='line_1_108' title="bbox 371 5285 2016 5366; baseline 0 -24"><span class='ocrx_word' id='word_1_725' title='bbox 371 5287 559 5366; x_wconf 81' lang='lat' dir='ltr'><strong>solvat</strong></span> <span class='ocrx_word' id='word_1_726' title='bbox 589 5287 822 5361; x_wconf 89' lang='lat' dir='ltr'><strong>plenam</strong></span> <span class='ocrx_word' id='word_1_727' title='bbox 845 5288 1092 5344; x_wconf 89' lang='lat' dir='ltr'><strong>multam</strong></span> <span class='ocrx_word' id='word_1_728' title='bbox 1122 5286 1383 5349; x_wconf 92' lang='lat' dir='ltr'><strong>domino,</strong></span> <span class='ocrx_word' id='word_1_729' title='bbox 1408 5289 1466 5340; x_wconf 91' lang='lat' dir='ltr'><strong>et</strong></span> <span class='ocrx_word' id='word_1_730' title='bbox 1486 5285 1557 5340; x_wconf 90' lang='lat' dir='ltr'><strong>ab</strong></span> <span class='ocrx_word' id='word_1_731' title='bbox 1579 5285 1852 5358; x_wconf 90' lang='lat' dir='ltr'><strong>episcopo</strong></span> <span class='ocrx_word' id='word_1_732' title='bbox 1893 5303 2016 5342; x_wconf 89' lang='lat' dir='ltr'><strong>ma-</strong></span> 
     </span>
    </p>
   </div>
   <div class='ocr_carea' id='block_1_105' title="bbox 372 5373 2016 5449">
    <p class='ocr_par' dir='ltr' id='par_1_105' title="bbox 372 5373 2016 5449">
     <span class='ocr_line' id='line_1_109' title="bbox 372 5373 2016 5449; baseline 0.001 -20"><span class='ocrx_word' id='word_1_733' title='bbox 372 5391 515 5429; x_wconf 90' lang='lat' dir='ltr'><strong>num</strong></span> <span class='ocrx_word' id='word_1_734' title='bbox 548 5377 816 5445; x_wconf 88' lang='lat' dir='ltr'><strong>redimat,</strong></span> <span class='ocrx_word' id='word_1_735' title='bbox 840 5377 930 5433; x_wconf 88' lang='lat' dir='ltr'><strong>vel</strong></span> <span class='ocrx_word' id='word_1_736' title='bbox 952 5393 1080 5434; x_wconf 90' lang='lat' dir='ltr'><strong>eam</strong></span> <span class='ocrx_word' id='word_1_737' title='bbox 1105 5375 1329 5449; x_wconf 88' lang='lat' dir='ltr'><strong>perdat.</strong></span> <span class='ocrx_word' id='word_1_738' title='bbox 1355 5373 1416 5428; x_wconf 92' lang='lat' dir='ltr'><strong>Si</strong></span> <span class='ocrx_word' id='word_1_739' title='bbox 1440 5373 1694 5444; x_wconf 89' lang='lat' dir='ltr'><strong>aliquem</strong></span> <span class='ocrx_word' id='word_1_740' title='bbox 1720 5374 2016 5441; x_wconf 90' lang='lat' dir='ltr'><strong>occiderit,</strong></span> 
     </span>
    </p>
   </div>
   <div class='ocr_carea' id='block_1_106' title="bbox 372 5461 2018 5539">
    <p class='ocr_par' dir='ltr' id='par_1_106' title="bbox 372 5461 2018 5539">
     <span class='ocr_line' id='line_1_110' title="bbox 372 5461 2018 5539; baseline 0.001 -20"><span class='ocrx_word' id='word_1_741' title='bbox 372 5463 452 5520; x_wconf 87' lang='lat' dir='ltr'><strong>sit</strong></span> <span class='ocrx_word' id='word_1_742' title='bbox 479 5464 660 5533; x_wconf 90' lang='lat' dir='ltr'><strong>exlex,</strong></span> <span class='ocrx_word' id='word_1_743' title='bbox 692 5469 750 5522; x_wconf 88' lang='lat' dir='ltr'><strong>ct</strong></span> <span class='ocrx_word' id='word_1_744' title='bbox 778 5469 1209 5539; x_wconf 89' lang='lat' dir='ltr'><strong>persequantur</strong></span> <span class='ocrx_word' id='word_1_745' title='bbox 1227 5480 1361 5521; x_wconf 90' lang='lat' dir='ltr'><strong>eum</strong></span> <span class='ocrx_word' id='word_1_746' title='bbox 1385 5479 1519 5519; x_wconf 89' lang='lat' dir='ltr'><strong>cum</strong></span> <span class='ocrx_word' id='word_1_747' title='bbox 1542 5461 1794 5519; x_wconf 90' lang='lat' dir='ltr'><strong>clamore</strong></span> <span class='ocrx_word' id='word_1_748' title='bbox 1816 5481 2018 5520; x_wconf 89' lang='lat' dir='ltr'><strong>omnes</strong></span> 
     </span>
    </p>
   </div>
   <div class='ocr_carea' id='block_1_107' title="bbox 368 5549 2017 5629">
    <p class='ocr_par' dir='ltr' id='par_1_107' title="bbox 368 5549 2017 5629">
     <span class='ocr_line' id='line_1_111' title="bbox 368 5549 2017 5629; baseline -0.001 -18"><span class='ocrx_word' id='word_1_749' title='bbox 368 5549 454 5612; x_wconf 85' lang='lat' dir='ltr'><strong>illi</strong></span> <span class='ocrx_word' id='word_1_750' title='bbox 485 5551 584 5622; x_wconf 92' lang='lat' dir='ltr'><strong>qui</strong></span> <span class='ocrx_word' id='word_1_751' title='bbox 608 5552 906 5628; x_wconf 90' lang='lat' dir='ltr'><strong>justitiam</strong></span> <span class='ocrx_word' id='word_1_752' title='bbox 936 5553 1155 5614; x_wconf 90' lang='lat' dir='ltr'><strong>volunt.</strong></span> <span class='ocrx_word' id='word_1_753' title='bbox 1189 5553 1250 5612; x_wconf 90' lang='lat' dir='ltr'><strong>Si</strong></span> <span class='ocrx_word' id='word_1_754' title='bbox 1281 5552 1406 5629; x_wconf 90' lang='lat' dir='ltr'><strong>ipse</strong></span> <span class='ocrx_word' id='word_1_755' title='bbox 1435 5554 1636 5611; x_wconf 86' lang='lat' dir='ltr'><strong>auctor</strong></span> <span class='ocrx_word' id='word_1_756' title='bbox 1665 5551 1841 5610; x_wconf 84' lang='lat' dir='ltr'><strong>fuerit</strong></span> <span class='ocrx_word' id='word_1_757' title='bbox 1862 5555 2017 5629; x_wconf 91' lang='lat' dir='ltr'><strong>quod</strong></span> 
     </span>
    </p>
   </div>
   <div class='ocr_carea' id='block_1_108' title="bbox 2127 4683 2363 4739">
    <p class='ocr_par' dir='ltr' id='par_1_108' title="bbox 2127 4683 2363 4739">
     <span class='ocr_line' id='line_1_112' title="bbox 2127 4683 2363 4739; baseline -0.017 -15"><span class='ocrx_word' id='word_1_758' title='bbox 2127 4683 2363 4739; x_wconf 90' lang='lat' dir='ltr'><strong>scopus.</strong></span> 
     </span>
    </p>
   </div>
   <div class='ocr_carea' id='block_1_109' title="bbox 2123 4754 3780 4842">
    <p class='ocr_par' dir='ltr' id='par_1_109' title="bbox 2123 4754 3780 4842">
     <span class='ocr_line' id='line_1_113' title="bbox 2123 4754 3780 4842; baseline -0.007 -20"><span class='ocrx_word' id='word_1_759' title='bbox 2123 4764 2313 4822; x_wconf 82' lang='lat' dir='ltr'><strong>XXVI.</strong></span> <span class='ocrx_word' id='word_1_760' title='bbox 2348 4765 2422 4818; x_wconf 90' lang='lat' dir='ltr'><strong>De</strong></span> <span class='ocrx_word' id='word_1_761' title='bbox 2449 4777 2511 4818; x_wconf 90' lang='lat' dir='ltr'><strong>eo</strong></span> <span class='ocrx_word' id='word_1_762' title='bbox 2541 4762 2636 4832; x_wconf 86' lang='lat' dir='ltr'><strong>qui</strong></span> <span class='ocrx_word' id='word_1_763' title='bbox 2663 4760 3198 4842; x_wconf 48' lang='lat' dir='ltr'><strong>excommunicqtum</strong></span> <span class='ocrx_word' id='word_1_764' title='bbox 3220 4757 3305 4842; x_wconf 55' lang='lat' dir='ltr'><strong>pel</strong></span> <span class='ocrx_word' id='word_1_765' title='bbox 3353 4760 3417 4812; x_wconf 87' lang='lat' dir='ltr'><strong>ut</strong></span> <span class='ocrx_word' id='word_1_766' title='bbox 3465 4754 3780 4826; x_wconf 69' lang='lat' dir='ltr'><strong>exlegatum</strong></span> 
     </span>
    </p>
   </div>
   <div class='ocr_carea' id='block_1_110' title="bbox 2563 4829 3329 4903">
    <p class='ocr_par' dir='ltr' id='par_1_110' title="bbox 2563 4829 3329 4903">
     <span class='ocr_line' id='line_1_114' title="bbox 2563 4829 3329 4903; baseline -0.005 -17"><span class='ocrx_word' id='word_1_767' title='bbox 2563 4829 2877 4887; x_wconf 84' lang='lat' dir='ltr'><strong>custodierit</strong></span> <span class='ocrx_word' id='word_1_768' title='bbox 2909 4830 3016 4903; x_wconf 95' lang='lat' dir='ltr'><strong>(LI.</strong></span> <span class='ocrx_word' id='word_1_769' title='bbox 3050 4830 3183 4886; x_wconf 86' lang='lat' dir='ltr'><strong>Sax.</strong></span> <span class='ocrx_word' id='word_1_770' title='bbox 3217 4829 3329 4900; x_wconf 84' lang='grc'>64).</span> 
     </span>
    </p>
   </div>
   <div class='ocr_carea' id='block_1_111' title="bbox 2196 4924 3777 5004">
    <p class='ocr_par' dir='ltr' id='par_1_111' title="bbox 2196 4924 3777 5004">
     <span class='ocr_line' id='line_1_115' title="bbox 2196 4924 3777 5004; baseline -0.006 -15"><span class='ocrx_word' id='word_1_771' title='bbox 2196 4933 2256 4990; x_wconf 92' lang='lat' dir='ltr'><strong>Si</strong></span> <span class='ocrx_word' id='word_1_772' title='bbox 2289 4931 2422 5004; x_wconf 90' lang='lat' dir='ltr'><strong>quis</strong></span> <span class='ocrx_word' id='word_1_773' title='bbox 2450 4929 2551 4986; x_wconf 93' lang='lat' dir='ltr'><strong>Dei</strong></span> <span class='ocrx_word' id='word_1_774' title='bbox 2570 4928 2881 5002; x_wconf 89' lang='lat' dir='ltr'><strong>fugitivum</strong></span> <span class='ocrx_word' id='word_1_775' title='bbox 2900 4927 3145 4984; x_wconf 88' lang='lat' dir='ltr'><strong>retineat</strong></span> <span class='ocrx_word' id='word_1_776' title='bbox 3162 4927 3402 4998; x_wconf 90' lang='lat' dir='ltr'><strong>injuste,</strong></span> <span class='ocrx_word' id='word_1_777' title='bbox 3423 4924 3622 4980; x_wconf 84' lang='lat' dir='ltr'><strong>tradat</strong></span> <span class='ocrx_word' id='word_1_778' title='bbox 3639 4939 3777 4980; x_wconf 91' lang='lat' dir='ltr'><strong>eum</strong></span> 
     </span>
    </p>
   </div>
   <div class='ocr_carea' id='block_1_112' title="bbox 2128 5012 3780 5093">
    <p class='ocr_par' dir='ltr' id='par_1_112' title="bbox 2128 5012 3780 5093">
     <span class='ocr_line' id='line_1_116' title="bbox 2128 5012 3780 5093; baseline -0.007 -15"><span class='ocrx_word' id='word_1_779' title='bbox 2128 5023 2199 5078; x_wconf 87' lang='lat' dir='ltr'><strong>ad</strong></span> <span class='ocrx_word' id='word_1_780' title='bbox 2223 5019 2542 5093; x_wconf 89' lang='lat' dir='ltr'><strong>justitiam,</strong></span> <span class='ocrx_word' id='word_1_781' title='bbox 2577 5022 2631 5074; x_wconf 79' lang='lat' dir='ltr'><strong>et</strong></span> <span class='ocrx_word' id='word_1_782' title='bbox 2662 5018 3002 5090; x_wconf 90' lang='lat' dir='ltr'><strong>compenset</strong></span> <span class='ocrx_word' id='word_1_783' title='bbox 3020 5015 3104 5070; x_wconf 89' lang='lat' dir='ltr'><strong>illi</strong></span> <span class='ocrx_word' id='word_1_784' title='bbox 3123 5016 3192 5071; x_wconf 89' lang='lat' dir='ltr'><strong>ad</strong></span> <span class='ocrx_word' id='word_1_785' title='bbox 3214 5029 3389 5087; x_wconf 91' lang='lat' dir='ltr'><strong>quem</strong></span> <span class='ocrx_word' id='word_1_786' title='bbox 3415 5012 3691 5086; x_wconf 88' lang='lat' dir='ltr'><strong>pertinet,</strong></span> <span class='ocrx_word' id='word_1_787' title='bbox 3712 5028 3780 5068; x_wconf 89' lang='lat' dir='ltr'><strong>ac</strong></span> 
     </span>
    </p>
   </div>
   <div class='ocr_carea' id='block_1_113' title="bbox 2127 5100 3779 5180">
    <p class='ocr_par' dir='ltr' id='par_1_113' title="bbox 2127 5100 3779 5180">
     <span class='ocr_line' id='line_1_117' title="bbox 2127 5100 3779 5180; baseline -0.005 -15"><span class='ocrx_word' id='word_1_788' title='bbox 2127 5110 2398 5166; x_wconf 87' lang='lat' dir='ltr'><strong>emendet</strong></span> <span class='ocrx_word' id='word_1_789' title='bbox 2441 5107 2560 5180; x_wconf 89' lang='lat' dir='ltr'><strong>regi</strong></span> <span class='ocrx_word' id='word_1_790' title='bbox 2612 5123 2714 5179; x_wconf 88' lang='lat' dir='ltr'><strong>per</strong></span> <span class='ocrx_word' id='word_1_791' title='bbox 2762 5105 2970 5179; x_wconf 84' lang='lat' dir='ltr'><strong>capitis</strong></span> <span class='ocrx_word' id='word_1_792' title='bbox 3016 5102 3484 5160; x_wconf 86' lang='lat' dir='ltr'><strong>aestimationem.</strong></span> <span class='ocrx_word' id='word_1_793' title='bbox 3536 5100 3598 5157; x_wconf 92' lang='lat' dir='ltr'><strong>Si</strong></span> <span class='ocrx_word' id='word_1_794' title='bbox 3641 5101 3779 5172; x_wconf 86' lang='lat' dir='ltr'><strong>quis</strong></span> 
     </span>
    </p>
   </div>
   <div class='ocr_carea' id='block_1_114' title="bbox 2127 5191 3780 5267">
    <p class='ocr_par' dir='ltr' id='par_1_114' title="bbox 2127 5191 3780 5267">
     <span class='ocr_line' id='line_1_118' title="bbox 2127 5191 3780 5267; baseline -0.006 -12"><span class='ocrx_word' id='word_1_795' title='bbox 2127 5197 2700 5256; x_wconf 87' lang='lat' dir='ltr'><strong>excommunicatum</strong></span> <span class='ocrx_word' id='word_1_796' title='bbox 2725 5195 2812 5252; x_wconf 91' lang='lat' dir='ltr'><strong>vel</strong></span> <span class='ocrx_word' id='word_1_797' title='bbox 2843 5193 3102 5267; x_wconf 86' lang='lat' dir='ltr'><strong>exlegem</strong></span> <span class='ocrx_word' id='word_1_798' title='bbox 3132 5191 3423 5259; x_wconf 82' lang='lat' dir='ltr'><strong>habuerit,</strong></span> <span class='ocrx_word' id='word_1_799' title='bbox 3470 5194 3531 5247; x_wconf 83' lang='lat' dir='ltr'><strong>et</strong></span> <span class='ocrx_word' id='word_1_800' title='bbox 3575 5194 3780 5246; x_wconf 84' lang='lat' dir='ltr'><strong>custo-</strong></span> 
     </span>
    </p>
   </div>
   <div class='ocr_carea' id='block_1_115' title="bbox 2127 5279 3706 5355">
    <p class='ocr_par' dir='ltr' id='par_1_115' title="bbox 2127 5279 3706 5355">
     <span class='ocr_line' id='line_1_119' title="bbox 2127 5279 3706 5355; baseline -0.008 -10"><span class='ocrx_word' id='word_1_801' title='bbox 2127 5287 2321 5354; x_wconf 90' lang='lat' dir='ltr'><strong>dierit,</strong></span> <span class='ocrx_word' id='word_1_802' title='bbox 2353 5286 2482 5342; x_wconf 91' lang='lat' dir='ltr'><strong>luat</strong></span> <span class='ocrx_word' id='word_1_803' title='bbox 2508 5285 2688 5342; x_wconf 88' lang='lat' dir='ltr'><strong>vitam</strong></span> <span class='ocrx_word' id='word_1_804' title='bbox 2719 5289 2778 5342; x_wconf 90' lang='lat' dir='ltr'><strong>et</strong></span> <span class='ocrx_word' id='word_1_805' title='bbox 2795 5299 3031 5341; x_wconf 91' lang='lat' dir='ltr'><strong>omnem</strong></span> <span class='ocrx_word' id='word_1_806' title='bbox 3054 5298 3224 5340; x_wconf 88' lang='lat' dir='ltr'><strong>suam</strong></span> <span class='ocrx_word' id='word_1_807' title='bbox 3245 5279 3706 5355; x_wconf 89' lang='lat' dir='ltr'><strong>possessionem.</strong></span> 
     </span>
    </p>
   </div>
   <div class='ocr_carea' id='block_1_116' title="bbox 2127 5368 3778 5444">
    <p class='ocr_par' dir='ltr' id='par_1_116' title="bbox 2127 5368 3778 5444">
     <span class='ocr_line' id='line_1_120' title="bbox 2127 5368 3778 5444; baseline -0.007 -11"><span class='ocrx_word' id='word_1_808' title='bbox 2127 5376 2354 5433; x_wconf 83' lang='lat' dir='ltr'><strong>XXVII.</strong></span> <span class='ocrx_word' id='word_1_809' title='bbox 2406 5377 2480 5431; x_wconf 88' lang='lat' dir='ltr'><strong>De</strong></span> <span class='ocrx_word' id='word_1_810' title='bbox 2525 5373 2904 5433; x_wconf 71' lang='lat' dir='ltr'><strong>misericordia</strong></span> <span class='ocrx_word' id='word_1_811' title='bbox 2953 5372 3260 5429; x_wconf 72' lang='lat' dir='ltr'><strong>exhibenda</strong></span> <span class='ocrx_word' id='word_1_812' title='bbox 3301 5371 3414 5444; x_wconf 92' lang='lat' dir='ltr'><strong>(LI.</strong></span> <span class='ocrx_word' id='word_1_813' title='bbox 3471 5372 3603 5424; x_wconf 83' lang='lat' dir='ltr'><strong>Sax.</strong></span> <span class='ocrx_word' id='word_1_814' title='bbox 3660 5368 3778 5438; x_wconf 87' lang='lat'><strong>65).</strong></span> 
     </span>
    </p>
   </div>
   <div class='ocr_carea' id='block_1_117' title="bbox 2200 5457 3780 5538">
    <p class='ocr_par' dir='ltr' id='par_1_117' title="bbox 2200 5457 3780 5538">
     <span class='ocr_line' id='line_1_121' title="bbox 2200 5457 3780 5538; baseline -0.006 -17"><span class='ocrx_word' id='word_1_815' title='bbox 2200 5467 2271 5521; x_wconf 88' lang='lat' dir='ltr'><strong>Et</strong></span> <span class='ocrx_word' id='word_1_816' title='bbox 2299 5464 2348 5520; x_wconf 91' lang='lat' dir='ltr'><strong>si</strong></span> <span class='ocrx_word' id='word_1_817' title='bbox 2379 5463 2511 5538; x_wconf 90' lang='lat' dir='ltr'><strong>quis</strong></span> <span class='ocrx_word' id='word_1_818' title='bbox 2542 5463 2849 5536; x_wconf 87' lang='lat' dir='ltr'><strong>diligenter</strong></span> <span class='ocrx_word' id='word_1_819' title='bbox 2878 5464 2949 5519; x_wconf 90' lang='lat' dir='ltr'><strong>ab</strong></span> <span class='ocrx_word' id='word_1_820' title='bbox 2983 5460 3271 5534; x_wconf 89' lang='lat' dir='ltr'><strong>injustitia</strong></span> <span class='ocrx_word' id='word_1_821' title='bbox 3307 5458 3517 5516; x_wconf 83' lang='lat' dir='ltr'><strong>deinde</strong></span> <span class='ocrx_word' id='word_1_822' title='bbox 3568 5457 3780 5513; x_wconf 87' lang='lat' dir='ltr'><strong>reverti</strong></span> 
     </span>
    </p>
   </div>
   <div class='ocr_carea' id='block_1_118' title="bbox 2128 5548 3781 5624">
    <p class='ocr_par' dir='ltr' id='par_1_118' title="bbox 2128 5548 3781 5624">
     <span class='ocr_line' id='line_1_122' title="bbox 2128 5548 3781 5624; baseline -0.005 -14"><span class='ocrx_word' id='word_1_823' title='bbox 2128 5553 2272 5610; x_wconf 91' lang='lat' dir='ltr'><strong>velit</strong></span> <span class='ocrx_word' id='word_1_824' title='bbox 2299 5553 2370 5610; x_wconf 90' lang='lat' dir='ltr'><strong>ad</strong></span> <span class='ocrx_word' id='word_1_825' title='bbox 2393 5551 2712 5624; x_wconf 88' lang='lat' dir='ltr'><strong>justitiam,</strong></span> <span class='ocrx_word' id='word_1_826' title='bbox 2747 5550 3212 5609; x_wconf 89' lang='lat' dir='ltr'><strong>misericordiam</strong></span> <span class='ocrx_word' id='word_1_827' title='bbox 3274 5548 3670 5617; x_wconf 81' lang='lat' dir='ltr'><strong>consequatur</strong></span> <span class='ocrx_word' id='word_1_828' title='bbox 3709 5561 3781 5601; x_wconf 91' lang='lat' dir='ltr'><strong>ex</strong></span> 
     </span>
    </p>
   </div>
  </div>
