3948 6168
94 352 244 417 “81

1342 351 1706 416 CANUTUS
1751 351 1777 416 Ῑ
1821 350 1978 416 REX
2019 350 2252 415 ANGL.

3298 351 3491 443 _1182

89 487 296 546 timore
343 485 474 556 Dei,
524 498 702 560 quam
749 485 969 560 optime
1014 487 1072 543 et
1114 485 1562 560 diligentissime
1608 486 1732 543 ﬁeri
1761 489 1818 556 Α
1840 488 2072 559 justum
2103 491 2211 554 est,
2242 490 2300 543 et
2327 481 2715 560 in’posterum
2746 503 2977 562 semper
3013 503 3324 545 caveamus
3353 488 3491 545 dili-

90 578 293 652 possit.

263 667 356 722 Pii
383 667 525 738 regis
551 667 648 738 pia
665 667 943 738 peroratio
972 665 1084 739 (LI.
1121 666 1252 722 Sax.
1285 663 1555 738 Epilog.).

157 757 322 812 Nunc
351 754 663 829 diligenter
693 771 854 828 rogo,
877 759 934 810 et
955 754 1016 810 in
1037 754 1138 811 Dei
1161 754 1396 811 nomine
1417 771 1516 810 oro
1539 771 1736 826 quem-

85 844 228 903 libet
257 848 419 906 utxex
447 844 656 900 intimo
680 845 851 900 corde
872 844 943 900 ad
965 843 1278 900 Dominum
1303 859 1476 899 suum
1501 859 1734 900 conver-

85 938 266 1003 tatur,
297 938 354 991 et
382 950 534 1006 saepe
572 950 639 988 ac
679 933 880 988 crebro
917 931 1345 1003 contempletur
1383 949 1560 1004 quam
1603 931 1733 988 dili-

85 1022 428 1096 gentissime
461 1022 515 1078 id
551 1023 706 1094 quod
737 1021 789 1077 ei
819 1026 908 1078 est
937 1021 1362 1089 taciendum,et
1383 1021 1536 1092 quod
1559 1021 1744 1076 omita

87 1113 352 1168 tendum.
379 1112 494 1168 Nos
533 1127 738 1168 omnes
768 1110 1019 1166 maxime
1062 1110 1227 1166 decet
1254 1111 1438 1166 Deum
1471 1109 1732 1183 diligere,

86 1205 144 1257 et
173 1201 274 1256 Dei
317 1200 546 1274 legibus
577 1199 840 1273 obsequi,
863 1203 920 1256 et
962 1199 1371 1256 ecclesiasticis
1401 1199 1735 1255 doctoribus

88 1289 291 1346 sedulo
321 1289 576 1358 obedire,
601 1289 880 1362 quoniam
909 1288 947 1343 ii
981 1305 1087 1345 nos
1127 1289 1450 1360 producent
1479 1289 1551 1344 ad
1575 1288 1734 1358 judi-

87 1381 268 1451 cium,
292 1397 429 1436 cum
450 1384 603 1436 Deus
615 1379 911 1452 judicabit
931 1376 1252 1451 quemlibet
1273 1395 1376 1450 pro
1398 1377 1564 1434 factis
1587 1377 1732 1432 suis.

85 1470 155 1526 Et
184 1471 392 1526 beatus
419 1472 509 1526 est
538 1472 756 1542 pastor,
785 1468 887 1541 qui
927 1483 1163 1541 gregem
1195 1467 1267 1524 ad
1314 1467 1416 1522 Dei
1466 1483 1732 1539 regnum,

83 1562 142 1616 et
171 1559 245 1615 ad
276 1557 507 1615 caeleste
554 1559 838 1632 gaudium
868 1557 1064 1613 laetum
1097 1557 1306 1612 ducere
1358 1559 1548 1628 potest
1598 1572 1735 1628 pro-

83 1653 216 1723 pter
244 1651 396 1706 faota
423 1666 550 1707 sua.
584 1653 736 1705 Bene
763 1648 940 1704 etiam
971 1652 1060 1704 est
1098 1646 1258 1720 gregi
1287 1645 1392 1715 illi,
1412 1645 1510 1716 qui
1544 1649 1736 1718 pasto-

83 1756 210 1796 rem
241 1739 509 1812 ‘sequitur
549 1754 684 1794 eum
716 1738 813 1810 qui
846 1737 1013 1793 illum
1058 1754 1092 1792 a
1132 1734 1382 1792 diabolis
1411 1735 1647 1806 eripuit,
1680 1737 1736 1788 et

1844 581 2047 648 genter
2076 576 2150 632 ab
2179 575 2568 633 incalescente
2608 577 2900 644 incendio,
2927 579 3082 651 quod
3129 577 3402 652 praevalet
3431 579 3490 634 in

1843 665 2068 720 inferno
2115 663 2331 720 faciant
2379 683 2536 720 nunc
2585 666 2760 722 etiam
2799 667 3064 723 doctores
3111 671 3168 722 et
3217 667 3488 724 ecclesia-

1844 752 1974 809 stici
2020 769 2333 826 praecones,
2375 755 2568 826 prouti
2613 756 2866 826 justum,
2900 760 2958 810 et
3007 755 3248 811 cuilibet
3292 773 3490 813 neces-

1844 842 2066 899 sarium
2098 846 2205 908 est,
2239 847 2530 915 exponant
2575 861 2728 916 saepe
2763 843 3184 900 ecclesiasticas
3233 845 3493 902 necessi-

1843 935 2013 1000 tates,
2047 935 2103 988 et
2131 931 2324 987 omnis
2355 933 2454 1005 qui
2497 932 2784 989 discretus
2833 937 2922 988 est
2968 933 3167 989 audiat
3212 951 3310 990 eas
3360 934 3490 989 dili-

1844 1023 2066 1093 genter,
2093 1037 2158 1076 ac
2185 1021 2480 1077 doctrinas
2501 1021 2922 1078 ecclesiasticas
2945 1022 3003 1076 in
3031 1025 3226 1078 mente
3246 1023 3494 1078 retineat

1845 1126 2022 1181 quam
2073 1110 2430 1174 firmissime,
2462 1109 2521 1165 in
2572 1111 2865 1183 propriam
2919 1111 3010 1166 sui
3071 1110 3405 1179 utilitatem,
3435 1116 3493 1167 et

1844 1215 2076 1270 semper
2123 1199 2369 1272 quilibet
2423 1199 2598 1256 homo
2653 1198 2713 1255 in
2771 1200 3051 1256 honorem
3111 1200 3341 1256 Domini
3401 1200 3492 1256 sui

1844 1291 2078 1360 praestet
2125 1289 2240 1344 Deo
2291 1305 2396 1344 suo
2428 1287 2485 1343 id
2521 1289 2674 1361 quod
2728 1293 2936 1361 potest,
2989 1289 3162 1345 verbo
3212 1293 3269 1345 et
3319 1289 3488 1355 facto,

1843 1375 2109 1432 hilariter
2147 1394 2398 1450 semper.
2430 1382 2590 1434 Tunc
2636 1378 2805 1434 nobis
2848 1378 3123 1435 omnibus
3169 1379 3267 1434 Dei
3312 1380 3491 1435 mise-

1844 1466 2095 1523 ricordia
2140 1467 2396 1540 paratior
2435 1468 2562 1525 erit.
2617 1469 2859 1541 Semper
2905 1469 2982 1526 sit
3029 1485 3240 1525 nomen
3283 1469 3384 1525 Dei
3432 1470 3491 1524 in

1843 1559 2125 1612 aeternum
2157 1557 2546 1627 benedictum,
2581 1575 2647 1614 ac
2681 1557 2867 1630 gloria
2895 1559 2968 1629 ei,
3002 1561 3058 1614 et
3085 1557 3215 1614 laus
3245 1562 3302 1614 et
3327 1575 3495 1614 vene-

1844 1644 1991 1700 ratio
2017 1645 2094 1701 sit
2123 1662 2353 1718 semper
2398 1646 2457 1701 in
2490 1646 2769 1703 saeculum
2801 1646 3016 1703 saeculi.
3043 1647 3196 1702 Deus
3227 1646 3492 1719 omnipo-

1844 1737 1975 1789 tens
2006 1733 2084 1789 sit
2113 1733 2281 1790 nobis
2313 1734 2588 1791 omnibus
2619 1735 2972 1803 misericors,
2999 1733 3191 1807 prouti
3224 1735 3332 1806 ipsi
3368 1734 3492 1806 pla-

81 1829 204 1886 Deo
256 1827 582 1901 acquisivit.
627 1828 916 1900 Agedum,
967 1841 1202 1896 omnes,
1250 1823 1516 1881 unanimi
1564 1823 1735 1879 corde
1766 1859 1812 1924 B
1845 1822 2050 1888 cuerit,
2083 1826 2140 1878 et
2178 1827 2480 1880 conservet
2527 1841 2633 1880 nos
2681 1840 2913 1896 semper
2959 1825 3031 1880 ad
3088 1823 3490 1880 aeternitatem.

83 1917 396 1990 diligenter
421 1917 682 1974 Domino
701 1919 898 1973 nostro
942 1913 1283 1988 placeamus
1321 1929 1453 1968 cum
1484 1929 1550 1967 eo
1578 1911 1730 1983 quod
1767 1909 1812 1924 "
1844 1909 1986 1968 Fiat.
2019 1912 2225 1968 Amen.

1371 2172 1792 2260 CANU'I‘I
1878 2171 2210 2258 REGIS

82 2350 474 2412 EPISTULA
516 2351 618 2410 AD
647 2347 1084 2409 ANGLOBUM
1115 2343 1527 2406 PROCERES
1561 2341 1798 2403 MlSSA
1830 2340 2048 2401 ROMA
2083 2342 2296 2401 ANNO
2326 2341 2563 2402 REGNI
2609 2343 2798 2405 EJUS
2831 2345 2960 2419 XV,
2994 2346 3277 2407 DOMlNI
3311 2347 3491 2408 1031.

79 2503 266 2574 Refert
295 2507 496 2574 quanta
527 2498 1150 2574 benignitate‘ajodnne
1174 2512 1342 2574 papa,
1367 2491 1610 2574 Conrado
1641 2492 1989 2574 imperatore,
2012 2493 2061 2544 et
2093 2490 2366 2574 Itodulpho
2387 2508 2514 2574 rege
2540 2495 2826 2574 amplexus
2851 2503 2949 2574 est.
2966 2495 3040 2574 _Se
3063 2497 3282 2574 Romam
3306 2500 3493 2574 trans-

147 2565 410 2630 euntibus
441 2565 760 2642 impetrasse
784 2570 1080 2642 privilegia
1108 2565 1389 2642 Litt??un
1416 2565 1891 2642 .maeinstitatum
1920 2567 2298 2642 correcturum
2326 2572 2492 2642 nocet.
2521 2568 2716 2642 .Monet
2746 2570 2806 2622 ut
2834 2567 3109 2623 declinent
3158 2569 3492 2639 injustitiam

151 2652 210 2701 et
237 2643 365 2714 ﬁsco
392 2643 476 2698 nil
507 2632 741 2697 indebita
769 2632 968 2712 ferant.
987 2632 1082 2695 'Ad
1111 2632 1407 2694 Ecclesium
1433 2634 1773 2708 pertinentia
1801 2632 1986 2688 sedulo
2015 2650 2237 2705 quaeque
2266 2633 2421 2690 reddi
2439 2635 2617 2707 jubet.

148 2880 370 2972 CNU'ro,
403 2891 502 2972 rex
551 2871 1018 2972 totiusnAngliae,
1065 2875 1132 2972 et.
1171 2867 1632 2972 Danamarehif,
1679 2869 1736 2920 et
1773 2863 1817 2930 Ο
1845 2884 1903 2972 et
1932 2883 2222 2972 argenteis
2251 2901 2428 2956 quam
2460 2885 2518 2942 in
2553 2887 2746 2960 palliis
2785 2895 2841 2946 et
2877 2894 3138 2951 vestibus
3167 2896 3331 2954 valde
3363 2915 3490 2972 pre-

79 2964 427 3037 Norwegiaa,
451 2967 508 3019 et
533 2962 717 3036 partis
738 2963 1083 3028 Suavorum,
1103 2962 1390 3016 AILNOTHO
1416 2961 1540 3030 [al.,
1565 2959 1736 3013 Eam.-

80 3055 294 3126 κστ-ΗΟ]
327 3051 797 3124 metropolitano,
829 3055 887 3106 et
923 3053 1172 3105 Aerco
1212 3047 1584 3115 Eboracensi,
1609 3063 1732 3103 om-

81 3144 380 3215 nibusque
411 3141 700 3214 episcOpis
729 3144 784 3195 et
815 3139 1186 3212 primatibus,
1207 3142 1266 3194 et
1296 3137 1399 3194 toti
1431 3136 1589 3210 genti
1618 3138 1732 3191 An-

82 3233 340 3307 glorum,
371 3235 490 3286 tam
523 3229 818 3286 nobilibus
850 3243 1027 3300 quam
1058 3226 1322 3300 plebeiis,
1354 3227 1625 3281 salutem.

153 3322 233 3392 (1)
268 3319 511 3376 Notiiico
532 3318 696 3375 vobis
719 3333 810 3372 me
834 3317 1060 3372 noviter
1080 3316 1219 3372 iisse
1239 3315 1483 3370 Romam
1505 3318 1733 3370 oratum

85 3427 189 3483 pro
209 3408 609 3481 redemptione
629 3405 1034 3479 peccaminum
1051 3421 1337 3474 meorum,
1353 3407 1409 3459 et
1425 3421 1528 3477 pro
1547 3403 1734 3460 salute

85 3495 660 3573 regnorum,quique
689 3511 818 3550 meo
848 3495 1153 3564 subjacent
1189 3492 1460 3566 regimini
1491 3493 1731 3566 populo-

83 3605 238 3644 rum.
271 3587 430 3642 Hanc
459 3585 696 3657 quidem
730 3583 1142 3658 profectionem
1174 3582 1288 3638 Deo
1311 3583 1438 3652 jam
1469 3581 1608 3638 olim
1642 3583 1734 3638 de-

78 3692 374 3743 voveram,
407 3675 508 3731 sed
557 3691 660 3747 pro
707 3673 956 3746 negotiis
987 3673 1150 3745 regni
1197 3676 1255 3727 et
1307 3671 1498 3728 causis
1546 3671 1731 3743 impe-

79 3763 400 3827 dientibus.
429 3764 738 3836 hucusque
781 3779 896 3818 non
936 3766 1198 3833 poteram
1242 3760 1536 3833 perficere.
1565 3762 1730 3816 Nunc

79 3857 278 3911 autem
317 3853 432 3927 ipsi
462 3853 578 3910 Deo
628 3869 756 3908 meo
803 3850 1188 3923 omnipotenti
1217 3849 1384 3904 valde
1432 3848 1732 3904 humiliter

77 3943 300 4016 gratias
331 3958 438 4015 ago
477 3942 634 4014 quod
679 3939 966 3997 concessit
1008 3940 1066 3994 in
1096 3939 1218 3994 vita
1249 3955 1379 3994 mea
1409 3938 1639 3993 Petrum
1674 3941 1731 3993 et

76 4031 327 4088 Paulum
376 4032 576 4087 beatos
625 4029 940 4103 apostolos,
973 4033 1031 4084 et
1077 4043 1251 4084 omne
1304 4026 1726 4093 sanctuarium,

75 4121 236 4193 quod
261 4120 416 4176 intra
437 4119 641 4176 urbem
665 4120 909 4175 Romam
929 4122 1030 4174 aut
1045 4121 1207 4173 extra
1223 4115 1521 4172 addiscere
1543 4115 1726 4188 potui,

74 4213 365 4282 expetere,
389 4211 465 4277 et,
490 4208 813 4264 secundum
837 4206 1195 4262 desiderium
1227 4222 1445 4272 meum,
1471 4221 1729 4277 presen-

1842 2969 2030 3026 tiosis.
2069 2973 2324 3030 Locutus
2353 2992 2485 3031 sum
2517 2976 2698 3050 igitur
2725 2997 2858 3036 cum
2900 2982 3028 3054 ipso
3058 2969 3406 3058 imperatore
3436 2993 3493 3044 et

1843 3059 2080 3116 domino
2112 3079 2281 3133 papa,
2302 3067 2358 3117 et
2387 3063 2751 3139 principibus
2774 3068 2872 3140 qui
2896 3069 2976 3126 ibi
3001 3078 3185 3137 erant,
3207 3075 3276 3130 de
3298 3091 3493 3132 neces-

1844 3147 2119 3204 sitatibus
2155 3151 2336 3206 totius
2363 3153 2560 3225 populi
2598 3155 2872 3224 mei,tam
2918 3160 3089 3234 Angli
3121 3165 3492 3234 quamani,se

1843 3242 1910 3292 ut
1937 3237 2022 3292 eis
2043 3240 2457 3298 concederetur
2485 3242 2576 3299 lex
2598 3246 2818 3317 aequior
2838 3251 2893 3302 et
2914 3265 3023 3320 pax
3043 3252 3304 3308 securior
3323 3253 3382 3309 in
3399 3253 3493 3310 via

1845 3325 2089 3382 Romam
2123 3329 2397 3396 adeundi,
2417 3335 2472 3386 et
2503 3349 2573 3388 ne
2601 3337 2682 3389 tot
2715 3334 3003 3393 clausuris
3028 3357 3132 3411 per
3159 3341 3312 3397 viam
3339 3359 3492 3400 arce-

1843 3418 2062 3484 rentur,
2095 3421 2152 3472 et
2182 3423 2416 3490 propter
2445 3419 2732 3492 injustam
2765 3424 3046 3483 telonium
3084 3429 3485 3502 fatigarentur.

1841 3503 2178 3577 Annuitque
2203 3508 2513 3580 postulatis
2542 3511 2876 3584 imperator,
2910 3519 2966 3580 et
2996 3517 3340 3591 Rodulphus
3371 3537 3488 3590 rex,

1842 3593 1938 3665 qui
1976 3595 2223 3651 maxime
2255 3596 2516 3669 ipsarum
2548 3601 2954 3660 clausurarum
2982 3606 3330 3680 dominator,
3355 3627 3492 3666 cun-

1840 3681 2032 3756 ctique
2065 3685 2358 3758 principes
2379 3688 2586 3746 edictis
2609 3691 2938 3763 firmarunt,
2963 3700 3028 3751 ut
3057 3697 3324 3755 homines
3351 3687 3486 3770 mei,

1838 3775 1959 3826 tam
1991 3786 2341 3832 mercatores
2373 3793 2550 3848 quam
2601 3779 2699 3834 alii
2746 3783 2950 3839 orandi
3001 3787 3186 3858 gratia
3216 3788 3486 3856 viatores,

1841 3860 2061 3933 absque
2078 3864 2236 3918 omni
2257 3867 2495 3938 angaria
2511 3867 2919 3926 clausurarum
2938 3877 2996 3928 et
3013 3874 3459 3934 teloneariorum
3472 3921 3486 3947 ,

1839 3949 2011 4004 firma
2040 3967 2180 4023 pace
2206 3953 2460 4030 Romam
2491 3962 2626 4012 eant
2654 3963 2710 4013 et
2739 3960 2999 4016 redeant.

1909 4039 2278 4111 Conquestus
2312 4060 2443 4098 sum
2477 4045 2688 4102 iterum
2734 4064 2929 4104 coram
2961 4051 3198 4107 domino
3229 4071 3398 4127 papa,
3432 4059 3490 4112 et

1839 4127 1982 4183 mihi
2012 4129 2178 4185 valde
2204 4131 2512 4204 displicere
2533 4135 2652 4189 dixi
2675 4137 2830 4207 quod
2854 4139 2964 4193 mei
2991 4139 3409 4216 archiepiscopi
3427 4144 3486 4200 in

1837 4221 2068 4273 tantum
2084 4221 2544 4292 angariabantur
2557 4223 2950 4282 immensitate
2968 4229 3345 4299 pecuniarum
3360 4250 3487 4304 quae

74 4298 298 4393 tialiter
342 4297 604 4393 venerari
634 4301 702 4393 et.
739 4294 1253 4393 adorare.__E_t.ideO
1313 4295 1421 4393 hoc
1475 4295 1729 4393 I§a§ime
1758 4299 1807 4365 D
1839 4307 1910 4362 ab
1953 4307 2040 4364 eis
2092 4310 2530 4382 expetebantur,
2561 4313 2703 4368 dum
2756 4331 2860 4386 pro
2919 4294 3094 4388 pallio
3151 4294 3488 4393 accipiendo

75 4387 324 4462 patravi,
349 4386 488 4460 quia
516 4385 946 4462 asapientibus
985 4384 1164 4440 didici
1195 4387 1462 4440 sanctum
1494 4384 1728 4440 Petrum

74 4459 410 4550 apostolum
438 4459 712 4548 magnam
745 4478 1089 4548 potestatem
1113 4474 1407 4545 accepisse
1429 4489 1462 4528 a
1481 4472 1728 4528 Domino

72 4565 299 4638 ligandi
331 4569 506 4636 atque
549 4563 832 4634 solvendi,
864 4563 1218 4636 clavigerum
1251 4577 1378 4618 esse
1427 4561 1587 4634 regni
1621 4578 1728 4616 coe-

72 4652 261 4721 lestis,
293 4656 352 4709 et
391 4653 520 4709 ideo
570 4652 896 4726 specialiter
946 4653 1075 4722 ejus
1128 4651 1518 4724 patrocinium
1570 4651 1724 4722 apud

69 4743 262 4800 Deum
292 4746 557 4816 expetere
586 4742 754 4799 valde
789 4741 929 4798 utile
959 4742 1116 4798 duxi.
1588 4808 1601 4818 .

144 4832 236 4889 Sit
264 4835 459 4888 autem
490 4831 653 4888 vobis
692 4835 894 4888 notum
928 4831 1068 4905 quia
1099 4849 1314 4904 magna
1355 4830 1724 4904 congregatio

68 4919 384 4990 nobilium,
417 4920 476 4976 in
508 4922 638 4994 ipsa
666 4921 1034 4978 solemnitate
1056 4921 1338 4994 paschali,
1361 4920 1439 4976 ibi
1467 4937 1602 4976 cum
1629 4920 1724 4976 do~

65 5011 235 5066 mino
292 5026 444 5083 papa
497 5010 725 5068 Joanne
773 5015 832 5066 et
879 5010 1228 5084 imperatore
1257 5011 1528 5066 Cunrado
1575 5015 1720 5077 erat,

67 5099 298 5155 scilicet
326 5115 532 5156 omnes
559 5100 850 5173 principes
869 5100 1152 5173 gentium,
1173 5118 1207 5155 a
1230 5105 1426 5156 monte
1455 5100 1721 5174 Gargano

65 5190 362 5260 usquead
398 5189 558 5245 istud
590 5191 919 5262 proximum
960 5208 1139 5256 mare,
1165 5190 1262 5262 qui
1309 5207 1513 5244 omnes
1547 5207 1635 5245 me
1666 5195 1724 5245 et

65 5275 388 5334 honoriﬁce
409 5283 801 5352 suseepere,et
815 5279 1144 5352 magniﬁcis
1161 5279 1329 5335 donis
1347 5280 1720 5336 honoravere.

67 5365 324 5422 Maxime
355 5372 551 5423 autem
583 5370 654 5424 ab
683 5368 1034 5442 imperatore
1063 5367 1233 5425 donis
1253 5369 1428 5424 variis
1449 5374 1504 5424 et
1526 5387 1724 5425 mune-

66 5453 238 5511 ribus
269 5457 541 5527 pretiosis
571 5457 890 5516 honoratus
918 5475 1074 5530 sum,
1108 5463 1224 5514 tam
1249 5457 1310 5513 in
1340 5459 1496 5515 vasis
1530 5459 1722 5516 aureis

143 5633 222 5706 (1)
252 5633 452 5691 Malm.
485 5636 640 5692 Gest.
674 5652 794 5709 reg.
823 5636 922 5693 lib.
953 5656 1014 5709 ιι,
1047 5654 1172 5711 cap.
1207 5639 1295 5695 11.

1838 4397 2164 4453 secundum
2196 4415 2420 4456 morem
2465 4401 2850 4474 apostolicam
2881 4405 3080 4462 sedem
3120 4415 3486 4480 expeterent;

1837 4485 2256 4559 decretumque
2286 4493 2376 4544 est
2419 4506 2490 4546 ne
2520 4491 2577 4546 id
2610 4491 2884 4566 deinceps
2929 4495 3048 4552 ﬁat.
3081 4497 3302 4553 Cuncta
3331 4500 3487 4557 enim
3588 4498 3590 4501 ’

1839 4590 1965 4644 quae
1996 4591 2030 4663 a
2058 4576 2295 4632 domino
2343 4595 2516 4650 papa,
2549 4584 2606 4635 et
2661 4581 2732 4637 ab
2793 4582 3164 4656 imperatore,
3199 4591 3256 4643 et
3293 4605 3326 4644 a
3359 4607 3490 4663 rege

1837 4663 1956 4718 Rod
1967 4661 2022 4718 ul
2030 4663 2146 4735 pho
2165 4666 2501 4738 caeterisque
2518 4669 2903 4742 principibus,
2921 4691 3023 4746 per
3036 4692 3284 4747 quorum
3307 4661 3490 4736 terras

1836 4751 2005 4806 nobis
2038 4753 2327 4809 transitus
2353 4759 2442 4810 est
2467 4757 2538 4812 ad
2567 4757 2834 4827 Romam,
2859 4777 2963 4832 pro
2991 4779 3131 4818 mea:
3156 4767 3348 4836 gentis
3381 4767 3491 4824 uti-
3547 4755 3550 4758 ’

1832 4839 1995 4896 litate
2027 4841 2419 4912 postulabam,
2450 4843 2701 4903 libenter
2741 4855 3093 4918 annuerant,
3125 4855 3182 4907 et
3213 4869 3490 4914 concessa

1831 4929 2010 4986 etiam
2039 4937 2406 4988 sacramento
2431 4933 2832 5004 firmaverunt,
2856 4939 2966 4994 sub
2990 4939 3322 4996 testimonio
3351 4961 3490 5016 qua-

1829 5031 1967 5083 tuor
1995 5020 2566 5094 archiepiscoporum
2613 5030 2669 5080 et
2713 5027 2916 5099 viginti
2970 5027 3398 5100 episcoporum,
3431 5037 3490 5088 et

1831 5109 2154 5164 innumera:
2213 5110 2614 5170 multitudinis
2673 5115 2890 5170 ducum
2935 5121 2994 5172 et
3043 5117 3326 5176 nobilium
3357 5138 3486 5194 quas

1833 5198 2052 5253 aderat.
2074 5201 2436 5273 Quapropter
2455 5201 2572 5258 Deo
2598 5203 2982 5276 omnipotenti
3015 5206 3235 5278 gratias
3268 5211 3489 5284 magni-

1833 5287 1973 5342 ﬁcas
2006 5288 2204 5355 reddo,
2229 5289 2368 5362 quia
2403 5290 2601 5348 omnia
2629 5310 2756 5365 quae
2797 5293 3280 5365 desideraveram,
3313 5304 3489 5371 prout

1832 5380 2026 5432 mente
2051 5377 2442 5450 decreveram,
2475 5397 2751 5454 prospere
2783 5382 3016 5455 perfeci,
3036 5384 3301 5458 votisque
3338 5389 3486 5447 meis

1835 5467 1906 5522 ad
1937 5466 2084 5524 velle
2114 5468 2390 5527 satisfeci.
