3968 6158
415 266 571 334 1183
1765 273 1982 340 MONU

2262 272 2454 339 ’LOM.
3664 275 3829 344 1184

483 410 649 467 Nunc
676 409 878 484 itaque
906 409 984 468 sit
1012 414 1216 468 notum
1235 407 1374 482 quia
1403 405 1515 482 ipsi
1536 407 1652 466 Deo
1675 406 1921 483 supplex
1950 409 2056 467 de-
2084 416 2141 484 Α
2167 413 2226 467 et
2264 407 2483 468 honore
2513 413 2833 483 conservet,
2865 409 3250 485 omniumque
3292 411 3672 471 inimicorum
3718 429 3834 470 no-

409 499 539 557 vovi
559 499 737 557 vitam
776 517 968 556 meam
1004 500 1212 557 amodo
1241 499 1300 554 in
1331 499 1973 570 omnibusjustiﬁcare,
2005 504 2061 557 et
2170 504 2427 556 strorum
2479 500 2794 572 petentiam
2848 500 3151 558 annihilet.
3185 501 3522 576 Composita
3569 503 3836 576 denique

411 607 592 665 regna
623 590 767 646 mihi
791 590 1028 646 subdita
1050 589 1414 662 populosque
1436 588 1599 660 juste
1630 593 1686 644 et
1717 588 1808 660 pie
1839 605 2060 660 regere,
2169 605 2308 661 pace
2352 605 2486 644 cum
2543 588 2816 662 gentibus
2847 605 2976 662 quae
3021 589 3083 646 in
3133 590 3379 648 circuitu
3428 596 3627 648 nostro
3659 597 3833 662 sunt,

410 696 760 752 aequumque
773 679 1064 751 judicium
1091 695 1193 751 per
1215 678 1414 734 omnia
1434 678 1824 747 observare,et
1849 677 1896 734 si
1919 678 2059 750 quid
2170 677 2572 750 dispositoque
2622 682 2681 735 et
2719 683 2923 752 pacato
2953 681 3114 736 omni
3167 695 3346 753 regno
3400 685 3603 738 nostro
3634 681 3735 738 hic
3767 683 3831 738 in

409 787 514 844 per
544 786 682 826 meas
706 768 1033 841 juventutis
1075 767 1588 840 intemperantiam
1631 771 1732 823 aut
1763 767 2060 841 negligen-
2169 766 2409 836 oriente,
2443 768 2524 823 ita
2552 771 2618 823 ut
2647 785 2682 824 a
2714 766 2877 824 nulla
2905 773 3069 842 parte
3099 768 3317 826 bellum
3349 773 3452 826 aut
3481 769 3832 827 inimicitias

408 860 552 915 tiam
583 858 1123 931 hactenus,praater
1150 857 1208 913 id
1242 857 1398 929 quod
1430 857 1653 928 justum
1685 861 1828 924 erat,
1855 861 1945 913 est
1973 874 2064 913 ac-
2169 854 2502 928 aliquorum
2558 856 2765 913 timere
2831 857 3186 927 habeamus,
3245 875 3424 931 quam
3481 859 3658 917 citius
3715 859 3830 917 hac

409 952 555 1016 tum,
579 951 769 1003 totum
809 946 926 1003 Deo
978 945 1291 1002 auxiliante
1320 946 1566 1018 dispono
1614 946 1943 1002 emendare.
1969 947 2058 1002 Id-
2168 949 2368 1002 aestate
2403 950 2750 1018 apparatum
2808 947 3026 1020 navigii
3087 948 3301 1006 habere
3356 953 3579 1021 potero,
3613 950 3674 1005 in
3705 952 3826 1007 An-

407 1037 561 1094 circo
592 1037 851 1093 obtestor
885 1040 941 1091 et
969 1035 1240 1107 praecipio
1271 1035 1420 1091 meis
1448 1034 1818 1104 consiliariis,
1843 1035 2060 1107 quibus
2167 1032 2348 1106 gliam
2377 1033 2573 1090 venire
2603 1034 2870 1108 dispono.

405 1126 570 1200 regni
600 1124 846 1182 consilia
898 1125 1140 1191 credidi,
1174 1141 1245 1180 ne
1292 1123 1412 1179 ullo
1462 1125 1654 1191 modo,
1678 1129 1779 1180 aut
1827 1129 2060 1197 propter
2239 1123 2398 1179 Hanc
2426 1127 2623 1180 autem
2655 1123 2961 1196 epistolam
2992 1125 3119 1196 jam
3149 1125 3428 1198 pramisi,
3459 1131 3527 1182 ut
3573 1127 3644 1185 de
3689 1144 3818 1185 mea

406 1231 605 1273 meum
629 1214 924 1280 timorem,
949 1218 1050 1268 aut
1070 1212 1321 1285 alicujus
1345 1214 1598 1285 potentis
1627 1229 1888 1286 personae
1909 1214 2060 1270 favo-
2167 1211 2550 1285 prosperitate
2597 1213 2792 1270 omnis
2820 1213 3074 1287 populus
3104 1215 3264 1289 regni
3311 1216 3426 1272 mei
3455 1215 3814 1282 lmtiﬁcetur;

404 1322 552 1374 rem,
577 1303 837 1376 aliquam
869 1302 1222 1373 injustitiam
1245 1303 1454 1358 amodo
1476 1302 1843 1358 consentiant
1863 1302 1949 1358 vel
1981 1302 2059 1358 fa-
2168 1299 2327 1372 quia,
2353 1305 2417 1356 ut
2440 1317 2540 1356 vos
2571 1301 2682 1374 ipsi
2713 1302 2897 1370 scitis,
2921 1319 3228 1376 nunquam
3259 1306 3693 1378 memetipsum,
3711 1323 3819 1362 nec

405 1394 564 1452 ciant
586 1392 876 1466 pullulare
906 1391 964 1446 in
996 1391 1158 1448 omni
1190 1408 1367 1464 regno
1400 1407 1551 1447 meo.
1577 1391 1852 1464 Praecipio
1882 1391 2057 1448 etiam
2167 1407 2364 1446 meum
2398 1389 2660 1447 laborem
2688 1391 2972 1460 abstinui,
3003 1408 3110 1449 nec
3149 1393 3343 1450 adhuc
3372 1395 3671 1452 abstinebo
3703 1397 3818 1452 im-

405 1484 680 1541 omnibus
699 1481 1140 1538 vicecomitibus
1162 1486 1221 1537 et
1248 1480 1574 1554 praepositis
1606 1481 1861 1538 universi
1895 1481 2056 1553 regni
2167 1480 2418 1552 pendere
2450 1497 2551 1551 pro
2583 1479 2774 1536 omnis
2803 1481 3005 1554 populi
3034 1481 3148 1538 mei
3182 1482 3516 1540 necessaria
3542 1483 3816 1541 utilitate.

403 1573 541 1642 mei,
565 1573 717 1630 sicut
737 1587 927 1628 meam
948 1570 1150 1626 volunt
1175 1571 1390 1627 habere
1411 1569 1752 1638 amicitiam,
1767 1575 1870 1627 aut
1889 1587 2057 1627 suam
2167 1569 2332 1624 Nunc
2357 1567 2537 1642 igitur
2558 1570 2819 1626 obtestor
2841 1586 3046 1628 omnes
3062 1571 3366 1645 episcopos
3376 1588 3563 1643 meos,
3576 1577 3635 1629 et
3649 1576 3817 1647 regni

403 1660 757 1728 salutem,ut
777 1659 920 1715 nulli
943 1659 1188 1727 homini,
1211 1676 1318 1716 nec
1343 1659 1528 1730 diviti,
1552 1675 1653 1716 nec
1673 1659 2058 1732 pauperi,vim
2167 1656 2283 1712 mei
2315 1657 2682 1729 praepositos,
2705 1673 2809 1730 per
2864 1658 3040 1715 ﬁdem
3081 1676 3260 1732 quam
3317 1661 3463 1717 mihi
3491 1659 3721 1718 debetis
3765 1668 3821 1719 et

403 1749 690 1821 injustam
738 1749 1013 1817 inferant,
1065 1749 1168 1804 sed
1227 1748 1523 1816 omnibus,
1582 1752 1704 1804 tam
1763 1747 2058 1805 nobilibus
2087 1795 2136 1859 Β
2166 1750 2302 1815 Deo,
2337 1750 2628 1818 quatenus
2681 1747 2912 1804 faciatis
2955 1753 3040 1818 ut,
3075 1754 3393 1822 antequam
3443 1749 3504 1807 in
3549 1751 3815 1825 Angliam

402 1854 581 1910 quam
616 1837 994 1910 ignobilibus,
1017 1837 1094 1892 sit
1120 1837 1204 1892 fas
1229 1839 1394 1908 justa
1423 1835 1549 1909 lege
1581 1837 1869 1908 potiundi,
1889 1854 1922 1892 a
1941 1854 2057 1909 qua
2087 1835 2136 1859 ”
2166 1835 2415 1903 veniam,
2439 1836 2707 1892 omnium
2734 1837 2950 1906 debita,
2978 1854 3105 1910 quas
3137 1838 3462 1895 secundum
3493 1837 3686 1914 legem
3719 1858 3814 1897 arb

401 1942 508 1982 nec
545 1929 782 1999 propter
811 1926 1064 1982 favorem
1109 1925 1358 1998 regium,
1391 1941 1496 1980 nec
1542 1929 1776 1997 propter
1804 1924 2053 1996 alicujus
2161 1923 2386 1995 tiquam
2422 1925 2725 1993 debemus,
2758 1925 2878 1982 sint
2905 1927 3224 2000 persoluta,
3252 1927 3476 1986 scilicet
3503 1929 3818 2002 eleemosy-

399 2016 654 2088 potentis
685 2031 1018 2088 personam,
1046 2031 1151 2071 nec
1182 2018 1417 2086 propter
1447 2013 1592 2069 mihi
1623 2015 2052 2087 congerendam
2162 2030 2238 2069 na
2285 2030 2389 2084 pro
2422 2014 2653 2085 aratris,
2685 2019 2742 2070 et
2789 2015 3027 2071 decima
3077 2016 3422 2074 animalium
3480 2019 3608 2091 ipso
3666 2036 3812 2076 anno

398 2105 729 2178 pecuniam,
747 2103 863 2160 ullo
886 2104 1057 2160 modo
1079 2102 1329 2171 devient,
1351 2103 1488 2176 quia
1509 2103 1670 2158 nulla
1693 2102 1836 2157 mihi
1861 2120 2052 2159 neces-
2162 2106 2618 2172 procreatorum,
2637 2107 2693 2159 et
2720 2103 2966 2171 denarii,
2984 2121 3132 2177 quos
3164 2105 3410 2162 Romam
3441 2107 3515 2162 ad
3547 2113 3813 2164 sanctum

397 2193 542 2250 sitas
571 2198 660 2249 est
690 2196 754 2248 ut
774 2193 977 2264 iniqua
1001 2191 1297 2248 exactione
1327 2193 1576 2263 pecunia
1603 2191 1751 2246 mihi
1781 2208 2053 2265 congera—
2161 2190 2396 2245 Petrum
2445 2191 2688 2259 debetis,
2709 2192 2829 2248 sive
2858 2209 2927 2248 ex
2957 2193 3225 2262 urbibus,
3259 2195 3379 2250 sive
3433 2211 3503 2251 ex
3551 2196 3730 2264 villis,
3763 2203 3813 2254 et

393 2285 511 2338 tur.
531 2282 648 2354 Ego
679 2282 875 2353 itaque
906 2283 1110 2337 notum
1140 2280 1304 2337 vobis
1329 2280 1451 2335 ﬁeri
1476 2279 1604 2335 volo
1637 2280 1817 2352 quod,
1845 2280 2049 2336 eadem
2159 2279 2456 2336 mediante
2482 2281 2747 2353 Augusto
2777 2279 3016 2336 decimae
3047 2282 3306 2354 frugum,
3325 2288 3384 2339 et
3413 2282 3476 2339 in
3508 2285 3815 2342 festivitate

393 2372 488 2427 via
540 2387 657 2444 qua
711 2370 858 2426 exivi
918 2369 1276 2442 regrediens,
1331 2369 1823 2425 Danamarchiam
1881 2369 2047 2437 vado,
2159 2367 2345 2423 sancti
2373 2368 2605 2424 Martini
2634 2368 2910 2441 primitiae
2930 2370 3342 2439 seminum,ad
3375 2371 3684 2429 ecclesiam
3707 2375 3812 2430 sub

394 2474 596 2533 pacem
629 2463 684 2516 et
714 2461 951 2515 firmum
995 2463 1252 2531 pactum,
1286 2458 1550 2515 omnium
1583 2459 1880 2514 Danorum
1912 2475 2048 2514 con-
2159 2458 2327 2528 cujus
2354 2457 2633 2529 parochia
2660 2458 2914 2530 quisque
2937 2459 3263 2532 degit,quae
3282 2459 3522 2534 Anglice
3543 2465 3812 2519 Curescet

395 2547 544 2617 silio,
578 2548 1012 2620 compositurus
1064 2565 1197 2603 cum
1253 2549 1338 2603 eis
1382 2547 1656 2620 gentibus
1687 2564 1815 2619 quas
1855 2563 1962 2602 nos
1993 2551 2050 2603 et
2159 2547 2282 2618 [al.,
2313 2545 2633 2618 Cbireseth]
2698 2547 3060 2603 nominatur.
3085 2547 3216 2605 Haec
3245 2552 3303 2605 et
3331 2548 3447 2606 alia
3474 2551 3527 2606 si
3555 2567 3692 2607 cum
3723 2568 3811 2607 ve-

391 2636 510 2692 vita
538 2642 594 2691 et
624 2652 800 2707 regno
855 2635 1102 2708 privare,
1132 2635 1182 2692 si
1221 2635 1305 2691 eis
1353 2639 1511 2691 esset
1563 2635 1860 2707 possibile,
1893 2635 2046 2690 vole-
2157 2652 2295 2691 nero
2328 2652 2442 2690 non
2483 2639 2654 2690 erunt
2703 2635 3018 2708 persoluta,
3053 2639 3214 2709 regia
3262 2639 3559 2696 exactione
3608 2656 3807 2696 secun-

393 2725 566 2793 bant;
618 2726 718 2780 sed
768 2741 882 2780 non
945 2727 1280 2796 potuerunt,
1313 2724 1428 2780 Deo
1487 2723 1710 2780 scilicet
1769 2724 2046 2780 virtutem
2156 2724 2298 2778 dum
2329 2722 2506 2796 leges,
2539 2723 2598 2778 in
2630 2740 2805 2797 quem
2837 2723 3010 2797 culpa
3063 2724 3238 2794 cadit,
3267 2726 3531 2784 districta
3588 2729 3809 2802 absque

394 2829 597 2869 eorum
624 2813 979 2882 destruente,
1001 2812 1102 2885 qui
1125 2829 1231 2869 nos
1257 2828 1364 2870 sua
1396 2811 1754 2886 benignitate
1775 2812 1834 2869 in
1866 2829 2044 2886 regno
2153 2812 2322 2868 venia
2352 2811 2735 2884 comparabit.

1254 3104 1498 3201 CAN
1507 3105 1708 3200 UTI
1778 3103 2151 3201 REGIS
2231 3102 2958 3199 DIPLOMATA

1195 3443 1240 3496 Ι.
2053 3441 2122 3509 C
2228 3433 2347 3506 Ego
2379 3431 2668 3505 Levingus
2698 3431 3182 3506 metropolitanus
3212 3433 3588 3508 archiprmsul
3619 3433 3803 3493 liben-

390 3512 688 3568 Ecclesium
714 3511 1012 3568 Saluatoris
1043 3513 1099 3567 in
1133 3513 1467 3568 Dorobernia
1496 3513 1744 3567 omnium
1774 3509 2044 3565 Ecclesia-
2159 3525 2249 3578 ter
2277 3537 2494 3577 annuo,

371 3605 377 3612 ’
617 3584 779 3652 regni
823 3583 1115 3654 Angligeni
1142 3586 1375 3640 matrem
1423 3591 1474 3639 et
1514 3583 1796 3639 dominam
1841 3581 2045 3651 conﬁr-
2229 3611 2348 3683 Ego
2380 3609 2585 3665 ΕΠ]ωᾶ
2615 3609 2816 3683 regina
2845 3609 3012 3683 signa
3041 3610 3231 3666 crucis
3261 3612 3566 3669 conﬁrmo.

463 3658 598 3709 τηατ.
1018 3725 1205 3797 (Anno
1238 3726 1421 3793 1018.)
2228 3658 2348 3772 13;;
2375 3658 3541 3758 θνῑῑέιῑιιλξιῖῖςὶεςέῖεέηξξξ’έδηνεςίίέιξςίῑ

462 3797 694 3871 [Lassa
731 3795 961 3867 Concil.,
996 3786 1037 3852 ιζ
1069 3797 1161 3864 IX,
1184 3797 1291 3871 col.
1319 3786 1444 3871 817,
1467 3814 1498 3854 e
1526 3799 1756 3854 vetusto
1778 3796 1975 3854 codice
2231 3786 2563 3844 Ealdelmus
2594 3787 2905 3861 episcopus
2936 3792 3171 3861 gratum
3201 3789 3445 3846 habens.

997 3869 1444 3940 Cantuariensi.]
2231 3877 2347 3948 Ego
2376 3876 2647 3949 Algarius
2677 3877 2989 3950 episcopus
3021 3879 3293 3935 concedo.

462 3961 581 4034 Ego
629 3959 882 4032 denique
927 3959 1247 4032 imperator
1289 3963 1513 4026 KNUTO,
1548 3976 1584 4015 8.
1611 3958 1838 4015 Christo
1895 3958 2048 4030 Rege
2230 3967 2348 4038 Ego
2380 3966 2679 4022 Leofricus
2709 3965 3020 4040 episcopus
3050 3968 3353 4024 conﬁrmo.

392 4065 595 4121 regum
628 4047 934 4122 regiminis
964 4047 1189 4120 Anglici
1220 4048 1280 4103 in
1312 4047 1506 4104 insula
1536 4047 1775 4120 potitus,
1801 4047 2049 4103 audiens
2231 4054 2346 4128 Ego
2375 4053 2675 4112 Haldenne
2707 4055 2979 4128 princeps
3009 4057 3164 4130 regis
3208 4074 3311 4131 pro
3355 4055 3578 4114 viribus
3611 4073 3812 4115 assen-

392 4137 675 4195 beneﬁcia
722 4138 1214 4210 prmdecessorum
1251 4154 1519 4194 meorum
1558 4154 1786 4209 regum,
1827 4136 2052 4192 scilicet
2160 4159 2293 4200 sum
2324 4144 2572 4215 praebeo.

393 4227 615 4300 regalia
642 4226 965 4298 privilegia,
994 4226 1268 4283 similiter
1297 4243 1540 4282 cernens
1569 4226 1896 4282 libertatem
1932 4241 2052 4284 mo-
2233 4232 2303 4287 lat
2331 4247 2436 4304 ego
2465 4231 2762 4289 Turkillus
2792 4232 2911 4288 dux
2940 4235 3211 4291 concedo.

393 4314 955 4371 nasteriorumintra
975 4316 1236 4371 Cantiam
1285 4314 1630 4387 positorum,
1663 4314 2052 4385 archipraasu-
2233 4321 2406 4377 Facta
2437 4325 2528 4376 est
2564 4325 2758 4378 autem
2811 4322 2924 4379 ista
2974 4323 3274 4380 concessio
3307 4338 3474 4380 anno
3492 4323 3804 4383 Dominioa

393 4403 584 4474 lisque
606 4403 860 4476 piissimi
884 4403 1109 4476 Livingi
1139 4403 1621 4472 admonitionem,
1645 4403 1868 4475 placuit
1887 4402 2050 4459 cordi
2160 4408 2586 4466 Incarnationis
2618 4411 2775 4466 1018.

394 4475 705 4549 amborum
735 4475 1082 4564 praesentem
1113 4490 1442 4548 chartulam
1472 4492 1870 4560 corroborare,
1900 4493 2053 4549 vide-
2957 4527 3024 4582 IL

397 4580 535 4637 licet
559 4578 802 4636 ecclesia
825 4579 1161 4648 Salvatoris,
1177 4581 1235 4636 in
1259 4581 1614 4638 Dorobernia
1636 4581 1768 4654 sita,
1785 4583 2049 4639 omnium

397 4669 777 4727 ecclesiarum
808 4668 972 4743 regni
997 4669 1304 4744 Angligeni
1333 4676 1523 4729 mater
1545 4679 1602 4728 et
1629 4673 1888 4740 domina,
1915 4688 2048 4728 cum

399 4759 674 4817 omnibus
733 4759 804 4814 ad
861 4757 1024 4815 illam
1086 4759 1530 4832 pertinentibus,
1565 4761 1642 4817 sit
1671 4759 1881 4830 libera;
1941 4777 2047 4816 nec

397 4849 712 4922 quisquam
736 4848 1044 4905 hominum
1076 4849 1134 4905 in
1155 4865 1225 4906 ea
1246 4852 1302 4905 et
1325 4850 1500 4906 rebus
1531 4849 1678 4918 suis,
1700 4849 1920 4922 aliquid
1945 4851 2046 4921 ju-

396 4939 479 4994 ris
502 4937 588 4994 vel
613 4936 1074 5003 consuetudinis,
1100 4941 1306 5009 Praeter
1326 4938 1828 5011 archiepiscopum
1850 4942 1907 4994 et
1927 4955 2048 4995 mo-
2227 4944 2459 5000 Christo
2478 4945 2888 5017 omnipotenti,
2904 4946 3004 5021 qui
3023 4952 3114 5004 est
3126 4947 3391 5004 omnium
3408 4963 3620 5021 regum
3668 4947 3807 5015 Rex,

397 5027 618 5084 nachos
648 5027 864 5083 ibidem
887 5027 1002 5082 Deo
1025 5026 1420 5094 famultantes,
1446 5026 1637 5099 exigat
1658 5027 1744 5082 vel
1766 5027 2043 5083 obtineat.
2156 5033 2396 5090 omnino
2438 5033 2832 5105 persolvendaa
2864 5039 3004 5092 sunt
3033 5036 3354 5110 gratiarum
3403 5035 3666 5094 actiones
3710 5054 3810 5111 pro

398 5117 463 5171 In
496 5115 922 5188 sempiternum
956 5115 1061 5171 hoc
1095 5120 1357 5171 nostrum
1383 5116 1681 5172 decretum
1713 5115 2048 5172 inviolabile
2158 5122 2434 5178 omnibus
2455 5121 2731 5178 indebitis
2765 5123 3062 5182 beneﬁciis
3083 5126 3298 5198 quibus
3327 5125 3812 5196 hominibus,sua

395 5211 656 5278 tempore
686 5222 815 5261 meo
845 5208 903 5261 et
933 5221 1340 5261 successorum
1371 5221 1659 5270 meorum,
1691 5221 1794 5277 pro
1827 5223 1929 5278 spe
1961 5223 2049 5261 sa—
2157 5211 2282 5268 sola
2305 5211 2520 5284 pietate
2549 5211 2962 5281 intercedente,
2987 5215 3364 5288 suffragatur,
3387 5207 3569 5272 nullis
3590 5217 3811 5273 nostris

398 5293 539 5350 Iutis
567 5298 815 5364 aeternae,
847 5293 1056 5350 stabile
1099 5297 1444 5366 perseveret,
1479 5292 1571 5348 his
1617 5292 1869 5350 testibus
1901 5311 2048 5366 quo-
2157 5300 2628 5372 promerentibus
2649 5300 2897 5358 meritis.
2917 5303 3000 5361 Ne
3019 5320 3156 5377 ergo
3188 5304 3376 5362 simus
3398 5302 3612 5377 ingrati
3638 5305 3811 5362 bene-

402 5397 534 5438 rum
565 5381 733 5455 signa
763 5383 975 5439 subtus
1004 5383 1376 5439 adnotantur.
2157 5389 2428 5445 ﬁciorum
2459 5392 2759 5446 tantorum
2789 5391 2938 5464 ejus,
2953 5407 3208 5465 eumque
3239 5409 3452 5466 magno
3482 5407 3660 5466 opere
3687 5397 3814 5449 stu-

472 5470 590 5541 Ego
608 5471 797 5528 Knulo
814 5472 1170 5547 gubernator
1185 5470 1406 5545 Anglici
1424 5471 1583 5530 orbis
1610 5471 1844 5549 propria
1866 5489 2046 5532 manu
2157 5478 2307 5535 dend
2317 5495 2417 5534 um
2437 5482 2528 5536 est
2547 5483 2817 5542 nostrum
2834 5485 2901 5538 ut
2920 5481 3158 5554 aliquod
3175 5482 3546 5540 conferamus
3567 5481 3619 5539 ei
3640 5484 3817 5555 cujus

403 5559 707 5620 conﬁrmo.
2158 5572 2297 5625 sunt
2326 5567 2542 5636 omnia,
2576 5573 2634 5625 et
2671 5569 2974 5641 quinobis
3004 5585 3122 5628 non
3162 5571 3365 5630 habita
3411 5568 3663 5629 contulit
3705 5571 3816 5629 ha-

2197 4632 2399 4689 Charta
2431 4633 2632 4690 Canuti
2654 4635 2800 4703 regis
2832 4649 2935 4706 pro
2973 4635 3214 4691 coenobio
3245 4635 3299 4690 S.
3331 4635 3615 4692 Benedicti
3643 4637 3782 4692 Hui-

2571 4707 2750 4760 mensz'
2779 4707 2841 4760 in
2869 4721 3001 4775 agro
3033 4706 3398 4778 Suffolcz’ensi.

2076 4811 2124 4876 D
2545 4819 2902 4889 (Monasticon
2938 4821 3320 4893 Anglicanam,
3352 4822 3420 4896 Ι.)
