3968 6158
132 256 291 320 “85

1381 253 1743 320 CANUTUS
1787 254 1813 317 l
1858 254 2015 318 REX
2061 254 2291 320 ANGL.

3387 255 3542 319 “86

125 384 515 464 bere,Cuique
544 405 661 448 non
692 405 1009 466 possumus
1040 389 1178 448 dare
1198 389 1314 447 nisi
1343 390 1596 464 propria:
1621 392 1679 445 et
1707 390 1778 444 de
1805 395 1860 460 Α
1890 388 2126 461 gustino
2150 393 2392 462 patrono
2411 407 2540 448 meo
2557 406 2768 465 corpus
2785 393 3001 448 sancta
3025 389 3321 448 Mildredae
3343 391 3550 464 glorio-

128 494 236 535 suo
265 481 502 552 proprio
531 479 741 536 tribuit
780 481 950 537 nobis
989 479 1260 546 mercari,
1281 482 1339 536 et
1366 479 1427 535 in
1457 495 1604 535 usus
1651 494 1783 550 pro-

125 566 285 637 prios
315 568 421 636 uti,
455 585 584 640 quae
632 568 875 626 minime
914 569 1149 642 proprio
1196 585 1310 624 usu
1355 567 1657 640 potuimus
1685 566 1786 622 ha-

126 654 283 722 bere,
315 655 427 714 nisi
460 657 590 728 ejus
617 657 902 714 tribueret
930 657 1138 730 gratia,
1173 655 1398 713 scilicet
1424 655 1592 729 regni
1621 653 1788 711 cmlo-

128 760 262 799 rum
295 742 690 801 coelicolorum
723 745 1198 801 contubernium.

203 833 346 904 Ejus
394 833 611 906 quippe
658 834 931 907 largiﬂua
977 834 1261 900 bonitate,
1295 834 1456 906 regia
1503 832 1788 906 dignitate

135 921 634 990 subthronizatus,
666 939 772 995 ego
804 927 966 979 Knut
1002 940 1102 980 rex
1143 921 1477 995 Angligenae
1510 922 1786 992 nationis,

135 1027 242 1082 pro
285 1011 674 1068 nanciscendo
722 1013 854 1084 ejus
902 1011 1323 1069 immensitatis
1375 1010 1787 1067 misericordiae

136 1100 310 1168 dono,
327 1100 577 1156 concedo
599 1101 710 1156 sibi
732 1101 804 1157 de
827 1117 933 1157 suo
955 1099 1188 1174 preprio
1211 1117 1338 1172 qua:
1365 1099 1509 1156 mihi
1535 1099 1788 1173 gratuito

135 1190 444 1261 concessit,
468 1189 667 1246 villam
698 1194 836 1248 noto
869 1191 1126 1257 nomine,
1147 1189 1620 1263 cognominatam
1650 1189 1790 1246 Bor-

134 1277 336 1352 ninga,
353 1295 489 1336 cum
519 1279 778 1351 pascuis,
800 1278 962 1336 silvis
985 1284 1158 1351 atque
1178 1279 1512 1335 conﬁnibus
1539 1277 1652 1334 sibi
1685 1277 1792 1333 rite

131 1366 341 1423 subter
351 1367 710 1439 jacentibus,
727 1367 950 1426 scilicet
966 1367 1234 1424 Ludham
1249 1385 1384 1424 cum
1402 1366 1790 1439 pertinentiis,

132 1454 512 1514 Betheshirth
542 1473 680 1514 cum
711 1456 835 1513 suis
863 1457 1252 1528 pertinentiis.
1277 1457 1380 1512 Est
1407 1456 1662 1528 denique
1690 1473 1792 1512 no-

135 1549 328 1602 strum
357 1545 580 1604 donum
613 1563 647 1602 a
675 1545 906 1603 Christo
937 1546 1108 1602 nobis
1136 1545 1439 1615 collatum,
1463 1546 1557 1601 cui
1587 1545 1794 1601 dantes

133 1633 469 1690 feneratum
513 1633 884 1707 exposcimus
924 1639 990 1690 ut
1027 1652 1263 1691 rursum
1307 1652 1425 1690 suae
1466 1633 1794 1707 largitionis

135 1723 513 1780 donationem
543 1724 804 1795 excipere
839 1722 1111 1796 dignetur
1139 1741 1174 1778 a
1198 1723 1366 1780 nobis
1409 1724 1568 1779 omni
1601 1723 1788 1778 inten-

136 1809 318 1866 tionis
349 1811 558 1867 aﬂ'ectu
602 1811 879 1880 oblatam,
901 1815 1190 1884 quatenus
1223 1812 1520 1884 possimus
1552 1829 1656 1884 per
1683 1827 1792 1867 sua

136 1899 252 1959 sibi
283 1899 421 1955 data
447 1899 744 1972 consequi,
763 1917 890 1971 quae
920 1917 955 1956 a
984 1900 1153 1956 nobis
1180 1916 1296 1956 non
1329 1905 1576 1972 possunt
1604 1899 1790 1972 possi-

137 1986 264 2046 deri
293 1987 409 2044 nisi
441 2005 476 2044 a
504 2005 568 2053 se
614 1988 843 2046 collata.
869 1989 927 2046 Si
970 1988 1309 2060 quisquam,
1335 1990 1490 2060 quod
1539 1989 1727 2044 absit!
1760 2005 1795 2042 a

138 2077 356 2147 diaboli
397 2077 737 2135 incitatione
779 2077 956 2135 fuerit
985 2077 1243 2146 inﬂatus,
1279 2081 1343 2132 ut
1380 2082 1494 2134 Deo
1525 2078 1793 2133 omnium

136 2183 339 2224 rerum
369 2167 691 2239 possidenti
722 2185 899 2226 suum
946 2166 1272 2235 tentaverit,
1295 2167 1451 2238 quod
1486 2166 1652 2222 nobis
1682 2166 1796 2222 sibi

138 2255 431 2312 concessit
449 2257 726 2328 tribuere,
743 2255 1082 2314 abstrahere
1101 2256 1156 2311 vi
1178 2255 1267 2312 vel
1288 2255 1494 2311 fraude
1514 2255 1792 2326 qualibet,

139 2343 370 2418 utinam
392 2348 688 2410 remaneat
711 2344 880 2402 nobis
901 2344 972 2400 ad
996 2344 1251 2418 gratiam
1269 2345 1397 2415 ejus
1421 2360 1545 2416 qua:
1566 2360 1797 2400 conces-

139 2432 352 2504 simus,
375 2438 436 2490 et
463 2433 542 2499 sit
568 2433 620 2492 ei
651 2434 722 2495 ad
753 2434 1057 2490 interitum
1110 2437 1335 2490 aeternae
1375 2432 1794 2503 damnationis,

142 2523 248 2594 qui
279 2539 470 2594 pravae
507 2523 742 2592 mentis,
765 2527 868 2580 aut
895 2523 1008 2579 nisi
1041 2523 1151 2578 hoc
1194 2522 1307 2579 alio
1338 2523 1656 2579 transferre
1701 2539 1796 2578 co-

142 2615 340 2680 natur,
374 2611 488 2668 nisi
518 2611 816 2684 plenitudo
860 2611 1278 2670 satisfactionis
1308 2613 1438 2683 ejus
1467 2611 1794 2668 subveniat.

215 2701 336 2773 Ego
365 2701 525 2764 Knut
560 2717 678 2768 rex,
714 2700 864 2757 hanc
902 2700 1275 2756 donationem
1305 2700 1532 2757 Christo
1578 2700 1798 2755 contuli

142 2806 250 2863 pro
282 2790 693 2862 consequendo
724 2790 964 2862 praemia
992 2789 1242 2846 ccelestis
1271 2789 1652 2845 hereditatis.

215 2879 335 2952 Ego
365 2878 558 2951 Elgifu
596 2878 817 2952 regina,
848 2879 1001 2935 hanc
1037 2878 1257 2952 regiam
1288 2879 1662 2935 donationem
1694 2895 1798 2934 au-

142 2969 336 3041 gendo
371 2967 726 3023 conﬁrmavi.

216 3057 334 3130 Ego
365 3056 673 3114 Wlstanus
701 3056 1179 3129 archiepiscopus
1210 3056 1597 3112 corroboravi.

218 3145 336 3219 Ego
366 3145 742 3206 Etheluthus
774 3146 1250 3218 archiepiscopus
1280 3144 1640 3201 confirmavi.

221 3234 338 3306 Ego
369 3235 694 3292 Godwinus
725 3233 1036 3306 episcopus
1067 3233 1457 3290 corroboravi.

220 3327 339 3396 Ego
370 3323 658 3384 fElwinus
687 3323 997 3396 episcopus
1024 3339 1331 3379 assensum
1364 3322 1518 3379 dedi.

223 3413 343 3486 Ego
370 3412 663 3472 Alfwinus
690 3413 1001 3485 episcopus
1031 3411 1388 3485 consignavi.

215 3503 330 3575 Ego
362 3501 664 3562 Ethericus
693 3502 1004 3574 episcopus
1037 3501 1318 3557 conclusi.

214 3592 336 3664 Ego
363 3590 642 3650 [Elswius
676 3592 987 3664 episcopus
1019 3589 1406 3646 corroboravi.

216 3680 334 3752 Ego
365 3679 490 3738 Huc
521 3681 657 3742 dux.

215 3769 335 3840 Ego
366 3769 643 3828 Godwin.
677 3769 815 3825 dux.

213 3859 333 3931 Ego
365 3857 464 3914 Ulf
489 3859 627 3914 dux.

213 3947 330 4020 Ego
359 3947 530 4020 Eglaf
546 3948 683 4004 dux.

217 4037 337 4108 Ego
367 4037 566 4100 Hnacun
595 4037 732 4092 dux.

214 4125 334 4197 Ego
365 4125 664 4182 Leofwinc
694 4125 830 4180 dux.

212 4213 334 4286 Ego
365 4212 577 4268 Godric
608 4213 745 4268 dux.

209 4306 327 4374 Ego
359 4299 760 4356 Brithwaldus
791 4299 1100 4372 episcopus
1132 4300 1422 4358 consensi.

209 4389 330 4462 Ego
361 4387 640 4446 Brithwiz
664 4388 867 4445 abbas.

211 4479 328 4551 Ego
361 4477 600 4534 Leofric.

208 4569 327 4640 Ego
355 4567 658 4624 Elfward.

205 4657 326 4729 Ego
354 4655 697 4712 zEthelstan.

135 4836 339 4908 Charta
389 4835 590 4893 Canuti
633 4837 777 4908 regis
806 4835 898 4908 Vde
951 4834 1188 4908 corporis
1243 4832 1301 4888 S.
1337 4831 1633 4908 Mildredae,
1664 4849 1788 4908 cum

209 4903 320 4964 tota
349 4915 495 4964 terra
522 4923 645 4976 sua,
681 4903 739 4963 in
759 4903 1050 4963 abbatiam‘
1067 4906 1123 4961 S.
1151 4905 1445 4976 Augustini
1477 4906 1789 4961 (.‘antuarize

210 4980 590 5036 translatione.

630 5085 929 5156 (Monastic.
961 5083 1200 5153 Anglia,
1235 5081 1301 5153 Ι.)

216 5192 334 5263 Ego
366 5194 548 5259 Cncn,
573 5206 676 5263 per
700 5191 802 5247 Dei
831 5187 1293 5246 misericordiam
1317 5186 1596 5260 basileus,
1618 5191 1795 5246 AGEL-

137 5297 285 5338 noro
316 5280 774 5353 archiepiscopo,
796 5282 852 5335 et
882 5277 1158 5336 omnibus
1184 5276 1492 5349 episcopis,
1528 5281 1586 5333 et
1615 5278 1792 5334 abba-

137 5371 320 5440 tibus,
345 5373 404 5425 et
428 5369 763 5435 comitibus,
783 5365 1244 5432 vicecomitibus,
1269 5368 1326 5420 et
1354 5364 1632 5422 omnibus
1657 5367 1795 5424 ﬁde-

138 5459 298 5516 libus
327 5457 509 5536 totius
537 5455 758 5528 Anglize
789 5455 1042 5512 salutem
1074 5457 1131 5510 et
1161 5451 1499 5509 amicitiam.

211 5547 428 5605 Notum
461 5544 538 5602 sit
565 5543 729 5603 vobis
760 5542 1036 5602 omnibus
1066 5556 1159 5600 me
1197 5540 1418 5599 didisse
1447 5546 1648 5604 sancto
1676 5543 1792 5607 An,

1819 1767 1867 1831 B

1894 495 1969 534 sa
1989 478 2231 551 virginis
2253 496 2388 535 cum
2410 484 2530 536 tota
2549 484 2703 537 terra
2724 499 2831 538 sua
2851 481 3005 536 infra
3024 480 3278 537 insulam
3301 481 3548 536 Thaneti

1892 571 1950 623 et
1977 573 2159 634 extra,
2190 585 2323 624 cum
2375 569 2651 626 omnibus
2699 569 3226 626 consuetudinibus
3263 571 3334 625 ad
3378 587 3548 626 suam

1893 652 2211 711 Ecclesiam
2253 657 2702 728 pertinentibus.
2744 658 2874 713 Haec
2917 659 3113 713 omnia
3152 659 3235 714 ita
3271 657 3456 714 libera
3493 664 3552 714 et

1895 743 2095 814 quieta
2117 745 2295 801 reddo
2324 751 2436 802 Deo
2458 751 2515 802 et
2537 747 2732 802 abbati
2755 747 3012 802 [Elstano
3037 753 3094 802 et
3117 747 3394 804 fratribus
3415 747 3548 814 loci,

1896 831 2049 888 sicut
2077 849 2183 906 ego
2213 851 2479 907 unquam
2513 835 2726 892 melius
2755 836 2936 891 habui
2969 841 3089 890 tam
3112 835 3170 890 in
3193 840 3347 891 terra
3371 853 3550 908 quam

1896 921 1954 976 in
1988 922 2135 978 mari
2167 926 2224 978 et
2257 923 2318 978 in
2374 924 2589 993 littore,
2623 930 2688 981 ut
2716 926 2970 981 habeant
3015 928 3070 980 et
3122 924 3463 996 possideant
3490 927 3550 980 in

1895 1017 2263 1084 perpetuum.
2297 1014 2366 1068 Et
2394 1013 2495 1085 qui
2537 1013 2687 1069 hanc
2719 1014 3090 1069 donationem
3125 1029 3312 1070 meam
3343 1015 3552 1070 infrin-

1898 1116 2031 1171 gere
2060 1100 2148 1157 vel
2181 1101 2410 1157 irritam
2463 1102 2652 1158 facere
2681 1102 3014 1171 tentaverit,
3045 1120 3079 1157 a
3125 1103 3241 1158 Deo
3285 1102 3551 1175 omnipo-

1899 1193 2056 1244 tente
2087 1194 2144 1245 et
2172 1190 2332 1246 omni
2365 1196 2567 1247 sancta
2594 1190 2854 1248 Ecclesia
2881 1191 3421 1248 excommunicatus
3455 1192 3550 1248 sit.

1899 1279 2102 1334 Amen.

2678 1371 2769 1425 1V.

1989 1457 2044 1512 S.
2079 1456 2276 1514 Canuti
2306 1460 2449 1529 regis
2473 1460 2831 1586 privilegiign
2857 1475 2956 1530 pro
2985 1459 3212 1515 ecclesia
3241 1459 3294 1516 S.
3327 1461 3463 1516 Eall-

2612 1548 2750 1585 mun
2797 1547 2838 1586 ι.

2612 1547 2838 1586 manat.

2216 1619 2569 1689 [Monasticon
2598 1620 2981 1691 Anglicanam,
3015 1620 3058 1688 Ι,
3089 1619 3240 1694 287

1975 1723 2039 1778 In
2061 1725 2294 1781 nomine
2312 1725 2776 1797 poliarchisJesu
2792 1727 3004 1782 Christi
3019 1725 3331 1783 Salvatoris
3350 1727 3558 1783 mundi

1901 1811 2199 1885 totiusque
2230 1819 2505 1870 creaturae
2528 1815 2838 1882 Creatoris,
2859 1817 3029 1887 cujus
3057 1815 3254 1871 divino
3283 1816 3556 1872 domina-

1901 1901 1987 1956 tui
2019 1918 2264 1974 quosque
2312 1903 2742 1961 dominationes
2782 1905 2980 1960 debito
3028 1904 3263 1961 servitio
3314 1905 3560 1961 subnixo

1901 1989 2255 2059 deserviunt,
2275 1994 2444 2064 cujus
2466 1993 2640 2048 etiam
2667 1993 3160 2066 omnipotentatui
3185 1993 3440 2050 universi
3464 2010 3564 2066 po-

1903 2082 2161 2134 tentatus
2184 2080 2568 2136 obsecundari
2590 2084 2946 2138 examussim
2966 2083 3565 2155 praeproperant,quia

1904 2168 2134 2223 bonitas
2156 2169 2284 2240 ejus
2305 2170 2586 2225 bonitatis
2608 2175 2695 2224 est
2717 2171 3356 2242 incomprehensibilis,
3381 2176 3439 2226 et
3460 2171 3564 2227 mi-

1905 2255 2116 2311 seratio
2148 2256 2620 2324 interminabilis,
2645 2249 2952 2330 dapsilitas
2984 2259 3265 2315 bonitatis
3294 2259 3560 2316 ineﬁ'abi-

1903 2343 1999 2412 lis,
2024 2343 2438 2417 longanimitas
2463 2362 2696 2418 quoque
2727 2363 2903 2418 super
2927 2364 3241 2418 pravorum
3265 2347 3567 2420 nequitias

1906 2435 2253 2505 quantitatis
2283 2434 2612 2506 prolixitate
2632 2433 2949 2507 cujuslibet
2971 2436 3216 2509 longior,
3242 2437 3342 2509 qui
3365 2437 3563 2510 quoti-

1907 2521 2098 2578 dianis
2140 2523 2640 2579 admonitionibus
2683 2523 3017 2596 religiosam
3064 2526 3563 2582 conversationem

1907 2611 2188 2667 ducentes
2221 2617 2417 2667 monet
2439 2616 2504 2666 ut
2531 2612 2639 2683 piae
2664 2612 2940 2668 sectando
2961 2613 3211 2685 justitiaa
3241 2613 3560 2686 culturam,

1908 2717 2022 2756 non
2055 2717 2182 2756 eam
2216 2701 2536 2756 deserendo
2568 2700 2859 2772 linquant,
2885 2702 3027 2774 quin
3061 2703 3256 2775 potius
3299 2720 3562 2777 perseve-

1909 2789 2079 2845 rabili
2110 2789 2392 2846 instantia
2423 2790 2482 2845 in
2515 2790 2642 2860 ejus
2672 2789 2903 2846 cultura
2941 2794 3006 2846 ut
3048 2796 3431 2863 permaneant
3459 2809 3561 2865 pa-

1907 2883 2072 2934 terno
2104 2879 2309 2934 affectu
2355 2879 2642 2947 hortatur,
2677 2880 2779 2951 qui
2829 2878 3215 2936 nihilominus
3244 2882 3448 2938 eadem
3477 2881 3562 2937 af-

1910 2967 2154 3023 fectione
2185 2968 2428 3023 mandat
2463 2969 2867 3040 peccatoribus
2899 2973 2965 3024 ut
2995 2969 3341 3041 resipiscant
3375 2989 3409 3026 a
3439 2970 3564 3027 suis

1908 3055 2319 3126 iniquitatibus
2368 3060 2794 3125 convertentes,
2825 3057 2966 3129 quia
2995 3073 3198 3113 eorum
3230 3064 3565 3114 exsecratur

1833 3135 1874 3202 C
1915 3150 2185 3200 mortem.

1983 3235 2122 3305 Ejus
2144 3235 2362 3290 amoris
2389 3233 2630 3291 stimulo
2653 3239 2710 3290 et
2731 3234 2845 3291 ﬁde
2867 3234 3164 3304 suffultus,
3189 3236 3359 3307 cujus
3388 3235 3565 3310 largi-

1915 3325 2035 3378 ﬂua
2057 3323 2433 3380 miseratione
2457 3340 2562 3396 ego
2586 3326 2860 3390 Cnut,rex
2881 3324 3062 3381 totius
3075 3323 3339 3381 Albionis
3359 3324 3564 3381 insulae

1913 3412 2279 3484 aliarumque
2310 3413 2616 3469 nationum
2649 3412 3060 3486 plurimarum,
3086 3415 3144 3469 in
3176 3414 3454 3470 cathedra
3483 3431 3566 3471 re-

1909 3500 2024 3573 gali
2060 3506 2384 3572 promotus,
2411 3519 2545 3558 cum
2577 3501 2822 3558 consilio
2843 3507 2900 3558 et
2921 3503 3150 3558 decreto
3179 3503 3565 3577 archiepisco-

1907 3606 2139 3661 porum,
2162 3591 2596 3664 episcoporum,
2620 3591 2920 3659 abbatum,
2946 3592 3250 3660 comitum,
3280 3592 3564 3670 aliorum-

1907 3695 2021 3750 que
2058 3679 2323 3735 omnium
2367 3697 2631 3736 meorum
2674 3680 2936 3736 ﬁdelium
2977 3681 3124 3755 elegi
3156 3683 3559 3752 sanciendum,

1907 3772 2080 3840 atque
2112 3768 2333 3840 perpeti
2364 3769 2762 3825 stabilimenta
2795 3771 2866 3826 ab
2903 3771 3178 3827 omnibus
3209 3773 3560 3828 confirman-

1905 3857 2068 3924 dum,
2095 3861 2159 3912 ut
2188 3859 2609 3914 monasterium
2639 3859 2795 3930 quod
2836 3859 3304 3916 Badricelmorde
3334 3877 3560 3916 nuncu~

1903 3950 2096 4017 patur,
2121 3946 2200 4002 sit
2230 3963 2332 4018 per
2375 3963 2545 4002 omne
2577 3964 2762 4002 avum
2814 3947 3235 4004 monachorum
3287 3949 3560 4020 gregibus

1903 4035 2251 4106 deputatum
2283 4034 2354 4089 ad
2398 4033 2873 4102 inhabitandum,
2907 4040 2964 4091 et
2993 4036 3066 4091 ab
3097 4036 3256 4091 omni
3288 4036 3557 4092 domina~

1904 4124 2060 4179 tione
2075 4123 2339 4178 omniuzn
2357 4123 2765 4195 episcoporum
2781 4124 3095 4180 comitatus
3116 4123 3273 4180 illius
3292 4125 3560 4181 funditus

1902 4211 2246 4279 liberum,ut
2262 4211 2321 4266 in
2338 4228 2404 4267 eo
2421 4213 2659 4268 domino
2675 4211 2989 4268 servientes
3009 4212 3280 4269 monachi
3299 4212 3427 4269 sine
3440 4211 3561 4270 ulla

1902 4300 2306 4374 inquietudine
2339 4317 2442 4373 pro
2475 4303 2630 4356 statu
2663 4301 2823 4374 regni
2857 4301 3173 4358 Dominum
3205 4301 3556 4376 praevaleant

1901 4390 2159 4462 praecari.
2174 4390 2398 4446 Placuit
2411 4389 2588 4446 etiam
2607 4389 2753 4445 mihi
2773 4391 2922 4447 hanc
2944 4389 3198 4463 optionis
3213 4391 3556 4448 electionem

1823 4501 1870 4564 D
1902 4481 2106 4536 rebare
2124 4479 2424 4552 privilegio
2442 4478 2575 4548 isto,
2591 4478 2650 4534 in
2664 4496 2778 4552 quo
2791 4479 2988 4536 videre
3004 4480 3248 4554 praecepi
3267 4479 3556 4537 libertatis

1902 4569 2121 4623 donum
2135 4569 2288 4640 quod
2300 4569 2426 4638 jam
2441 4567 2976 4625 olimEadmundus
2991 4587 3090 4626 rex
3102 4570 3554 4627 occidentalium

1897 4657 2192 4712 Saxonum
2213 4655 2462 4728 largitus
2483 4660 2573 4710 est
2597 4673 2702 4711 suo
2724 4659 3014 4729 aequivoco
3038 4676 3141 4731 pro
3162 4658 3556 4715 nanciscenda

1899 4745 2027 4816 ejus
2047 4744 2234 4816 gratia
2253 4749 2310 4799 et
2331 4743 2597 4798 mercede
2619 4748 2853 4814 aeterna,
2869 4745 3089 4802 scilicet
3108 4747 3451 4803 Eadmundo
3472 4763 3560 4804 re.

1896 4833 1952 4905 gi
1977 4836 2033 4888 et
2049 4831 2473 4903 martyri,quod
2497 4832 2659 4886 bona:
2676 4831 2991 4890 voluntatis
3009 4839 3140 4890 voto
3157 4851 3372 4907 augere
3389 4834 3556 4906 cupi-

1899 4926 2355 4993 mus,quatenus
2377 4921 2504 4992 ejus
2529 4921 2843 4991 promereri
2866 4923 3139 4994 precibus
3165 4939 3391 4978 merear
3415 4939 3552 4995 por-

1898 5010 2117 5066 tionem
2147 5010 2276 5080 ejus
2306 5007 2686 5064 beatitudinis
2717 5015 2850 5082 post
2879 5009 3056 5082 hujus
3087 5028 3322 5067 cursum
3356 5011 3506 5066 vitae.

1971 5098 2098 5155 Tali
2123 5098 2394 5153 libertate
2414 5097 2666 5153 concedo
2690 5098 2872 5154 fundo
2904 5099 3016 5155 frui
3049 5099 3153 5168 illi,
3179 5101 3236 5155 in
3260 5117 3376 5172 quo
3397 5099 3553 5156 idem

1901 5191 2141 5244 sanctus
2162 5189 2374 5259 pausat
2395 5189 2460 5240 ut
2482 5186 2710 5258 quoties
2731 5187 2984 5260 populus
3006 5189 3314 5245 universus
3333 5189 3553 5261 persol-

1899 5278 1984 5334 vit
2013 5293 2254 5333 censum
2286 5274 2486 5344 Danis,
2518 5274 2607 5330 vel
2639 5277 2712 5332 ad
2745 5294 2940 5345 naves,
2974 5295 3077 5334 seu
3109 5278 3180 5334 ad
3213 5295 3395 5344 arma,
3431 5295 3555 5351 per-

1903 5367 2130 5424 solvant
2157 5363 2550 5420 inhabitantes
2589 5365 2650 5420 in
2698 5366 2825 5438 ipso
2857 5367 3038 5423 fundo
3067 5367 3270 5423 eadem
3301 5368 3372 5424 ad
3405 5383 3560 5424 usus

1903 5473 2052 5528 quos
2082 5454 2360 5528 elegerint
2397 5454 2606 5509 fratres
2640 5453 2800 5511 illius
2845 5454 2975 5512 loci.
3006 5456 3213 5528 Sitque
3256 5455 3424 5513 nobis
3455 5473 3551 5513 re-

1905 5545 2098 5604 medio
2145 5543 2276 5615 hoc,
2299 5541 2447 5602 mihi
2467 5541 2683 5619 quippe
2703 5559 2866 5621 aeque
2894 5545 3108 5623 reginae
3133 5562 3275 5608 meae
3301 5545 3548 5630 Alfgifa,
