3968 6158
395 191 549 253 1187

1748 184 2062 252 MONUM.
2117 187 2444 252 DlPLOM.

3654 190 3819 255 1188

391 343 456 388 ac
488 322 626 379 ﬁliis
657 322 874 380 nostris
903 319 1296 395 omnibusque
1319 322 1419 396 qui
1441 321 1666 395 pridem
1698 321 1750 378 ei
1782 321 1890 377 hoc
1917 337 2049 376 con-
2077 323 2132 386 Α
2232 322 2349 394 Ego
2378 321 2688 378 Alfwinus.

387 414 669 470 tulerunt.
719 412 865 468 Huic
926 411 1182 468 libertati
1241 412 1490 468 concedo
1550 410 2037 480 additamentum,

389 503 611 561 scilicet
642 501 970 558 maritimos
1017 502 1207 574 pisces
1240 501 1339 572 qui
1394 499 1538 556 mihi
1570 500 1908 573 contingere
1938 499 2039 555 de-

386 595 529 650 bent
556 591 888 648 annualiter
913 607 1016 662 per
1047 589 1254 645 telonei
1285 589 1535 656 lucrum,
1569 593 1624 647 et
1656 588 2036 662 piscationem

385 699 566 754 quam
599 679 831 737 Ulfkitel
885 678 1090 744 habuit
1133 679 1191 734 in
1220 678 1361 734 villa
1388 683 1445 734 et
1475 679 1672 735 omnia
1716 679 1855 749 jura
1884 694 2036 750 qua-

384 786 751 841 rumcunque
781 783 1095 824 causarum
1125 768 1186 823 in
1211 766 1368 824 villis
1389 784 1520 840 qua
1551 767 1906 824 monasterio
1935 767 2037 822 ad-

379 861 575 933 jacent
623 863 681 914 et
728 874 858 930 quas
890 856 1232 928 adjiciendae
1265 862 1405 913 sunt
1457 874 1560 929 per
1611 856 1859 930 gratiam
1911 856 2034 912 Dei.

382 949 523 1006 Dedi
557 962 790 1019 quoque
821 945 1032 1018 reginas
1084 961 1224 1001 mem
1273 962 1604 1013 assensum,
1629 945 1952 1002 concedens
1982 943 2037 1000 ei

379 1055 486 1109 pro
517 1053 625 1092 sua
653 1034 1022 1107 eleemosyna
1051 1035 1190 1090 dare
1234 1039 1487 1107 quatuor
1530 1033 1718 1090 millia
1747 1033 2032 1108 anguilla-

378 1142 511 1182 rum
560 1141 694 1181 cum
754 1123 1099 1179 muneribus
1130 1140 1257 1195 quas
1289 1123 1584 1197 pertinent
1620 1123 1693 1180 ad
1747 1122 1876 1178 illas
1929 1139 2033 1194 pro

382 1213 623 1272 annuali
656 1230 833 1270 censu
867 1213 926 1267 in
957 1211 1096 1268 villa
1126 1229 1253 1284 qua:
1285 1212 1733 1286 cognominatur
1762 1211 2035 1284 Lacinga-

379 1303 578 1360 hvthe.

421 1321 838 1465 ySriquislibet,
872 1391 1026 1463 quod
1068 1390 1252 1447 absit!
1303 1391 1477 1446 istam
1522 1389 1850 1446 libertatem
1881 1405 2028 1462 quo-

375 1481 640 1554 quolibet
669 1486 880 1537 conatu
909 1478 1118 1535 nititur
1142 1479 1437 1535 servitutis
1460 1481 1604 1552 jugo
1630 1479 1921 1551 subigere,
1942 1476 2029 1533 vel

374 1587 551 1644 prava
582 1568 900 1625 intentione
929 1572 1348 1638 transmutare,
1374 1575 1439 1624 ut
1465 1585 1670 1624 rursus
1697 1566 1940 1622 clericos
1968 1566 2026 1621 in

2228 411 2342 483 Ego
2373 411 2646 468 Alfricus.

2226 501 2342 572 Ego
2371 500 2643 557 Alfricus.

2223 589 2341 660 Ego
2374 589 2643 646 Leofﬁus.

2221 677 2336 750 Ego
2370 678 2686 734 Leofricus.

2935 777 3002 832 V.

2144 862 2356 938 Charta,
2391 867 2534 934 regis
2565 864 2783 930 Canuti,
2818 883 2926 938 qua
2973 882 3157 921 omnes
3192 882 3387 922 causas
3430 869 3627 924 insula
3680 869 3806 925 Gla-

2213 937 3006 1010 stonim,tam_ecclesiasticas
3044 954 3210 1010 quam
3251 939 3562 1006 saeculares,
3591 941 3806 998 abbatis

2212 1009 2473 1079 supponit
2494 1006 2726 1079 judicio,
2749 1010 2962 1066 caeteris
2991 1006 3230 1065 siclusis
3252 1013 3634 1082 potestatibus.

2213 1122 2290 1193 (2)
2326 1123 2628 1195 Regnante
2659 1124 2717 1180 in
2740 1127 3088 1197 perpetuum
3113 1126 3497 1200 Domino,qui
3521 1145 3629 1185 sua
3659 1129 3800 1186 inef-

2142 1209 2303 1265 fabili
2338 1213 2597 1283 potentia
2640 1213 2841 1268 omnia
2869 1213 3131 1286 disponit
3171 1219 3346 1288 atque
3375 1217 3682 1290 gubernat,
3713 1219 3794 1274 vi-

2139 1315 2352 1371 cesque
2381 1305 2710 1371 temporum
2744 1301 3172 1375 hominumque
3203 1303 3550 1361 mirabiliter
3576 1306 3792 1362 discer-

2141 1405 2307 1450 nens,
2341 1389 2779 1462 terminumque
2809 1391 3119 1460 incertum,
3153 1398 3329 1465 prout
3359 1392 3502 1462 vult,
3533 1396 3792 1468 equani-

2141 1477 2312 1532 miter
2342 1477 2674 1550 imponens,
2706 1484 2763 1535 et
2811 1482 2883 1536 de
2937 1481 3176 1537 secretis
3229 1487 3451 1539 natura:
3502 1485 3793 1557 mysteriis

2139 1565 2596 1622 misericorditer
2626 1568 2815 1634 docet,
2847 1573 2913 1624 ut
2957 1570 3027 1625 de
3059 1569 3343 1644 fugitivis,
3374 1575 3431 1627 et
3460 1572 3588 1629 sine
3616 1574 3794 1630 dubio

372 1678 438 1717 eo
466 1660 726 1726 collocet,
749 1659 825 1714 sit
867 1659 1134 1714 addictus
1178 1658 1499 1730 captivitati
1531 1662 1781 1723 aeternae,
1823 1672 2028 1712 carens
2059 1689 2106 1754 Β
2143 1654 2517 1722 transitoriis,
2547 1673 2825 1714 mansura
2847 1674 3025 1731 regna
3047 1658 3146 1716 Dei
3169 1660 3446 1733 suffragio
3466 1662 3792 1734 adipisceno

373 1749 730 1820 sempiterna
760 1747 1025 1803 libertate
1054 1751 1111 1802 et
1142 1747 1512 1819 mancipatus
1543 1746 1778 1802 servitio
1807 1744 2023 1800 diaboli

371 1839 614 1909 ejusque
647 1836 936 1892 consortio
968 1836 1043 1892 sit
1072 1833 1571 1891 inextricabilibus
1606 1834 1851 1890 habenis
1880 1851 2022 1889 con-

371 1926 629 1993 strictus,
655 1925 766 1980 nisi
790 1924 1113 1980 satisfactio
1144 1925 1272 1996 ejus
1294 1923 1512 1979 erratui
1544 1923 1846 1978 subveniat
1867 1924 2021 1995 quod

373 2031 615 2089 prorsus
642 2019 932 2087 optamus.

441 2105 559 2176 Ego
591 2103 761 2171 Cnut,
789 2118 884 2158 rex
914 2101 1104 2174 gentis
1127 2100 1448 2174 Anglorum
1477 2101 1841 2174 aliarumque
1873 2102 2023 2158 nihi-

369 2192 628 2249 lominus
659 2191 768 2247 hoc
809 2191 1176 2264 privilegium
1214 2190 1368 2262 jussi
1400 2207 1746 2264 componere
1775 2196 1832 2246 et
1861 2208 2019 2248 com-

365 2281 624 2354 positum
657 2297 792 2336 cum
824 2279 989 2352 signo
1031 2279 1344 2335 Dominica:
1381 2279 1572 2336 crucis
1618 2281 2019 2338 conﬁrmando

367 2369 661 2443 impressi.

439 2461 555 2532 Ego
583 2457 797 2532 Alfgifa
839 2458 1040 2531 regina
1078 2458 1238 2514 omni
1292 2457 1590 2515 alacritate
1643 2459 1858 2516 mentis
1910 2460 2019 2516 hoc

368 2549 728 2604 conﬁrmavi.

437 2639 554 2710 Ego
583 2636 892 2692 Wlstanus
923 2636 1401 2709 archiepiscopus
1431 2638 1718 2694 consensi.

436 2726 554 2798 Ego
583 2724 918 2780 Adelnodus
948 2723 1422 2797 archiepiscopus
1451 2726 1811 2782 conﬁrmavi.

437 2814 552 2886 Ego
582 2812 909 2869 Godwinus
939 2811 1250 2885 episcopus
1278 2813 1660 2871 corroboravi.

437 2903 552 2975 Ego
581 2899 873 2956 Allwinus
903 2899 1213 2973 episcopus
1240 2917 1550 2958 assensum
1580 2903 1734 2959 dedi.

435 2991 553 3064 Ego
580 2988 836 3046 Alfﬁnus
867 2989 1178 3062 epiSCOpus
1208 2989 1564 3064 consignavi.

431 3080 550 3152 Ego
580 3079 891 3135 Athericus
921 3078 1232 3152 episcopus
1266 3079 1546 3136 conclusi.

432 3169 551 3241 Ego
581 3167 830 3224 Alfwius
861 3167 1172 3240 episcopus
1200 3168 1484 3225 roboravi.

430 3258 548 3331 Ego
578 3256 977 3313 Brihtwaldus
1002 3256 1329 3330 episcopus.

430 3347 548 3420 Ego
577 3346 688 3402 Iric
717 3347 855 3402 dux.

429 3436 545 3508 Ego
575 3434 899 3492 Godwinus
930 3435 1067 3490 dux.

428 3524 547 3596 Ego
578 3522 678 3579 Ulf
695 3523 832 3580 dux.

427 3611 546 3683 Ego
575 3610 739 3683 Eglat
769 3612 906 3668 dux.

427 3701 547 3774 Ego
574 3700 774 3756 Hacun
805 3700 943 3754 dux.

426 3791 544 3862 Ego
578 3789 913 3845 Leofwinus
939 3789 1050 3844 dux
1063 3832 1075 3844 .

424 3879 542 3951 Ego
575 3877 859 3934 Godricus
889 3878 1024 3933 dux.

421 3968 540 4040 Ego
569 3966 811 4023 Oslacus
841 3967 1028 4023 miles.

420 4057 540 4128 Ego
567 4055 793 4113 Thored
827 4055 1018 4114 miles.

417 4145 538 4217 Ego
570 4143 814 4200 Thurkil
844 4144 1034 4201 miles.

418 4233 538 4304 Ego
569 4233 787 4304 Thrym
819 4231 1010 4289 miles.

420 4320 537 4393 Ego
569 4321 782 4376 Brosor
812 4321 1000 4376 miles.

416 4408 536 4481 Ego
565 4407 819 4464 Alfricus
848 4409 1040 4464 miles.

419 4495 534 4569 Ego
563 4495 872 4569 Alfwynus
905 4497 1094 4554 miles.

417 4585 535 4657 Ego
568 4584 866 4640 Leofricus
893 4585 1094 4642 abbas.

418 4673 534 4747 Ego
562 4673 899 4732 Alfwardus
929 4675 1132 4732 abbas.

415 4763 536 4837 Ego
565 4761 940 4820 Athelstanus
971 4765 1175 4822 abbas.

415 4852 534 4925 Ego
562 4851 772 4908 All‘ﬁus
803 4854 1005 4910 abbas.

416 4940 535 5014 Ego
561 4939 895 4998 Leofwinus
927 4943 1132 5000 abbas.

413 5030 532 5102 Ego
563 5029 905 5087 Wult‘redus
935 5031 1140 5088 abbas.

415 5118 532 5191 Ego
563 5118 868 5193 Ofkytelus
901 5121 1103 5178 abbas.

414 5297 492 5370 (2)
521 5295 720 5356 Malm.
753 5300 908 5358 Gest.
947 5314 1092 5376 reg.,
1122 5299 1223 5372 lib,
1259 5317 1318 5371 ιι,
1351 5319 1400 5363 c.
1437 5305 1524 5362 11.

2139 1743 2215 1799 da
2245 1744 2383 1800 sint.

2205 1835 2570 1906 Quapropter
2622 1851 2727 1906 ego
2782 1837 2968 1892 Cnuto
3020 1854 3118 1894 rex
3168 1837 3512 1912 Anglorum,
3556 1848 3788 1898 caetera-

2131 1937 2380 1993 rumque
2413 1923 2676 1994 gentium
2720 1924 2778 1978 in
2809 1924 3054 1980 circuitu
3102 1927 3542 1999 persistentium
3575 1930 3786 2001 guber-

2131 2013 2298 2065 nator
2327 2014 2384 2066 et
2413 2017 2622 2080 rector,
2647 2029 2780 2069 cum
2803 2015 3044 2071 consilio
3072 2019 3130 2070 et
3150 2016 3377 2073 decreto
3407 2017 3788 2091 archiprasu-

2128 2097 2201 2154 lis
2229 2100 2410 2154 nostri
2439 2100 2764 2168 Edelnothi,
2789 2101 3084 2175 simulque
3105 2109 3448 2162 cunctorum
3472 2106 3576 2162 Dei
3601 2123 3786 2163 sacer-

2131 2187 2358 2256 dotum,
2373 2192 2431 2244 et
2447 2206 2738 2246 consensu
2755 2191 3102 2263 Optimatum
3123 2210 3409 2262 meorum,
3425 2195 3499 2250 ob
3521 2211 3782 2253 amorem

2130 2275 2385 2332 caelestis
2410 2277 2595 2350 regni,
2618 2283 2675 2334 et
2698 2278 3125 2352 indulgentiam
3155 2281 3468 2339 criminum
3491 2300 3781 2354 meorum,

2127 2367 2184 2419 et
2214 2364 2628 2421 relaxationem
2662 2368 3069 2439 peccaminum
3101 2370 3297 2427 fratris
3341 2373 3456 2426 mei
3483 2373 3641 2445 regis
3671 2375 3781 2429 Ed-

2131 2453 2355 2521 mundi,
2417 2455 2668 2510 concedo
2725 2456 2980 2513 ecclesiae
3039 2459 3263 2514 Sancta:
3321 2459 3422 2516 Dei
3479 2462 3780 2534 genitricis

2127 2540 2320 2597 Maria:
2345 2541 2652 2598 Glastoniae
2677 2544 2817 2615 jura
2845 2549 2901 2600 et
2921 2547 3378 2604 consuetudines
3409 2549 3469 2604 in
3501 2551 3665 2606 omni
3697 2568 3784 2606 re-

2124 2645 2238 2701 gno
2271 2646 2420 2698 meo,
2447 2636 2505 2686 et
2536 2648 2741 2688 omnes
2767 2633 3169 2692 forisfacturas
3195 2638 3461 2694 omnium
3492 2643 3780 2696 terrarum

2125 2735 2392 2790 suarum,
2423 2724 2480 2775 et
2512 2721 2628 2776 sint
2657 2726 2820 2777 terra
2851 2724 2978 2794 ejus
3006 2723 3118 2779 sibi
3153 2725 3364 2795 liberas,
3387 2733 3444 2784 et
3473 2727 3676 2785 solute
3708 2730 3779 2785 ab

2127 2807 2288 2862 omni
2320 2807 2619 2865 calumnia
2655 2815 2711 2866 et
2752 2811 3194 2884 inquietatione,
3235 2814 3406 2871 sicuti
3450 2832 3590 2872 mea
3631 2817 3776 2874 mihi

2123 2895 2431 2953 habentur.

2190 2984 2403 3041 Verum
2437 2985 2579 3043 illud
2612 2989 2900 3061 praecipue
2930 3007 2998 3046 ex
3027 2992 3446 3065 omnipotentis
3477 2994 3687 3061 Patris,
3719 3000 3777 3052 et

2043 3054 2085 3121 Ο
2123 3073 2272 3146 Filii,
2291 3080 2346 3130 et
2365 3054 2632 3148 Spiritus
2647 3054 2835 3134 sancti
2866 3054 3228 3148 auctoritate,
3243 3086 3300 3137 et
3327 3088 3618 3155 perpetuae
3642 3054 3774 3140 vir-

2119 3163 2275 3236 ginis
2308 3164 2716 3222 interdictione
2747 3167 3047 3240 prohibeo,
3067 3173 3123 3226 et
3154 3171 3442 3228 universis
3468 3173 3632 3246 regni
3655 3175 3772 3230 mei

2116 3252 2446 3325 praepositis
2477 3258 2533 3310 et
2561 3255 2916 3326 primatibus
2949 3275 3125 3331 super
3149 3276 3317 3315 suam
3347 3259 3599 3318 salutem
3632 3280 3776 3335 pras-

2114 3341 2286 3413 cipio,
2314 3346 2379 3398 ut
2409 3342 2610 3399 nullus
2641 3343 2880 3402 omnino
2924 3346 3086 3403 illam
3135 3347 3390 3406 insulam
3422 3351 3642 3408 intrare
3673 3370 3770 3409 au-

2115 3429 2267 3496 deat,
2290 3431 2700 3504 cujuscunque
2753 3434 2997 3505 ordinis,
3023 3440 3123 3491 aut
3170 3437 3476 3510 dignitatis
3506 3441 3611 3508 sit;
3666 3443 3767 3498 sed

2113 3520 2331 3586 omnia,
2355 3523 2475 3575 tam
2506 3519 2566 3576 in
2598 3520 3014 3580 ecclesiasticis
3042 3541 3220 3597 quam
3273 3525 3335 3582 in
3388 3527 3768 3587 saecularibus

2111 3607 2326 3676 causis,
2361 3611 2770 3666 tantummodo
2817 3611 3044 3668 abbatis
3067 3614 3384 3685 judicium,
3415 3621 3473 3672 et
3517 3633 3765 3675 conven-

2110 3701 2206 3752 tus
2237 3703 2589 3770 exspectent,
2615 3699 2784 3756 sicuti
2808 3701 3263 3773 praedecessores
3283 3705 3396 3761 mei
3420 3712 3760 3775 sanxerunt,

2109 3785 2520 3859 et.privilegiis
2551 3788 3057 3858 conﬁrmaverunt,
3099 3791 3405 3850 Cenwines
3459 3793 3608 3864 lues,
3648 3796 3760 3852 Cu-

2110 3872 2375 3941 thredus,
2417 3874 2707 3944 Ailredus,
2756 3876 3047 3946 Alfredus,
3096 3880 3445 3951 Edwardus,
3477 3883 3759 3940 Ethelre-

2110 3961 2240 4032 dus,
2274 3962 2570 4031 Alstanus,
2599 3969 2656 4020 et
2686 3964 3150 4037 gloriosissimus
3190 3969 3556 4040 Edmundus,
3588 3977 3646 4029 et
3675 3973 3766 4029 in-

2109 4050 2586 4123 incomparabilis
2617 4053 2902 4126 Edgarus.

2178 4157 2237 4212 Si
2269 4157 2403 4229 quis
2433 4162 2627 4214 autem
2661 4159 2868 4231 quovis
2908 4161 3182 4235 deinceps
3221 4169 3484 4238 tempore
3514 4169 3625 4226 sub
3658 4171 3764 4227 ali-

2107 4261 2225 4317 qua
2253 4247 2558 4303 occasione
2619 4249 3044 4322 interrumpere
3086 4257 3261 4325 atque
3291 4255 3524 4313 irritum
3576 4259 3764 4317 facere

2110 4334 2292 4405 hujus
2349 4336 2633 4408 privilegii
2690 4341 3108 4395 testamentum
3165 4343 3334 4399 nisus
3390 4344 3585 4416 fuerit,
3619 4348 3764 4405 sita

2031 4448 2078 4513 D
2111 4423 2405 4480 consortio
2437 4425 2672 4497 piorum
2719 4425 2912 4482 ultimi
2962 4429 3248 4487 examinis
3297 4434 3622 4492 ventilabro
3675 4437 3762 4493 di-

2110 4514 2412 4586 spertitus.
2435 4513 2495 4570 Si
2526 4515 2659 4586 quis
2691 4532 2822 4571 vero
2854 4516 3131 4574 benevola
3168 4519 3494 4580 intentione
3524 4525 3646 4582 haec
3679 4527 3763 4584 fa-

2106 4619 2254 4673 cere,
2272 4603 2536 4676 probare,
2551 4607 2608 4659 et
2627 4604 2930 4661 defensare
2951 4607 3264 4680 studuerit,
3283 4611 3637 4671 beatissima:
3661 4617 3761 4672 Dei

2105 4692 2407 4762 genitricis
2438 4692 2631 4747 Mariae
2660 4697 2717 4748 et
2738 4693 3004 4750 omnium
3036 4701 3371 4756 sanctorum
3393 4701 3763 4761 intercessio-

2106 4795 2198 4847 ne,
2231 4780 2547 4851 ampliﬁcet
2576 4780 2731 4836 Deus
2769 4782 3100 4852 portionem
3128 4787 3258 4857 ejus
3287 4787 3349 4844 in
3378 4794 3534 4849 terra
3561 4793 3762 4851 viven-

2105 4867 2273 4923 tium.
2307 4868 2532 4940 Scripta
2561 4873 2650 4925 est
2694 4869 2874 4941 hujus
2905 4871 3191 4947 privilegii
3235 4878 3491 4950 donatio,
3525 4887 3583 4938 et
3624 4900 3760 4956 pro-

2106 4955 2366 5030 mulgata
2396 4957 2455 5012 in
2504 4958 2720 5031 Lignea
2772 4958 3017 5015 basilica
3067 4964 3178 5018 sub
3235 4969 3546 5038 presentia
3602 4955 3761 5047 regis

2105 5045 2406 5116 Cnutonis,
2461 5063 2614 5104 anno
2667 5048 2739 5104 ab
2799 5049 3026 5107 Incarn.
3081 5051 3384 5114 Dominica
3438 5061 3608 5134 1032,
3666 5045 3761 5121 ivn-

2103 5135 2338 5192 dict.....
