  <div class='ocr_page' id='page_1' title='image "/cluster/home/n/w/nwhite01/storage/ocr_20150623/151/hvd.32044054760095/600.png"; bbox 0 0 3968 6158; ppageno 0'>
   <div class='ocr_carea' id='block_1_1' title="bbox 131 289 1698 362">
    <p class='ocr_par' dir='ltr' id='par_1_1' title="bbox 131 289 1698 359">
     <span class='ocr_line' id='line_1_1' title="bbox 131 289 1698 359; baseline 0.002 -6"><span class='ocrx_word' id='word_1_1' title='bbox 131 293 288 357; x_wconf 75' lang='grc'><strong>1189</strong></span> <span class='ocrx_word' id='word_1_2' title='bbox 1249 289 1317 359; x_wconf 86' lang='lat' dir='ltr'><strong>S.</strong></span> <span class='ocrx_word' id='word_1_3' title='bbox 1361 291 1698 359; x_wconf 76' lang='lat' dir='ltr'><strong>EDWARD</strong></span> 
     </span>
    </p>
   </div>
   <div class='ocr_carea' id='block_1_2' title="bbox 1982 289 3549 362">
    <p class='ocr_par' dir='ltr' id='par_1_2' title="bbox 1985 291 3549 362">
     <span class='ocr_line' id='line_1_2' title="bbox 1985 291 3549 362; baseline 0.001 -3"><span class='ocrx_word' id='word_1_4' title='bbox 1985 291 2142 360; x_wconf 78' lang='lat' dir='ltr'><strong>REX</strong></span> <span class='ocrx_word' id='word_1_5' title='bbox 2182 293 2416 362; x_wconf 82' lang='lat' dir='ltr'><strong>ANGL.</strong></span> <span class='ocrx_word' id='word_1_6' title='bbox 3389 296 3549 360; x_wconf 81' lang='grc'><strong>1190</strong></span> 
     </span>
    </p>
   </div>
   <div class='ocr_carea' id='block_1_3' title="bbox 1183 560 2492 717">
    <p class='ocr_par' dir='ltr' id='par_1_3' title="bbox 1183 560 2492 717">
     <span class='ocr_line' id='line_1_3' title="bbox 1183 560 2492 717; baseline 0.002 -6"><span class='ocrx_word' id='word_1_7' title='bbox 1183 560 2492 717; x_wconf 71' lang='lat' dir='ltr'><strong>MACGABIEUS</strong></span> 
     </span>
    </p>
   </div>
   <div class='ocr_carea' id='block_1_4' title="bbox 1516 810 2166 872">
    <p class='ocr_par' dir='ltr' id='par_1_4' title="bbox 1516 810 2166 872">
     <span class='ocr_line' id='line_1_4' title="bbox 1516 810 2166 872; baseline -0.002 -2"><span class='ocrx_word' id='word_1_8' title='bbox 1516 811 1676 870; x_wconf 83' lang='lat' dir='ltr'><strong>REX</strong></span> <span class='ocrx_word' id='word_1_9' title='bbox 1717 810 2166 872; x_wconf 84' lang='lat' dir='ltr'><strong>SCOTORUM.</strong></span> 
     </span>
    </p>
   </div>
   <div class='ocr_carea' id='block_1_5' title="bbox 850 1059 2828 1149">
    <p class='ocr_par' dir='ltr' id='par_1_5' title="bbox 850 1059 2828 1149">
     <span class='ocr_line' id='line_1_5' title="bbox 850 1059 2828 1149; baseline -0.001 -1"><span class='ocrx_word' id='word_1_10' title='bbox 850 1059 1441 1148; x_wconf 65' lang='lat' dir='ltr'><strong>MACCABZEI</strong></span> <span class='ocrx_word' id='word_1_11' title='bbox 1500 1059 1865 1148; x_wconf 90' lang='lat' dir='ltr'><strong>LEGES</strong></span> <span class='ocrx_word' id='word_1_12' title='bbox 1937 1059 2828 1149; x_wconf 65' lang='lat' dir='ltr'><strong>ECCLESIASTICZE</strong></span> 
     </span>
    </p>
   </div>
   <div class='ocr_carea' id='block_1_6' title="bbox 1328 1236 2367 1320">
    <p class='ocr_par' dir='ltr' id='par_1_6' title="bbox 1328 1236 2367 1320">
     <span class='ocr_line' id='line_1_6' title="bbox 1328 1236 2367 1320; baseline 0.002 -22"><span class='ocrx_word' id='word_1_13' title='bbox 1328 1236 1394 1298; x_wconf 87' lang='grc' dir='ltr'><em>Ε</em></span> <span class='ocrx_word' id='word_1_14' title='bbox 1420 1236 1806 1299; x_wconf 72' lang='lat' dir='ltr'><strong>saecularibus</strong></span> <span class='ocrx_word' id='word_1_15' title='bbox 1833 1239 1954 1298; x_wconf 86' lang='lat' dir='ltr'><strong>suis</strong></span> <span class='ocrx_word' id='word_1_16' title='bbox 1983 1237 2367 1320; x_wconf 70' lang='lat' dir='ltr'><strong>depromptae.</strong></span> 
     </span>
    </p>
   </div>
   <div class='ocr_carea' id='block_1_7' title="bbox 427 1357 3253 1472">
    <p class='ocr_par' dir='ltr' id='par_1_7' title="bbox 427 1357 3253 1472">
     <span class='ocr_line' id='line_1_7' title="bbox 427 1357 3253 1472; baseline 0.001 -20"><span class='ocrx_word' id='word_1_17' title='bbox 427 1395 662 1466; x_wconf 77' lang='lat' dir='ltr'><strong>(MANSI,</strong></span> <span class='ocrx_word' id='word_1_18' title='bbox 696 1397 900 1453; x_wconf 84' lang='lat' dir='ltr'><strong>Concil.</strong></span> <span class='ocrx_word' id='word_1_19' title='bbox 933 1401 976 1451; x_wconf 84' lang='lat' dir='ltr'><strong>t.</strong></span> <span class='ocrx_word' id='word_1_20' title='bbox 1005 1397 1141 1466; x_wconf 84' lang='lat' dir='ltr'><strong>XIX,</strong></span> <span class='ocrx_word' id='word_1_21' title='bbox 1178 1414 1247 1454; x_wconf 82' lang='lat' dir='ltr'><strong>ex</strong></span> <span class='ocrx_word' id='word_1_22' title='bbox 1276 1397 1518 1455; x_wconf 81' lang='lat' dir='ltr'><strong>Hectore</strong></span> <span class='ocrx_word' id='word_1_23' title='bbox 1548 1397 1764 1470; x_wconf 89' lang='lat' dir='ltr'><strong>Boetio,</strong></span> <span class='ocrx_word' id='word_1_24' title='bbox 1797 1400 1934 1454; x_wconf 86' lang='lat' dir='ltr'><strong>Hist.</strong></span> <span class='ocrx_word' id='word_1_25' title='bbox 1967 1399 2070 1455; x_wconf 90' lang='lat' dir='ltr'><strong>lib.</strong></span> <span class='ocrx_word' id='word_1_26' title='bbox 2104 1417 2205 1468; x_wconf 80' lang='lat' dir='ltr'><strong>xu,</strong></span> <span class='ocrx_word' id='word_1_27' title='bbox 2239 1399 2338 1472; x_wconf 89' lang='lat' dir='ltr'><strong>qui</strong></span> <span class='ocrx_word' id='word_1_28' title='bbox 2370 1399 2477 1456; x_wconf 91' lang='lat' dir='ltr'><strong>has</strong></span> <span class='ocrx_word' id='word_1_29' title='bbox 2509 1399 2685 1455; x_wconf 78' lang='lat' dir='ltr'><strong>refert</strong></span> <span class='ocrx_word' id='word_1_30' title='bbox 2714 1399 2785 1456; x_wconf 89' lang='lat' dir='ltr'><strong>ad</strong></span> <span class='ocrx_word' id='word_1_31' title='bbox 2816 1415 3036 1455; x_wconf 91' lang='lat' dir='ltr'><strong>annum</strong></span> <span class='ocrx_word' id='word_1_32' title='bbox 3073 1357 3253 1470; x_wconf 77' lang='lat'><strong>1050).</strong></span> 
     </span>
    </p>
   </div>
   <div class='ocr_carea' id='block_1_8' title="bbox 1635 1559 2059 1571">
    <p class='ocr_par' dir='ltr' id='par_1_8' title="bbox 1635 1559 2059 1571">
     <span class='ocr_line' id='line_1_8' title="bbox 1635 1559 2059 1571; baseline 0.005 -3"><span class='ocrx_word' id='word_1_33' title='bbox 1635 1559 2059 1571; x_wconf 78' lang='lat'><strong>————..—_—_.</strong></span> 
     </span>
    </p>
   </div>
   <div class='ocr_carea' id='block_1_9' title="bbox 197 1653 3552 1734">
    <p class='ocr_par' dir='ltr' id='par_1_9' title="bbox 197 1653 3552 1734">
     <span class='ocr_line' id='line_1_9' title="bbox 197 1653 3552 1734; baseline 0.001 -24"><span class='ocrx_word' id='word_1_34' title='bbox 197 1653 429 1711; x_wconf 81' lang='lat' dir='ltr'><strong>Christo</strong></span> <span class='ocrx_word' id='word_1_35' title='bbox 452 1654 746 1712; x_wconf 89' lang='lat' dir='ltr'><strong>initiatum</strong></span> <span class='ocrx_word' id='word_1_36' title='bbox 769 1657 842 1712; x_wconf 88' lang='lat' dir='ltr'><strong>ad</strong></span> <span class='ocrx_word' id='word_1_37' title='bbox 866 1657 1175 1729; x_wconf 83' lang='lat' dir='ltr'><strong>profanum</strong></span> <span class='ocrx_word' id='word_1_38' title='bbox 1191 1658 1455 1730; x_wconf 84' lang='lat' dir='ltr'><strong>judicem</strong></span> <span class='ocrx_word' id='word_1_39' title='bbox 1479 1675 1592 1714; x_wconf 88' lang='lat' dir='ltr'><strong>non</strong></span> <span class='ocrx_word' id='word_1_40' title='bbox 1613 1676 1780 1714; x_wconf 85' lang='lat' dir='ltr'><strong>voca-</strong></span> <span class='ocrx_word' id='word_1_41' title='bbox 1811 1669 1865 1734; x_wconf 80' lang='grc' dir='ltr'><strong>Α</strong></span> <span class='ocrx_word' id='word_1_42' title='bbox 1900 1659 1995 1726; x_wconf 87' lang='lat' dir='ltr'><strong>rit,</strong></span> <span class='ocrx_word' id='word_1_43' title='bbox 2024 1658 2209 1714; x_wconf 88' lang='lat' dir='ltr'><strong>hostis</strong></span> <span class='ocrx_word' id='word_1_44' title='bbox 2240 1657 2571 1730; x_wconf 62' lang='lat' dir='ltr'><strong>reipublicae</strong></span> <span class='ocrx_word' id='word_1_45' title='bbox 2604 1658 2877 1725; x_wconf 81' lang='lat' dir='ltr'><strong>habetor;</strong></span> <span class='ocrx_word' id='word_1_46' title='bbox 2911 1657 3012 1731; x_wconf 89' lang='lat' dir='ltr'><strong>qui</strong></span> <span class='ocrx_word' id='word_1_47' title='bbox 3037 1672 3172 1714; x_wconf 91' lang='lat' dir='ltr'><strong>vero</strong></span> <span class='ocrx_word' id='word_1_48' title='bbox 3187 1658 3336 1715; x_wconf 90' lang='lat' dir='ltr'><strong>duos</strong></span> <span class='ocrx_word' id='word_1_49' title='bbox 3367 1675 3552 1715; x_wconf 86' lang='lat' dir='ltr'><strong>annos</strong></span> 
     </span>
    </p>
   </div>
   <div class='ocr_carea' id='block_1_10' title="bbox 125 1745 3552 1819">
    <p class='ocr_par' dir='ltr' id='par_1_10' title="bbox 125 1745 3552 1819">
     <span class='ocr_line' id='line_1_10' title="bbox 125 1745 3552 1819; baseline 0.001 -20"><span class='ocrx_word' id='word_1_50' title='bbox 125 1749 186 1800; x_wconf 86' lang='lat' dir='ltr'><strong>to</strong></span> <span class='ocrx_word' id='word_1_51' title='bbox 205 1747 495 1813; x_wconf 86' lang='lat' dir='ltr'><strong>;vocatum</strong></span> <span class='ocrx_word' id='word_1_52' title='bbox 512 1748 1015 1817; x_wconf 89' lang='lat' dir='ltr'><strong>comparentemve</strong></span> <span class='ocrx_word' id='word_1_53' title='bbox 1036 1747 1562 1818; x_wconf 84' lang='lat' dir='ltr'><strong>nonjudicato,sed</strong></span> <span class='ocrx_word' id='word_1_54' title='bbox 1587 1748 1658 1803; x_wconf 91' lang='lat' dir='ltr'><strong>ad</strong></span> <span class='ocrx_word' id='word_1_55' title='bbox 1683 1764 1782 1803; x_wconf 91' lang='lat' dir='ltr'><strong>sa-</strong></span> <span class='ocrx_word' id='word_1_56' title='bbox 1893 1748 1952 1803; x_wconf 89' lang='lat' dir='ltr'><strong>in</strong></span> <span class='ocrx_word' id='word_1_57' title='bbox 1996 1765 2064 1804; x_wconf 90' lang='lat' dir='ltr'><strong>ea</strong></span> <span class='ocrx_word' id='word_1_58' title='bbox 2107 1747 2476 1803; x_wconf 80' lang='lat' dir='ltr'><strong>contumacia</strong></span> <span class='ocrx_word' id='word_1_59' title='bbox 2524 1747 2932 1819; x_wconf 82' lang='lat' dir='ltr'><strong>perseveravit,</strong></span> <span class='ocrx_word' id='word_1_60' title='bbox 2987 1745 3238 1803; x_wconf 79' lang='lat' dir='ltr'><strong>fortunis</strong></span> <span class='ocrx_word' id='word_1_61' title='bbox 3275 1747 3552 1803; x_wconf 88' lang='lat' dir='ltr'><strong>omnibus</strong></span> 
     </span>
    </p>
   </div>
   <div class='ocr_carea' id='block_1_11' title="bbox 126 1833 2190 1893">
    <p class='ocr_par' dir='ltr' id='par_1_11' title="bbox 126 1833 2190 1893">
     <span class='ocr_line' id='line_1_11' title="bbox 126 1833 2190 1893; baseline 0.002 -5"><span class='ocrx_word' id='word_1_62' title='bbox 126 1849 258 1889; x_wconf 88' lang='lat' dir='ltr'><strong>cros</strong></span> <span class='ocrx_word' id='word_1_63' title='bbox 288 1833 582 1890; x_wconf 80' lang='lat' dir='ltr'><strong>antistites</strong></span> <span class='ocrx_word' id='word_1_64' title='bbox 613 1833 915 1890; x_wconf 88' lang='lat' dir='ltr'><strong>remittito.</strong></span> <span class='ocrx_word' id='word_1_65' title='bbox 1892 1837 2190 1893; x_wconf 85' lang='lat' dir='ltr'><strong>multator.</strong></span> 
     </span>
    </p>
   </div>
   <div class='ocr_carea' id='block_1_12' title="bbox 199 1922 3551 1999">
    <p class='ocr_par' dir='ltr' id='par_1_12' title="bbox 199 1922 3551 1999">
     <span class='ocr_line' id='line_1_12' title="bbox 199 1922 3551 1999; baseline 0.001 -22"><span class='ocrx_word' id='word_1_66' title='bbox 199 1922 497 1979; x_wconf 88' lang='lat' dir='ltr'><strong>Decimam</strong></span> <span class='ocrx_word' id='word_1_67' title='bbox 527 1927 752 1996; x_wconf 87' lang='lat' dir='ltr'><strong>partem</strong></span> <span class='ocrx_word' id='word_1_68' title='bbox 803 1927 973 1980; x_wconf 68' lang='lat' dir='ltr'><strong>terrae</strong></span> <span class='ocrx_word' id='word_1_69' title='bbox 1022 1924 1389 1980; x_wconf 80' lang='lat' dir='ltr'><strong>nascentium</strong></span> <span class='ocrx_word' id='word_1_70' title='bbox 1444 1925 1779 1997; x_wconf 83' lang='lat' dir='ltr'><strong>pastoribus</strong></span> <span class='ocrx_word' id='word_1_71' title='bbox 1964 1926 2023 1982; x_wconf 90' lang='lat' dir='ltr'><strong>Si</strong></span> <span class='ocrx_word' id='word_1_72' title='bbox 2052 1926 2186 1998; x_wconf 85' lang='lat' dir='ltr'><strong>quis</strong></span> <span class='ocrx_word' id='word_1_73' title='bbox 2217 1926 2755 1999; x_wconf 89' lang='lat' dir='ltr'><strong>quempiam,cujus</strong></span> <span class='ocrx_word' id='word_1_74' title='bbox 2786 1925 2910 1998; x_wconf 91' lang='lat' dir='ltr'><strong>ipse</strong></span> <span class='ocrx_word' id='word_1_75' title='bbox 2942 1924 3279 1998; x_wconf 86' lang='lat' dir='ltr'><strong>sumptibus</strong></span> <span class='ocrx_word' id='word_1_76' title='bbox 3301 1928 3404 1982; x_wconf 87' lang='lat' dir='ltr'><strong>aut</strong></span> <span class='ocrx_word' id='word_1_77' title='bbox 3432 1925 3551 1982; x_wconf 84' lang='lat' dir='ltr'><strong>vic-</strong></span> 
     </span>
    </p>
   </div>
   <div class='ocr_carea' id='block_1_13' title="bbox 125 2011 3551 2088">
    <p class='ocr_par' dir='ltr' id='par_1_13' title="bbox 125 2011 3551 2088">
     <span class='ocr_line' id='line_1_13' title="bbox 125 2011 3551 2088; baseline 0.001 -20"><span class='ocrx_word' id='word_1_78' title='bbox 125 2011 506 2068; x_wconf 87' lang='lat' dir='ltr'><strong>ecclesiarum</strong></span> <span class='ocrx_word' id='word_1_79' title='bbox 536 2011 715 2068; x_wconf 88' lang='lat' dir='ltr'><strong>libere</strong></span> <span class='ocrx_word' id='word_1_80' title='bbox 743 2013 1328 2085; x_wconf 82' lang='lat' dir='ltr'><strong>conferto,Deumque</strong></span> <span class='ocrx_word' id='word_1_81' title='bbox 1359 2029 1590 2086; x_wconf 87' lang='lat' dir='ltr'><strong>semper</strong></span> <span class='ocrx_word' id='word_1_82' title='bbox 1633 2013 1782 2070; x_wconf 87' lang='lat' dir='ltr'><strong>votis</strong></span> <span class='ocrx_word' id='word_1_83' title='bbox 1894 2019 1954 2070; x_wconf 89' lang='lat' dir='ltr'><strong>tu</strong></span> <span class='ocrx_word' id='word_1_84' title='bbox 1989 2032 2102 2071; x_wconf 90' lang='lat' dir='ltr'><strong>non</strong></span> <span class='ocrx_word' id='word_1_85' title='bbox 2129 2015 2307 2070; x_wconf 86' lang='lat' dir='ltr'><strong>alitur</strong></span> <span class='ocrx_word' id='word_1_86' title='bbox 2337 2015 2700 2086; x_wconf 81' lang='lat' dir='ltr'><strong>quotidiana,</strong></span> <span class='ocrx_word' id='word_1_87' title='bbox 2736 2015 2805 2070; x_wconf 87' lang='lat' dir='ltr'><strong>ad</strong></span> <span class='ocrx_word' id='word_1_88' title='bbox 2838 2013 3168 2083; x_wconf 87' lang='lat' dir='ltr'><strong>ecclesiam,</strong></span> <span class='ocrx_word' id='word_1_89' title='bbox 3197 2031 3300 2070; x_wconf 89' lang='lat' dir='ltr'><strong>seu</strong></span> <span class='ocrx_word' id='word_1_90' title='bbox 3339 2015 3411 2071; x_wconf 83' lang='lat' dir='ltr'><strong>ad</strong></span> <span class='ocrx_word' id='word_1_91' title='bbox 3440 2031 3551 2088; x_wconf 89' lang='lat' dir='ltr'><strong>pu-</strong></span> 
     </span>
    </p>
   </div>
   <div class='ocr_carea' id='block_1_14' title="bbox 127 2100 3550 2172">
    <p class='ocr_par' dir='ltr' id='par_1_14' title="bbox 127 2100 3550 2172">
     <span class='ocr_line' id='line_1_14' title="bbox 127 2100 3550 2172; baseline 0.001 -14"><span class='ocrx_word' id='word_1_92' title='bbox 127 2105 188 2158; x_wconf 89' lang='lat' dir='ltr'><strong>et</strong></span> <span class='ocrx_word' id='word_1_93' title='bbox 216 2100 616 2158; x_wconf 85' lang='lat' dir='ltr'><strong>oblationibus</strong></span> <span class='ocrx_word' id='word_1_94' title='bbox 645 2102 941 2159; x_wconf 87' lang='lat' dir='ltr'><strong>consuetis</strong></span> <span class='ocrx_word' id='word_1_95' title='bbox 970 2104 1232 2159; x_wconf 88' lang='lat' dir='ltr'><strong>adorato.</strong></span> <span class='ocrx_word' id='word_1_96' title='bbox 1895 2103 2110 2159; x_wconf 90' lang='lat' dir='ltr'><strong>blicum</strong></span> <span class='ocrx_word' id='word_1_97' title='bbox 2142 2109 2510 2172; x_wconf 89' lang='lat' dir='ltr'><strong>conventum,</strong></span> <span class='ocrx_word' id='word_1_98' title='bbox 2547 2122 2649 2160; x_wconf 90' lang='lat' dir='ltr'><strong>seu</strong></span> <span class='ocrx_word' id='word_1_99' title='bbox 2696 2106 2765 2159; x_wconf 84' lang='lat' dir='ltr'><strong>ad</strong></span> <span class='ocrx_word' id='word_1_100' title='bbox 2823 2104 3012 2159; x_wconf 83' lang='lat' dir='ltr'><strong>forum</strong></span> <span class='ocrx_word' id='word_1_101' title='bbox 3062 2103 3426 2160; x_wconf 88' lang='lat' dir='ltr'><strong>nundinasve</strong></span> <span class='ocrx_word' id='word_1_102' title='bbox 3455 2120 3550 2160; x_wconf 87' lang='lat' dir='ltr'><strong>co-</strong></span> 
     </span>
    </p>
   </div>
   <div class='ocr_carea' id='block_1_15' title="bbox 199 2189 3295 2264">
    <p class='ocr_par' dir='ltr' id='par_1_15' title="bbox 199 2189 3295 2264">
     <span class='ocr_line' id='line_1_15' title="bbox 199 2189 3295 2264; baseline 0 -18"><span class='ocrx_word' id='word_1_103' title='bbox 199 2189 308 2255; x_wconf 89' lang='lat' dir='ltr'><strong>Qui</strong></span> <span class='ocrx_word' id='word_1_104' title='bbox 337 2189 626 2263; x_wconf 84' lang='lat' dir='ltr'><strong>pontiﬁcis</strong></span> <span class='ocrx_word' id='word_1_105' title='bbox 657 2191 1064 2248; x_wconf 87' lang='lat' dir='ltr'><strong>auctoritatem</strong></span> <span class='ocrx_word' id='word_1_106' title='bbox 1107 2208 1331 2248; x_wconf 90' lang='lat' dir='ltr'><strong>annum</strong></span> <span class='ocrx_word' id='word_1_107' title='bbox 1379 2196 1569 2248; x_wconf 91' lang='lat' dir='ltr'><strong>totum</strong></span> <span class='ocrx_word' id='word_1_108' title='bbox 1619 2208 1784 2247; x_wconf 85' lang='lat' dir='ltr'><strong>exsc-</strong></span> <span class='ocrx_word' id='word_1_109' title='bbox 1897 2192 2138 2248; x_wconf 87' lang='lat' dir='ltr'><strong>mitatus</strong></span> <span class='ocrx_word' id='word_1_110' title='bbox 2169 2195 2234 2248; x_wconf 90' lang='lat' dir='ltr'><strong>ut</strong></span> <span class='ocrx_word' id='word_1_111' title='bbox 2262 2193 2488 2249; x_wconf 86' lang='lat' dir='ltr'><strong>assecla</strong></span> <span class='ocrx_word' id='word_1_112' title='bbox 2516 2193 2712 2264; x_wconf 84' lang='lat' dir='ltr'><strong>fuerit,</strong></span> <span class='ocrx_word' id='word_1_113' title='bbox 2742 2192 2953 2264; x_wconf 87' lang='lat' dir='ltr'><strong>capitis</strong></span> <span class='ocrx_word' id='word_1_114' title='bbox 2985 2209 3119 2248; x_wconf 88' lang='lat' dir='ltr'><strong>reus</strong></span> <span class='ocrx_word' id='word_1_115' title='bbox 3148 2196 3295 2249; x_wconf 86' lang='lat' dir='ltr'><strong>esto.</strong></span> 
     </span>
    </p>
   </div>
   <div class='ocr_carea' id='block_1_16' title="bbox 130 2279 1786 2353">
    <p class='ocr_par' dir='ltr' id='par_1_16' title="bbox 130 2279 1786 2353">
     <span class='ocr_line' id='line_1_16' title="bbox 130 2279 1786 2353; baseline 0.001 -19"><span class='ocrx_word' id='word_1_116' title='bbox 130 2284 361 2336; x_wconf 88' lang='lat' dir='ltr'><strong>cratum</strong></span> <span class='ocrx_word' id='word_1_117' title='bbox 393 2279 825 2352; x_wconf 88' lang='lat' dir='ltr'><strong>contempserit,</strong></span> <span class='ocrx_word' id='word_1_118' title='bbox 859 2297 1047 2353; x_wconf 91' lang='lat' dir='ltr'><strong>neque</strong></span> <span class='ocrx_word' id='word_1_119' title='bbox 1078 2298 1142 2338; x_wconf 89' lang='lat' dir='ltr'><strong>se</strong></span> <span class='ocrx_word' id='word_1_120' title='bbox 1166 2280 1404 2337; x_wconf 87' lang='lat' dir='ltr'><strong>interim</strong></span> <span class='ocrx_word' id='word_1_121' title='bbox 1448 2280 1786 2336; x_wconf 89' lang='lat' dir='ltr'><strong>reconcilia-</strong></span> 
     </span>
    </p>
   </div>
   <div class='ocr_carea' id='block_1_17' title="bbox 991 2550 2690 2689">
    <p class='ocr_par' dir='ltr' id='par_1_17' title="bbox 991 2550 2690 2689">
     <span class='ocr_line' id='line_1_17' title="bbox 991 2550 2690 2689; baseline -0.005 0"><span class='ocrx_word' id='word_1_122' title='bbox 991 2559 1150 2689; x_wconf 83' lang='lat' dir='ltr'><strong>S.</strong></span> <span class='ocrx_word' id='word_1_123' title='bbox 1247 2555 2374 2688; x_wconf 71' lang='lat' dir='ltr'><strong>EDWARDUS</strong></span> <span class='ocrx_word' id='word_1_124' title='bbox 2464 2550 2690 2682; x_wconf 83' lang='grc' dir='ltr'><strong>ῙῙῙ</strong></span> 
     </span>
    </p>
   </div>
   <div class='ocr_carea' id='block_1_18' title="bbox 1255 2783 2428 2856">
    <p class='ocr_par' dir='ltr' id='par_1_18' title="bbox 1255 2783 2428 2856">
     <span class='ocr_line' id='line_1_18' title="bbox 1255 2783 2428 2856; baseline -0.003 -10"><span class='ocrx_word' id='word_1_125' title='bbox 1255 2787 1412 2847; x_wconf 82' lang='lat' dir='ltr'><strong>REX</strong></span> <span class='ocrx_word' id='word_1_126' title='bbox 1457 2786 1563 2846; x_wconf 83' lang='lat' dir='ltr'><strong>AN</strong></span> <span class='ocrx_word' id='word_1_127' title='bbox 1572 2783 1892 2847; x_wconf 82' lang='lat' dir='ltr'><strong>GLORUM</strong></span> <span class='ocrx_word' id='word_1_128' title='bbox 1902 2828 1917 2856; x_wconf 93' lang='lat'><strong>,</strong></span> <span class='ocrx_word' id='word_1_129' title='bbox 1965 2783 2428 2846; x_wconf 87' lang='lat' dir='ltr'><strong>CONFESSOR</strong></span> 
     </span>
    </p>
   </div>
   <div class='ocr_carea' id='block_1_19' title="bbox 1546 2935 2128 3016">
    <p class='ocr_par' dir='ltr' id='par_1_19' title="bbox 1546 2935 2128 3016">
     <span class='ocr_line' id='line_1_19' title="bbox 1546 2935 2128 3016; baseline -0.01 -19"><span class='ocrx_word' id='word_1_130' title='bbox 1546 2936 1689 3016; x_wconf 84' lang='lat' dir='ltr'><strong>(An.</strong></span> <span class='ocrx_word' id='word_1_131' title='bbox 1724 2935 2128 3008; x_wconf 75' lang='lat'><strong>1041-1066.)</strong></span> 
     </span>
    </p>
   </div>
   <div class='ocr_carea' id='block_1_20' title="bbox 688 3187 3000 3289">
    <p class='ocr_par' dir='ltr' id='par_1_20' title="bbox 688 3187 3000 3289">
     <span class='ocr_line' id='line_1_20' title="bbox 688 3187 3000 3289; baseline -0.001 -4"><span class='ocrx_word' id='word_1_132' title='bbox 688 3193 779 3286; x_wconf 89' lang='lat' dir='ltr'><strong>S.</strong></span> <span class='ocrx_word' id='word_1_133' title='bbox 854 3193 1443 3288; x_wconf 86' lang='lat' dir='ltr'><strong>EDWABDI</strong></span> <span class='ocrx_word' id='word_1_134' title='bbox 1515 3192 1917 3289; x_wconf 88' lang='lat' dir='ltr'>LEGES</span> <span class='ocrx_word' id='word_1_135' title='bbox 1987 3187 3000 3284; x_wconf 69' lang='lat' dir='ltr'><strong>ECCLESIASTICIE</strong></span> 
     </span>
    </p>
   </div>
   <div class='ocr_carea' id='block_1_21' title="bbox 1245 3385 2447 3468">
    <p class='ocr_par' dir='ltr' id='par_1_21' title="bbox 1245 3385 2447 3468">
     <span class='ocr_line' id='line_1_21' title="bbox 1245 3385 2447 3468; baseline -0.004 -17"><span class='ocrx_word' id='word_1_136' title='bbox 1245 3391 1294 3451; x_wconf 93' lang='lat' dir='ltr'><strong>E</strong></span> <span class='ocrx_word' id='word_1_137' title='bbox 1323 3388 1729 3451; x_wconf 75' lang='lat' dir='ltr'><strong>saecularibus</strong></span> <span class='ocrx_word' id='word_1_138' title='bbox 1757 3388 1885 3450; x_wconf 90' lang='lat' dir='ltr'><strong>suis</strong></span> <span class='ocrx_word' id='word_1_139' title='bbox 1916 3388 2308 3468; x_wconf 68' lang='lat' dir='ltr'><strong>depromptae</strong></span> <span class='ocrx_word' id='word_1_140' title='bbox 2342 3385 2447 3466; x_wconf 87' lang='grc'><strong>(1).</strong></span> 
     </span>
    </p>
   </div>
   <div class='ocr_carea' id='block_1_22' title="bbox 779 3502 2915 3612">
    <p class='ocr_par' dir='ltr' id='par_1_22' title="bbox 779 3502 2915 3612">
     <span class='ocr_line' id='line_1_22' title="bbox 779 3502 2915 3612; baseline -0.001 -18"><span class='ocrx_word' id='word_1_141' title='bbox 779 3540 965 3612; x_wconf 83' lang='lat' dir='ltr'><strong>(Apud</strong></span> <span class='ocrx_word' id='word_1_142' title='bbox 1001 3539 1210 3607; x_wconf 78' lang='lat' dir='ltr'><strong>MANSI,</strong></span> <span class='ocrx_word' id='word_1_143' title='bbox 1246 3539 1451 3596; x_wconf 85' lang='lat' dir='ltr'><strong>Concil.</strong></span> <span class='ocrx_word' id='word_1_144' title='bbox 1483 3543 1627 3595; x_wconf 83' lang='lat' dir='ltr'><strong>tom.</strong></span> <span class='ocrx_word' id='word_1_145' title='bbox 1658 3538 1806 3607; x_wconf 88' lang='lat' dir='ltr'><strong>XIX,</strong></span> <span class='ocrx_word' id='word_1_146' title='bbox 1841 3538 1951 3595; x_wconf 89' lang='lat' dir='ltr'><strong>col.</strong></span> <span class='ocrx_word' id='word_1_147' title='bbox 1985 3538 2112 3610; x_wconf 81' lang='lat'><strong>713,</strong></span> <span class='ocrx_word' id='word_1_148' title='bbox 2144 3553 2213 3594; x_wconf 85' lang='lat' dir='ltr'><strong>ex</strong></span> <span class='ocrx_word' id='word_1_149' title='bbox 2240 3502 2588 3593; x_wconf 81' lang='lat' dir='ltr'><strong>Collectione</strong></span> <span class='ocrx_word' id='word_1_150' title='bbox 2618 3535 2915 3608; x_wconf 86' lang='lat' dir='ltr'><strong>Wilkins.)</strong></span> 
     </span>
    </p>
   </div>
   <div class='ocr_carea' id='block_1_23' title="bbox 277 3805 2163 3875">
    <p class='ocr_par' dir='ltr' id='par_1_23' title="bbox 277 3805 2163 3875">
     <span class='ocr_line' id='line_1_23' title="bbox 277 3805 2163 3875; baseline 0.001 -12"><span class='ocrx_word' id='word_1_151' title='bbox 277 3805 564 3864; x_wconf 87' lang='lat' dir='ltr'><strong>TITULLI</strong></span> <span class='ocrx_word' id='word_1_152' title='bbox 604 3807 850 3866; x_wconf 89' lang='lat' dir='ltr'><strong>LEGUM</strong></span> <span class='ocrx_word' id='word_1_153' title='bbox 890 3806 1622 3864; x_wconf 81' lang='lat' dir='ltr'><strong>ECCLESIASTICARUM.</strong></span> <span class='ocrx_word' id='word_1_154' title='bbox 1809 3809 1857 3875; x_wconf 92' lang='lat' dir='ltr'><strong>B</strong></span> <span class='ocrx_word' id='word_1_155' title='bbox 1962 3810 2163 3864; x_wconf 85' lang='lat' dir='ltr'><strong>tutum.</strong></span> 
     </span>
    </p>
   </div>
   <div class='ocr_carea' id='block_1_24' title="bbox 119 3891 3538 3970">
    <p class='ocr_par' dir='ltr' id='par_1_24' title="bbox 119 3891 3538 3970">
     <span class='ocr_line' id='line_1_24' title="bbox 119 3891 3538 3970; baseline -0.001 -19"><span class='ocrx_word' id='word_1_156' title='bbox 119 3897 164 3952; x_wconf 87' lang='grc' dir='ltr'><strong>Ι.</strong></span> <span class='ocrx_word' id='word_1_157' title='bbox 200 3896 274 3952; x_wconf 91' lang='lat' dir='ltr'><strong>De</strong></span> <span class='ocrx_word' id='word_1_158' title='bbox 301 3897 516 3952; x_wconf 75' lang='lat' dir='ltr'><strong>clericis</strong></span> <span class='ocrx_word' id='word_1_159' title='bbox 540 3900 593 3953; x_wconf 90' lang='lat' dir='ltr'><strong>et</strong></span> <span class='ocrx_word' id='word_1_160' title='bbox 619 3897 1046 3969; x_wconf 73' lang='lat' dir='ltr'><strong>possessionibus</strong></span> <span class='ocrx_word' id='word_1_161' title='bbox 1075 3913 1283 3953; x_wconf 89' lang='lat' dir='ltr'><strong>eorum.</strong></span> <span class='ocrx_word' id='word_1_162' title='bbox 1887 3896 2006 3951; x_wconf 84' lang='lat' dir='ltr'><strong>XII.</strong></span> <span class='ocrx_word' id='word_1_163' title='bbox 2041 3897 2114 3952; x_wconf 91' lang='lat' dir='ltr'><strong>De</strong></span> <span class='ocrx_word' id='word_1_164' title='bbox 2138 3898 2462 3955; x_wconf 82' lang='lat' dir='ltr'><strong>multimoda</strong></span> <span class='ocrx_word' id='word_1_165' title='bbox 2488 3913 2624 3970; x_wconf 83' lang='lat' dir='ltr'><strong>pace</strong></span> <span class='ocrx_word' id='word_1_166' title='bbox 2655 3898 2816 3965; x_wconf 87' lang='lat' dir='ltr'><strong>regis,</strong></span> <span class='ocrx_word' id='word_1_167' title='bbox 2845 3899 2956 3951; x_wconf 90' lang='lat' dir='ltr'><strong>etc.</strong></span> <span class='ocrx_word' id='word_1_168' title='bbox 2989 3896 3121 3950; x_wconf 94' lang='lat' dir='ltr'><strong>Item</strong></span> <span class='ocrx_word' id='word_1_169' title='bbox 3167 3893 3234 3949; x_wconf 83' lang='lat' dir='ltr'><strong>de</strong></span> <span class='ocrx_word' id='word_1_170' title='bbox 3279 3891 3538 3948; x_wconf 89' lang='lat' dir='ltr'><strong>manbota</strong></span> 
     </span>
    </p>
   </div>
   <div class='ocr_carea' id='block_1_25' title="bbox 118 3983 2805 4058">
    <p class='ocr_par' dir='ltr' id='par_1_25' title="bbox 118 3983 2805 4058">
     <span class='ocr_line' id='line_1_25' title="bbox 118 3983 2805 4058; baseline 0 -20"><span class='ocrx_word' id='word_1_171' title='bbox 118 3983 191 4038; x_wconf 91' lang='lat' dir='ltr'><strong>II.</strong></span> <span class='ocrx_word' id='word_1_172' title='bbox 227 3983 302 4037; x_wconf 89' lang='lat' dir='ltr'><strong>De</strong></span> <span class='ocrx_word' id='word_1_173' title='bbox 327 3985 660 4056; x_wconf 78' lang='lat' dir='ltr'><strong>temporibus</strong></span> <span class='ocrx_word' id='word_1_174' title='bbox 686 3992 739 4040; x_wconf 93' lang='lat' dir='ltr'><strong>et</strong></span> <span class='ocrx_word' id='word_1_175' title='bbox 763 3983 952 4040; x_wconf 85' lang='lat' dir='ltr'><strong>diebus</strong></span> <span class='ocrx_word' id='word_1_176' title='bbox 976 3986 1129 4056; x_wconf 84' lang='lat' dir='ltr'><strong>pacis</strong></span> <span class='ocrx_word' id='word_1_177' title='bbox 1158 3986 1321 4056; x_wconf 87' lang='lat' dir='ltr'><strong>regis.</strong></span> <span class='ocrx_word' id='word_1_178' title='bbox 1959 3985 2373 4058; x_wconf 81' lang='lat' dir='ltr'><strong>archiepiscopi,</strong></span> <span class='ocrx_word' id='word_1_179' title='bbox 2405 3986 2665 4058; x_wconf 83' lang='lat' dir='ltr'><strong>cpiscOpi,</strong></span> <span class='ocrx_word' id='word_1_180' title='bbox 2700 3988 2805 4040; x_wconf 88' lang='lat' dir='ltr'><strong>etc.</strong></span> 
     </span>
    </p>
   </div>
   <div class='ocr_carea' id='block_1_26' title="bbox 117 4069 3429 4145">
    <p class='ocr_par' dir='ltr' id='par_1_26' title="bbox 117 4069 3429 4145">
     <span class='ocr_line' id='line_1_26' title="bbox 117 4069 3429 4145; baseline -0.001 -18"><span class='ocrx_word' id='word_1_181' title='bbox 117 4070 220 4127; x_wconf 93' lang='lat' dir='ltr'><strong>III.</strong></span> <span class='ocrx_word' id='word_1_182' title='bbox 252 4071 328 4128; x_wconf 87' lang='lat' dir='ltr'><strong>De</strong></span> <span class='ocrx_word' id='word_1_183' title='bbox 347 4073 574 4145; x_wconf 80' lang='lat' dir='ltr'><strong>justitia</strong></span> <span class='ocrx_word' id='word_1_184' title='bbox 600 4081 810 4130; x_wconf 72' lang='lat' dir='ltr'><strong>sancta:</strong></span> <span class='ocrx_word' id='word_1_185' title='bbox 837 4073 1100 4129; x_wconf 65' lang='lat' dir='ltr'><strong>ecclesiae.</strong></span> <span class='ocrx_word' id='word_1_186' title='bbox 1883 4072 2030 4128; x_wconf 84' lang='lat' dir='ltr'><strong>XIII.</strong></span> <span class='ocrx_word' id='word_1_187' title='bbox 2061 4074 2135 4129; x_wconf 89' lang='lat' dir='ltr'><strong>De</strong></span> <span class='ocrx_word' id='word_1_188' title='bbox 2165 4074 2436 4130; x_wconf 81' lang='lat' dir='ltr'><strong>thesauris</strong></span> <span class='ocrx_word' id='word_1_189' title='bbox 2469 4075 2530 4129; x_wconf 87' lang='lat' dir='ltr'><strong>in</strong></span> <span class='ocrx_word' id='word_1_190' title='bbox 2561 4077 2709 4129; x_wconf 89' lang='lat' dir='ltr'><strong>terra</strong></span> <span class='ocrx_word' id='word_1_191' title='bbox 2737 4070 3065 4127; x_wconf 80' lang='lat' dir='ltr'><strong>absconditis</strong></span> <span class='ocrx_word' id='word_1_192' title='bbox 3099 4077 3152 4126; x_wconf 85' lang='lat' dir='ltr'><strong>et</strong></span> <span class='ocrx_word' id='word_1_193' title='bbox 3179 4069 3429 4125; x_wconf 78' lang='lat' dir='ltr'><strong>inventis.</strong></span> 
     </span>
    </p>
   </div>
   <div class='ocr_carea' id='block_1_27' title="bbox 119 4156 3540 4233">
    <p class='ocr_par' dir='ltr' id='par_1_27' title="bbox 119 4156 3540 4233">
     <span class='ocr_line' id='line_1_27' title="bbox 119 4156 3540 4233; baseline -0.002 -17"><span class='ocrx_word' id='word_1_194' title='bbox 119 4159 215 4216; x_wconf 88' lang='lat' dir='ltr'><strong>IV.</strong></span> <span class='ocrx_word' id='word_1_195' title='bbox 248 4160 323 4217; x_wconf 88' lang='lat' dir='ltr'><strong>De</strong></span> <span class='ocrx_word' id='word_1_196' title='bbox 349 4163 620 4217; x_wconf 83' lang='lat' dir='ltr'><strong>universis</strong></span> <span class='ocrx_word' id='word_1_197' title='bbox 652 4162 959 4217; x_wconf 79' lang='lat' dir='ltr'><strong>tenentibus</strong></span> <span class='ocrx_word' id='word_1_198' title='bbox 981 4161 1047 4217; x_wconf 91' lang='lat' dir='ltr'><strong>de</strong></span> <span class='ocrx_word' id='word_1_199' title='bbox 1074 4163 1314 4219; x_wconf 81' lang='lat' dir='ltr'><strong>ecclesia.</strong></span> <span class='ocrx_word' id='word_1_200' title='bbox 1887 4159 2032 4216; x_wconf 88' lang='lat' dir='ltr'><strong>XIV.</strong></span> <span class='ocrx_word' id='word_1_201' title='bbox 2064 4161 2206 4229; x_wconf 85' lang='lat' dir='ltr'><strong>Quid</strong></span> <span class='ocrx_word' id='word_1_202' title='bbox 2235 4163 2306 4217; x_wconf 86' lang='lat' dir='ltr'><strong>sit</strong></span> <span class='ocrx_word' id='word_1_203' title='bbox 2328 4165 2472 4233; x_wconf 90' lang='lat' dir='ltr'><strong>regis</strong></span> <span class='ocrx_word' id='word_1_204' title='bbox 2502 4161 2768 4232; x_wconf 77' lang='lat' dir='ltr'><strong>ofﬁcium,</strong></span> <span class='ocrx_word' id='word_1_205' title='bbox 2793 4162 2845 4215; x_wconf 92' lang='lat' dir='ltr'><strong>et</strong></span> <span class='ocrx_word' id='word_1_206' title='bbox 2873 4159 2940 4215; x_wconf 85' lang='lat' dir='ltr'><strong>de</strong></span> <span class='ocrx_word' id='word_1_207' title='bbox 2967 4157 3159 4214; x_wconf 85' lang='lat' dir='ltr'><strong>Carolo</strong></span> <span class='ocrx_word' id='word_1_208' title='bbox 3209 4164 3262 4213; x_wconf 90' lang='lat' dir='ltr'><strong>et</strong></span> <span class='ocrx_word' id='word_1_209' title='bbox 3306 4156 3540 4229; x_wconf 85' lang='lat' dir='ltr'><strong>Pippino</strong></span> 
     </span>
    </p>
   </div>
   <div class='ocr_carea' id='block_1_28' title="bbox 116 4246 2991 4322">
    <p class='ocr_par' dir='ltr' id='par_1_28' title="bbox 116 4246 2991 4322">
     <span class='ocr_line' id='line_1_28' title="bbox 116 4246 2991 4322; baseline -0 -20"><span class='ocrx_word' id='word_1_210' title='bbox 116 4247 187 4304; x_wconf 93' lang='lat' dir='ltr'><strong>V.</strong></span> <span class='ocrx_word' id='word_1_211' title='bbox 224 4248 300 4305; x_wconf 74' lang='lat' dir='ltr'><strong>Ite</strong></span> <span class='ocrx_word' id='word_1_212' title='bbox 323 4251 434 4304; x_wconf 82' lang='lat' dir='ltr'><strong>reis</strong></span> <span class='ocrx_word' id='word_1_213' title='bbox 463 4249 534 4304; x_wconf 85' lang='lat' dir='ltr'><strong>ad</strong></span> <span class='ocrx_word' id='word_1_214' title='bbox 558 4250 840 4305; x_wconf 84' lang='lat' dir='ltr'><strong>ecclesiam</strong></span> <span class='ocrx_word' id='word_1_215' title='bbox 866 4251 1227 4320; x_wconf 80' lang='lat' dir='ltr'><strong>fugientibus.</strong></span> <span class='ocrx_word' id='word_1_216' title='bbox 1955 4250 2131 4318; x_wconf 85' lang='lat' dir='ltr'><strong>fratre</strong></span> <span class='ocrx_word' id='word_1_217' title='bbox 2158 4249 2316 4322; x_wconf 86' lang='lat' dir='ltr'><strong>[leg.,</strong></span> <span class='ocrx_word' id='word_1_218' title='bbox 2350 4249 2483 4319; x_wconf 86' lang='lat' dir='ltr'><strong>ﬁlio]</strong></span> <span class='ocrx_word' id='word_1_219' title='bbox 2516 4249 2634 4321; x_wconf 87' lang='lat' dir='ltr'><strong>ejus</strong></span> <span class='ocrx_word' id='word_1_220' title='bbox 2663 4246 2991 4319; x_wconf 75' lang='lat' dir='ltr'><strong>exemplum.</strong></span> 
     </span>
    </p>
   </div>
   <div class='ocr_carea' id='block_1_29' title="bbox 116 4335 3543 4410">
    <p class='ocr_par' dir='ltr' id='par_1_29' title="bbox 116 4335 3543 4410">
     <span class='ocr_line' id='line_1_29' title="bbox 116 4335 3543 4410; baseline -0.001 -19"><span class='ocrx_word' id='word_1_221' title='bbox 116 4336 214 4392; x_wconf 91' lang='lat' dir='ltr'><strong>VI.</strong></span> <span class='ocrx_word' id='word_1_222' title='bbox 248 4337 323 4392; x_wconf 89' lang='lat' dir='ltr'><strong>De</strong></span> <span class='ocrx_word' id='word_1_223' title='bbox 344 4339 617 4408; x_wconf 82' lang='lat' dir='ltr'><strong>fractione</strong></span> <span class='ocrx_word' id='word_1_224' title='bbox 640 4339 797 4409; x_wconf 90' lang='lat' dir='ltr'><strong>pacis</strong></span> <span class='ocrx_word' id='word_1_225' title='bbox 825 4339 1069 4394; x_wconf 75' lang='lat' dir='ltr'><strong>ecclesiae</strong></span> <span class='ocrx_word' id='word_1_226' title='bbox 1094 4339 1460 4409; x_wconf 79' lang='lat' dir='ltr'><strong>fugientibus.</strong></span> <span class='ocrx_word' id='word_1_227' title='bbox 1884 4337 1999 4392; x_wconf 87' lang='lat' dir='ltr'><strong>XV.</strong></span> <span class='ocrx_word' id='word_1_228' title='bbox 2032 4339 2107 4394; x_wconf 89' lang='lat' dir='ltr'><strong>De</strong></span> <span class='ocrx_word' id='word_1_229' title='bbox 2146 4337 2440 4395; x_wconf 88' lang='lat' dir='ltr'><strong>baronibus</strong></span> <span class='ocrx_word' id='word_1_230' title='bbox 2487 4339 2583 4410; x_wconf 88' lang='lat' dir='ltr'><strong>qui</strong></span> <span class='ocrx_word' id='word_1_231' title='bbox 2626 4353 2753 4394; x_wconf 85' lang='lat' dir='ltr'><strong>suas</strong></span> <span class='ocrx_word' id='word_1_232' title='bbox 2798 4335 2994 4392; x_wconf 82' lang='lat' dir='ltr'><strong>habent</strong></span> <span class='ocrx_word' id='word_1_233' title='bbox 3023 4337 3205 4392; x_wconf 88' lang='lat' dir='ltr'><strong>curias</strong></span> <span class='ocrx_word' id='word_1_234' title='bbox 3250 4344 3543 4394; x_wconf 65' lang='lat' dir='ltr'><strong>consuetu.</strong></span> 
     </span>
    </p>
   </div>
   <div class='ocr_carea' id='block_1_30' title="bbox 115 4424 3482 4500">
    <p class='ocr_par' dir='ltr' id='par_1_30' title="bbox 115 4424 3482 4500">
     <span class='ocr_line' id='line_1_30' title="bbox 115 4424 3482 4500; baseline 0.001 -20"><span class='ocrx_word' id='word_1_235' title='bbox 115 4424 241 4482; x_wconf 87' lang='lat' dir='ltr'><strong>VII.</strong></span> <span class='ocrx_word' id='word_1_236' title='bbox 273 4425 349 4481; x_wconf 87' lang='lat' dir='ltr'><strong>De</strong></span> <span class='ocrx_word' id='word_1_237' title='bbox 377 4424 602 4482; x_wconf 85' lang='lat' dir='ltr'><strong>decimis</strong></span> <span class='ocrx_word' id='word_1_238' title='bbox 628 4427 864 4482; x_wconf 55' lang='lat' dir='ltr'><strong>ecclesiis</strong></span> <span class='ocrx_word' id='word_1_239' title='bbox 893 4426 1204 4496; x_wconf 83' lang='lat' dir='ltr'><strong>reddendis,</strong></span> <span class='ocrx_word' id='word_1_240' title='bbox 1236 4427 1300 4483; x_wconf 86' lang='lat' dir='ltr'><strong>de</strong></span> <span class='ocrx_word' id='word_1_241' title='bbox 1331 4427 1516 4482; x_wconf 79' lang='lat' dir='ltr'><strong>ovibus</strong></span> <span class='ocrx_word' id='word_1_242' title='bbox 1553 4435 1604 4482; x_wconf 88' lang='lat' dir='ltr'><strong>et</strong></span> <span class='ocrx_word' id='word_1_243' title='bbox 1645 4443 1774 4500; x_wconf 89' lang='lat' dir='ltr'><strong>por—</strong></span> <span class='ocrx_word' id='word_1_244' title='bbox 1957 4426 2133 4482; x_wconf 80' lang='lat' dir='ltr'><strong>dines.</strong></span> <span class='ocrx_word' id='word_1_245' title='bbox 3478 4425 3482 4428; x_wconf 74' lang='grc'><em>’</em></span> 
     </span>
    </p>
   </div>
   <div class='ocr_carea' id='block_1_31' title="bbox 192 4513 2346 4572">
    <p class='ocr_par' dir='ltr' id='par_1_31' title="bbox 192 4513 2346 4572">
     <span class='ocr_line' id='line_1_31' title="bbox 192 4513 2346 4572; baseline 0 -2"><span class='ocrx_word' id='word_1_246' title='bbox 192 4513 369 4570; x_wconf 83' lang='lat' dir='ltr'><strong>cellis.</strong></span> <span class='ocrx_word' id='word_1_247' title='bbox 1884 4513 2029 4569; x_wconf 87' lang='lat' dir='ltr'><strong>XVI.</strong></span> <span class='ocrx_word' id='word_1_248' title='bbox 2059 4517 2134 4570; x_wconf 90' lang='lat' dir='ltr'><strong>De</strong></span> <span class='ocrx_word' id='word_1_249' title='bbox 2161 4517 2346 4572; x_wconf 86' lang='lat' dir='ltr'><strong>sacha.</strong></span> 
     </span>
    </p>
   </div>
   <div class='ocr_carea' id='block_1_32' title="bbox 116 4602 2327 4677">
    <p class='ocr_par' dir='ltr' id='par_1_32' title="bbox 116 4602 2327 4677">
     <span class='ocr_line' id='line_1_32' title="bbox 116 4602 2327 4677; baseline 0 -19"><span class='ocrx_word' id='word_1_250' title='bbox 116 4603 270 4659; x_wconf 88' lang='lat' dir='ltr'><strong>VIII.</strong></span> <span class='ocrx_word' id='word_1_251' title='bbox 305 4604 378 4661; x_wconf 91' lang='lat' dir='ltr'><strong>De</strong></span> <span class='ocrx_word' id='word_1_252' title='bbox 407 4604 624 4677; x_wconf 83' lang='lat' dir='ltr'><strong>apibus,</strong></span> <span class='ocrx_word' id='word_1_253' title='bbox 656 4612 708 4661; x_wconf 91' lang='lat' dir='ltr'><strong>et</strong></span> <span class='ocrx_word' id='word_1_254' title='bbox 738 4606 869 4661; x_wconf 89' lang='lat' dir='ltr'><strong>aliis</strong></span> <span class='ocrx_word' id='word_1_255' title='bbox 894 4605 1085 4660; x_wconf 84' lang='lat' dir='ltr'><strong>multis</strong></span> <span class='ocrx_word' id='word_1_256' title='bbox 1113 4606 1345 4660; x_wconf 86' lang='lat' dir='ltr'><strong>minutis</strong></span> <span class='ocrx_word' id='word_1_257' title='bbox 1372 4604 1618 4659; x_wconf 83' lang='lat' dir='ltr'><strong>decimis.</strong></span> <span class='ocrx_word' id='word_1_258' title='bbox 1886 4602 2058 4657; x_wconf 87' lang='lat' dir='ltr'><strong>XVII.</strong></span> <span class='ocrx_word' id='word_1_259' title='bbox 2084 4604 2157 4658; x_wconf 92' lang='lat' dir='ltr'><strong>De</strong></span> <span class='ocrx_word' id='word_1_260' title='bbox 2183 4620 2327 4659; x_wconf 90' lang='lat' dir='ltr'><strong>soca.</strong></span> 
     </span>
    </p>
   </div>
   <div class='ocr_carea' id='block_1_33' title="bbox 119 4689 2352 4766">
    <p class='ocr_par' dir='ltr' id='par_1_33' title="bbox 119 4689 2352 4766">
     <span class='ocr_line' id='line_1_33' title="bbox 119 4689 2352 4766; baseline -0.002 -18"><span class='ocrx_word' id='word_1_261' title='bbox 119 4692 215 4750; x_wconf 89' lang='lat' dir='ltr'><strong>IX.</strong></span> <span class='ocrx_word' id='word_1_262' title='bbox 247 4693 322 4750; x_wconf 88' lang='lat' dir='ltr'><strong>De</strong></span> <span class='ocrx_word' id='word_1_263' title='bbox 352 4691 438 4749; x_wconf 85' lang='lat' dir='ltr'><strong>his</strong></span> <span class='ocrx_word' id='word_1_264' title='bbox 465 4695 564 4766; x_wconf 86' lang='lat' dir='ltr'><strong>qui</strong></span> <span class='ocrx_word' id='word_1_265' title='bbox 590 4693 661 4750; x_wconf 87' lang='lat' dir='ltr'><strong>ad</strong></span> <span class='ocrx_word' id='word_1_266' title='bbox 699 4694 976 4766; x_wconf 84' lang='lat' dir='ltr'><strong>judicium</strong></span> <span class='ocrx_word' id='word_1_267' title='bbox 1020 4694 1163 4765; x_wconf 80' lang='lat' dir='ltr'><strong>ferri</strong></span> <span class='ocrx_word' id='word_1_268' title='bbox 1213 4694 1298 4748; x_wconf 88' lang='lat' dir='ltr'><strong>vel</strong></span> <span class='ocrx_word' id='word_1_269' title='bbox 1345 4709 1500 4765; x_wconf 68' lang='lat' dir='ltr'><strong>aquae</strong></span> <span class='ocrx_word' id='word_1_270' title='bbox 1535 4691 1777 4765; x_wconf 78' lang='lat' dir='ltr'><strong>judicati</strong></span> <span class='ocrx_word' id='word_1_271' title='bbox 1883 4689 2081 4747; x_wconf 88' lang='lat' dir='ltr'><strong>XVIII.</strong></span> <span class='ocrx_word' id='word_1_272' title='bbox 2115 4693 2192 4747; x_wconf 91' lang='lat' dir='ltr'><strong>De</strong></span> <span class='ocrx_word' id='word_1_273' title='bbox 2218 4691 2352 4746; x_wconf 88' lang='lat' dir='ltr'><strong>thol.</strong></span> 
     </span>
    </p>
   </div>
   <div class='ocr_carea' id='block_1_34' title="bbox 191 4779 2364 4856">
    <p class='ocr_par' dir='ltr' id='par_1_34' title="bbox 191 4779 2364 4856">
     <span class='ocr_line' id='line_1_34' title="bbox 191 4779 2364 4856; baseline -0.002 -19"><span class='ocrx_word' id='word_1_274' title='bbox 191 4790 320 4838; x_wconf 84' lang='lat' dir='ltr'><strong>sunt</strong></span> <span class='ocrx_word' id='word_1_275' title='bbox 343 4798 446 4855; x_wconf 89' lang='lat' dir='ltr'><strong>per</strong></span> <span class='ocrx_word' id='word_1_276' title='bbox 464 4784 745 4855; x_wconf 83' lang='lat' dir='ltr'><strong>justitiam</strong></span> <span class='ocrx_word' id='word_1_277' title='bbox 773 4785 935 4856; x_wconf 87' lang='lat' dir='ltr'><strong>regis.</strong></span> <span class='ocrx_word' id='word_1_278' title='bbox 1882 4779 2022 4834; x_wconf 88' lang='lat' dir='ltr'><strong>XIX.</strong></span> <span class='ocrx_word' id='word_1_279' title='bbox 2058 4780 2131 4836; x_wconf 88' lang='lat' dir='ltr'><strong>De</strong></span> <span class='ocrx_word' id='word_1_280' title='bbox 2163 4780 2364 4834; x_wconf 87' lang='lat' dir='ltr'><strong>theam.</strong></span> 
     </span>
    </p>
   </div>
   <div class='ocr_carea' id='block_1_35' title="bbox 116 4867 2496 4944">
    <p class='ocr_par' dir='ltr' id='par_1_35' title="bbox 116 4867 2496 4944">
     <span class='ocr_line' id='line_1_35' title="bbox 116 4867 2496 4944; baseline -0.002 -18"><span class='ocrx_word' id='word_1_281' title='bbox 116 4870 184 4927; x_wconf 91' lang='lat' dir='ltr'><strong>X.</strong></span> <span class='ocrx_word' id='word_1_282' title='bbox 218 4871 296 4926; x_wconf 90' lang='lat' dir='ltr'><strong>De</strong></span> <span class='ocrx_word' id='word_1_283' title='bbox 317 4871 542 4929; x_wconf 88' lang='lat' dir='ltr'><strong>denario</strong></span> <span class='ocrx_word' id='word_1_284' title='bbox 570 4874 750 4929; x_wconf 85' lang='lat' dir='ltr'><strong>sancti</strong></span> <span class='ocrx_word' id='word_1_285' title='bbox 777 4875 953 4940; x_wconf 88' lang='lat' dir='ltr'><strong>Petri,</strong></span> <span class='ocrx_word' id='word_1_286' title='bbox 985 4872 1125 4944; x_wconf 85' lang='lat' dir='ltr'><strong>quod</strong></span> <span class='ocrx_word' id='word_1_287' title='bbox 1175 4873 1400 4943; x_wconf 85' lang='lat' dir='ltr'><strong>Anglice</strong></span> <span class='ocrx_word' id='word_1_288' title='bbox 1442 4871 1646 4927; x_wconf 86' lang='lat' dir='ltr'><strong>dicitur</strong></span> <span class='ocrx_word' id='word_1_289' title='bbox 1676 4872 1774 4927; x_wconf 82' lang='lat' dir='ltr'><strong>Ro-</strong></span> <span class='ocrx_word' id='word_1_290' title='bbox 1885 4867 1997 4923; x_wconf 88' lang='lat' dir='ltr'><strong>XX.</strong></span> <span class='ocrx_word' id='word_1_291' title='bbox 2037 4868 2106 4924; x_wconf 91' lang='lat' dir='ltr'><strong>De</strong></span> <span class='ocrx_word' id='word_1_292' title='bbox 2135 4867 2496 4940; x_wconf 81' lang='lat' dir='ltr'><strong>in/angthe/e.</strong></span> 
     </span>
    </p>
   </div>
   <div class='ocr_carea' id='block_1_36' title="bbox 193 4957 2383 5018">
    <p class='ocr_par' dir='ltr' id='par_1_36' title="bbox 193 4957 2383 5018">
     <span class='ocr_line' id='line_1_36' title="bbox 193 4957 2383 5018; baseline -0.003 -2"><span class='ocrx_word' id='word_1_293' title='bbox 193 4964 415 5018; x_wconf 88' lang='lat' dir='ltr'><strong>mescot.</strong></span> <span class='ocrx_word' id='word_1_294' title='bbox 1882 4957 2026 5012; x_wconf 85' lang='lat' dir='ltr'><strong>XXI.</strong></span> <span class='ocrx_word' id='word_1_295' title='bbox 2057 4957 2131 5012; x_wconf 90' lang='lat' dir='ltr'><strong>De</strong></span> <span class='ocrx_word' id='word_1_296' title='bbox 2157 4957 2383 5013; x_wconf 74' lang='lat' dir='ltr'><strong>Iudaeis.</strong></span> 
     </span>
    </p>
   </div>
   <div class='ocr_carea' id='block_1_37' title="bbox 118 5043 2957 5138">
    <p class='ocr_par' dir='ltr' id='par_1_37' title="bbox 118 5043 2957 5138">
     <span class='ocr_line' id='line_1_37' title="bbox 118 5043 2957 5138; baseline -0.001 -35"><span class='ocrx_word' id='word_1_297' title='bbox 118 5051 220 5104; x_wconf 90' lang='lat' dir='ltr'><strong>XI.</strong></span> <span class='ocrx_word' id='word_1_298' title='bbox 255 5048 398 5117; x_wconf 84' lang='lat' dir='ltr'><strong>Quid</strong></span> <span class='ocrx_word' id='word_1_299' title='bbox 423 5051 496 5106; x_wconf 88' lang='lat' dir='ltr'><strong>sit</strong></span> <span class='ocrx_word' id='word_1_300' title='bbox 524 5049 904 5122; x_wconf 86' lang='lat' dir='ltr'><strong>danegeldum,</strong></span> <span class='ocrx_word' id='word_1_301' title='bbox 935 5053 988 5106; x_wconf 87' lang='lat' dir='ltr'><strong>et</strong></span> <span class='ocrx_word' id='word_1_302' title='bbox 1017 5065 1127 5120; x_wconf 90' lang='lat' dir='ltr'><strong>qua</strong></span> <span class='ocrx_word' id='word_1_303' title='bbox 1155 5051 1433 5105; x_wconf 85' lang='lat' dir='ltr'><strong>occasione</strong></span> <span class='ocrx_word' id='word_1_304' title='bbox 1461 5051 1532 5104; x_wconf 88' lang='lat' dir='ltr'><strong>sit</strong></span> <span class='ocrx_word' id='word_1_305' title='bbox 1569 5050 1772 5106; x_wconf 87' lang='lat' dir='ltr'><strong>consti-</strong></span> <span class='ocrx_word' id='word_1_306' title='bbox 1804 5069 1847 5138; x_wconf 70' lang='grc' dir='ltr'><strong>ρ</strong></span> <span class='ocrx_word' id='word_1_307' title='bbox 1885 5045 2051 5102; x_wconf 90' lang='grc' dir='ltr'>ΧΧΙΙ.</span> <span class='ocrx_word' id='word_1_308' title='bbox 2086 5048 2368 5102; x_wconf 86' lang='lat' dir='ltr'><strong>Decretum</strong></span> <span class='ocrx_word' id='word_1_309' title='bbox 2396 5046 2540 5118; x_wconf 88' lang='lat' dir='ltr'><strong>regis</strong></span> <span class='ocrx_word' id='word_1_310' title='bbox 2569 5043 2634 5101; x_wconf 88' lang='lat' dir='ltr'><strong>de</strong></span> <span class='ocrx_word' id='word_1_311' title='bbox 2660 5045 2957 5100; x_wconf 87' lang='lat' dir='ltr'><strong>usurariis.</strong></span> 
     </span>
    </p>
   </div>
   <div class='ocr_carea' id='block_1_38' title="bbox 191 5180 3535 5324">
    <p class='ocr_par' dir='ltr' id='par_1_38' title="bbox 191 5180 3535 5324">
     <span class='ocr_line' id='line_1_38' title="bbox 191 5180 3535 5324; baseline -0 -69"><span class='ocrx_word' id='word_1_312' title='bbox 191 5180 269 5274; x_wconf 67' lang='lat' dir='ltr'><strong>(l)</strong></span> <span class='ocrx_word' id='word_1_313' title='bbox 299 5201 736 5324; x_wconf 45' lang='lat' dir='ltr'><strong>Pseudon¥mas</strong></span> <span class='ocrx_word' id='word_1_314' title='bbox 759 5201 870 5257; x_wconf 88' lang='lat' dir='ltr'><strong>has</strong></span> <span class='ocrx_word' id='word_1_315' title='bbox 898 5199 1056 5273; x_wconf 86' lang='lat' dir='ltr'><strong>leges</strong></span> <span class='ocrx_word' id='word_1_316' title='bbox 1086 5214 1214 5255; x_wconf 89' lang='lat' dir='ltr'><strong>esse</strong></span> <span class='ocrx_word' id='word_1_317' title='bbox 1234 5199 1532 5256; x_wconf 88' lang='lat' dir='ltr'><strong>contendit</strong></span> <span class='ocrx_word' id='word_1_318' title='bbox 1559 5199 1769 5256; x_wconf 85' lang='lat' dir='ltr'><strong>Hickes</strong></span> <span class='ocrx_word' id='word_1_319' title='bbox 1878 5196 1972 5324; x_wconf 55' lang='lat' dir='ltr'><strong>sic</strong></span> <span class='ocrx_word' id='word_1_320' title='bbox 2002 5195 2421 5278; x_wconf 79' lang='lat' dir='ltr'><strong>Saxonicorum</strong></span> <span class='ocrx_word' id='word_1_321' title='bbox 2473 5199 2530 5252; x_wconf 93' lang='lat' dir='ltr'><strong>et</strong></span> <span class='ocrx_word' id='word_1_322' title='bbox 2575 5195 2873 5278; x_wconf 71' lang='lat' dir='ltr'><strong>Danorum</strong></span> <span class='ocrx_word' id='word_1_323' title='bbox 2923 5209 3128 5279; x_wconf 74' lang='lat' dir='ltr'><strong>regum</strong></span> <span class='ocrx_word' id='word_1_324' title='bbox 3174 5195 3246 5250; x_wconf 87' lang='lat' dir='ltr'><strong>ab</strong></span> <span class='ocrx_word' id='word_1_325' title='bbox 3295 5195 3535 5281; x_wconf 76' lang='lat' dir='ltr'><strong>Edwar-</strong></span> 
     </span>
     <span class='ocr_line' id='line_1_39' title="bbox 191 5265 3535 5324; baseline 0 0"><span class='ocrx_word' id='word_1_326' title='bbox 191 5276 363 5324; x_wconf 85' lang='lat' dir='ltr'><strong>ssert.</strong></span> <span class='ocrx_word' id='word_1_327' title='bbox 396 5277 582 5324; x_wconf 80' lang='lat' dir='ltr'><strong>emsto</strong></span> <span class='ocrx_word' id='word_1_328' title='bbox 612 5271 757 5324; x_wconf 82' lang='lat' dir='ltr'><strong>..fol.</strong></span> <span class='ocrx_word' id='word_1_329' title='bbox 787 5273 879 5324; x_wconf 88' lang='grc'><strong>55.</strong></span> <span class='ocrx_word' id='word_1_330' title='bbox 911 5276 968 5324; x_wconf 87' lang='lat' dir='ltr'><strong>et</strong></span> <span class='ocrx_word' id='word_1_331' title='bbox 994 5269 1189 5324; x_wconf 89' lang='lat' dir='ltr'><strong>nullas</strong></span> <span class='ocrx_word' id='word_1_332' title='bbox 1220 5270 1294 5324; x_wconf 91' lang='lat' dir='ltr'><strong>ab</strong></span> <span class='ocrx_word' id='word_1_333' title='bbox 1322 5270 1613 5324; x_wconf 86' lang='lat' dir='ltr'><strong>Edwardo</strong></span> <span class='ocrx_word' id='word_1_334' title='bbox 1635 5287 1770 5324; x_wconf 68' lang='lat' dir='ltr'><strong>reae</strong></span> <span class='ocrx_word' id='word_1_335' title='bbox 1920 5285 1952 5323; x_wconf 93' lang='grc' dir='ltr'>ο</span> <span class='ocrx_word' id='word_1_336' title='bbox 2009 5271 2253 5323; x_wconf 76' lang='lat' dir='ltr'><strong>mutatis</strong></span> <span class='ocrx_word' id='word_1_337' title='bbox 2309 5271 2367 5322; x_wconf 86' lang='lat' dir='ltr'><strong>et</strong></span> <span class='ocrx_word' id='word_1_338' title='bbox 2423 5272 2701 5324; x_wconf 76' lang='lat' dir='ltr'><strong>correctis</strong></span> <span class='ocrx_word' id='word_1_339' title='bbox 2759 5265 3204 5324; x_wconf 69' lang='lat' dir='ltr'><strong>intellmendum</strong></span> <span class='ocrx_word' id='word_1_340' title='bbox 3235 5273 3342 5322; x_wconf 89' lang='lat' dir='ltr'><strong>est.</strong></span> <span class='ocrx_word' id='word_1_341' title='bbox 3389 5268 3535 5324; x_wconf 75' lang='lat' dir='ltr'><strong>Huic</strong></span> 
     </span>
    </p>
   </div>
   <div class='ocr_carea' id='block_1_39' title="bbox 118 5265 3536 5344">
    <p class='ocr_par' dir='ltr' id='par_1_39' title="bbox 118 5265 3536 5344">
     <span class='ocr_line' id='line_1_40' title="bbox 118 5265 3536 5344; baseline 0 -18"><span class='ocrx_word' id='word_1_342' title='bbox 118 5265 363 5344; x_wconf 75' lang='lat' dir='ltr'><strong>Dissert.</strong></span> <span class='ocrx_word' id='word_1_343' title='bbox 396 5265 757 5343; x_wconf 74' lang='lat' dir='ltr'><strong>epistoI.,fol.</strong></span> <span class='ocrx_word' id='word_1_344' title='bbox 787 5273 879 5339; x_wconf 88' lang='grc'><strong>55,</strong></span> <span class='ocrx_word' id='word_1_345' title='bbox 898 5265 987 5344; x_wconf 47' lang='lat' dir='ltr'><strong>et:</strong></span> <span class='ocrx_word' id='word_1_346' title='bbox 994 5269 1189 5326; x_wconf 89' lang='lat' dir='ltr'><strong>nullas</strong></span> <span class='ocrx_word' id='word_1_347' title='bbox 1220 5270 1294 5326; x_wconf 91' lang='lat' dir='ltr'><strong>ab</strong></span> <span class='ocrx_word' id='word_1_348' title='bbox 1322 5270 1613 5344; x_wconf 68' lang='lat' dir='ltr'><strong>Edwardo</strong></span> <span class='ocrx_word' id='word_1_349' title='bbox 1635 5287 1770 5344; x_wconf 89' lang='lat' dir='ltr'><strong>rege</strong></span> <span class='ocrx_word' id='word_1_350' title='bbox 1878 5265 1983 5344; x_wconf 77' lang='lat' dir='ltr'><strong>do__</strong></span> <span class='ocrx_word' id='word_1_351' title='bbox 2009 5267 2265 5344; x_wconf 74' lang='lat' dir='ltr'><strong>mutatis</strong></span> <span class='ocrx_word' id='word_1_352' title='bbox 2309 5271 2367 5322; x_wconf 86' lang='lat' dir='ltr'><strong>et</strong></span> <span class='ocrx_word' id='word_1_353' title='bbox 2423 5267 2701 5344; x_wconf 87' lang='lat' dir='ltr'><strong>correctis</strong></span> <span class='ocrx_word' id='word_1_354' title='bbox 2759 5265 3204 5344; x_wconf 61' lang='lat' dir='ltr'><strong>intelligendum</strong></span> <span class='ocrx_word' id='word_1_355' title='bbox 3235 5273 3342 5344; x_wconf 89' lang='lat' dir='ltr'><strong>e_st_.</strong></span> <span class='ocrx_word' id='word_1_356' title='bbox 3389 5268 3536 5326; x_wconf 86' lang='lat' dir='ltr'><strong>Huic</strong></span> 
     </span>
    </p>
   </div>
   <div class='ocr_carea' id='block_1_40' title="bbox 118 5337 3534 5416">
    <p class='ocr_par' dir='ltr' id='par_1_40' title="bbox 118 5337 3534 5416">
     <span class='ocr_line' id='line_1_41' title="bbox 118 5337 3534 5416; baseline -0 -19"><span class='ocrx_word' id='word_1_357' title='bbox 118 5341 290 5416; x_wconf 71' lang='lat' dir='ltr'><strong>leges</strong></span> <span class='ocrx_word' id='word_1_358' title='bbox 311 5337 492 5400; x_wconf 81' lang='lat' dir='ltr'><strong>fuisse</strong></span> <span class='ocrx_word' id='word_1_359' title='bbox 519 5337 785 5416; x_wconf 73' lang='lat' dir='ltr'><strong>conditas</strong></span> <span class='ocrx_word' id='word_1_360' title='bbox 809 5337 1057 5416; x_wconf 82' lang='lat' dir='ltr'><strong>cuilibet</strong></span> <span class='ocrx_word' id='word_1_361' title='bbox 1088 5345 1344 5409; x_wconf 88' lang='lat' dir='ltr'><strong>constat;</strong></span> <span class='ocrx_word' id='word_1_362' title='bbox 1386 5341 1599 5396; x_wconf 90' lang='lat' dir='ltr'><strong>idcirco</strong></span> <span class='ocrx_word' id='word_1_363' title='bbox 1631 5337 1767 5397; x_wconf 70' lang='lat' dir='ltr'><strong>cum</strong></span> <span class='ocrx_word' id='word_1_364' title='bbox 1878 5337 2204 5416; x_wconf 79' lang='lat' dir='ltr'><strong>collectioni</strong></span> <span class='ocrx_word' id='word_1_365' title='bbox 2253 5337 2451 5416; x_wconf 83' lang='lat' dir='ltr'><strong>legum</strong></span> <span class='ocrx_word' id='word_1_366' title='bbox 2499 5343 2631 5410; x_wconf 90' lang='lat' dir='ltr'><strong>post</strong></span> <span class='ocrx_word' id='word_1_367' title='bbox 2671 5337 3266 5416; x_wconf 43' lang='lat' dir='ltr'><strong>temporajh’ilhel‘mi</strong></span> <span class='ocrx_word' id='word_1_368' title='bbox 3314 5339 3336 5394; x_wconf 94' lang='grc' dir='ltr'><strong>Ι</strong></span> <span class='ocrx_word' id='word_1_369' title='bbox 3382 5356 3534 5416; x_wconf 70' lang='lat' dir='ltr'><strong>quaa-</strong></span> 
     </span>
    </p>
   </div>
   <div class='ocr_carea' id='block_1_41' title="bbox 119 5407 3536 5492">
    <p class='ocr_par' dir='ltr' id='par_1_41' title="bbox 119 5407 3536 5492">
     <span class='ocr_line' id='line_1_42' title="bbox 119 5407 3536 5492; baseline -0.001 -22"><span class='ocrx_word' id='word_1_370' title='bbox 119 5407 294 5492; x_wconf 75' lang='lat' dir='ltr'><strong>Afigli</strong></span> <span class='ocrx_word' id='word_1_371' title='bbox 350 5431 454 5487; x_wconf 89' lang='lat' dir='ltr'><strong>per</strong></span> <span class='ocrx_word' id='word_1_372' title='bbox 481 5413 706 5492; x_wconf 80' lang='lat' dir='ltr'><strong>aliquot</strong></span> <span class='ocrx_word' id='word_1_373' title='bbox 723 5407 1338 5492; x_wconf 43' lang='lat' dir='ltr'><strong>principumsuorum&#39;</strong></span> <span class='ocrx_word' id='word_1_374' title='bbox 1354 5416 1488 5492; x_wconf 78' lang='lat' dir='ltr'><strong>post</strong></span> <span class='ocrx_word' id='word_1_375' title='bbox 1507 5428 1765 5492; x_wconf 78' lang='lat' dir='ltr'><strong>conque-</strong></span> <span class='ocrx_word' id='word_1_376' title='bbox 1879 5412 2016 5492; x_wconf 79' lang='lat' dir='ltr'><strong>dam</strong></span> <span class='ocrx_word' id='word_1_377' title='bbox 2041 5407 2445 5492; x_wconf 56' lang='lat' dir='ltr'><strong>accesserunt;</strong></span> <span class='ocrx_word' id='word_1_378' title='bbox 2469 5407 2618 5492; x_wconf 50' lang='lat' dir='ltr'><strong>nam</strong></span> <span class='ocrx_word' id='word_1_379' title='bbox 2646 5407 2908 5492; x_wconf 47' lang='lat' dir='ltr'><strong>pum-:de</strong></span> <span class='ocrx_word' id='word_1_380' title='bbox 2937 5407 3270 5492; x_wconf 49' lang='lat' dir='ltr'><strong>Tgpegeldo</strong></span> <span class='ocrx_word' id='word_1_381' title='bbox 3303 5407 3429 5485; x_wconf 85' lang='lat' dir='ltr'><strong>cap.</strong></span> <span class='ocrx_word' id='word_1_382' title='bbox 3466 5414 3536 5473; x_wconf 82' lang='lat'><strong>12</strong></span> 
     </span>
    </p>
   </div>
   <div class='ocr_carea' id='block_1_42' title="bbox 118 5479 3251 5558">
    <p class='ocr_par' dir='ltr' id='par_1_42' title="bbox 118 5479 3251 5558">
     <span class='ocr_line' id='line_1_43' title="bbox 118 5479 3251 5558; baseline -0 -17"><span class='ocrx_word' id='word_1_383' title='bbox 118 5479 293 5558; x_wconf 55' lang='lat' dir='ltr'><strong>stum</strong></span> <span class='ocrx_word' id='word_1_384' title='bbox 310 5479 499 5558; x_wconf 74' lang='lat' dir='ltr'><strong>regna</strong></span> <span class='ocrx_word' id='word_1_385' title='bbox 513 5479 656 5558; x_wconf 78' lang='lat' dir='ltr'><strong>totis</strong></span> <span class='ocrx_word' id='word_1_386' title='bbox 688 5479 1314 5558; x_wconf 64' lang='lat' dir='ltr'><strong>yi&#39;ribus&#39;adlaborasse</strong></span> <span class='ocrx_word' id='word_1_387' title='bbox 1354 5479 1764 5558; x_wconf 68' lang='lat' dir='ltr'><strong>Hicu_ntur&#39;_le-</strong></span> <span class='ocrx_word' id='word_1_388' title='bbox 1880 5481 2094 5557; x_wconf 80' lang='lat' dir='ltr'><strong>agitur,</strong></span> <span class='ocrx_word' id='word_1_389' title='bbox 2127 5480 2349 5538; x_wconf 89' lang='lat' dir='ltr'><strong>mentio</strong></span> <span class='ocrx_word' id='word_1_390' title='bbox 2376 5481 2443 5537; x_wconf 84' lang='lat' dir='ltr'><strong>fit</strong></span> <span class='ocrx_word' id='word_1_391' title='bbox 2469 5479 2751 5540; x_wconf 85' lang='lat' dir='ltr'><strong>Willelmi</strong></span> <span class='ocrx_word' id='word_1_392' title='bbox 2780 5481 2934 5542; x_wconf 84' lang='lat' dir='ltr'><strong>Rufi.</strong></span> <span class='ocrx_word' id='word_1_393' title='bbox 2969 5479 3251 5540; x_wconf 62' lang='lat' dir='ltr'><strong>Wiuims.</strong></span> 
     </span>
    </p>
   </div>
   <div class='ocr_carea' id='block_1_43' title="bbox 118 5553 1767 5638">
    <p class='ocr_par' dir='ltr' id='par_1_43' title="bbox 118 5553 1767 5638">
     <span class='ocr_line' id='line_1_44' title="bbox 118 5553 1767 5638; baseline 0.002 -25"><span class='ocrx_word' id='word_1_394' title='bbox 118 5571 223 5638; x_wconf 65' lang='lat' dir='ltr'><strong>ges</strong></span> <span class='ocrx_word' id='word_1_395' title='bbox 251 5553 528 5616; x_wconf 58' lang='lat' dir='ltr'><strong>Edviardi</strong></span> <span class='ocrx_word' id='word_1_396' title='bbox 557 5554 918 5621; x_wconf 76' lang='lat' dir='ltr'><strong>Confessoris</strong></span> <span class='ocrx_word' id='word_1_397' title='bbox 946 5569 1244 5628; x_wconf 83' lang='lat' dir='ltr'><strong>renovare,</strong></span> <span class='ocrx_word' id='word_1_398' title='bbox 1277 5555 1350 5615; x_wconf 87' lang='lat' dir='ltr'><strong>de</strong></span> <span class='ocrx_word' id='word_1_399' title='bbox 1393 5553 1623 5632; x_wconf 79' lang='lat' dir='ltr'><strong>legibus</strong></span> <span class='ocrx_word' id='word_1_400' title='bbox 1649 5556 1767 5616; x_wconf 77' lang='lat' dir='ltr'><strong>An-</strong></span> 
     </span>
    </p>
   </div>
  </div>
