3968 6158
395 173 543 238 H9!

1735 171 2049 240 MONUM.
2095 167 2412 239 DIPLOM.

3639 178 3804 246 H92

391 309 711 389 Incipiunt
760 311 952 388 Leges
999 309 1200 371 sancti
1245 309 1539 370 Edwardi
1570 309 1733 390 regis
1761 328 1917 390 quas
1965 311 2028 369 in
2059 312 2112 377 Α
2143 309 2510 365 terminetur.
2543 309 2782 366 Justum
2815 313 2903 366 est
2931 309 3089 366 enim
3134 312 3199 366 ut
3242 310 3460 384 ubique
3489 310 3647 368 Deus
3680 329 3824 385 prie

471 391 699 470 Anglia
730 391 953 464 tenuit,
986 409 1144 470 quas
1173 390 1524 451 Willelmus
1577 389 1777 451 literes
1827 395 1886 450 et
1935 409 2030 451 co-

470 477 701 549 gnatus
731 490 880 531 suos
913 477 1129 551 postea
1169 470 1589 531 conﬁrmavit.

1017 603 1408 659 ΡΗᾸΞΙἋΤΙΟ.

461 705 594 760 Post
624 702 1065 775 acquisitionem
1097 701 1315 775 Anglia)
1352 701 1677 758 Willelmus
1702 697 2033 774 rex,quarto

387 809 540 848 anno
595 791 757 864 regni
809 791 922 856 sui,
977 790 1217 847 consilio
1266 790 1554 846 baronum
1605 807 1866 854 suorum,
1900 788 2034 845 fecit

385 880 722 937 submoueri
757 896 857 952 per
887 879 1189 935 universos
1210 879 1431 951 Angliaa
1453 877 2031 949 consulatus.Anglos

384 968 629 1036 nobiles,
683 969 978 1040 sapientes
1022 973 1078 1024 et
1115 985 1224 1023 sua
1264 967 1389 1039 lege
1419 968 1699 1036 eruditos,
1735 972 1800 1024 ut
1827 983 2028 1023 eorum

382 1060 558 1131 leges,
594 1058 826 1129 etjura,
856 1062 912 1113 et
942 1056 1416 1125 consuetudines,
1461 1058 1532 1112 ab
1582 1057 1728 1130 ipsis
1776 1055 2025 1112 audiret.

381 1147 555 1203 Electi
586 1147 765 1220 igitur
788 1148 857 1202 de
885 1147 1135 1219 singulis
1178 1147 1358 1201 totius
1408 1146 1612 1218 patriae
1655 1145 2030 1202 comitatibus

377 1236 484 1292 viri
509 1237 1219 1308 duodecim,jurejurando
1242 1236 1498 1307 primum
1522 1251 1717 1290 coram
1740 1250 1872 1306 rege
1897 1250 2028 1288 con-

379 1326 758 1382 ﬁrmaverunt
785 1326 1067 1398 ut,quoad
1099 1328 1358 1397 possent,
1405 1328 1561 1380 recto
1605 1324 1839 1380 tramite
1869 1323 2025 1378 ince-

379 1416 602 1483 dentes,
636 1431 740 1470 nec
771 1415 841 1470 ad
874 1415 1135 1469 dextram
1164 1431 1267 1470 nec
1290 1414 1362 1469 ad
1406 1414 1708 1470 sinistram
1739 1413 2024 1468 diverten-

376 1508 484 1572 tcs,
517 1503 714 1576 legum
745 1520 987 1559 suarum
1021 1507 1077 1558 et
1098 1501 1589 1558 consuetudinum
1610 1501 1834 1557 sancita
1864 1506 2024 1572 pate-

377 1592 805 1659 facerent,nihil
827 1593 1359 1664 prietermittentes,
1387 1591 1533 1646 nihil
1567 1589 2024 1658 addentes,nihil

374 1683 806 1754 prmvaricando
827 1680 1441 1753 mutantes.Alegibus
1465 1680 1643 1753 igitur
1667 1684 1879 1734 sanctm
1904 1696 2022 1734 ma-
2050 1688 2096 1752 B

371 1771 480 1826 tris
511 1770 776 1826 Ecclesiae
809 1775 1109 1826 sumentes
1137 1769 1744 1840 exordium,quoniam
1767 1786 1868 1840 per
1889 1784 2017 1823 eam

375 1874 475 1913 rex
505 1863 561 1914 et
590 1875 837 1930 regnum
869 1858 1122 1914 solidum
1156 1857 1517 1913 subsistendi
1549 1857 1766 1912 habent
1809 1857 2018 1912 funda-

259 1943 264 1946 ’
372 1952 640 2004 mentum
671 1947 849 2021 leges,
875 1947 1193 2014 libertates,
1228 1951 1284 2002 et
1313 1963 1515 2018 pacem
1563 1947 1752 2018 ipsius
1792 1945 2016 2002 concio-

371 2037 492 2092 nati
526 2041 682 2107 sunt,
715 2036 976 2092 dicentes
1011 2053 1023 2091 :

773 2161 998 2218 LEGES
1039 2159 1621 2216 ECCLESIASTIC/E.

439 2263 485 2315 Ι.
519 2259 723 2314 Omnis
754 2258 1018 2326 clericus,
1053 2265 1109 2314 et
1157 2259 1332 2314 etiam
1387 2258 1690 2326 scholaris,
1727 2261 1783 2313 et
1814 2274 2017 2315 omnes

369 2364 571 2405 eorum
605 2365 697 2404 res
729 2353 786 2404 et
812 2347 1236 2420 possessiones,
1268 2348 1605 2418 ubicunque
1644 2347 1878 2415 fuerint,
1914 2364 2016 2419 pa-

369 2455 494 2493 cem
530 2437 627 2493 Dei
660 2441 716 2493 et
745 2443 956 2494 sancta:
981 2437 1248 2493 Ecclesiae
1279 2437 1550 2493 habeant.

439 2526 598 2581 ll.Ab
627 2527 892 2581 Adventu
925 2526 1156 2581 Domini
1192 2543 1377 2598 usque
1407 2527 1478 2582 ad
1511 2531 1741 2582 octavas
1763 2525 2014 2598 Epipha-
2063 2497 2070 2504 I

369 2615 480 2669 nias
506 2631 614 2686 pax
646 2613 746 2669 Dei
777 2618 835 2669 et
873 2619 1086 2670 sanctae
1119 2614 1384 2671 Ecclesia:
1415 2632 1517 2687 per
1545 2631 1715 2670 omne
1746 2631 2009 2687 regnum.

367 2702 645 2756 Similiter
666 2703 1155 2774 aSeptuagesima
1183 2720 1370 2781 usque
1401 2704 1472 2759 ad
1504 2707 1734 2759 octavas
1757 2703 2010 2760 Paschaa.

368 2791 510 2845 Item
540 2790 612 2844 ab
645 2791 997 2846 Ascensione
1027 2792 1258 2846 Domini
1293 2809 1478 2863 usque
1509 2795 1577 2848 ad
1607 2797 1836 2850 octavas
1875 2795 2011 2849 Pen-

367 2879 789 2934 tecostes.ltem
822 2880 1096 2936 omnibus
1126 2880 1331 2937 diebus
1361 2883 1618 2947 Quatuor
1633 2883 2010 2954 Temporum.

367 2969 509 3022 Item
541 2969 816 3023 omnibus
846 2969 1115 3024 Sabbatis
1142 2970 1213 3024 ab
1244 2970 1386 3026 hora
1415 2975 1651 3038 nona,et
1679 2976 1799 3026 tota
1817 2972 1908 3027 die
1927 2989 2015 3028 se-

2146 398 2366 452 caeteris
2397 398 2732 472 honoratur.

2215 487 2659 558 IV.Quicunque
2685 488 2754 543 de
2785 487 3029 543 ecclesia
3054 488 3272 560 aliquid
3305 489 3578 557 tenuerit,
3611 489 3702 545 vel
3739 490 3799 544 in

2146 575 2326 631 fundo
2356 576 2614 632 ecclesiae
2644 577 3008 633 mansionem
3055 577 3344 646 habuerit,
3374 583 3535 633 extra
3565 579 3800 634 curiam

2144 664 2598 720 ecclesiasticam
2629 669 2862 721 coactus
2898 683 3009 721 non
3042 665 3364 738 placitabit,
3396 667 3670 738 quamvis
3709 667 3798 722 fo-

2143 751 2443 822 risfecerit,
2477 752 2611 817 nisi,
2644 754 2800 824 quod
2844 753 3023 810 absit!
3080 754 3138 808 in
3189 753 3348 809 curia
3395 754 3796 811 ecclesiastica

2142 843 2366 895 rectum
2398 841 2687 897 defecerit.

2209 929 2280 984 V.
2306 929 2647 1002 Ubicunque
2673 946 2807 986 reus
2836 930 2924 987 vel
2957 930 3163 986 noxius
3194 933 3266 986 ad
3295 930 3622 998 ecclesiam,
3647 950 3794 1005 pre-

2140 1017 2274 1074 sidii
2305 1035 2483 1074 causa
2513 1018 2858 1092 confugerit,
2893 1037 2959 1075 ex
2991 1037 3105 1092 quo
3138 1021 3351 1076 atrium
3403 1021 3659 1077 ecclesiae
3705 1026 3787 1078 te-

2140 1107 2348 1176 nuerit,
2383 1125 2417 1163 a
2447 1109 2678 1165 nemine
2709 1109 3053 1180 insequente
3092 1108 3426 1165 nullatenus
3457 1109 3785 1182 apprehen-

2137 1197 2326 1265 datur,
2360 1197 2474 1253 nisi
2507 1215 2608 1268 per
2637 1198 2972 1269 pontificem
3004 1197 3089 1254 vel
3121 1197 3422 1254 ministros
3453 1199 3780 1270 ejus.Quod

2137 1286 2186 1340 si
2230 1285 2526 1359 fugiendo,
2574 1287 2814 1342 domum
2861 1287 3201 1355 sacerdotis,
3242 1287 3334 1342 vel
3381 1287 3604 1343 curiam
3653 1289 3781 1360 ejus

2134 1375 2660 1440 intravit,eamdem
2680 1376 3050 1431 securitatem
3075 1380 3130 1431 et
3151 1393 3352 1448 pacem
3371 1376 3586 1432 habeat
3603 1393 3780 1448 quam

2134 1468 2191 1518 et
2222 1465 2374 1536 apud
2408 1463 2731 1531 ecclesiam,
2752 1465 2894 1518 dum
2925 1467 3121 1519 tamen
3144 1465 3354 1520 domus
3378 1465 3698 1521 sacerdotis
3728 1468 3784 1521 et

2135 1553 2299 1609 curia
2327 1553 2541 1624 ejus,in
2573 1553 2751 1608 fundo
2783 1552 3037 1609 ecclesiae
3069 1553 3524 1610 consistant.Hic
3543 1553 3595 1609 si
3635 1553 3781 1609 latro

2134 1643 2220 1699 vel
2248 1647 2444 1715 raptor
2473 1647 2582 1707 est,
2617 1643 2774 1714 quod
2808 1641 2960 1698 male
2992 1643 3166 1714 cepit,
3199 1643 3248 1698 si
3282 1643 3354 1699 ad
3386 1659 3631 1698 manum
3661 1647 3780 1710 est;

2129 1733 2362 1799 reddat;
2395 1736 2452 1787 et
2480 1732 2528 1787 si
2563 1730 2705 1786 illud
2739 1731 2973 1802 penitus
3018 1732 3444 1804 exstirpaverit,
3473 1736 3532 1787 et
3569 1733 3644 1788 de
3675 1749 3782 1788 suo

2129 1822 2360 1894 proprio
2392 1821 2546 1876 unde
2579 1821 2779 1876 reddet
2827 1820 3116 1888 habuerit,
3152 1822 3210 1877 in
3260 1821 3552 1894 integrum
3595 1821 3648 1876 ei
3681 1822 3773 1876 cui

2127 1911 2410 1966 damnum
2443 1909 2642 1965 intulit
2672 1910 3130 1973 restituat.Quod
3163 1909 3212 1965 si
3245 1925 3408 1965 more
3431 1908 3607 1966 solito
3629 1908 3779 1965 latro

2127 1999 2320 2055 taliter
2348 2000 2614 2072 egerit,et
2646 1999 2790 2054 forte
2835 1999 3070 2054 fortuito
3083 1999 3154 2053 ad
3182 1998 3487 2054 ecclesiam
3516 2003 3574 2054 et
3594 2015 3781 2056 sacer-

2126 2091 2330 2145 dotum
2357 2089 2562 2144 domos
2615 2089 2952 2160 frequenter
2982 2087 3251 2156 evaserit,
3286 2086 3577 2144 ablatione
3610 2089 3779 2144 resti-

2126 2181 2270 2244 tuta,
2304 2176 2662 2249 provinciam
2695 2177 2836 2234 foris
2858 2178 3036 2248 juret,
3069 2192 3174 2232 nec
3204 2177 3422 2242 redeat,
3453 2180 3512 2232 et
3541 2176 3590 2232 si
3631 2178 3780 2233 forte

2127 2265 2380 2322 reditum
2412 2265 2630 2335 fecerit,
2683 2265 2883 2322 nullus
2932 2281 3067 2321 eum
3119 2264 3402 2337 hospitari
3432 2270 3774 2336 praesumat,

2126 2356 2238 2411 nisi
2273 2373 2305 2410 a
2328 2371 2461 2427 rege
2491 2355 2628 2410 data
2656 2353 2913 2412 licentia.

2195 2443 2357 2498 VLSi
2384 2443 2516 2515 quis
2544 2459 2678 2498 vero
2709 2449 2925 2500 sanctae
2959 2460 3158 2516 pacem
3197 2435 3456 2499 ecclesiae
3492 2443 3775 2499 violenter

2125 2532 2449 2604 infregerit,
2499 2532 2909 2604 episcoporum
2953 2537 3043 2588 est.
3083 2532 3337 2604 justitia.
3387 2531 3550 2596 Quod
3592 2533 3642 2587 si
3671 2549 3774 2588 no-

2125 2637 2263 2677 cens
2293 2620 2644 2676 sententiam
2675 2638 2877 2677 eorum
2908 2621 3264 2693 diffugiendo
3303 2619 3390 2675 vel
3435 2624 3777 2692 arroganter

2124 2711 2550 2766 contemnendo
2582 2709 3157 2781 despexerit,clamor
3185 2709 3256 2764 de
3277 2725 3346 2764 ea
3376 2709 3672 2764 deferatur
3700 2709 3774 2764 ad

2124 2815 2317 2871 regem
2351 2804 2482 2871 post
2503 2799 2896 2871 quadraginta
2915 2799 3062 2865 dies;
3078 2803 3135 2854 et
3153 2798 3307 2870 regis
3320 2797 3555 2869 justitia
3575 2797 3772 2854 mittet

2121 2905 2254 2944 eum
2287 2905 2389 2960 per
2415 2887 2836 2955 vadim‘onium,
2872 2891 2927 2942 et
2958 2886 3259 2958 plegios,si
3292 2885 3504 2941 habere
3536 2886 3770 2957 poterit,

2123 2993 2308 3049 usque
2356 2977 2496 3032 dum
2529 2977 2644 3032 Deo
2676 2976 2971 3047 primitus,
3006 2976 3126 3048 regi
3177 2979 3232 3030 et
3284 2973 3542 3030 ecclesiae
3572 2980 3774 3046 postea

368 3057 590 3128 quenti,
625 3074 812 3129 usque
843 3058 913 3112 ad
946 3058 1100 3114 diem
1133 3059 1328 3114 Lunae.
1363 3060 1507 3116 Item
1538 3059 1750 3131 vigiliis
1799 3067 2010 3117 sanctae
2044 3056 2086 3122 C
2126 3065 2466 3123 satisfaciat.
2501 3065 2607 3132 Qui
2642 3065 2689 3120 si
2721 3064 2872 3120 infra
2900 3064 3142 3136 triginta
3169 3068 3227 3119 et
3256 3080 3442 3118 unum
3469 3063 3616 3131 dies,
3651 3064 3772 3118 sive

365 3145 580 3216 Mariae,
609 3147 795 3202 sancti
834 3147 1156 3217 Michaelis,
1188 3149 1376 3204 sancti
1421 3149 1667 3204 Joannis
1715 3149 2010 3222 Baptistae,

365 3234 763 3306 apostolorum
797 3236 1148 3304 omnium,et
1180 3241 1516 3293 sanctorum
1540 3255 1789 3310 quorum
1809 3238 2015 3294 solem-

365 3323 576 3380 nitates
608 3341 642 3380 a
672 3325 1072 3381 sacerdotibus
1107 3325 1423 3382 Dominicis
1454 3327 2014 3383 annuntianturdie-

363 3413 560 3480 bus,et
587 3413 863 3468 Omnium
896 3414 1243 3470 Sanctorum
1277 3415 1336 3470 in
1361 3414 1633 3471 Kalendis
1649 3416 2009 3480 Novembris,

366 3517 597 3572 semper
637 3501 709 3556 ab
761 3501 903 3557 hora
946 3519 1099 3558 nona
1140 3502 1494 3576 vigiliarum,
1529 3508 1586 3559 et
1617 3505 2013 3575 subsequente

367 3587 757 3645 solemnitate.
793 3590 934 3645 Item
966 3591 1022 3645 in
1055 3592 1368 3662 parochiis,
1411 3593 1469 3647 in
1514 3593 1730 3664 quibus
1780 3593 2012 3648 dedica-

364 3676 539 3732 tionis
557 3677 682 3732 dies
697 3679 1208 3735 obscrvatur.ltem
1224 3680 1280 3734 in
1297 3681 1588 3752 parochiis
1601 3681 1920 3738 Ecclesiaru
1930 3699 2008 3751 m,

367 3766 464 3822 ubi
497 3765 732 3838 propria
763 3767 1046 3824 festivitas
1091 3769 1276 3824 sancti
1325 3769 1670 3826 celebratur.
1707 3771 1773 3826 Et
1802 3771 1852 3826 si
1881 3773 2014 3844 quis

363 3855 565 3911 devote
614 3857 686 3911 ad
741 3855 1190 3912 celebrationem
1242 3858 1428 3914 sancti
1488 3858 1775 3928 adveniat,
1809 3877 2011 3932 pacem

365 3944 576 4000 habeat
607 3946 817 4013 eundo,
843 3949 900 4001 et
931 3947 1305 4003 subsistendo
1337 3952 1393 4004 et
1422 3949 1741 4005 redeundo.
1784 3949 1925 4005 Item
1953 3949 2012 4005 in

365 4033 641 4090 omnibus
667 4033 1016 4091 Christianis
1062 4037 1134 4092 ad
1179 4035 1486 4093 ecclesiam
1526 4055 1705 4094 causa
1733 4040 2013 4096 orationis

365 4122 641 4179 euntibus
671 4140 780 4194 pax
813 4123 870 4178 in
893 4126 1083 4181 eundo
1105 4130 1162 4182 et
1187 4127 1482 4182 redeundo
1499 4126 1576 4183 sit
1594 4127 1698 4184 eis.
1732 4128 2015 4184 Similiter

365 4211 438 4265 ad
468 4211 882 4280 dedicationes,
917 4213 988 4268 ad
1022 4215 1294 4286 synodos,
1324 4216 1396 4270 ad
1450 4215 1704 4287 capitula
1731 4217 2010 4272 venienti-

365 4298 495 4364 bus,
525 4299 644 4355 sive
666 4301 985 4357 submoniti
1018 4301 1294 4372 sint,sive
1324 4319 1427 4374 per
1455 4320 1516 4358 se
1548 4304 1686 4374 quid
1720 4305 2009 4375 agendum

363 4385 1027 4451 habuerint,sitsumma
1055 4391 1379 4460 pax.Etiam
1403 4391 1451 4445 si
1472 4391 2011 4449 excommunicatus
2045 4426 2091 4488 D

364 4472 580 4544 aliquis
611 4473 946 4530 absolvendi
979 4493 1156 4532 causa
1188 4478 1259 4533 ad
1293 4478 1632 4550 episcopum
1663 4480 2008 4553 confugerit,

365 4560 687 4630 absolutus,
722 4565 913 4620 eundo
944 4569 1002 4621 et
1031 4566 1338 4622 redeundo
1356 4584 1558 4640 pacem
1593 4569 1689 4624 Dei
1721 4574 2008 4626 etsanctae

363 4649 630 4707 Ecclesiae
659 4651 888 4708 habeat.
921 4655 1082 4721 Quod
1117 4655 1162 4710 si
1193 4655 1405 4728 aliquis
1435 4657 1486 4713 ei
1519 4658 2009 4732 forisfecerit,epi-

363 4756 574 4812 scopus
607 4740 743 4796 inde
763 4742 1058 4813 justitiam
1090 4744 1280 4800 faciat.
1317 4745 1733 4803 Verumtamen
1782 4748 1829 4803 si
1875 4748 2008 4820 quis

362 4846 642 4902 arrogans
671 4848 774 4902 pro
805 4832 1060 4905 episcopi
1103 4835 1338 4904 justitia
1383 4837 1692 4893 emendare
1734 4837 2002 4906 noluerit,

360 4919 670 4991 episcopus
701 4922 820 4993 regi
855 4927 1062 4978 notum
1093 4923 1410 4979 faciat.ltex
1432 4930 1628 4982 autem
1643 4927 2007 4998 constringat

364 5008 818 5079 malefactorem,
851 5015 914 5066 ut
944 5013 1213 5068 emendet
1251 5012 1343 5068 cui
1384 5013 1752 5082 forisfecerit,
1789 5015 2007 5071 scilicet

364 5097 621 5168 primum
653 5099 1162 5172 episcopo,deinde
1187 5102 1330 5169 sibi;
1363 5107 1420 5158 et
1451 5102 1534 5158 sic
1563 5110 1731 5160 erunt
1750 5105 1866 5160 duo
1889 5104 2008 5178 gla-

364 5185 466 5252 dii,
499 5190 557 5241 et
584 5186 817 5258 gladius
847 5187 1111 5261 gladium
1133 5191 1382 5262 juvabit.

434 5272 526 5328 Ill.
561 5273 904 5348 Ubicunque
933 5278 1085 5351 regis
1109 5277 1454 5350 justitia,vel
1480 5279 1882 5352 cujuscunque
1904 5281 2004 5350 sit,

363 5357 576 5430 placita
605 5366 874 5434 tenuerit,
909 5367 960 5422 si
1007 5368 1225 5424 missus
1280 5368 1535 5442 episcopi
1579 5370 1816 5426 veniens
1865 5369 2006 5426 illuc

364 5452 700 5523 apparuerit
729 5471 967 5516 causam
997 5463 1208 5518 sanctae
1241 5458 1523 5530 Ecclesiae,
1557 5460 1685 5534 ipsa
1732 5461 2005 5535 primitus

2123 3172 2226 3227 per
2255 3155 2475 3211 amicos
2506 3159 2606 3210 aut
2636 3157 2824 3222 notos,
2857 3153 2978 3208 sive
3004 3169 3107 3224 per
3119 3152 3410 3223 justitiam
3433 3151 3589 3225 regis
3610 3152 3769 3205 inve-

2123 3244 2234 3299 niri
2266 3261 2381 3299 non
2414 3243 2642 3316 poterit,
2675 3246 2740 3297 ut
2768 3242 2984 3315 legabit
3011 3259 3145 3297 eum
3173 3258 3271 3297 rex
3296 3241 3470 3296 verbo
3502 3239 3620 3296 oris
3653 3240 3767 3295 sui.

2123 3333 2180 3389 Si
2211 3350 2342 3389 vero
2376 3337 2577 3405 postea
2624 3336 2887 3403 repertus
2936 3331 3129 3398 fuerit,
3179 3336 3236 3386 et
3288 3329 3524 3385 retineri
3557 3328 3765 3401 possit,

2120 3423 2283 3478 vivus
2312 3421 2606 3489 reddetur,
2639 3419 2724 3475 vel
2775 3424 2951 3492 caput
2991 3421 3139 3491 ejus,
3193 3418 3242 3474 si
3288 3435 3350 3473 se
3410 3417 3768 3483 defenderit;

2121 3510 2392 3582 lupinum
2424 3510 2578 3565 enim
2609 3510 2758 3580 gerit
2789 3515 2962 3580 caput
2991 3525 3024 3564 a
3054 3509 3147 3563 die
3176 3513 3242 3562 ut
3267 3506 3575 3580 legationis
3626 3522 3766 3572 suae,

2122 3600 2276 3671 quod
2307 3598 2545 3670 Anglice
2584 3596 2975 3670 Wulfesheofod
3005 3596 3235 3652 dicitur.
3291 3596 3359 3650 Et
3389 3595 3511 3650 haec
3561 3599 3653 3650 est
3682 3593 3774 3648 lex

2122 3687 2454 3743 communis
2483 3691 2540 3742 et
2563 3686 2853 3759 generalis
2875 3687 2944 3741 de
2975 3686 3250 3740 omnibus
3283 3692 3348 3740 ut
3375 3683 3603 3757 legatis.

2191 3776 2311 3831 VII.
2341 3777 2421 3831 De
2451 3775 2610 3831 omni
2642 3792 2894 3843 annona,
2929 3774 3154 3830 decima
3197 3773 3378 3846 garba
3424 3773 3538 3828 Deo
3568 3771 3770 3828 debita

2122 3869 2230 3931 est,
2261 3870 2316 3920 et
2345 3864 2474 3919 ideo
2524 3864 2840 3920 reddenda.
2876 3865 2941 3918 Et
2971 3864 3020 3918 si
3052 3863 3185 3934 quis
3216 3878 3449 3935 gregem
3482 3876 3770 3932 equarum

2122 3952 2647 4024 habuerit,pullum
2680 3954 2881 4008 reddat
2902 3951 3323 4024 decimum;qui
3346 3966 3524 4005 unam
3539 3953 3773 4004 tantum

2120 4042 2207 4099 vel
2239 4043 2387 4098 duas
2417 4041 2708 4108 habuerit,
2739 4041 2811 4096 de
2837 4041 3086 4114 singulis
3115 4040 3291 4113 pullis
3314 4038 3578 4111 singulos
3601 4037 3781 4093 dena-

2121 4129 2546 4186 rios.Similiter
2575 4130 2674 4202 qui
2706 4147 2912 4186 vaccas
2943 4129 3140 4201 plures
3162 4127 3450 4194 habuerit,
3477 4126 3776 4182 decimum

2120 4219 2400 4288 vitulum;
2452 4219 2551 4290 qui
2604 4235 2784 4274 unam
2829 4217 2920 4274 vel
2969 4220 3116 4274 duas
3160 4217 3230 4273 de
3279 4215 3482 4271 vitulis
3522 4215 3787 4287 singulis

2121 4307 2322 4364 obolos
2373 4307 2660 4381 singulos.
2694 4308 2762 4362 Et
2809 4307 2909 4380 qui
2957 4323 3195 4363 caseum
3245 4305 3461 4372 fecerit,
3513 4304 3614 4359 det
3664 4309 3775 4360 Deo

2121 4397 2447 4463 decimum;
2501 4396 2549 4452 si
2609 4413 2739 4452 vero
2787 4413 2904 4452 non
2953 4396 3174 4461 fecerit,
3223 4394 3312 4450 lac
3371 4393 3599 4448 decimo
3658 4392 3772 4448 die.

2121 4486 2402 4542 Similiter
2422 4502 2641 4559 agnum
2673 4483 3181 4553 decimum,vellus
3210 4483 3775 4551 decimum,caseum

2120 4576 2434 4643 decimum,
2470 4576 2748 4647 butyrum
2779 4571 3420 4645 decimum,porcellum
3449 4571 3769 4626 decimum.

2189 4665 2338 4720 VIII.
2373 4665 2452 4720 De
2484 4664 2691 4736 apibus
2721 4679 2854 4718 vero
2885 4663 3154 4719 similiter
3181 4661 3411 4716 decima
3453 4658 3777 4726 commodi,

2117 4755 2260 4825 quin
2291 4753 2467 4807 etiam
2495 4752 2566 4806 de
2595 4751 2790 4819 bosco,
2823 4752 2893 4808 de
2918 4755 3105 4823 prato,
3135 4751 3206 4806 de
3235 4749 3428 4820 aquis,
3461 4751 3519 4802 et
3545 4745 3772 4802 molen-

2116 4841 2291 4908 dinis,
2321 4839 2574 4912 parchis,
2607 4829 2859 4907 vivariis,
2899 4838 3184 4912 piscariis,
3235 4834 3531 4908 virgultis,
3564 4833 3772 4903 hortis,

2115 4934 2173 4985 et
2202 4927 2717 5001 negotiationibus,
2745 4931 2802 4983 et
2831 4927 3106 4984 omnibus
3137 4927 3312 4982 rebus
3362 4941 3510 4997 quas
3542 4923 3772 4979 dederit

2117 5019 2400 5073 Dominus
2430 5017 2654 5072 decima
2687 5033 2822 5089 pars
2865 5017 2916 5071 ei
2952 5005 3248 5072 reddenda
3277 5018 3384 5082 est,
3419 5013 3520 5085 qui
3553 5026 3769 5068 novem

2115 5111 2310 5179 partes
2344 5105 2520 5160 simul
2551 5122 2686 5160 cum
2726 5106 2952 5162 decima
2993 5105 3262 5178 largitur.
3297 5103 3404 5168 Qui
3447 5117 3579 5158 eam
3621 5099 3770 5156 deti»

2117 5196 2330 5260 nuerit,
2362 5211 2465 5266 per
2485 5195 2781 5264 justitiam
2807 5195 3066 5267 episcopi
3111 5199 3170 5249 et
3217 5193 3390 5264 regis,
3429 5191 3480 5247 si
3531 5196 3776 5246 necesse

2115 5286 2309 5353 fuerit,
2343 5284 2414 5338 ad
2448 5283 2831 5341 rcdditionem
2864 5287 3162 5356 arguatur.
3187 5281 3318 5337 Haec
3371 5279 3528 5336 enim
3559 5277 3771 5333 beatus

2113 5373 2478 5452 Augustinus
2517 5373 2851 5446 praedicavit
2877 5379 2934 5430 et
2961 5372 3178 5440 docuit,
3229 5375 3286 5427 et
3332 5369 3454 5425 haec
3484 5380 3776 5423 concessa

2116 5467 2254 5523 sunt
2282 5479 2318 5522 a
2344 5477 2500 5538 rege,
2539 5467 2596 5521 et
2645 5463 2964 5522 baronibus
3011 5467 3070 5522 et
3111 5459 3348 5538 papulo.
3402 5457 3515 5517 Sed
3563 5459 3796 5532 postea
