3968 6158
135 349 288 428 1193

1300 364 1747 431 EDWARDUS
1791 361 1874 430 III
1916 337 2149 432 'ANGLE.
2197 368 2376 434 aax.

3379 321 3532 427 i194

125 499 406 554 instinctu
446 496 662 554 diaboli
703 498 870 554 multi
903 515 1030 554 eam
1063 500 1463 564 detinuerunt,
1501 505 1559 554 et
1595 516 1781 555 sacer-
1809 499 1866 568 Α
1896 505 2618 574 statutumtamen,neque
2639 502 2959 566 ﬁrmatum,
2983 500 3082 555 sed
3099 499 3205 554 hac
3225 498 3534 554 necessita-

124 589 284 643 dotes
313 587 630 659 locupletes
661 587 1161 660 negligentes’non
1204 589 1492 642 curabant
1537 587 1780 642 inirela-

124 678 319 732 berem
338 677 410 731 ad
434 677 869 748 persequendas
892 693 1092 744 cas,eo
1120 676 1278 747 quod
1304 676 1776 731 sufﬁcienterha-

126 766 340 820 hebant
371 781 488 820 sua:
528 765 865 820 necessaria
883 766 1033 820 vitae.
1061 764 1264 820 Multis
1317 765 1473 820 enim
1519 764 1575 818 in
1634 764 1778 820 locis

126 855 298 909 modo
329 859 468 909 sunt
488 859 604 908 tres
635 853 724 908 vel
748 859 1001 925 quatuor
1022 853 1304 917 ecclesiae,
1328 853 1430 907 ubi
1454 857 1592 908 tunc
1629 856 1775 908 tem-

131 942 290 1013 poris
323 959 440 997 una
471 946 702 996 tantum
735 947 941 1009 erat,ct
975 941 1058 997 sic
1074 941 1594 1012 cmperbntminui.

201 1029 288 1084 IX.
324 1035 397 1084 De
419 1029 518 1084 illo
550 1030 970 1101 quojudicium
1025 1030 1145 1083 ﬁeri
1180 1031 1368 1094 debet,
1410 1030 1599 1084 veniat
1641 1028 1777 1086 illuc

130 1117 398 1174 minister
413 1117 666 1190 episcopi
695 1135 828 1173 cum
844 1117 1071 1174 clericis
1093 1118 1301 1182 suis,et
1317 1117 1776 1188 similiterjusti-

130 1207 210 1262 tia
241 1207 394 1279 regis
415 1224 548 1262 cum
574 1206 862 1279 legalibus
890 1207 1236 1263 hominibus
1259 1206 1565 1278 provincia)
1594 1205 1773 1270 illius,

129 1295 227 1366 qui
252 1296 487 1351 videant
515 1300 572 1352 et
612 1296 875 1362 audiant,
918 1300 984 1350 ut
1042 1313 1205 1367 aeque
1257 1296 1455 1350 omnia
1513 1297 1675 1361 ﬁant,
1721 1300 1778 1349 et

129 1401 276 1455 quos
304 1385 586 1439 Dominus
607 1401 709 1456 per
756 1384 1222 1439 misericordiam
1273 1399 1466 1450 suam,
1509 1401 1623 1438 non
1674 1399 1777 1454 per

128 1472 338 1527 merita
361 1471 570 1528 salvari
604 1471 1058 1543 voluerit,quieti
1109 1473 1228 1528 sint
1285 1477 1342 1527 et
1392 1471 1572 1526 libere
1621 1488 1774 1526 rece-

128 1562 299 1626 dant;
335 1565 390 1615 et
413 1577 560 1632 quos
594 1561 875 1632 iniquitas
897 1560 1099 1632 culpa,
1139 1579 1250 1615 non
1278 1561 1562 1615 Dominus
1604 1562 1773 1615 dam-

127 1648 620 1719 naverit,justitia
651 1649 806 1720 regis
830 1649 900 1702 de
931 1649 1076 1719 ipsis
1099 1649 1393 1719 justitiam
1430 1649 1620 1703 faciat.
1671 1650 1772 1702 Ba-

125 1755 300 1793 rones
331 1755 461 1793 vero
483 1737 583 1809 qui
609 1754 778 1791 suam
802 1737 1254 1792 habentcuriam
1284 1739 1353 1792 de
1377 1739 1502 1793 suis
1524 1737 1774 1792 homini-

122 1828 257 1895 bus,
306 1827 542 1881 videant
587 1826 756 1880 utsic
807 1826 877 1882 de
927 1827 1013 1880 eis
1046 1831 1242 1899 agant,
1295 1831 1588 1898 quatenus
1637 1843 1774 1898 erga
1808 1866 1851 1928 Β

122 1917 310 1970 Deum
336 1918 558 1970 reatum
586 1931 699 1968 non
732 1913 1056 1978 incurrant,
1105 1918 1163 1968 et
1194 1931 1387 1986 regem
1426 1932 1538 1969 non
1588 1915 1775 1970 offen-

121 2006 308 2071 dant;
334 2007 410 2068 et,
445 2003 493 2056 si
512 2002 795 2074 placitum
831 2003 899 2056 de
931 2002 1274 2056 hominibus
1325 2002 1572 2057 aliorum
1604 2003 1773 2058 baro-

119 2109 268 2148 num
300 2093 486 2147 oritur
514 2091 574 2146 in
609 2090 788 2145 curiis
821 2090 1140 2156 suis,adsit
1174 2092 1241 2145 ad
1278 2091 1559 2162 placitum
1621 2091 1775 2163 regis

112 2181 369 2254 justitia,
396 2180 674 2251 quoniam
717 2181 939 2250 absque
971 2195 1038 2234 ea
1097 2178 1375 2250 placitum
1444 2181 1600 2233 ﬁniri
1657 2198 1772 2233 non

117 2270 276 2325 licet.
302 2269 360 2324 Si
393 2269 493 2340 qui
525 2269 772 2323 barones
811 2267 1040 2338 judicia
1071 2284 1180 2322 non
1235 2268 1450 2323 habent
1509 2269 1568 2322 in
1618 2269 1775 2322 Hun-

117 2358 323 2422 dredo,
348 2357 446 2411 ubi
480 2356 760 2428 placitum
788 2355 1059 2410 habitum
1086 2356 1278 2422 fuerit,
1296 2357 1366 2410 ad
1393 2356 1770 2427 prepinquio-

121 2463 249 2501 rem
281 2443 611 2510 ecclesiam,
633 2443 732 2498 ubi
749 2443 1042 2514 judicium
1060 2444 1212 2515 regis
1231 2444 1358 2512 exit,
1379 2444 1770 2498 determinan-

121 2536 270 2589 dum
292 2537 399 2601 est,
424 2532 584 2586 salvo
607 2532 742 2601 jure
769 2532 1051 2586 baronum
1087 2531 1342 2587 illorum.

195 2623 260 2677 Χ.
294 2621 498 2677 Omnis
531 2619 631 2690 qui
655 2620 925 2674 habuerit
967 2621 1212 2692 triginta
1267 2622 1604 2676 denariatus
1634 2622 1770 2677 vivae

117 2710 384 2783 pecuniae
418 2710 475 2763 in
509 2710 681 2764 domo
714 2710 933 2773 sua,de
980 2726 1085 2764 suo
1135 2711 1388 2782 proprio,
1451 2711 1769 2784 Anglorum

112 2800 268 2871 lege,
301 2799 463 2854 dabit
494 2797 799 2852 denarium
842 2798 1027 2851 sancti
1046 2797 1216 2863 Petri,
1238 2797 1431 2870 etlcge
1459 2801 1768 2865 Danorum,

111 2887 428 2943 dimidiam
463 2886 863 2941 marcam.lste
885 2903 1018 2941 vero
1049 2887 1323 2941 denarius
1346 2889 1514 2942 debet
1537 2889 1770 2943 submo-

111 2976 241 3031 neri
277 2976 333 3030 in
367 2974 737 3030 solemnitate
767 2973 1164 3045 apostolorum
1193 2975 1340 3030 Petri
1370 2981 1427 3031 et
1472 2976 1652 3044 Pauli,
1714 2983 1770 3033 et

111 3063 318 3135 colligi
351 3064 421 3117 ad
447 3062 820 3118 festivitatem
853 3079 980 3134 qua-3
1012 3063 1227 3118 dicitur
1256 3065 1339 3118 Ad
1396 3065 1648 3133 vincula,
1689 3067 1769 3120 ita

112 3158 183 3207 ut
218 3151 371 3205 ultra
408 3149 574 3204 illum
609 3149 762 3204 diem
797 3167 912 3205 non
955 3152 1303 3206 detineatur.
1367 3153 1422 3206 Si
1475 3153 1766 3224 quispiam

1888 591 1963 644 tis
1995 607 2189 656 causa,
2220 608 2289 645 ex
2319 607 2671 662 unaquaque
2692 588 3094 644 hidasibidari
3119 590 3370 658 quatuor
3387 587 3524 643 soli-

1886 679 2012 743 dos,
2028 678 2270 734 ecclesia
2292 697 2404 734 non
2437 683 2692 751 excepta.
2711 683 2857 732 Dum
2887 693 3019 732 vero
3037 675 3298 732 collectio
3314 691 3528 731 census

1888 767 2066 828 ﬁeret,
2084 768 2484 837 proclamabat
2511 772 2714 823 sancta
2733 765 3006 832 Ecclesia,
3025 782 3191 820 suam
3216 781 3530 837 reposcens

1887 854 2212 910 libertatem
2240 874 2252 922 ;
2280 857 2382 912 sed
2413 857 2557 911 nihil
2583 855 2840 928 profecit.

1954 943 2072 1002 XII.
2109 944 2223 998 Pax
2254 945 2406 1017 regis
2442 943 2745 1016 multiplex
2762 948 2866 998 est.
2892 942 2991 997 Illa
3022 940 3178 997 enim
3202 941 3530 998 datamanu

1887 1055 2013 1105 sua,
2079 1053 2253 1109 quam
2301 1032 2470 1105 Angli
2517 1036 2723 1088 vocant
2778 1033 3091 1102 cynm’nger
3137 1028 3310 1084 honde
3351 1028 3530 1086 scalde

1885 1128 2064 1196 grith;
2096 1124 2210 1180 alia
2240 1122 2354 1185 die,
2388 1138 2520 1176 cum
2556 1121 2814 1192 primum
2875 1121 3188 1173 coronatus
3237 1121 3345 1183 est,
3403 1134 3530 1188 qua:

1886 1216 2010 1270 dies
2038 1217 2337 1269 tenetocto
2372 1229 2384 1277 ;
2418 1210 2476 1264 in
2503 1208 2691 1264 Natali
2749 1207 3002 1274 Domini,
3063 1206 3187 1260 dies
3241 1209 3408 1274 octo;
3471 1205 3534 1262 in

1885 1303 2187 1369 Paschate,
2212 1301 2337 1355 dies
2369 1298 2613 1366 octo;in
2645 1297 3002 1363 Pentecoste,
3045 1294 3170 1350 dies
3219 1297 3368 1362 octo,
3419 1298 3528 1349 etc.

1885 1395 2057 1464 Infra.
2093 1390 2384 1446 Mambote
2411 1387 2635 1458 vero(id
2697 1390 2789 1441 est
2841 1382 3237 1455 compensatio
3286 1380 3532 1438 Domino

1885 1479 2267 1552 persolvenda
2296 1494 2398 1548 pro
2411 1476 2649 1531 homine
2665 1491 2770 1529 suo
2790 1474 2981 1528 occiso
3000 1472 3015 1544 )
3035 1470 3360 1544 Anglorum
3377 1469 3526 1543 lege,

1885 1569 2029 1641 regi,
2061 1572 2116 1624 et
2146 1565 2602 1636 archiepiscopo,
2626 1567 2743 1617 tres
2794 1577 3020 1616 marcas
3073 1561 3144 1616 de
3191 1557 3532 1615 hominibus

1884 1674 2083 1713 eorum
2118 1653 2368 1726 propriis
2403 1669 2414 1705 :
2452 1651 2551 1706 sed
2589 1649 2859 1722 episcopo
2897 1650 3161 1720 ejusdem
3195 1647 3528 1712 comitatus,

1884 1750 1939 1801 et
1962 1743 2210 1811 consuli,
2247 1746 2304 1797 et
2333 1740 2592 1812 dapifero
2624 1739 2798 1810 regis,
2830 1737 3032 1809 viginti
3068 1736 3323 1806 solidos;
3357 1735 3526 1789 baro-

1883 1835 2060 1889 nibus
2091 1837 2283 1888 autem
2317 1829 2466 1897 aliis,
2503 1829 2702 1883 decem
2735 1827 2975 1893 solidos,
2997 1831 3104 1881 etc.

1956 1923 2099 1978 XIII.
2125 1918 2408 1975 Thesauri
2442 1918 2511 1972 de
2540 1922 2695 1972 terra
2723 1916 2877 1988 regis
2895 1918 3051 1981 sunt,
3073 1914 3186 1969 nisi
3238 1913 3297 1968 in
3354 1910 3530 1968 eccle-

1884 2012 1972 2068 sia
1989 2009 2075 2066 vel
2109 2010 2167 2064 in
2196 2006 2524 2064 cmmeterio
2556 2003 2944 2060 inveniantur.
2979 2003 3069 2070 Et,
3098 2003 3231 2057 licet
3263 2001 3342 2056 ibi
3374 2001 3526 2055 inve-

1885 2101 2080 2156 niatur
2111 2114 2321 2154 aurum
2354 2095 2507 2167 regis
2538 2099 2648 2159 est,
2679 2099 2734 2147 et
2756 2090 3296 2163 medietasargenti,
3316 2092 3371 2144 et
3405 2103 3527 2144 me-

1883 2188 2068 2243 dietas
2082 2185 2357 2248 ecclesiae,
2373 2182 2471 2237 ubi
2487 2184 2786 2236 inventum
2806 2181 3001 2243 fuerit,
3017 2192 3384 2251 quaecunque
3399 2176 3528 2248 ipsa

1883 2275 2075 2341 fuerit,
2093 2273 2180 2328 vel
2211 2273 2392 2337 dives,
2421 2271 2508 2326 vel
2541 2285 2780 2341 pauper.

1954 2363 2090 2418 XIV.
2128 2362 2245 2416 Rex
2276 2362 2494 2424 autem,
2526 2357 2624 2428 qui
2652 2355 2903 2411 vicarius
2935 2353 3154 2409 summi
3183 2351 3357 2424 Regis
3414 2354 3522 2420 est,

1882 2453 1953 2507 ad
1996 2451 2102 2506 hoc
2127 2455 2215 2505 est
2247 2447 2601 2503 constitutus
2632 2449 2697 2499 ut
2735 2459 2980 2515 regnum
3011 2446 3328 2504 terrenum,
3361 2443 3526 2512 etpo-

1881 2540 2086 2611 pulum
2113 2535 2366 2601 Domini,
2393 2540 2449 2589 et
2488 2550 2665 2604 super
2683 2531 2882 2587 omnia
2914 2533 3178 2586 sanctam
3217 2532 3526 2584 veneretur

1882 2627 2199 2683 Ecclesiam
2233 2626 2383 2695 ejus,
2413 2628 2470 2677 et
2502 2625 2664 2693 regat
2687 2625 2742 2674 et
2773 2620 2846 2674 ab
2885 2617 3188 2690 injuriosis
3247 2615 3522 2672 defendat

1879 2722 1937 2771 et
1971 2715 2267 2771 maleﬁcos
2299 2714 2368 2767 ab
2393 2729 2460 2766 ea
2490 2709 2696 2766 evellat
2742 2711 2797 2763 et
2857 2707 3118 2762 destruat
3171 2709 3227 2761 et
3284 2704 3518 2777 penitus

1880 2805 2200 2876 disperdat.
2234 2801 2395 2866 Quod
2428 2799 2540 2854 nisi
2574 2797 2790 2865 fecerit,
2826 2813 2931 2852 nec
2963 2793 3416 2866 nomenregisin
3450 2809 3516 2849 eo

1879 2892 2170 2948 constabit
2205 2906 2446 2958 ;verum,
2499 2891 2749 2943 testante
2802 2903 2953 2958 papa
3003 2886 3246 2952 Joanne,
3306 2899 3520 2940 nomen

1880 2981 2032 3054 regis
2064 2981 2270 3052 perdit.
2305 2978 2406 3033 Cui
2449 2975 2733 3047 Pippinus
2764 2980 2822 3030 et
2856 2973 3095 3029 Carolus
3154 2972 3313 3028 ﬁlius
3371 2972 3518 3041 ejus,

1881 3071 2130 3126 necdum
2157 3085 2340 3139 reges,
2383 3066 2482 3121 sed
2503 3063 2815 3136 principes,
2849 3063 2958 3117 sub
2991 3077 3124 3133 rege
3164 3061 3520 3116 Francorum

1881 3157 2058 3214 stulto
2092 3157 2476 3225 scripserunt,
2499 3155 2825 3224 quaerentes
2858 3150 2905 3205 si
2939 3150 3019 3204 ita
3047 3163 3391 3220 permanere
3417 3147 3517 3201 de-

111 3241 459 3305 detinuerit,
481 3238 860 3309 adjustitiam
881 3239 1033 3310 regis
1052 3239 1272 3294 clamor
1290 3222 1768 3313 deferaturiquo-
1800 3222 1842 3288 (ἶ
1883 3249 2085 3302 bercnt
2117 3223 2469 3300 Francorum
2504 3222 2688 3313 reges,
2727 3237 2851 3295 solo
2901 3237 3058 3309 regio
3094 3236 3330 3292 nomine
3381 3251 3518 3291 con-

115 3331 284 3385 niam
316 3329 593 3384 denarius
624 3328 716 3381 hic
750 3327 1120 3400 eleemosyna
1169 3328 1323 3400 regis
1377 3333 1464 3383 cst
1494 3347 1505 3397 ;
1536 3331 1767 3400 justitia
1875 3336 2039 3391 tenti.
2075 3337 2119 3388 A
2150 3350 2264 3404 quo
2299 3346 2643 3402 responsum
2659 3332 2748 3383 est
2778 3344 2790 3381 :
2817 3325 2951 3382 Illos
2967 3323 3334 3380 decetvocari
3351 3338 3515 3396 reges

118 3435 262 3472 vero
295 3418 469 3472 faciat
501 3417 808 3472 denarium
842 3417 1173 3481 reddere,et
1205 3417 1765 3490 forisfacturamepi-

118 3505 286 3577 scopi
319 3511 375 3560 et
406 3505 578 3577 regis.
615 3506 776 3568 Quod
811 3505 858 3560 si
893 3505 1026 3576 quis
1045 3505 1456 3577 plurcsdomos
1479 3507 1769 3564 habuerit-

113 3597 193 3650 de
227 3594 329 3648 illa
358 3593 457 3648 ubi
475 3593 738 3648 residens
763 3585 1011 3648 fueritin
1031 3594 1176 3648 festo
1194 3594 1589 3665 apostolorum
1619 3596 1767 3650 Petri

111 3689 177 3740 et
209 3681 373 3737 Pauli
405 3683 711 3737 denarium
743 3683 965 3738 reddat.

192 3771 265 3826 XI
288 3773 384 3842 (2).
421 3771 734 3843 Danegeldi
758 3771 1006 3826 redditio
1057 3775 1290 3843 propter
1318 3772 1536 3843 piratas
1566 3775 1768 3845 primi-

109 3869 219 3917 tus
243 3865 464 3916 statuta
493 3863 612 3927 est;
647 3859 901 3931 patriam
951 3860 1108 3915 enim
1156 3861 1521 3929 infestantes,
1577 3868 1771 3919 vasta-

105 3949 263 4015 tioni
295 3951 423 4019 ejus
455 3966 557 4020 pro
579 3965 750 4020 posse
769 3966 878 4004 suo
899 3949 1272 4004 insistebant.
1302 3951 1384 4003 Ad
1408 3967 1606 4005 eorum
1641 3952 1771 4023 qui-

109 4040 256 4094 dem
281 4036 646 4091 insolentiam
668 4037 1116 4108 rcprimendam,
1165 4042 1449 4093 statutum
1474 4045 1561 4094 est
1594 4041 1771 4096 dane-

106 4126 361 4200 geldum
393 4125 698 4180 annuatim
717 4124 901 4190 reddi,
922 4125 1145 4180 scilicet
1167 4126 1476 4181 duodecim
1499 4128 1773 4184 denarios

106 4217 192 4271 de
226 4229 578 4283 unaquaque
610 4212 750 4266 hida
778 4212 962 4266 totius
991 4215 1213 4282 patriae,
1255 4215 1325 4268 ad
1360 4217 1774 4273 conducendos

109 4319 224 4360 eos
255 4301 354 4372 qui
386 4301 711 4371 piratarum
746 4299 1057 4370 irruptioni
1101 4301 1423 4357 resistendo
1455 4304 1771 4362 obviarent.

113 4393 208 4448 De
240 4389 349 4442 hoc
380 4403 615 4459 quoque
628 4386 947 4458 danegeldo
962 4386 1146 4442 libera
1161 4391 1215 4442 et
1233 4389 1429 4459 quieta
1447 4396 1568 4445 erat
1585 4396 1776 4450 omnis

112 4476 660 4543 Ecclesia;etetiam
680 4476 874 4530 omnis
889 4479 1043 4530 terra
1058 4493 1182 4547 quae
1200 4475 1256 4530 in
1275 4479 1506 4550 proprio
1521 4481 1779 4537 dominio

1877 3425 1975 3496 qui
2006 3422 2312 3494 vigilantes
2333 3419 2652 3474 defendunt
2682 3432 2887 3488 regum
2917 3413 3234 3469 Ecclesium
3280 3412 3398 3477 Dei,
3460 3416 3518 3466 et

1879 3510 2158 3584 pepulum
2181 3511 2231 3580 ej
2243 3527 2310 3563 us
2329 3506 2548 3563 imitari
2571 3521 2764 3578 regem
2784 3501 3309 3574 Psalmographum
3325 3499 3518 3555 dicen-

1877 3607 1995 3656 tem
2032 3618 2042 3654 :
2077 3600 2192 3654 Non.
2225 3595 2493 3651 habitabit
2522 3596 2582 3648 in
2608 3593 2784 3649 medio
2814 3591 3004 3648 domus
3047 3605 3183 3646 meae
3232 3590 3327 3660 qui
3383 3588 3519 3660 facit

1876 3689 2188 3760 superbiam
2218 3687 2233 3757 (
2267 3686 2410 3740 Psal.
2445 3683 2520 3754 c).
2556 3683 2632 3754 (3)

1949 3778 2063 3833 XV.
2096 3772 2549 3846 Archiepiscopi,
2574 3770 2850 3843 episcopi,
2875 3769 3141 3835 comites,
3156 3768 3430 3833 barones,
3469 3769 3526 3821 et

1880 3883 2083 3923 omnes
2115 3864 2214 3936 qui
2250 3862 2467 3917 habent
2496 3860 2835 3924 sacham,et
2851 3874 3069 3925 socam,
3088 3853 3231 3923 thol,
3251 3855 3450 3910 theam
3470 3857 3529 3909 et
3623 3897 3634 3903 -

1880 3953 2237 4026 infangthefe
2269 3968 2282 4017 ;
2318 3950 2491 4004 etiam
2511 3947 2726 4002 milites
2751 3963 2890 4002 suos
2911 3951 2969 4002 et
2989 3944 3254 4017 proprios
3276 3941 3532 3998 servien-

1881 4049 1988 4110 tes,
2023 4041 2246 4098 scilicet
2276 4038 2589 4109 dapiferos,
2623 4035 2954 4106 pincernas,
2996 4030 3377 4096 camerarios,
3436 4045 3530 4084 co-

1883 4148 2055 4205 quos,
2093 4129 2345 4201 pistores
2377 4126 2485 4181 sub
2518 4140 2624 4180 sun
2655 4123 2910 4193 friborgo
2939 4121 3230 4187 habeant;
3290 4123 3348 4174 et
3390 4117 3533 4172 item

1887 4221 1984 4275 isti
2019 4235 2160 4273 suos
2192 4215 2536 4286 armigeros,
2557 4211 2644 4267 vel
2676 4209 2820 4266 alios
2839 4208 2949 4264 sibi
2971 4207 3287 4264 servientes
3301 4205 3410 4263 sub
3425 4221 3532 4260 suo

1885 4309 2162 4379 friborgo.
2199 4303 2363 4368 Quod
2397 4303 2444 4357 si
2477 4299 2571 4356 cui
2604 4299 2743 4355 foris
2775 4298 3049 4363 facerent,
3073 4299 3130 4351 et
3153 4292 3532 4351 clamorvici-

1887 4412 2098 4452 norum
2132 4395 2201 4447 de
2234 4392 2305 4448 iis
2329 4392 2680 4462 assurgeret,
2712 4387 2822 4460 ipsi
2855 4389 3120 4442 tenerent
3145 4402 3243 4440 eos
3296 4385 3533 4440 rectitu-

1889 4484 2010 4539 dini
2043 4485 2101 4537 in
2126 4482 2289 4537 curia
2321 4497 2463 4549 sua;
2499 4478 2582 4533 illi
2611 4477 2740 4533 dico
2773 4475 3169 4549 quihaberent
3190 4473 3450 4540 sacham,
3479 4475 3536 4528 et

113 4563 384 4624 ecclesiae
399 4568 541 4628 erat,
564 4564 1160 4635 ubicunquejacebat,
1180 4563 1580 4637 nihilprorsus
1605 4569 1784 4626 inhac
1813 4578 1858 4642 D
1890 4589 2110 4638 socam,
2134 4570 2278 4635 thol,
2300 4574 2358 4624 et
2388 4569 2605 4634 theam,
2640 4571 2697 4622 et
2723 4565 3104 4639 infangthefe.

112 4655 233 4712 tali
268 4653 594 4709 redditione
622 4651 978 4725 persolvens,
1000 4653 1139 4724 quia
1169 4653 1357 4726 magis
1407 4655 1463 4709 in
1516 4657 1781 4714 Ecclesia:

113 4743 501 4801 conﬁdebant
524 4741 888 4798 orationibus
910 4741 1160 4812 quamin
1181 4759 1479 4798 armorum
1497 4745 1779 4803 defensio.

108 4832 318 4889 nibus.
353 4832 726 4903 Hancitaque
745 4830 930 4886 tenuit
963 4829 1288 4902 Anglorum
1327 4831 1586 4888 Ecclesia
1611 4833 1786 4890 liber-

117 4926 312 4978 tatem
342 4937 527 4992 usque
561 4921 631 4975 ad
647 4918 1192 4991 temporaWillelmi
1223 4921 1782 4996 regisJunioris,qui

114 5008 320 5066 Itufus
351 5009 683 5074 vocabatur,
717 5009 898 5063 donec
929 5008 1131 5063 eodem
1165 5026 1199 5062 a
1221 5009 1538 5066 baronibus
1565 5013 1786 5085 Angliaa

113 5094 416 5154 auxilium
432 5094 783 5166 requirente,
803 5095 873 5148 ad
895 5093 1385 5150 Northmanniam
1423 5097 1787 5155 retinendam

118 5187 206 5241 de
241 5182 487 5238 Roberto
517 5183 694 5237 fratre
722 5199 852 5249 suo,
873 5188 1260 5253 cognomento
1277 5184 1611 5256 Curtehose,
1657 5190 1790 5245 Hie-

119 5268 392 5328 rusalem
424 5270 850 5343 proﬁciscente,
891 5287 1233 5327 concessum
1266 5277 1355 5327 est
1386 5273 1458 5341 ei,
1505 5293 1618 5331 non
1665 5276 1791 5350 lege

211 5411 566 5489 (2)__Videtur
596 5411 705 5465 hoc
731 5416 907 5482 caput
939 5413 1204 5469 additum
1224 5431 1352 5470 esse
1373 5418 1630 5489 tempore
1646 5423 1795 5475 Hen-

125 5484 244 5541 rici
281 5483 349 5537 II.

207 5555 294 5624 (3)
327 5554 463 5629 Quae
492 5557 767 5629 praeterea
798 5556 1291 5629 sequunturapud
1312 5557 1705 5617 Lambardum
1734 5563 1793 5617 in

126 5623 254 5691 hoc
275 5623 476 5700 'capite
497 5623 567 5680 de
597 5624 790 5681 ofﬁcio
809 5623 981 5698 regis,
1014 5630 1072 5685 et
1102 5623 1328 5703 de‘jure
1359 5633 1416 5689 et
1432 5630 1795 5708 appendiciis

464 5751 728 5818 PATROL.
776 5750 920 5821 CLI.

1960 4661 2105 4716 XVI.
2138 4658 2326 4713 Sacha
2355 4662 2444 4712 est
2473 4656 2627 4727 quod
2659 4656 2708 4709 si
2729 4653 3243 4726 quilibetaliquem
3267 4652 3536 4708 nomina-

1891 4750 1997 4804 tim
2030 4749 2100 4803 de
2132 4745 2328 4817 aliquo
2351 4743 2748 4799 calumniatus
2781 4741 2977 4810 fuerit,
3010 4747 3066 4796 et
3095 4741 3191 4796 ille
3223 4739 3538 4812 negaverit,

1896 4838 2271 4893 forisfactura
2302 4831 2662 4906 probationis
2687 4832 2776 4887 vel
2803 4829 3149 4902 negationis,
3180 4830 3225 4885 si
3260 4827 3538 4896 evenerit,

1898 4943 2005 4981 sua
2035 4925 2162 4981 erit.

1968 5014 2143 5068 XVII.
2175 5014 2320 5068 Soca
2350 5014 2458 5075 est,
2491 5009 2649 5081 quod
2680 5007 2729 5063 si
2762 5007 2976 5080 aliquis
2999 5005 3208 5078 quaerit
3236 5003 3459 5076 aliquid
3483 5003 3545 5060 in

1899 5108 2052 5157 terra
2075 5119 2202 5168 sua,
2227 5099 2402 5155 etiam
2436 5098 2681 5165 furtum,
2719 5114 2826 5153 sua
2857 5100 2948 5152 est
2970 5094 3224 5167 justitia,
3251 5093 3300 5150 si
3347 5094 3545 5149 inven-

1899 5196 2026 5246 tum
2057 5189 2251 5258 fuerit,
2287 5205 2506 5244 annon.

1974 5276 2172 5332 XVIII.
2205 5275 2350 5332 Thol
2384 5274 2560 5348 (quod
2594 5291 2699 5331 nos
2758 5273 3011 5330 dicimus
3065 5270 3387 5343 telonium)
3439 5273 3549 5338 est,

1905 5437 2138 5478 coronze
2169 5418 2328 5490 regni
2371 5417 2700 5483 Britanniae,
2751 5433 2885 5490 eum
2925 5413 3192 5490 epistola
3240 5413 3559 5490 Eleutherii

1906 5511 1980 5566 pa
1994 5509 2079 5565 pEB
2112 5491 2181 5547 ad
2195 5487 2440 5566 Lucium
2455 5504 2681 5566 regem,
2712 5504 2827 5566 n_on
2845 5487 3136 5543 habentur
3158 5491 3258 5543 aut
3282 5487 3340 5543 in
3355 5491 3558 5548 nostro

1906 5559 2334 5636 manuscripto,
2369 5565 2470 5618 aut
2492 5559 2554 5619 in
2575 5559 2898 5618 Hovedeno.

3133 5727 3244 5847 ea
