3948 6168
414 320 569 412 i495

1770 323 2056 389 MONUM
2069 364 2082 386 δ
2128 321 2446 387 DIPLOM.

3677 320 3821 382 1196

413 453 636 511 scilicet
665 458 822 528 quod
853 457 1065 516 habeat
1088 459 1419 518 libertatem
1441 459 1727 515 vendendi
1761 465 1818 515 et
1832 459 2064 516 emendi
2094 460 2149 526 Α
2179 474 2410 530 cunque
2442 459 2501 512 in
2535 473 2712 530 regno
2725 461 2881 528 sunt,
2898 458 3008 513 sub
3029 456 3214 513 tutela
3232 461 3288 513 et
3308 457 3656 520 defensione
3677 465 3825 534 regis

415 542 474 598 in
508 547 664 600 terra
694 562 822 602 sua.
1185 607 1188 610 .

485 630 622 689 XIX.
652 633 1065 708 Theam,quod
1097 637 1146 691 si
1177 635 1470 709 quispiam
1518 635 1739 709 aliquid
1797 635 2064 692 interciet

417 737 595 794 super
623 722 904 796 aliquem,
930 729 986 780 et
1014 725 1358 780 interciatus
1391 743 1505 782 non
1560 727 1772 798 poterit
1799 744 2060 780 warran-

417 813 548 866 tum
581 828 755 867 suum
785 812 1020 881 habere,
1073 813 1183 869 erit
1215 814 1590 870 forisfactura
1620 814 2064 886 sna,etjustitia

417 898 689 955 similiter
711 900 782 955 de
813 900 1259 969 calumniatore,
1284 902 1334 958 si
1367 903 1657 959 defecerit.

485 987 602 1042 XX.
627 987 831 1045 Omnis
853 990 1011 1045 enim
1042 991 1142 1062 qui
1172 992 1349 1047 habet
1376 993 1554 1048 sacha
1603 997 1659 1048 et
1707 993 1901 1062 socha,
1937 992 2059 1046 thol

415 1078 473 1131 et
499 1076 1197 1152 theam,etinfangthefe,
1247 1081 1552 1152 prmdictas
1603 1080 1871 1136 videlicet
1925 1097 2060 1136 con-

413 1165 1028 1239 suetudines,justitia
1058 1168 1463 1241 cognoscentis
1505 1168 1752 1224 latronis
1799 1187 1906 1226 sua
1953 1174 2059 1236 est,

412 1253 485 1308 de
513 1253 751 1311 homine
773 1273 902 1324 suo,
937 1257 986 1312 si
1017 1257 1225 1329 captus
1249 1257 1422 1313 fuerit
1440 1274 1618 1330 super
1640 1263 1854 1314 terram
1870 1275 2059 1314 suam.

414 1340 499 1396 illi
530 1359 664 1398 vero
694 1345 794 1416 qui
827 1362 941 1401 non
971 1345 1190 1401 habent
1220 1345 1327 1401 has
1359 1347 1834 1412 consuetudines,
1867 1363 2062 1401 coram

411 1431 640 1501 iustitia
661 1434 820 1506 regia
867 1438 1090 1490 rectum
1123 1435 1339 1490 faciant
1391 1436 1449 1489 in
1501 1435 1842 1501 hundredis,
1885 1434 1970 1490 vel
2003 1435 2061 1489 in

411 1522 860 1593 wapentachiis,
895 1523 982 1578 vel
1013 1523 1073 1578 in
1106 1524 1310 1597 scyris.

485 1609 628 1665 XXI.
662 1611 978 1668 Sciendum
1011 1629 1243 1685 quoque
1274 1614 1430 1685 quod
1464 1630 1666 1668 omnes
1687 1612 1896 1678 Judaei,
1929 1612 2064 1665 ubi-

2173 547 2323 620 ligea
2355 547 2568 602 debent
2594 564 2757 614 esse;
2793 565 2896 603 nec
2915 545 3163 619 quilibet
3193 563 3393 602 eorum
3432 547 3614 604 alicui
3663 551 3822 608 diviti

2173 654 2234 691 se
2266 639 2459 708 potest
2486 636 2735 692 subdere
2763 635 2890 692 sine
2920 635 3074 708 regis
3103 635 3827 709 licentia.Judaaienim,et

2173 724 2370 779 omnia
2393 741 2500 779 sua
2530 725 2682 797 regis
2709 729 2866 780 sunt.
2903 724 3062 788 Quod
3097 725 3148 779 si
3179 725 3473 797 quispiam
3504 728 3828 785 detinuerit

2173 831 2294 880 eos,
2319 812 2406 868 vel
2439 813 2749 885 pecuniam
2777 831 3002 881 eorum,
3043 813 3341 886 perquirat
3387 831 3508 882 rex,
3570 817 3627 872 si
3686 819 3824 884 vult,

2173 907 2452 971 tanquam
2487 917 2618 956 sum
2651 903 2975 974 proprium.

2247 989 2416 1044 XXII.
2460 990 2767 1046 Usurarios
2806 1007 3039 1062 quoque
3070 991 3328 1048 defendit
3345 1009 3443 1048 rex
3465 993 3823 1062 Edwardus,

2176 1071 2246 1133 né
2277 1083 2602 1134 remaneret
2632 1079 2844 1152 aliquis
2875 1080 2930 1134 in
2965 1084 3083 1135 toto
3116 1097 3293 1152 regno
3316 1098 3442 1137 suo.
3467 1083 3538 1137 Et
3583 1084 3641 1139 si
3703 1087 3824 1157 quis

2172 1167 2306 1222 inde
2337 1167 2634 1223 convictus
2664 1173 2817 1224 esset
2858 1169 3012 1240 quod
3073 1169 3264 1225 fmnus
3329 1171 3615 1244 exigeret,
3674 1176 3822 1230 omni

2173 1257 2505 1312 substantia
2531 1257 2764 1328 propria
2795 1263 3036 1329 careret,
3079 1261 3137 1314 et
3191 1263 3393 1330 postea
3449 1278 3557 1333 pro
3633 1264 3820 1336 exlege

2173 1345 2503 1400 haberetur.
2535 1346 2650 1401 Hoc
2681 1350 2877 1402 autem
2911 1348 3208 1402 asserebat
3232 1347 3330 1404 ille
3377 1365 3497 1416 rex,
3561 1368 3676 1406 seu
3734 1370 3818 1408 au-

2173 1435 2329 1489 disse
2364 1435 2419 1488 in
2443 1435 2605 1489 curia
2636 1437 2788 1506 regis
2818 1436 3195 1505 Francorum,
3230 1437 3617 1494 dumibidem
3643 1458 3821 1496 mora-

2175 1529 2350 1590 retur,
2387 1524 2537 1594 quod
2573 1541 2752 1578 usura
2781 1542 3015 1580 summa
3049 1525 3211 1580 radix
3242 1527 3515 1583 omnium
3549 1530 3819 1587 vitiorum

2174 1617 2281 1666 est.

1174 1845 1578 1939 LEGES
1647 1845 1975 1936 ALLE
2046 1843 2634 1936 EDWARDI
2704 1846 3073 1940 REGIS

1499 2023 1994 2084 Nortbmannico
2025 2021 2324 2082 idiomate
2357 2024 2728 2102 conscriptae

1019 2147 1170 2219 (Vide
1198 2148 1258 2203 in
1290 2147 1578 2204 Guillelmo
1607 2147 1986 2220 Conquestore,
2023 2146 2092 2202 ad
2120 2162 2210 2204 an.
2247 2147 2271 2202 4
2283 2147 2408 2214 087,
2431 2149 2758 2218 Patrologiae
2787 2151 2917 2219 tom,
2949 2151 3214 2221 οΧιινίι.)

1215 2382 1299 2469 S.
1361 2379 1900 2470 EDWARDI
1958 2374 2286 2468 REGIS
2347 2379 3012 2468 DIPLOMATA

2033 2549 2194 2593 DATA

408 2667 478 2726 In
535 2671 843 2744 conventu
900 2665 1577 2740 Westmonasteriensi,
1641 2664 1858 2726 habito
1906 2666 1968 2724 in
2025 2665 2233 2726 Natali
2281 2664 2553 2736 Domini,
2615 2683 2778 2724 anno
2833 2663 3052 2742 gratiae
3107 2665 3284 2736 1066,
3339 2664 3691 2727 indictione
3771 2684 3834 2728 III

571 2746 757 2824 regni
813 2745 1093 2823 ejusdem
1152 2747 1322 2824 regis
1382 2763 1506 2806 xxv
1564 2750 1754 2823 atque
1810 2745 2059 2818 ultimo,

2138 2745 2553 2824 praesentibus
2631 2746 2941 2826 Edwardo
3010 2762 3187 2826 rege,
3253 2745 3533 2826 Edgitha
3574 2746 3822 2826 regina.

570 2825 877 2905 Stigando
932 2826 1398 2905 archiepiscopo
1457 2826 1831 2898 Cantuarios,
1895 2824 2165 2886 Eldredo
2235 2825 2698 2904 archiepiscopo
2765 2824 3048 2898 Eboraci,
3124 2825 3491 2905 caeterisque
3576 2824 3828 2905 Anglia!

571 2903 892 2984 epiScopis,
949 2903 1304 2978 abbatibus,
1357 2905 1692 2984 capellanis
1739 2905 1928 2982 regis,
1981 2905 2335 2977 comitibus,
2391 2905 2717 2974 ministris,
2770 2922 2878 2965 seu
2927 2905 3164 2964 thainis
3201 2903 3418 2984 regiis,
3475 2909 3538 2966 et
3599 2903 3822 2968 militi-

566 2984 703 3058 bus,

793 2985 924 3065 qui,
977 2984 1043 3065 in
1130 2983 1493 3046 chartarum
1560 2987 1958 3063 sequentium
2033 2983 2593 3065 subscriptionibus
2659 2986 3093 3065 nominantur.
3173 2987 3242 3044 In
3321 2985 3438 3046 hoc
3505 2992 3826 3048 conventu

565 3070 776 3126 actum
812 3063 961 3125 _fuit
1001 3064 1078 3127 de
1135 3066 1476 3138 dotatione,
1540 3066 1909 3144 privilegiis,
1969 3064 2196 3125 celebri
2252 3065 2451 3142 asylo,
2511 3071 2629 3125 etc.
2666 3113 2682 3140 ,
2741 3063 3258 3144 ecclesiaeSancti
3306 3065 3475 3126 Petri
3503 3067 3827 3127 Westmo-

501 3218 504 3220 γ
564 3145 846 3218 nasterii,
897 3145 1034 3223 jam
1089 3148 1166 3206 ab
1223 3145 1473 3222 integro
1530 3143 1921 3206 receditiCatae
1977 3149 2042 3204 et
2084 3144 2421 3224 dedicatae,
2494 3145 2832 3224 multisque
2906 3143 3352 3224 diplomatibus
3418 3145 3820 3224 amplissime

566 3226 852 3305 munitae,
881 3229 1074 3305 prout
1101 3225 1299 3304 liquet
1330 3225 1530 3286 tribus
1558 3225 1789 3286 chartis
1817 3223 2099 3304 praedicti
2150 3225 2320 3303 regis
2377 3224 2688 3298 Edwardi,
2738 3223 2811 3286 et
2859 3223 3138 3302 epistolis
3215 3224 3439 3285 Leonis
3501 3223 3686 3305 papae
3752 3229 3825 3288 XI

564 3310 629 3366 et
657 3304 894 3366 Nicolai
916 3306 967 3366 II
1001 3324 1141 3386 quae
1166 3309 1537 3385 sequuntur.

1544 3419 1773 3490 (MANSI,
1814 3418 2043 3487 Concil.,
2076 3422 2120 3473 t.
2150 3417 2298 3488 XIX,
2341 3417 2450 3474 col.
2478 3419 2661 3490 1049.)

1227 3642 1267 3697 I.

410 3765 614 3820 Charta
658 3766 804 3834 regis
858 3764 1115 3820 Edwardz'
1168 3768 1510 3837 confessoris,
1571 3766 1815 3822 ecclesia:
1865 3766 2055 3822 Sancti

480 3838 634 3892 Petri
669 3837 1241 3909 Wostmenasteriensi
1281 3841 1543 3909 con/"ccta,
1578 3840 1639 3892 in
1697 3854 1802 3907 qua
1829 3839 2054 3909 epistola

475 3909 670 3963 Leonis
694 3922 856 3980 papa
883 3908 957 3963 IX
985 3907 1055 3962 ad
1083 3907 1329 3980 eumdem
1380 3907 1561 3976 regem
1615 3907 1877 3963 recitatur
1902 3927 1923 3969 ;
1961 3909 2052 3963 sed

475 3979 890 4051 prater’multa
939 3979 1272 4051 intermedz’a
1327 3979 1678 4050 (dotationem
1731 3981 1853 4034 sine
1888 3980 2052 4051 dubio

477 4050 838 4122 Continentia)
911 4050 1256 4123 desideratur
1304 4051 1512 4108 chartae
1559 4051 1846 4107 exordium
1893 4050 2053 4123 (quod

473 4123 801 4194 harangt'am
830 4122 1043 4194 vocant)
1074 4127 1124 4177 et
1152 4123 1444 4179 conclusio.

430 4283 436 4292 ·
473 4264 833 4333 ΕοννΑΒουε,
869 4263 968 4320 Dei
1014 4265 1225 4336 gratia,
1247 4263 1565 4336 Anglorum
1593 4266 1833 4330 rex,etc.

473 4353 630 4408 Scire
659 4370 760 4410 vos
788 4353 915 4410 volo
960 4354 1240 4424 quoniam
1284 4356 1543 4424 tempore
1593 4369 1828 4408 avorum
1892 4368 2048 4406 meo-

403 4454 536 4493 rum
566 4438 868 4510 patrisque
897 4440 1033 4507 mei,
1058 4439 1246 4494 multa
1278 4444 1335 4494 et
1377 4439 1574 4510 gravia
1612 4438 1897 4494 bellorum
1950 4455 2048 4510 pe-

405 4525 592 4582 ricula
643 4524 976 4581 afﬂixerunt
1022 4530 1255 4598 gentem
1286 4525 1608 4598 Anglorum
1641 4529 1696 4582 et
1724 4527 1903 4598 ipsos,
1927 4530 2046 4582 tam

405 4621 439 4670 α
465 4614 590 4670 suis
621 4629 802 4684 quam
835 4614 906 4669 ab
939 4615 1226 4671 extraneis
1257 4615 1563 4683 concitata,
1588 4616 1729 4670 adeo
1775 4620 1840 4670 ut
1903 4633 2048 4688 pene

404 4702 730 4776 periclitata
760 4703 837 4758 sit
872 4702 1237 4759 haereditaria
1289 4720 1492 4775 regum
1550 4704 1863 4772 successio,
1925 4722 2047 4760 ma-

401 4809 702 4867 gnumque
732 4793 1115 4848 interstitium
1146 4793 1297 4849 inter
1315 4795 1550 4849 fratrem
1570 4811 1764 4849 meum
1788 4794 2047 4848 Edmun-

400 4883 564 4950 dum,
589 4882 690 4955 qui
721 4887 886 4955 patre
919 4899 1046 4938 mco
1070 4888 1301 4938 mortuo
1325 4882 1626 4962 successit,
1675 4899 1885 4954 meque
1943 4882 2044 4938 ha-

2078 3647 2126 3711 B
2157 3644 2374 3711 labore,
2402 3643 2554 3697 sicut
2589 3640 2860 3698 amabilis
2908 3641 3023 3698 Deo
3091 3641 3387 3708 Salomon,
3438 3644 3610 3696 tanta
3673 3659 3813 3713 pace

2168 3739 2224 3788 et
2256 3749 2451 3788 rerum
2494 3730 2794 3802 opulentia
2851 3729 3143 3786 abundavi
3205 3735 3267 3785 ut
3324 3728 3528 3784 nullus
3585 3736 3823 3786 antece-

2161 3821 2429 3877 dentium
2483 3836 2686 3892 regum
2733 3818 2945 3874 similis
2993 3819 3106 3873 mei
3168 3817 3342 3873 fuerit
3398 3817 3457 3871 in
3517 3816 3716 3890 gloria
3775 3825 3828 3874 et

2161 3909 2404 3964 divitiis.
2462 3908 2572 3964 Sed
2634 3907 2822 3980 gratia
2882 3907 2998 3975 Dei,
3059 3924 3176 3962 non
3238 3923 3353 3970 me,
3441 3909 3505 3960 ut
3577 3905 3824 3972 assolet,

2161 4015 2229 4054 ex
2285 3997 2584 4069 opulentia
2642 4001 2701 4051 et
2765 3995 3042 4068 superbia
3113 3999 3486 4066 contemptus
3576 3995 3822 4062 invasit,

2163 4087 2279 4142 imo
2312 4085 2458 4158 ccepi
2481 4087 2734 4156 cogitare
2765 4085 2938 4156 cujus
2959 4085 3110 4139 dono
3143 4089 3199 4140 et
3245 4082 3460 4138 auxilio
3517 4083 3590 4138 ad
3659 4086 3824 4157 regni

2161 4175 2391 4230 culmen
2424 4173 2578 4229 evasi
2610 4173 2890 4244 quoniam
2915 4173 3010 4228 Dei
3044 4176 3131 4228 est
3161 4187 3406 4244 regnum
3442 4173 3501 4226 et
3537 4171 3640 4225 cui
3699 4172 3826 4227 vult

2159 4263 2296 4318 dare
2324 4261 2466 4317 illud
2493 4280 2506 4330 ;
2539 4266 2594 4317 et
2625 4262 2764 4333 quia
2790 4262 3025 4317 mundus
3055 4262 3275 4330 transit,
3325 4265 3376 4316 et
3433 4262 3826 4331 concupiscen-

2159 4353 2237 4406 tia.
2269 4352 2384 4422 ejus
2417 4353 2432 4422 (
2467 4352 2681 4408 IJoan.
2717 4368 2756 4405 11
2783 4351 2799 4422 )
2831 4350 2930 4422 qui
2987 4354 3182 4405 autem
3242 4352 3432 4404 totum
3492 4364 3554 4403 se
3614 4349 3822 4404 subdit

2161 4444 2292 4507 Deo,
2327 4438 2572 4494 feliciter
2603 4443 2808 4512 regnat
2837 4443 2894 4494 et
2925 4436 3342 4510 perpetualiter
3370 4435 3532 4491 dives
3562 4441 3683 4492 est.
3705 4437 3816 4493 Ita-

2157 4545 2269 4599 que
2305 4527 2618 4584 deliberavi
2652 4545 2744 4583 me
2783 4528 2866 4582 ire
2885 4527 2955 4582 ad
2978 4525 3186 4596 limina
3205 4525 3552 4581 sublimium
3572 4529 3814 4597 aposto-

2155 4617 2346 4672 lorum
2374 4617 2526 4672 Petri
2542 4620 2598 4672 et
2611 4615 2798 4684 Pauli,
2819 4615 2967 4671 etibi
2985 4614 3205 4688 gratias
3227 4630 3394 4686 agere
3429 4630 3532 4686 pro
3585 4614 3818 4669 collatis

2156 4706 2476 4771 beneﬁciis,
2510 4709 2565 4760 et
2595 4721 2833 4761 exorare
2865 4709 2929 4759 ut
2959 4720 3088 4759 eam
3116 4720 3321 4775 pacem
3371 4703 3644 4758 ﬁrmaret
3671 4707 3815 4759 Deus

2155 4798 2499 4866 perpetuam
2533 4793 2677 4848 mihi
2709 4798 2765 4848 et
2795 4793 3045 4865 posteris
3079 4793 3244 4848 meis.
3298 4792 3628 4863 Praeparavi
3684 4808 3816 4864 ergo

2155 4887 2210 4938 et
2239 4882 2614 4937 denumeravi
2646 4899 2931 4954 expensas
2962 4881 3325 4937 necessarias
3371 4879 3589 4946 itineri,
3627 4885 3689 4936 et
3725 4881 3818 4936 ho—

400 4971 592 5028 bitum
625 4972 720 5039 sit,
741 4972 1410 5044 invadentibusregnum
1437 4972 1722 5042 chgeno
1740 4976 1796 5025 et
1817 4971 2044 5026 Cnutho
2077 5009 2119 5072 Ο
2160 4971 2448 5026 norabilia
2477 4972 2629 5026 dona
2660 4988 2785 5042 quae
2821 4972 3030 5027 ferrem
3077 4969 3295 5026 sanctis
3337 4967 3648 5041 apostolis.
3711 4970 3816 5025 Sed

397 5061 518 5116 filio
551 5061 700 5132 ejus,
725 5060 963 5133 regibus
996 5065 1314 5128 Danorum,
1341 5077 1406 5115 ac
1433 5059 1569 5114 filiis
1603 5059 1790 5131 ipsius
1811 5059 2044 5128 Cnuthi,

397 5149 650 5206 Haroldo
672 5153 729 5204 et
756 5148 1222 5217 Herdc—Cnutho,
1256 5167 1290 5203 a
1321 5147 1534 5220 quibus
1583 5151 1640 5202 et
1691 5147 1838 5202 alter
1879 5163 2044 5202 meus

397 5239 576 5295 frater
605 5238 882 5294 Alfredus
935 5236 1252 5306 crudeliter
1307 5241 1396 5292 est
1436 5236 1683 5302 occisus,
1745 5234 2042 5308 solusque,

398 5327 550 5382 sicut
569 5328 706 5383 Joas
737 5327 1088 5383 occisionem
1119 5325 1382 5390 Athaliae,
1407 5325 1490 5381 sic
1511 5341 1616 5398 ego
1639 5324 2043 5380 crudelitatem

397 5430 601 5470 eorum
632 5417 810 5471 evasi.
845 5416 1105 5471 Tandem
1165 5419 1431 5487 respectu
1475 5413 1888 5470 misericordiae
1923 5413 2044 5480 Dei,

396 5507 529 5572 post
586 5503 783 5573 plures
827 5522 1034 5572 annos,
1089 5521 1194 5577 ego
1251 5503 1577 5559 Edwardus
1609 5503 1680 5558 ad
1737 5506 2044 5574 paternum

399 5588 614 5649 solium
645 5593 948 5666 reaccessi,
980 5597 1037 5652 et
1065 5609 1130 5650 eo
1161 5593 1381 5668 potitus
1413 5591 1539 5651 sine
1571 5590 1689 5652 ullo
1754 5589 2043 5652 bellorum

2157 5060 2390 5132 gravius
2423 5077 2599 5131 super
2624 5077 2685 5115 re
2717 5077 2930 5115 maeror
2959 5059 3211 5115 habebat
3259 5058 3570 5130 optimates
3630 5075 3814 5124 meos,

2154 5152 2354 5220 utpote
2387 5165 2674 5204 memores
2709 5147 2997 5204 malorum
3034 5165 3160 5220 quae
3207 5147 3317 5202 sub
3377 5145 3508 5201 aliis
3568 5148 3814 5220 regibus

2153 5236 2532 5308 pertulerant,
2566 5255 2638 5292 ne
2668 5241 2831 5294 tanto
2863 5238 3120 5304 domino,
3159 5241 3216 5292 et
3272 5237 3375 5308 p'ro
3431 5238 3615 5305 petrae
3678 5251 3812 5308 rege

2154 5328 2412 5394 absente,
2448 5343 2692 5398 regnum
2727 5326 2951 5382 noviter
2965 5326 3232 5382 sedatum
3247 5324 3444 5396 aliqua
3469 5323 3818 5380 turbaretur

2154 5414 2494 5483 hostilitate,
2528 5420 2584 5470 et
2615 5419 2944 5470 metuentes
2966 5415 3022 5470 id
3043 5414 3198 5486 quod
3235 5416 3478 5470 sanctus
3507 5413 3816 5480 Ezechias,

2154 5519 2225 5557 ne
2257 5501 2306 5558 si
2337 5502 2482 5559 forte
2540 5503 2599 5557 in
2622 5503 2712 5558 via
2745 5509 2848 5560 aut
2878 5502 3244 5576 aegritudine,
3278 5506 3378 5556 aut
3409 5500 3523 5556 alio
3584 5501 3819 5557 incom-

2157 5591 2330 5653 modo
2379 5592 2710 5672 deﬁcerem,
2774 5590 3160 5673 hereditariis
3216 5589 3453 5675 regibus
3513 5595 3814 5664 carerent,
