3968 6158
178 280 343 345 1197

1361 278 1810 346 EDWARDUS
1854 277 1935 344 Ill
1979 278 2211 344 ANGL.
2259 277 2436 343 REX.

3439 283 3595 348 H98

178 416 443 479 maxime
473 416 612 488 quia
642 414 871 474 nullum
900 415 1189 474 habebam
1221 404 1433 472 lilium.
1462 416 1661 488 Itaque
1679 433 1834 471 com—
1864 419 1919 484 Α
1949 420 2084 472 sant
2114 416 2236 471 istm
2267 415 2522 488 reliquiae
2555 417 2898 492 confugerit,
2933 419 3062 491 ejus
3092 418 3176 475 rei
3206 423 3263 475 et
3309 420 3597 476 membro-

180 504 349 560 muni
380 504 579 561 habito
611 506 875 574 concilio,
909 507 1193 579 rogabant
1215 522 1306 562 me
1329 510 1393 561 ut
1413 506 1484 561 ab
1518 506 1835 561 intentione

175 593 548 661 desisterem,
583 594 922 667 pollicentes
980 612 1042 651 se
1097 596 1504 651 satisfacturos
1560 595 1676 649 Deo
1734 610 1837 666 pro

174 687 311 739 voto
342 686 621 751 meo,tam
652 683 711 738 in
746 683 1062 739 missarum
1094 689 1151 740 et
1181 684 1512 739 orationum
1544 682 1837 739 oblatione

176 788 357 844 quam
410 773 470 828 in
513 772 677 845 larga
714 772 1215 845 eleemosynarum
1255 772 1689 828 distributione.
1724 772 1834 827 Sed

177 878 318 917 cum
350 862 558 918 obnixe
579 861 1304 927 contradicerem,tandem
1330 861 1596 933 utrisque
1618 860 1837 933 placuit

179 955 250 1005 ut
281 951 653 1007 mitterentur
671 950 845 1023 legati
869 952 985 1007 duo
1008 951 1079 1007 ab
1102 956 1347 1022 utraque
1363 950 1835 1022 parte.Eldredus

180 1039 611 1113 (Wirgonensis
644 1046 777 1112 post
805 1039 1210 1105 Eboracensis)
1235 1046 1291 1094 ct
1319 1041 1640 1095 llermanus
1662 1040 1831 1111 (Sire-

179 1130 519 1197 burnensis)
554 1129 834 1202 episcopi,
862 1134 919 1185 et
940 1130 1184 1185 abbates
1211 1128 1489 1185 Wlfricus
1507 1130 1830 1201 Elfwynus,

181 1218 285 1290 qui
321 1217 583 1290 apostolo
610 1234 801 1273 meam
823 1216 1183 1274 voluntatem
1215 1223 1273 1274 et
1292 1223 1579 1287 votum,et
1600 1216 1832 1273 illorum

178 1308 524 1379 petitionem
576 1306 922 1374 indicarent,
982 1311 1038 1363 et
1068 1294 1405 1363 secundum.
1440 1308 1568 1379 ejus
1606 1311 1834 1363 senten-

179 1396 348 1465 tiam,
382 1413 561 1468 quam
622 1395 769 1451 mihi
820 1397 1145 1463 mandaret,
1204 1397 1447 1468 promisi
1498 1413 1591 1452 me
1635 1396 1835 1451 omnia

179 1486 497 1541 facturum.
523 1486 763 1540 Factum
815 1490 902 1541 est
948 1502 1084 1559 ergo
1114 1486 1269 1558 quod
1301 1486 1614 1541 voluimus.
1650 1486 1717 1540 Et
1747 1501 1834 1540 ve-

180 1575 412 1631 nientes
444 1575 685 1629 Romam
718 1573 889 1647 legati
946 1575 1127 1631 nostri
1178 1591 1247 1630 ex
1277 1574 1574 1630 voluntate
1615 1574 1710 1629 Dei
1741 1573 1829 1629 in-

178 1669 467 1720 venerunt
497 1663 799 1719 collectam
827 1665 1116 1735 synodum
1150 1665 1207 1719 in
1239 1665 1441 1720 eadem
1478 1665 1641 1731 urbe,
1666 1680 1829 1718 cum-

181 1769 298 1825 que
322 1752 728 1824 exposuissent
760 1770 949 1808 meam
982 1752 1360 1819 voluntatem,
1392 1758 1448 1809 et
1486 1770 1654 1809 suam
1685 1753 1827 1824 peti-
1861 1788 1907 1851 Β

180 1844 403 1898 tionem
430 1857 626 1897 coram
657 1842 925 1898 ducentis
956 1848 1013 1898 et
1059 1842 1488 1915 quinquaginta
1517 1840 1827 1915 episcopis,

179 1936 239 1987 et
270 1930 386 1987 alia
416 1930 794 1986 multitudine
827 1936 1165 1987 sanctorum
1199 1931 1456 1999 Patrum,
1480 1935 1619 1986 tunc
1658 1947 1829 2002 apos-

178 2020 394 2077 tolicus
425 2037 492 2075 ex
536 2018 780 2076 consilio
825 2025 1039 2076 sanctas
1072 2018 1279 2093 synodi
1332 2020 1483 2076 hanc
1522 2018 1828 2091 epistolam

182 2109 422 2182 scripsit
454 2126 467 2164 :

181 2245 300 2300 Leo
329 2246 606 2317 episcopus
633 2261 818 2300 servus
862 2260 1141 2300 servomm
1189 2245 1307 2311 Dei,
1338 2244 1530 2299 dilecto
1573 2245 1689 2313 ﬁlio
1734 2259 1831 2298 suo

252 2334 543 2389 Enwaano
570 2334 870 2402 Anglorum
908 2336 1045 2403 regi,
1103 2335 1335 2389 salutem
1380 2338 1433 2389 et
1482 2332 1831 2403 apostolicam

253 2405 697 2461 benedictionem.

253 2544 281 2571 σ‹
317 2522 602 2585 Quoniam
648 2521 1026 2589 voluntatem,
1061 2543 1088 2571 »
1123 2525 1233 2576 etc.
1272 2521 1396 2577 Vide
1442 2523 1502 2576 in
1545 2522 1717 2575 Leone
1744 2521 1827 2586 IX,

174 2611 518 2679 Palroloyz‘aa
544 2614 673 2665 tom.
709 2609 941 2665 CXLIII.

200 2748 203 2751 -
256 2717 381 2770 "me
413 2718 471 2771 et
517 2714 633 2771 alia
683 2714 1003 2788 apostolica
1051 2716 1328 2770 mandata
1379 2732 1513 2771 cum
1557 2716 1834 2772 referrent

181 2804 352 2861 nobis
381 2803 809 2877 legati,interea
836 2803 1109 2860 revelavit
1138 2805 1344 2860 beatus
1366 2805 1568 2861 Petrus
1598 2805 1830 2861 cuidam

180 2892 504 2966 probabilis
536 2892 666 2948 vitae
699 2893 986 2949 monacho
1016 2892 1262 2958 incluso,
1286 2895 1519 2950 nomine
1552 2895 1829 2963 Wulfino,

182 2982 544 3037 voluntatem
590 2999 759 3038 suam
791 2999 939 3048 esse,
974 2987 1040 3037 ut
1083 2988 1431 3038 restruerem
1482 2983 1673 3038 locum
1730 2984 1829 3055 qui

184 3071 399 3127 dicitur
428 3070 1043 3139 Westmonasterium,
1076 3071 1230 3143 quod
1259 3088 1291 3126 a
1317 3076 1577 3143 tempore
1619 3073 1676 3127 S.
1709 3074 1828 3128 Au-

1948 522 2077 560 rum
2110 522 2177 561 ac
2205 505 2334 560 vitae
2366 506 2773 577 impunitatem
2804 513 3216 580 consequatur.

2729 596 2801 651 II.

2039 689 2141 739 Pro
2174 684 2359 739 eadem
2392 684 2619 739 ecclesia
2650 684 2705 739 S.
2740 686 2900 739 Petri
2936 684 3504 743 ll’estmonasteriensz’.

2014 772 2362 830 Desideratur
2389 774 2696 829 exordium.
2730 773 2927 829 Sciant
2955 789 3158 830 omnes
3190 775 3397 831 futuras
3427 790 3597 847 gene-

1945 860 2197 919 rationes
2229 878 2323 918 me
2349 878 2453 933 pro
2483 861 2598 917 voti
2621 863 2735 918 mei
2765 861 3150 930 absolutione,
3185 867 3593 935 peccatorum-

1934 967 2057 1022 .que
2086 967 2351 1006 meorum
2398 950 2663 1005 omnium
2708 949 3071 1017 remissione,
3124 967 3228 1023 pro
3279 950 3591 1008 animabus

1944 1056 2171 1112 regum,
2228 1045 2347 1095 tam
2398 1056 2806 1096 successorum
2862 1056 3043 1112 quam
3095 1039 3590 1112 praedecessorum

1943 1134 2291 1195 meorum,et
2320 1128 2584 1184 omnium
2613 1133 2921 1201 parentum
2945 1144 3235 1194 meorum,
3252 1132 3309 1185 et
3331 1145 3434 1200 pro
3450 1145 3592 1201 pace

1942 1223 1998 1273 et
2028 1217 2345 1273 stabilitate
2375 1218 2539 1291 regni
2571 1218 2706 1284 mei,
2740 1222 2796 1274 et
2825 1217 3212 1290 prosperitate
3241 1217 3423 1275 totius
3473 1219 3592 1275 An-

1942 1306 2172 1378 glorum
2218 1306 2438 1379 populi,
2491 1305 2616 1362 loco
2664 1306 2772 1375 illi,
2805 1307 2864 1362 id
2922 1311 3012 1363 est
3048 1307 3591 1374 Westmonasterio,

1942 1395 2343 1450 omnimodam
2392 1394 2742 1460 libertatem,
2791 1400 3081 1468 quantum
3132 1397 3203 1452 ad
3246 1400 3591 1468 potestatem

1940 1488 2230 1540 terrenam
2262 1483 2639 1540 concessisse.
2666 1485 2735 1540 Et
2780 1485 2933 1557 quod
2964 1484 3050 1541 illi
3081 1486 3151 1542 de
3198 1484 3595 1542 ecclesiastica

1938 1573 2048 1629 hoc
2082 1572 2243 1646 regia
2270 1572 2535 1629 libertate
2561 1577 2775 1629 statuo.
2810 1575 2947 1647 Ejus
3003 1575 3183 1648 igitur
3227 1574 3445 1631 amoris
3492 1574 3592 1632 sti-

1940 1662 2099 1718 mulo
2126 1667 2183 1717 et
2214 1662 2327 1717 fide
2366 1660 2709 1733 plenissima
2758 1680 2823 1718 ac
2862 1662 3242 1723 devotissima
3288 1663 3587 1731 sutfultus,

1939 1752 2110 1822 cujus
2140 1750 2409 1823 largiflua
2438 1750 2811 1808 miseratione
2842 1753 2902 1807 in
2927 1751 3201 1809 cathedra
3231 1751 3413 1826 regali
3456 1769 3588 1826 pro-

1942 1844 2138 1897 motus
2166 1857 2317 1906 sum,
2354 1856 2488 1896 cum
2526 1840 2771 1897 concilio
2813 1846 2871 1896 et
2916 1842 3148 1898 decreto
3196 1840 3586 1915 archiepisco-

1940 1946 2171 2001 porum,
2205 1928 2633 2001 episcoporum,
2677 1930 2977 1999 comitum,
3025 1930 3396 2004 aliorumque
3426 1947 3589 1988 meo-

1940 2035 2071 2073 rum
2094 2019 2466 2091 optimatum,
2503 2018 2884 2091 prospiciens,
2917 2019 3027 2076 hoc
3066 2019 3179 2093 ipsi
3222 2020 3479 2077 ecclesiis
3527 2026 3587 2077 et

1939 2106 2346 2162 habitantibus
2373 2106 2431 2161 in
2464 2108 2679 2173 ea,sive
2702 2108 3133 2179 pertinentibus
3163 2110 3234 2164 ad
3264 2126 3415 2178 eam,
3448 2108 3589 2167 utile

1942 2196 2083 2261 fore,
2108 2212 2224 2251 non
2255 2195 2448 2250 solum
2476 2194 2534 2250 in
2567 2196 2860 2267 praesenti,
2892 2196 2995 2251 sed
3035 2196 3094 2251 in
3126 2196 3415 2262 futurum,
3442 2196 3589 2270 elegi

1942 2282 2524 2356 sanciendum,atque
2554 2283 2777 2356 perpeti
2804 2283 3203 2341 stabilimento
3220 2286 3292 2342 ab
3315 2285 3590 2342 omnibus

1940 2373 2433 2441 confirmandum,
2464 2376 2529 2427 ut
2560 2389 2662 2445 pro
2711 2372 2925 2429 Christi
2958 2372 3176 2430 honore
3204 2378 3261 2431 et
3294 2391 3510 2443 amore,
3534 2381 3592 2431 et

1941 2480 2044 2535 pro
2076 2463 2398 2518 reverentia
2422 2462 2640 2517 summi
2672 2461 3070 2535 apostolorum
3102 2462 3382 2537 principis
3413 2463 3588 2533 Petri,

1940 2554 2111 2624 cujus
2144 2551 2465 2624 patrocinio
2479 2550 2772 2623 meipsum
2787 2550 3077 2619 commisi,
3093 2556 3263 2625 etpro
3287 2554 3590 2611 devotione

1943 2658 2006 2695 ac
2038 2640 2404 2697 veneratione
2424 2645 2759 2695 sanctarum
2789 2638 3194 2713 reliquiarum,
3218 2658 3366 2714 quas
3400 2642 3589 2700 eidem

1942 2730 2066 2786 loco
2096 2728 2337 2795 contuli,
2371 2729 2674 2785 beatorum
2704 2727 2971 2785 videlicet
2998 2729 3418 2803 apostolorum,
3442 2748 3592 2788 mar-

1941 2825 2158 2891 tyrum,
2192 2818 2616 2884 confessorum,
2647 2821 2705 2872 et
2750 2817 3066 2891 virginum,
3108 2822 3174 2874 ut
3220 2820 3594 2892 omnipotens

1942 2909 2096 2963 Deus
2152 2924 2254 2979 per
2298 2907 2535 2962 illorum
2582 2906 2864 2978 suffragia
2920 2911 3280 2976 sanctorum,
3330 2908 3595 2981 depulsis

1942 2995 2168 3053 cunctis
2212 2995 2685 3062 adversitatibus,
2728 3012 2860 3049 cum
2914 2996 3076 3067 pacis
3118 3000 3175 3051 et
3228 2996 3469 3053 honoris
3500 2998 3595 3055 sui

1943 3086 2279 3151 stabilitate,
2311 3102 2376 3140 ac
2398 3090 2687 3157 perpetuae
2698 3083 3145 3155 tranquillitatis
3157 3084 3592 3156 sublimatione,

182 3160 406 3233 gustini
436 3159 609 3234 primi
640 3159 965 3229 Anglorum
994 3160 1253 3233 episcopi
1303 3160 1641 3216 institutum
1680 3161 1831 3216 mul-

1968 3193 2134 3234 ocum
2166 3150 2334 3230 illum
2364 3150 2980 3244 custodiat,dispo-nat,
3009 3177 3067 3228 et
3093 3178 3377 3247 protegat,
3410 3178 3467 3231 et
3487 3150 3593 3247 pro

181 3254 357 3322 taque
413 3253 674 3304 veterum
732 3265 936 3321 regum
997 3248 1397 3305 munificentia
1453 3250 1828 3319 honO'atum,

182 3342 417 3410 propter
444 3340 793 3393 vetustatem
816 3342 873 3393 et
887 3337 1220 3410 frequentes
1240 3336 1525 3394 bellorum
1540 3339 1832 3395 tumultus

182 3443 329 3499 pene
375 3426 682 3482 videbatur
727 3426 1110 3482 destructum.
1164 3427 1428 3499 Cumque
1479 3427 1622 3483 mihi
1679 3427 1831 3483 hanc

180 3514 464 3571 visionem
515 3515 778 3586 meisque
809 3513 1123 3582 retulisset,
1157 3519 1213 3570 et
1251 3515 1581 3587 apostolicae
1625 3515 1831 3571 littera:

184 3602 433 3676 aequalia
460 3606 746 3676 praecepta
796 3603 1164 3669 detulissent,
1205 3604 1421 3659 contuli
1470 3604 1830 3661 voluntatem

186 3709 377 3749 meam
409 3710 545 3748 cum
576 3692 875 3748 voluntate
913 3693 1033 3759 Dei,
1065 3697 1122 3749 et
1150 3710 1283 3748 cum
1315 3694 1494 3749 totius
1527 3696 1687 3768 regni
1717 3694 1831 3751 ele-

186 3782 400 3853 ctione,
423 3786 480 3837 et
508 3782 639 3837 dedi
672 3797 765 3836 me
796 3782 868 3837 ad
913 3781 1354 3837 restructionem
1401 3782 1666 3854 ejusdem
1697 3783 1828 3840 loci.

188 3871 388 3943 Itaque
409 3869 688 3926 decimari
702 3872 946 3943 praecepi
960 3887 1193 3926 omnem
1211 3871 1599 3927 substantiam
1617 3890 1804 3929 meam
1818 3918 1833 3941 ,

186 3966 306 4015 tam
340 3959 398 4015 in
428 3976 573 4017 auro
603 3963 659 4016 et
688 3964 927 4032 argento
954 3976 1131 4031 quam
1162 3960 1221 4015 in
1254 3962 1650 4033 pecudibuset
1671 3963 1831 4017 omni

186 4065 395 4122 genere
426 4048 951 4120 possessionum,et
980 4050 1288 4105 destruens
1318 4054 1591 4122 veterem,
1624 4069 1832 4107 novam

186 4155 219 4192 a
247 4137 628 4192 fundamento
658 4137 964 4192 basilicam
1013 4137 1331 4204 construxi,
1353 4142 1410 4193 et
1438 4142 1834 4195 constructam

187 4223 441 4281 dedicari
474 4223 578 4279 feci
612 4225 819 4297 quinto
852 4223 1142 4281 Kalendas
1173 4225 1437 4281 Januarii
1464 4221 1559 4295 ;in'
1584 4246 1700 4300 qua
1722 4228 1835 4285 col-

184 4312 367 4369 locavi
403 4312 533 4385 ipsa
580 4313 672 4368 die
720 4312 998 4385 reliquias
1046 4330 1192 4385 quas
1243 4315 1526 4371 Martinus
1577 4335 1747 4391 papa,
1779 4322 1838 4375 et

189 4404 300 4458 Leo
332 4401 432 4473 qui
478 4416 610 4457 eum
660 4402 1036 4468 consecravit,
1089 4403 1375 4458 dederunt
1419 4403 1651 4460 Alfredo
1692 4407 1835 4480 regi,

188 4496 245 4547 et
273 4507 420 4562 quas
452 4490 577 4562 ipse
607 4508 641 4547 a
669 4488 1074 4559 Carlemanno,
1110 4508 1243 4564 rege
1292 4493 1668 4562 Francorum,
1711 4494 1837 4549 dari

188 4579 300 4636 sibi
347 4579 695 4652 impetravit,
730 4580 900 4651 cujus
933 4578 1115 4635 ﬁliam
1148 4585 1311 4652 pater
1335 4581 1463 4651 ejus
1488 4581 1837 4638 Ethelwlfus

188 4687 305 4735 rex,
338 4673 470 4741 post
499 4674 748 4725 mortem
780 4670 983 4741 primae
1017 4670 1556 4743 conjugis,duxerat
1587 4671 1644 4727 in
1692 4690 1837 4729 uxo-

190 4775 332 4825 rem,
368 4775 610 4831 quaeque
632 4760 703 4814 ab
726 4759 853 4831 ipso
882 4760 954 4815 ad
979 4774 1374 4815 successorem
1398 4761 1526 4832 ejus
1548 4760 1834 4817 Ethelsta-

190 4848 568 4914 num,deinde
599 4849 670 4903 ad
701 4848 1019 4921 Edgarum,
1052 4850 1122 4903 ad
1158 4847 1431 4905 ultimum
1464 4850 1535 4905 ad
1569 4868 1675 4907 nos
1707 4867 1836 4923 per-

188 4941 491 5003 venerunt,
525 4935 746 4992 scilicet
803 4937 949 4992 duas
1009 4943 1204 5009 partes
1252 4938 1442 4994 crucis
1495 4939 1748 5007 Domini,
1782 4944 1840 4996 et

193 5028 412 5099 partem
445 5024 621 5081 unius
651 5024 816 5091 clavi,
845 5028 1186 5096 partemque
1224 5026 1433 5081 tunica:
1464 5028 1593 5097 ejus
1637 5027 1837 5083 incon-

193 5112 408 5177 sutilis,
438 5117 494 5169 et
527 5114 596 5168 de
624 5112 989 5168 vestimentis
1012 5117 1224 5168 sancta:
1248 5113 1530 5179 Marias,et
1562 5116 1838 5188 reliquias

192 5200 589 5275 apostolorum
619 5201 770 5256 Petri
801 5204 857 5256 et
885 5200 1070 5266 Pauli,
1100 5201 1361 5269 Andreae,
1412 5202 1837 5272 Bartholomaai,

196 5291 492 5356 Barnabas,
538 5294 594 5346 et
641 5288 892 5345 aliorum
930 5288 1318 5360 plurimorum
1366 5295 1725 5360 sanctorum,
1784 5299 1842 5351 et

195 5379 455 5452 quinque
480 5394 691 5450 capsas
718 5376 849 5433 aliis
876 5383 1212 5434 sanctorum
1246 5377 1511 5450 reliquiis
1544 5380 1765 5452 plenas,
1786 5387 1844 5440 et

196 5467 392 5535 statui,
444 5470 508 5521 ut
564 5465 901 5539 quicunque
957 5484 1093 5524 reus
1151 5468 1479 5539 majestatis
1529 5470 1721 5543 regiae,
1752 5472 1841 5529 vel

197 5554 509 5632 cujuslibet
537 5553 778 5614 alterius
808 5555 1064 5629 offensis,
1096 5556 1168 5616 ad
1210 5554 1406 5617 locum
1447 5556 1507 5615 in
1551 5574 1667 5637 quo
1696 5577 1843 5637 pau.

1943 3265 2258 3339 magniﬁca
2298 3262 2580 3335 dignitate
2624 3261 2754 3342 sive
2800 3259 2978 3333 regali
3036 3260 3376 3319 excellentia
3405 3263 3592 3336 ipsius

1942 3352 2221 3418 ecclesiae,
2254 3355 2310 3407 et
2340 3368 2443 3424 pro
2491 3349 2685 3421 quiete
2735 3348 3159 3406 monachorum
3207 3350 3425 3407 ibidem
3475 3352 3591 3409 Deo

1942 3440 2375 3507 famulantium,
2405 3443 2604 3494 tantus
2647 3436 2833 3494 honor
2861 3438 3046 3494 eidem
3086 3438 3340 3495 ecclesiae
3378 3439 3592 3499 habea-

1941 3535 2039 3585 tur
2070 3530 2124 3584 in
2159 3533 2509 3602 perpetuum
2540 3532 2597 3582 et
2623 3527 2981 3599 observetur,
3010 3531 3075 3583 ut
3111 3544 3300 3601 neque
3330 3546 3458 3598 nos,
3491 3548 3592 3588 ne-

1943 3634 2055 3691 que
2087 3633 2455 3674 successores
2482 3617 2687 3684 nostri,
2720 3633 2823 3672 nec
2846 3615 3093 3688 quilibet
3121 3618 3453 3692 episcopus,
3487 3637 3593 3678 nec

1943 3707 2280 3780 quicunque
2310 3707 2381 3761 de
2423 3704 2739 3775 judiciaria
2786 3709 3092 3777 potestate,
3125 3706 3182 3762 in
3228 3707 3420 3781 ipsam
3451 3726 3594 3766 san-

1943 3802 2096 3852 ctam
2129 3793 2548 3863 basilicam,vel
2580 3793 2637 3849 in
2672 3800 2976 3852 manentes
3002 3794 3067 3850 in
3094 3795 3247 3868 ipsa,
3276 3797 3365 3852 vel
3396 3797 3458 3853 in
3488 3798 3592 3855 ho-

1945 3886 2132 3942 mines
2159 3885 2258 3957 qui
2292 3901 2427 3939 cum
2458 3883 2581 3940 suis
2616 3884 2789 3939 terris
2818 3883 2906 3939 vel
2928 3882 3440 3957 qualibuscunque
3461 3887 3597 3942 sub-

1944 3973 2177 4030 stantiis
2208 3973 2279 4027 ad
2311 3972 2499 4043 ipsam
2531 3971 2758 4027 tradere
2777 3970 2865 4026 vel
2896 3972 3175 4027 devovere
3196 3989 3259 4028 se
3283 3972 3593 4043 voluerint,

1946 4063 2061 4119 nisi
2093 4080 2194 4135 per
2241 4060 2598 4117 voluntatem
2641 4059 2893 4125 abbatis,
2925 4063 2983 4114 et
3010 4077 3252 4116 suorum
3285 4062 3597 4119 monacho-

1947 4169 2101 4219 rum,
2153 4148 2334 4205 ullam
2390 4164 2651 4220 unquam
2690 4146 2945 4203 habeant
2992 4152 3358 4220 potestatem.
3406 4152 3477 4206 Et
3518 4150 3598 4208 sit

1945 4241 2065 4297 hmo
2092 4244 2297 4295 sancta
2325 4243 2512 4293 mater
2542 4236 2799 4293 Ecclesia
2827 4236 3137 4310 peculiaris
3159 4240 3386 4311 patroni
3412 4243 3597 4299 nostri

1948 4328 2169 4385 domini
2202 4331 2260 4383 et
2289 4326 2485 4399 magni
2520 4326 2766 4397 apostoli
2797 4330 2887 4384 ter
2928 4327 3083 4384 beati
3124 4327 3296 4393 Petri,
3328 4327 3512 4386 libera
3539 4333 3597 4386 et

1948 4417 2219 4475 absoluta
2248 4417 2320 4471 ab
2369 4415 2528 4471 omni
2560 4415 2861 4473 invasione
2903 4415 2990 4471 vel
3033 4416 3439 4490 inquietudine
3477 4434 3599 4475 om-

1869 4515 1914 4579 1)
1947 4506 2111 4561 nium
2125 4504 2457 4573 hominum,
2472 4503 2877 4576 cujuscunque
2898 4504 3203 4577 potestatis
3220 4522 3349 4563 esse
3366 4506 3598 4565 videan-

1946 4598 2062 4648 tur.
2097 4593 2379 4647 Prteterea
2407 4590 2568 4646 aliud
2600 4592 2913 4662 constituo,
2948 4596 3124 4665 atque
3152 4593 3212 4650 in
3246 4600 3596 4669 perpetuum

1950 4682 2254 4747 confirmo,
2288 4684 2352 4734 ut
2403 4679 2653 4750 quisque
2698 4679 3075 4752 fugitivorum
3136 4683 3207 4737 de
3246 4700 3598 4757 quocunque

1948 4770 2095 4837 loco,
2131 4786 2234 4841 pro
2267 4783 2619 4840 quacunque
2648 4784 2846 4836 causa,
2875 4773 3284 4841 cujuscunque
3313 4772 3598 4828 conditio-

1948 4858 2040 4915 nis
2099 4859 2195 4924 sit,
2243 4857 2438 4929 ipsum
2500 4860 2769 4912 sanctum
2809 4857 3024 4925 locum,
3085 4858 3174 4916 vel
3230 4860 3599 4931 procinctum

1946 4948 2097 5018 ejus,
2150 4944 2382 5017 fugiens
2431 4944 2750 5014 intraverit,
2794 4946 3076 5003 immunis
3124 4948 3201 5003 sit
3238 4948 3499 5016 omnino,
3531 4965 3598 5005 ac

1946 5034 2181 5108 plenam
2213 5032 2539 5090 libertatem
2572 5038 2980 5105 consequatur.

2019 5124 2079 5179 Si
2112 5124 2246 5195 quis
2275 5139 2407 5179 vero
2449 5122 2601 5178 hanc
2650 5127 2911 5179 nostram
2962 5125 3339 5183 donationem
3385 5144 3599 5202 augere

1949 5216 2006 5269 et
2036 5212 2397 5285 amplificare
2416 5211 2680 5280 voluerit,
2715 5218 2925 5286 augeat
2951 5219 3100 5271 Deus
3130 5216 3257 5272 dies
3286 5216 3415 5289 ejus
3440 5234 3599 5291 pros-

1951 5318 2122 5375 peros
2151 5301 2245 5358 hic
2276 5306 2334 5358 et
2382 5302 2440 5356 in
2492 5300 2842 5359 futurum.Si
2876 5309 3070 5361 autem
3113 5306 3368 5362 evenerit
3396 5312 3463 5363 ut
3492 5306 3595 5363 ali-

1952 5390 2087 5463 quis
2116 5394 2217 5446 aut
2246 5406 2451 5463 regum
2476 5390 3027 5458 succedentium,vel
3056 5392 3310 5466 alicujus
3339 5412 3599 5469 persona

1952 5479 2151 5546 homo,
2210 5478 2367 5551 quod
2427 5494 2543 5533 non
2592 5484 2886 5552 optamus,
2930 5481 3218 5539 diabolica
3272 5486 3600 5545 temeritato

1953 5567 2131 5628 fuerit
2168 5566 2358 5628 elatus
2388 5565 2477 5632 vel
2525 5566 2823 5641 seductus,
2858 5574 3150 5648 quatenus
3180 5572 3290 5636 hoc
3335 5580 3604 5650 nostrum
