3968 6158
369 292 528 358 1199

1726 293 2041 364 MONUM.
2091 297 2414 363 DIPLOM.

3616 303 3774 368 1200

364 429 656 484 statutum
680 426 999 502 infringere
1026 428 1114 487 vel
1145 430 1425 501 minuere,
1457 435 1559 487 aut
1588 431 1647 487 in
1677 432 1839 489 aliud
1878 450 2011 489 mu-
2040 435 2095 502 Α
2192 435 2327 489 stola
2348 435 2561 491 Νίσοιαί
2581 452 2738 520 papae
2769 435 2819 491 Il
2843 435 2913 491 ad
2940 452 3151 520 regem
3176 436 3524 520 _Edwardum
3564 440 3776 520 contra;

365 518 489 572 tare
513 515 653 573 velit
682 534 696 586 ;
728 518 877 577 sciat
921 536 987 576 se
1036 524 1313 593 perpetuo
1362 520 1734 577 anathemate
1762 522 2010 578 damna-

362 607 515 675 tum,
546 604 661 661 nisi
681 610 878 663 tamen
900 607 1292 665 satisfactione
1308 609 1788 666 emendaverit.Si
1814 616 2009 666 autem

363 693 768 759 emendatione
790 696 966 754 fuerit
985 697 1417 772 indignus,ipse
1436 698 1672 771 quidem
1695 716 1830 755 cum
1859 699 1890 754 J
1898 700 2013 754 uda

363 783 678 856 proditore,
727 785 1003 858 gehennze
1032 786 1272 860 ignibus
1313 787 1689 857 cremabitur,
1739 790 1840 845 sed
1888 789 2011 845 hmo

364 871 569 930 charta
623 872 1010 932 nihilominus
1067 875 1129 931 in
1177 893 1287 933 sua
1313 874 1581 932 libertate
1620 878 2008 950 permanebit,

364 960 628 1034 quandiu
658 961 975 1023 Christiani
1005 963 1263 1023 nominis
1312 965 1488 1022 timor
1517 969 1574 1021 et
1622 983 1788 1022 amor
1811 966 1871 1022 in
1901 966 2012 1023 hac

366 1053 568 1107 nostra
594 1054 767 1125 gente
797 1054 1245 1126 perseverarint.

434 1139 521 1203 Ad
554 1138 854 1212 ultimum,
886 1142 1150 1200 chartam
1180 1143 1355 1200 istam
1385 1143 1673 1200 conscribi
1692 1147 1749 1200 et
1769 1144 2013 1218 sigillari

361 1227 599 1300 jussi,et
626 1229 817 1303 ipsam
849 1247 1029 1289 manu
1061 1248 1193 1289 mea
1235 1232 1403 1305 signo
1433 1238 1647 1288 sancta:
1678 1235 1867 1291 crucis
1910 1234 2016 1290 im-

366 1317 639 1393 pressi,et
665 1320 906 1379 idoneos
933 1324 1114 1378 testes
1159 1322 1423 1378 adnotari
1473 1323 1719 1395 praecepi
1768 1324 1839 1378 ad
1884 1341 2014 1379 cor-

366 1408 778 1468 roborandam.
803 1411 1004 1482 Itaque
1021 1410 1315 1483 prdpriam
1338 1412 1669 1467 donationis
1684 1411 2013 1469 libertatem

367 1513 472 1571 ego
504 1498 852 1568 Edwardus,
883 1499 1001 1556 Deo
1051 1498 1353 1573 largiente,
1384 1501 1705 1574 Anglorum
1753 1519 1870 1569 rex,
1904 1503 2017 1575 sig-

367 1604 510 1644 num
541 1589 884 1647 venerandis
915 1589 1107 1645 crucis
1138 1588 1433 1661 impressi.

437 1678 555 1751 Ego
584 1676 796 1734 Editha
846 1677 1047 1750 regina
1076 1677 1212 1733 huic
1245 1679 1546 1736 donationi
1580 1679 1747 1753 regia
1778 1696 2017 1738 consen-

363 1766 517 1824 tiens
546 1766 887 1839 subscripsi.
1292 1816 1300 1824 .

436 1856 553 1929 Ego
583 1855 900 1928 Stigandus
929 1856 1405 1930 archiepiscopus
1435 1858 1706 1915 consensi
1738 1863 1795 1913 et
1840 1859 2015 1915 subs-

365 1961 566 2017 cripsi.

434 2032 552 2106 Ego
579 2032 837 2091 Wlfinus
866 2034 1177 2108 episcopus
1209 2036 1480 2092 consensi
1513 2039 1569 2092 et
1594 2036 1940 2110 subscripsi.

436 2121 555 2195 Ego
587 2122 885 2179 Leofricus
917 2124 1227 2196 episcopus
1258 2125 1527 2181 consensi
1567 2130 1625 2181 et
1667 2124 2012 2198 subscripsi.

438 2210 554 2284 Ego
584 2211 955 2269 Hermannus
973 2213 1283 2287 episcopus
1304 2215 1572 2271 consensi
1592 2217 1649 2271 et
1669 2215 2012 2287 subscripsi.

436 2300 553 2373 Ego
581 2299 872 2359 Walterus
901 2301 1213 2375 episcopus
1242 2303 1510 2359 consensi
1544 2307 1603 2359 et
1632 2302 1976 2376 subscripsi.
2078 2332 2082 2337 ~

435 2389 556 2463 Ego
584 2388 720 2447 Giso
749 2390 1059 2463 episcOpus
1085 2391 1355 2447 consensi
1386 2395 1444 2447 et
1474 2392 1817 2465 subscripsi.

434 2478 554 2554 Ego
582 2478 936 2536 Wulstanus
964 2479 1271 2552 episcopus
1300 2480 1568 2537 consensi
1590 2484 1647 2537 et
1667 2481 2013 2554 subscripsi.

435 2568 553 2641 Ego
584 2568 889 2626 Siwardus
920 2569 1230 2642 episcopus
1261 2569 1529 2625 consensi
1551 2574 1608 2625 et
1632 2571 1975 2643 subscripsi.

434 2657 554 2729 Ego
582 2656 883 2729 Edwynus
913 2656 1095 2713 abbas
1126 2658 1394 2713 consensi
1426 2662 1485 2713 et
1514 2659 1859 2731 subscripsi.

435 2748 552 2821 Ego
579 2747 849 2821 Agelsius
880 2748 1062 2805 abbas
1092 2749 1361 2806 consensi
1394 2754 1451 2806 et
1480 2750 1824 2823 subscripsi.

433 2835 552 2909 Ego
577 2834 883 2893 Alswinus
913 2836 1095 2892 abbas
1124 2838 1395 2894 consensi
1418 2843 1476 2894 et
1505 2839 1850 2912 subscripsi.

435 2924 552 2997 Ego
584 2924 882 2981 Leofricus
913 2924 1093 2981 abbas
1123 2924 1395 2981 consensi
1427 2928 1483 2981 et
1512 2926 1856 2999 subscripsi.

432 3012 551 3086 Ego
578 3012 887 3086 Agelwrus
916 3013 1100 3070 abbas
1128 3013 1399 3069 consensi
1428 3017 1485 3069 et
1510 3014 1853 3088 subscripsi.

434 3100 553 3173 Ego
582 3099 944 3174 Valdwynus
973 3101 1155 3158 abbas
1186 3102 1454 3158 consensi
1484 3105 1540 3157 et
1564 3103 1908 3175 subscripsi.

433 3188 551 3264 Ego
580 3188 935 3247 Wulvvodus
966 3190 1148 3246 abbas
1181 3190 1449 3247 consensi
1477 3195 1535 3247 et
1564 3192 1906 3265 subscripsi.

433 3279 553 3353 Ego
583 3278 959 3352 Reynbaldus
988 3278 1392 3337 cancellarius.

434 3368 551 3442 Ego
578 3366 869 3426 Haroldus
888 3368 1025 3425 dux.

394 3502 407 3513 η
433 3458 550 3532 Ego
572 3458 873 3530 Edwynus
904 3458 1041 3513 dux.

430 3547 551 3620 Ego
577 3546 952 3604 Leofdwinus
982 3546 1119 3601 dux.

430 3639 549 3709 Ego
580 3635 784 3691 Guden
814 3634 953 3690 dux.

432 3724 548 3797 Ego
577 3723 833 3796 Ergarus
861 3722 1150 3781 minister.

430 3813 548 3885 Ego
579 3811 817 3868 Kendus
846 3810 1134 3868 minister.

429 3902 546 3976 Ego
569 3901 868 3975 Wygodus
900 3899 1195 3957 minister.

428 3991 545 4065 Ego
574 3988 924 4063 Radulphus
955 3988 1243 4046 minister.

426 4080 545 4153 Ego
574 4079 863 4137 Robertus
892 4077 1180 4136 minister.

427 4169 543 4243 Ego
573 4167 879 4226 Ednothus
900 4166 1184 4224 minister.

425 4257 546 4331 Ego
572 4256 928 4330 Agelnodus,
958 4256 1299 4325 Wulfricus,
1330 4258 1669 4331 Sywardus,
1697 4259 2002 4318 Godricus.

425 4348 570 4403 Acta
597 4346 754 4418 apud
806 4347 1397 4401 Westmonasterium
1456 4346 1659 4418 quinto
1718 4348 2005 4406 Kalendas

353 4433 641 4499 Januarii,
673 4433 765 4489 die
795 4438 1134 4490 sanctorum
1166 4433 1594 4501 Innocentium,
1618 4452 1771 4491 anno
1815 4440 2005 4494 Domi-

358 4523 500 4579 nica
531 4521 954 4577 Incarnationis
982 4521 1297 4578 millesimo
1327 4522 1687 4595 sexagesimo
1718 4525 2000 4596 sexto,in-
2029 4544 2078 4610 D

354 4610 609 4669 dictione
660 4610 854 4679 tertia,
897 4627 1050 4666 anno
1107 4610 1270 4684 regni
1313 4612 1676 4669 serenissimi
1722 4615 1999 4673 Edwardi

352 4701 508 4774 regis
535 4698 811 4757 vicesimo
842 4699 1045 4772 quinto
1077 4699 1174 4771 (In).
1207 4700 1612 4775 Swyergarius
1631 4704 1894 4760 notarius
1924 4707 1998 4762 ad

349 4790 536 4847 vicem
568 4788 888 4862 Reynbaldi
921 4788 1088 4861 regiae
1120 4789 1424 4861 dignitatis
1470 4792 1798 4849 cancellarii
1846 4794 1999 4851 hanc

346 4878 612 4938 chartam
643 4877 855 4950 scripsi
883 4881 943 4934 et
969 4877 1316 4952 subscripsi.
1351 4880 1413 4934 In
1448 4880 1545 4936 Dei
1596 4882 1833 4937 nomine
1873 4882 1997 4937 fcli-

346 4967 507 5027 citer.
536 4968 745 5025 Amen.

1127 5091 1221 5147 III.

347 5200 457 5255 Pro
484 5195 667 5254 eadem
716 5197 942 5253 ecclesia
983 5197 1171 5252 Sancti
1215 5199 1372 5252 Petri
1423 5198 1993 5256 Westmonastcriensi.

420 5299 490 5311 -—-
518 5270 797 5325 Habentur
826 5271 888 5324 in
916 5267 1018 5324 hac
1063 5268 1253 5323 charta
1298 5270 1530 5341 epistola
1562 5272 1706 5341 regis
1738 5271 2000 5327 Edwardi

419 5341 742 5412 confessoris
790 5340 861 5396 ad
901 5356 1106 5412 papam
1138 5339 1440 5412 Nicolaum
1484 5341 1537 5395 ll
1572 5339 1674 5412 pro
1702 5342 1995 5412 conﬁrma-

419 5411 570 5466 tione
591 5411 1012 5484 privilegiorum
1040 5411 1277 5467 ecclesiae
1313 5411 1787 5483 Westmonasterii,
1806 5411 1860 5472 et
1888 5416 1999 5488 epi-

324 5564 331 5569 ⁸
394 5584 502 5671 ,(1)
532 5584 745 5662 Psgius
771 5589 896 5649 vult
921 5586 1237 5666 legendum
1264 5604 1413 5651 anno
1440 5604 1591 5653 xxxv.

2192 521 2388 630 forem,
2420 524 2527 578 qua
2550 509 2723 579 petita
2772 510 2994 576 annuit,
3028 509 3089 566 et
3125 510 3293 581 plura
3334 510 3565 581 insuper
3595 509 3777 583 privi-

2214 593 2359 630 eaza.

2214 593 2359 646 egw.

2191 665 2253 720 In
2288 666 2523 722 nomine
2553 674 2766 724 sanctae
2789 672 2846 724 et
2866 668 3180 724 individuaa
3200 668 3782 744 Trinitatis.Propter

2122 770 2221 810 eos
2251 754 2350 827 qui
2371 756 2666 827 justitiam
2699 757 2799 813 Dei
2839 761 3238 824 contemnunt,
3263 762 3322 814 et
3355 775 3525 815 suam
3572 758 3782 818 volunt

2122 843 2781 918 constituere,quoniam
2805 845 3052 917 justitiaa
3080 846 3183 903 Dei
3211 864 3327 902 non
3360 851 3499 903 sunt
3525 848 3781 920 subjecti

2122 934 2293 1005 (Rom.
2324 934 2401 1004 Χ),
2435 935 2869 1006 procurandum
2900 940 2991 992 est
3022 936 3098 992 iis
3131 934 3232 1008 qui
3262 934 3642 994 ecclesiarum
3674 938 3778 995 Dei

2121 1021 2423 1094 privilegia
2475 1024 2859 1093 constituunt,
2913 1028 2978 1082 ut
3027 1024 3382 1098 multiplices
3440 1025 3677 1082 chartas
3717 1031 3779 1084 et

2122 1110 2559 1168 multitudinem
2590 1113 2831 1169 testium
2856 1117 3032 1185 atque
3054 1113 3537 1170 maledictionum
3563 1131 3775 1189 conge-

2123 1204 2291 1266 rant;
2326 1200 2541 1272 quibus
2591 1202 2700 1257 etsi
2749 1219 2864 1258 non
2914 1219 3166 1276 semper,
3212 1206 3410 1260 tamen
3464 1203 3776 1277 aliquoties

2124 1289 2515 1362 pessimorum
2546 1289 2856 1346 hominum
2884 1290 3067 1364 impia
3115 1292 3426 1364 protervia,
3476 1297 3535 1348 et
3581 1294 3774 1367 perni-

2125 1378 2283 1433 ciosa
2312 1379 2706 1451 prmsumptio,
2742 1379 2923 1435 totius
2954 1385 3300 1452 proteratur,
3335 1382 3683 1438 retundatur
3707 1399 3774 1439 ac

2126 1468 2656 1533 reverberetur,nec
2690 1484 2804 1523 non
2840 1468 3161 1524 fortissimo
3183 1468 3542 1527 defensionis
3572 1472 3776 1528 robore

2128 1556 2391 1610 funditus
2450 1556 2797 1612 eradicetur.
2851 1559 3213 1630 Quapropter
3268 1574 3374 1630 ego
3424 1559 3774 1629 Edwardus,

2125 1644 2226 1700 Dei
2257 1644 2466 1716 gratia,
2498 1644 2813 1717 Anglorum
2851 1651 3182 1714 rex,notum
3213 1646 3360 1704 facio
3392 1648 3777 1705 omnibusfu-

2128 1731 2278 1788 turis
2300 1739 2429 1804 post
2461 1750 2552 1789 me
2583 1732 2779 1788 saeculi
2812 1735 3289 1805 generationibus
3317 1736 3596 1807 quoniam
3628 1753 3777 1809 prae-

2043 1809 2091 1875 B
2122 1825 2286 1892 cepto
2339 1822 2546 1878 Leonis
2598 1839 2781 1894 papae,
2826 1840 2929 1895 pro
2960 1823 3302 1895 pcenitentia
3344 1829 3402 1880 et
3432 1825 3777 1883 remissione

2125 1915 2495 1981 peccatorum
2529 1928 2816 1982 meorum,
2841 1912 3108 1969 renovavi
3148 1918 3207 1968 et
3246 1914 3543 1970 melioravi
3574 1914 3778 1972 basili-

2123 2014 2253 2055 cam
2283 2016 2410 2054 cam
2443 2000 2595 2055 Petri
2624 2018 2753 2073 quze
2781 2001 2894 2057 sita
2922 2006 3014 2057 est
3034 2019 3214 2075 prope
3237 2003 3452 2059 moenia
3483 2004 3779 2077 principa-

2123 2086 2197 2142 lis
2227 2087 2543 2160 Anglorum
2579 2090 2739 2145 urbis
2772 2090 3299 2159 Londoniarum,et
3328 2092 3400 2147 ab
3431 2091 3781 2149 occidentali

2122 2192 2224 2231 ora
2247 2177 2511 2248 ejusdem
2542 2178 2705 2234 urbis
2736 2178 2949 2234 dicitur
2989 2178 3610 2248 Westmonasterium,
3641 2197 3770 2253 qua

2124 2264 2409 2322 aedificata
2436 2266 2674 2338 quidem
2733 2267 2924 2323 fuerat
2980 2268 3305 2341 antiquitus
3364 2268 3472 2326 sub
3534 2269 3776 2340 Mellito,

2126 2354 2364 2410 London
2421 2355 2609 2428 primo
2664 2356 2958 2429 episcopo,
2986 2356 3143 2413 socio
3185 2362 3243 2414 et
3290 2362 3780 2431 contemporaneo

2124 2446 2309 2501 sancti
2341 2446 2649 2519 Augustini
2677 2447 2847 2518 primi
2879 2448 3201 2503 Cantuariis
3243 2448 3691 2522 archiepiscopi,
3723 2455 3782 2506 et

2125 2551 2227 2605 per
2257 2534 2451 2606 ipsum
2486 2536 2721 2591 beatum
2752 2535 3280 2610 Petrum,angelico
3310 2538 3637 2594 famulante
3657 2556 3778 2595 ser-

2122 2622 2280 2690 vitio,
2316 2628 2529 2678 sancta:
2562 2625 2753 2681 crucis
2784 2625 3174 2697 impressione
3203 2631 3261 2682 et
3291 2627 3442 2682 sacri
3488 2627 3780 2684 chrisma-

2122 2711 2200 2767 tis
2230 2711 2610 2783 permistione
2640 2712 2939 2782 dedicata;
2975 2714 3077 2770 sed
3100 2729 3201 2787 per
3221 2715 3558 2788 frequentes
3586 2715 3779 2772 incur-

2122 2801 2319 2857 siones
2349 2801 2753 2870 barbarorum,
2787 2807 2845 2858 et
2872 2803 3127 2859 maxime
3157 2804 3779 2878 Danorum,qui,patre

2121 2907 2250 2946 meo
2281 2889 2609 2947 {Ethelredo
2638 2891 3275 2964 vivente,irruptionem
3304 2893 3364 2949 in
3394 2892 3666 2967 Angliam
3689 2894 3771 2950 fe-

2121 2984 2401 3049 cerant,et
2432 2996 2496 3036 eo
2529 2985 2924 3051 mortuo,cum
2956 2982 3134 3039 fratre
3163 3000 3292 3040 meo
3339 2984 3651 3040 Edmundo
3680 2983 3768 3040 di-

2120 3068 2367 3125 midium
2399 3070 2561 3143 regni
2593 3070 2704 3126 sub
2736 3070 3130 3128 amicitiarum
3162 3073 3529 3143 pacationem
3563 3077 3768 3130 tenue-

2039 3177 2082 3243 C
2120 3162 2270 3224 rant,
2330 3158 2685 3231 fratremque
2758 3158 2939 3215 alium
2998 3159 3302 3217 Alfredum
3355 3161 3774 3218 miserabiliter

2118 3246 2537 3320 interemptum
2568 3253 2963 3317 enecaverant,
2997 3249 3260 3323 neglecta
3289 3250 3524 3323 penitus
3554 3254 3614 3307 et
3641 3251 3773 3308 des-

2118 3340 2310 3391 tructa
2336 3336 2663 3393 videbatur.

2189 3428 2331 3481 Cum
2362 3441 2498 3498 ergo
2547 3442 2919 3484 rcnovassem
2967 3445 3120 3499 eam,
3151 3432 3210 3484 et
3251 3427 3440 3486 multa
3468 3428 3774 3503 privilegia

2119 3514 2287 3587 regiae
2319 3516 2623 3587 potestatis
2643 3521 2699 3573 et
2730 3516 3061 3590 apostolicae
3101 3518 3464 3575 auctoritatis
3495 3535 3601 3592 per
3628 3519 3769 3574 bea—

2118 3607 2247 3659 tum
2278 3604 2524 3660 Leonem
2556 3621 2767 3678 papam
2799 3606 2858 3660 in
2911 3622 2980 3663 ea
3009 3607 3446 3664 constituissem
3494 3607 3768 3663 defuncto

2117 3693 2245 3765 ipso
2286 3693 2495 3761 Leone,
2546 3698 2603 3749 et
2655 3695 2997 3751 conﬁrmato
3052 3695 3112 3751 in
3143 3696 3273 3767 ejus
3328 3695 3453 3752 loco
3510 3696 3767 3762 Nicolao,

2117 3780 2335 3853 placuit
2364 3782 3139 3851 mihirenovare,meliorare
3163 3789 3220 3841 et
3248 3784 3597 3841 conﬁrmem
3625 3801 3767 3840 con-

2115 3871 2456 3927 suetudines
2485 3875 2542 3927 et
2574 3872 2918 3929 donationes
2967 3873 3355 3946 pecuniarum
3403 3890 3552 3946 quas
3600 3876 3765 3930 ante-

2115 3975 2374 4015 cessores
2405 3960 2518 4015 mei
2544 3976 2707 4033 reges
2729 3966 2928 4018 sancto
2946 3962 3113 4019 Petro
3128 3962 3768 4035 instituerangpropter

2114 4048 2479 4104 devotionem
2510 4065 2807 4106 summam
2841 4066 3018 4122 quam
3049 4051 3256 4107 habuit
3284 4067 3515 4125 semper
3541 4050 3766 4123 Anglo-

2114 4154 2246 4192 rum
2276 4153 2420 4210 gens
2447 4153 2585 4210 erga
2614 4153 2753 4195 eum
2782 4143 2841 4194 et
2870 4142 2998 4210 ejus
3028 4139 3769 4213 vicarios.ltaque,propter

2114 4225 2221 4281 hoc
2254 4225 2551 4298 negotium
2583 4230 2639 4281 et
2664 4225 2780 4283 alia
2810 4227 3181 4301 quamplura,
3215 4229 3436 4302 legatos
3485 4229 3621 4285 misi
3652 4228 3767 4285 Ro-

2113 4331 2293 4382 mam,
2322 4315 2662 4388 episcopum
2694 4333 2877 4371 unum
2908 4317 3247 4386 Aldredum,
3262 4323 3321 4374 et
3371 4318 3519 4374 duos
3549 4317 3768 4377 electos

2112 4403 2185 4459 ad
2216 4403 2571 4459 ordinandos
2601 4403 2925 4478 episcopos,
2954 4405 3253 4464 Glisonem
3284 4406 3507 4464 scilicet
3521 4412 3581 4463 et
3607 4407 3769 4463 Wal-

2109 4494 2323 4558 terum,
2357 4496 2422 4547 ut
2470 4509 2504 4547 a
2534 4493 2769 4550 domino
2817 4511 2969 4568 papa
3000 4501 3392 4553 sacrarentur.
3450 4496 3766 4553 Venientes

2108 4584 2303 4636 autem
2338 4581 2604 4650 Romam,
2638 4583 2709 4638 ab
2760 4583 3078 4656 apostolico
3126 4584 3361 4642 Nicolao
3393 4585 3614 4642 honore
3645 4601 3762 4658 quo

2107 4669 2346 4725 decebat
2374 4671 2654 4743 suscepti,
2678 4672 3026 4747 invenerunt
3072 4674 3154 4729 ibi
3197 4675 3271 4731 ad
3304 4675 3595 4747 synodum
3624 4691 3763 4731 con-

2107 4763 2407 4832 gregatam
2482 4758 2924 4818 multitudinem
2987 4779 3263 4836 magnam
3323 4764 3759 4836 episcoporum,

2108 4847 2551 4915 monachorum,
2585 4853 2643 4904 et
2690 4848 3058 4919 clericorum,
3105 4857 3568 4924 ceterorumque
3618 4852 3761 4910 ﬁde-

2106 4936 2249 4991 lium
2296 4953 2595 5008 ;cumque
2655 4938 2929 4996 audiente
2989 4942 3210 5013 synodo
3273 4958 3392 4997 suae
3448 4940 3763 5013 legationis

2106 5040 2342 5080 causam
2372 5030 2728 5097 perorarent,
2761 5026 2940 5100 hujus
2965 5046 3262 5087 summam
3292 5027 3553 5102 epistola
3577 5029 3763 5087 domi-

2105 5128 2180 5168 no
2211 5130 2374 5185 papm
2398 5112 2758 5171 obtulerunt.

2106 5201 2326 5257 Summo
2356 5204 2686 5260 universalis
2716 5205 2973 5265 Ecclesiae
3021 5210 3185 5264 Patri
3231 5208 3478 5264 ΝιοοιΑο
3509 5207 3759 5265 Ευννλιι-

2177 5289 2286 5351 nus
2317 5276 2629 5351 gratia_Dei
2655 5277 2955 5348 Anglorum
2976 5295 3074 5334 rex
3102 5280 3344 5335 debitam
3370 5280 3760 5351 subjectionem

2176 5346 2225 5399 et
2245 5345 2620 5402 omnimodum
2648 5345 2952 5405 seruitium.

2176 5430 2581 5497 Gloriﬁcamus
2613 5435 2927 5513 Deum,qui
2958 5455 3160 5496 curam
3201 5438 3376 5500 habet
3406 5455 3526 5499 sua
3563 5439 3759 5498 electa
