  <div class='ocr_page' id='page_1' title='image "/cluster/home/n/w/nwhite01/storage/ocr_20150623/151/hvd.32044054760095/609.png"; bbox 0 0 3968 6158; ppageno 0'>
   <div class='ocr_carea' id='block_1_1' title="bbox 336 252 498 332">
    <p class='ocr_par' dir='ltr' id='par_1_1' title="bbox 336 252 498 332">
     <span class='ocr_line' id='line_1_1' title="bbox 336 252 498 332; baseline 0 -8"><span class='ocrx_word' id='word_1_1' title='bbox 336 252 498 332; x_wconf 54' lang='grc' dir='ltr'>μου</span> 
     </span>
    </p>
   </div>
   <div class='ocr_carea' id='block_1_2' title="bbox 340 392 2066 467">
    <p class='ocr_par' dir='ltr' id='par_1_2' title="bbox 340 392 2066 467">
     <span class='ocr_line' id='line_1_2' title="bbox 340 392 2066 467; baseline -0.004 -13"><span class='ocrx_word' id='word_1_2' title='bbox 340 410 405 459; x_wconf 75' lang='grc' dir='ltr'>ιι.</span> <span class='ocrx_word' id='word_1_3' title='bbox 438 395 529 461; x_wconf 82' lang='grc'>33,</span> <span class='ocrx_word' id='word_1_4' title='bbox 556 393 834 466; x_wconf 59' lang='lat' dir='ltr'>praeclaro</span> <span class='ocrx_word' id='word_1_5' title='bbox 863 395 1100 467; x_wconf 77' lang='lat' dir='ltr'>quidem</span> <span class='ocrx_word' id='word_1_6' title='bbox 1131 396 1314 467; x_wconf 85' lang='lat' dir='ltr'>elogio</span> <span class='ocrx_word' id='word_1_7' title='bbox 1347 392 1988 467; x_wconf 72' lang='lat' dir='ltr'>urnatLadislaum;_at</span> <span class='ocrx_word' id='word_1_8' title='bbox 2014 397 2066 461; x_wconf 77' lang='grc' dir='ltr'>Α</span> 
     </span>
    </p>
   </div>
   <div class='ocr_carea' id='block_1_3' title="bbox 344 463 1980 535">
    <p class='ocr_par' dir='ltr' id='par_1_3' title="bbox 344 463 1980 535">
     <span class='ocr_line' id='line_1_3' title="bbox 344 463 1980 535; baseline -0.003 -13"><span class='ocrx_word' id='word_1_9' title='bbox 344 463 616 523; x_wconf 78' lang='lat' dir='ltr'>sanctum</span> <span class='ocrx_word' id='word_1_10' title='bbox 647 482 762 523; x_wconf 88' lang='lat' dir='ltr'>non</span> <span class='ocrx_word' id='word_1_11' title='bbox 791 463 976 535; x_wconf 72' lang='lat' dir='ltr'>vocat,</span> <span class='ocrx_word' id='word_1_12' title='bbox 1008 485 1111 522; x_wconf 91' lang='lat' dir='ltr'>nec</span> <span class='ocrx_word' id='word_1_13' title='bbox 1143 463 1258 521; x_wconf 72' lang='lat' dir='ltr'>ullo</span> <span class='ocrx_word' id='word_1_14' title='bbox 1287 466 1454 522; x_wconf 83' lang='lat' dir='ltr'>modo</span> <span class='ocrx_word' id='word_1_15' title='bbox 1486 466 1536 520; x_wconf 92' lang='lat' dir='ltr'>ei</span> <span class='ocrx_word' id='word_1_16' title='bbox 1581 464 1848 520; x_wconf 75' lang='lat' dir='ltr'>attribuit</span> <span class='ocrx_word' id='word_1_17' title='bbox 1876 463 1980 518; x_wconf 87' lang='lat' dir='ltr'>ali-</span> 
     </span>
    </p>
   </div>
   <div class='ocr_carea' id='block_1_4' title="bbox 347 535 1981 663">
    <p class='ocr_par' dir='ltr' id='par_1_4' title="bbox 347 535 1981 663">
     <span class='ocr_line' id='line_1_4' title="bbox 347 535 1981 663; baseline -0.002 -71"><span class='ocrx_word' id='word_1_18' title='bbox 347 536 488 609; x_wconf 84' lang='lat' dir='ltr'>quid</span> <span class='ocrx_word' id='word_1_19' title='bbox 521 553 637 663; x_wconf 78' lang='lat' dir='ltr'>quo</span> <span class='ocrx_word' id='word_1_20' title='bbox 668 537 929 594; x_wconf 81' lang='lat' dir='ltr'>insinuat</span> <span class='ocrx_word' id='word_1_21' title='bbox 958 555 1023 594; x_wconf 93' lang='lat' dir='ltr'>eo</span> <span class='ocrx_word' id='word_1_22' title='bbox 1049 542 1309 609; x_wconf 90' lang='lat' dir='ltr'>tempore</span> <span class='ocrx_word' id='word_1_23' title='bbox 1342 536 1519 591; x_wconf 68' lang='lat' dir='ltr'>fuisse</span> <span class='ocrx_word' id='word_1_24' title='bbox 1550 535 1981 602; x_wconf 89' lang='lat' dir='ltr'>canonizatum,</span> 
     </span>
     <span class='ocr_line' id='line_1_5' title="bbox 347 605 1981 663; baseline -0.002 0"><span class='ocrx_word' id='word_1_25' title='bbox 347 611 449 663; x_wconf 86' lang='lat' dir='ltr'>aut</span> <span class='ocrx_word' id='word_1_26' title='bbox 465 625 535 663; x_wconf 92' lang='lat' dir='ltr'>cu</span> <span class='ocrx_word' id='word_1_27' title='bbox 566 612 690 663; x_wconf 89' lang='lat' dir='ltr'>tum</span> <span class='ocrx_word' id='word_1_28' title='bbox 709 614 773 663; x_wconf 91' lang='lat' dir='ltr'>ut</span> <span class='ocrx_word' id='word_1_29' title='bbox 794 613 1084 663; x_wconf 88' lang='lat' dir='ltr'>sanctum.</span> <span class='ocrx_word' id='word_1_30' title='bbox 1114 608 1412 663; x_wconf 67' lang='lat' dir='ltr'>Praeterea.</span> <span class='ocrx_word' id='word_1_31' title='bbox 1432 614 1485 662; x_wconf 67' lang='grc' dir='ltr'>ὃ.</span> <span class='ocrx_word' id='word_1_32' title='bbox 1514 605 1981 663; x_wconf 64' lang='lat' dir='ltr'>Henricusimne</span> 
     </span>
    </p>
   </div>
   <div class='ocr_carea' id='block_1_5' title="bbox 346 605 1985 678">
    <p class='ocr_par' dir='ltr' id='par_1_5' title="bbox 346 605 1985 678">
     <span class='ocr_line' id='line_1_6' title="bbox 346 605 1985 678; baseline -0.002 -15"><span class='ocrx_word' id='word_1_33' title='bbox 346 605 449 676; x_wconf 68' lang='lat' dir='ltr'>aut</span> <span class='ocrx_word' id='word_1_34' title='bbox 465 605 690 666; x_wconf 88' lang='lat' dir='ltr'>cultum</span> <span class='ocrx_word' id='word_1_35' title='bbox 709 614 773 664; x_wconf 93' lang='lat' dir='ltr'>ut</span> <span class='ocrx_word' id='word_1_36' title='bbox 794 613 1084 665; x_wconf 90' lang='lat' dir='ltr'>sanctum.</span> <span class='ocrx_word' id='word_1_37' title='bbox 1114 605 1412 674; x_wconf 66' lang='lat' dir='ltr'>Praeterea,</span> <span class='ocrx_word' id='word_1_38' title='bbox 1432 614 1485 662; x_wconf 67' lang='grc' dir='ltr'>δ.</span> <span class='ocrx_word' id='word_1_39' title='bbox 1514 605 1985 678; x_wconf 64' lang='grc' dir='ltr'>Ηοηιεὶουείωρθο</span> 
     </span>
    </p>
   </div>
   <div class='ocr_carea' id='block_1_6' title="bbox 346 678 1988 749">
    <p class='ocr_par' dir='ltr' id='par_1_6' title="bbox 346 678 1988 749">
     <span class='ocr_line' id='line_1_7' title="bbox 346 678 1988 749; baseline -0.002 -15"><span class='ocrx_word' id='word_1_40' title='bbox 346 682 507 743; x_wconf 86' lang='lat' dir='ltr'>rator</span> <span class='ocrx_word' id='word_1_41' title='bbox 536 679 782 737; x_wconf 85' lang='lat' dir='ltr'>solemni</span> <span class='ocrx_word' id='word_1_42' title='bbox 811 678 1245 736; x_wconf 89' lang='lat' dir='ltr'>canonizatione</span> <span class='ocrx_word' id='word_1_43' title='bbox 1270 680 1488 734; x_wconf 80' lang='lat' dir='ltr'>sanctis</span> <span class='ocrx_word' id='word_1_44' title='bbox 1527 678 1818 749; x_wconf 82' lang='lat' dir='ltr'>ascriptus</span> <span class='ocrx_word' id='word_1_45' title='bbox 1864 681 1988 732; x_wconf 90' lang='lat' dir='ltr'>erat</span> 
     </span>
    </p>
   </div>
   <div class='ocr_carea' id='block_1_7' title="bbox 340 749 1989 823">
    <p class='ocr_par' dir='ltr' id='par_1_7' title="bbox 340 749 1989 823">
     <span class='ocr_line' id='line_1_8' title="bbox 340 749 1989 823; baseline -0.005 -13"><span class='ocrx_word' id='word_1_46' title='bbox 340 753 483 811; x_wconf 83' lang='lat' dir='ltr'>‘ante</span> <span class='ocrx_word' id='word_1_47' title='bbox 514 751 772 823; x_wconf 75' lang='lat' dir='ltr'>medium</span> <span class='ocrx_word' id='word_1_48' title='bbox 804 749 1000 807; x_wconf 66' lang='lat' dir='ltr'>saeculi</span> <span class='ocrx_word' id='word_1_49' title='bbox 1028 766 1128 816; x_wconf 84' lang='lat' dir='ltr'>xu,</span> <span class='ocrx_word' id='word_1_50' title='bbox 1163 755 1228 805; x_wconf 91' lang='lat' dir='ltr'>ut</span> <span class='ocrx_word' id='word_1_51' title='bbox 1243 751 1399 823; x_wconf 88' lang='lat' dir='ltr'>apud</span> <span class='ocrx_word' id='word_1_52' title='bbox 1434 766 1538 806; x_wconf 89' lang='lat' dir='ltr'>nos</span> <span class='ocrx_word' id='word_1_53' title='bbox 1565 754 1866 823; x_wconf 75' lang='lat' dir='ltr'>ostensum</span> <span class='ocrx_word' id='word_1_54' title='bbox 1899 751 1989 803; x_wconf 90' lang='lat' dir='ltr'>est</span> 
     </span>
    </p>
   </div>
   <div class='ocr_carea' id='block_1_8' title="bbox 346 820 1986 948">
    <p class='ocr_par' dir='ltr' id='par_1_8' title="bbox 346 820 1986 948">
     <span class='ocr_line' id='line_1_9' title="bbox 346 820 1986 948; baseline -0.004 -70"><span class='ocrx_word' id='word_1_55' title='bbox 346 825 492 878; x_wconf 85' lang='lat' dir='ltr'>tom.</span> <span class='ocrx_word' id='word_1_56' title='bbox 524 821 600 905; x_wconf 68' lang='lat' dir='ltr'>III</span> <span class='ocrx_word' id='word_1_57' title='bbox 629 820 789 904; x_wconf 62' lang='lat' dir='ltr'>Julii,</span> <span class='ocrx_word' id='word_1_58' title='bbox 822 823 1076 948; x_wconf 63' lang='lat' dir='ltr'>pag.715</span> <span class='ocrx_word' id='word_1_59' title='bbox 1095 825 1152 903; x_wconf 74' lang='lat' dir='ltr'>et</span> <span class='ocrx_word' id='word_1_60' title='bbox 1167 820 1299 886; x_wconf 61' lang='lat'>716;</span> <span class='ocrx_word' id='word_1_61' title='bbox 1321 838 1430 903; x_wconf 75' lang='lat' dir='ltr'>nec</span> <span class='ocrx_word' id='word_1_62' title='bbox 1449 825 1644 902; x_wconf 77' lang='lat' dir='ltr'>tamen</span> <span class='ocrx_word' id='word_1_63' title='bbox 1673 820 1986 875; x_wconf 88' lang='lat' dir='ltr'>Henricum</span> 
     </span>
     <span class='ocr_line' id='line_1_10' title="bbox 348 890 1986 948; baseline -0.003 0"><span class='ocrx_word' id='word_1_64' title='bbox 348 894 679 948; x_wconf 77' lang='lat' dir='ltr'>sanctitatis</span> <span class='ocrx_word' id='word_1_65' title='bbox 706 896 818 947; x_wconf 80' lang='lat' dir='ltr'>titu</span> <span class='ocrx_word' id='word_1_66' title='bbox 846 910 878 948; x_wconf 92' lang='grc' dir='ltr'>ο</span> <span class='ocrx_word' id='word_1_67' title='bbox 931 894 1168 948; x_wconf 70' lang='lat' dir='ltr'>audavxt</span> <span class='ocrx_word' id='word_1_68' title='bbox 1196 891 1557 948; x_wconf 80' lang='lat' dir='ltr'>Carthuitius</span> <span class='ocrx_word' id='word_1_69' title='bbox 1590 908 1751 946; x_wconf 90' lang='lat' dir='ltr'>num.</span> <span class='ocrx_word' id='word_1_70' title='bbox 1772 890 1859 948; x_wconf 71' lang='grc'>43.</span> <span class='ocrx_word' id='word_1_71' title='bbox 1886 890 1986 945; x_wconf 89' lang='lat' dir='ltr'>sed</span> 
     </span>
    </p>
   </div>
   <div class='ocr_carea' id='block_1_9' title="bbox 348 890 1986 956">
    <p class='ocr_par' dir='ltr' id='par_1_9' title="bbox 348 890 1986 956">
     <span class='ocr_line' id='line_1_11' title="bbox 348 890 1986 956; baseline -0.004 -6"><span class='ocrx_word' id='word_1_72' title='bbox 348 891 679 950; x_wconf 77' lang='lat' dir='ltr'>sanctitatis</span> <span class='ocrx_word' id='word_1_73' title='bbox 706 890 878 949; x_wconf 90' lang='lat' dir='ltr'>titulo</span> <span class='ocrx_word' id='word_1_74' title='bbox 901 890 1168 949; x_wconf 77' lang='lat' dir='ltr'>laudavit</span> <span class='ocrx_word' id='word_1_75' title='bbox 1196 891 1557 948; x_wconf 90' lang='lat' dir='ltr'>Carthuitius</span> <span class='ocrx_word' id='word_1_76' title='bbox 1590 908 1751 946; x_wconf 90' lang='lat' dir='ltr'>num.</span> <span class='ocrx_word' id='word_1_77' title='bbox 1772 890 1859 956; x_wconf 65' lang='lat'>13,</span> <span class='ocrx_word' id='word_1_78' title='bbox 1886 890 1986 945; x_wconf 89' lang='lat' dir='ltr'>sed</span> 
     </span>
    </p>
   </div>
   <div class='ocr_carea' id='block_1_10' title="bbox 342 961 1988 1035">
    <p class='ocr_par' dir='ltr' id='par_1_10' title="bbox 342 961 1988 1035">
     <span class='ocr_line' id='line_1_12' title="bbox 342 961 1988 1035; baseline -0.004 -14"><span class='ocrx_word' id='word_1_79' title='bbox 342 961 543 1035; x_wconf 82' lang='lat' dir='ltr'>solum</span> <span class='ocrx_word' id='word_1_80' title='bbox 574 962 829 1035; x_wconf 87' lang='lat' dir='ltr'>pietatis.</span> <span class='ocrx_word' id='word_1_81' title='bbox 863 966 935 1019; x_wconf 87' lang='lat' dir='ltr'>At</span> <span class='ocrx_word' id='word_1_82' title='bbox 965 980 1070 1035; x_wconf 90' lang='lat' dir='ltr'>nec</span> <span class='ocrx_word' id='word_1_83' title='bbox 1113 962 1474 1035; x_wconf 86' lang='lat' dir='ltr'>Ladislaum,</span> <span class='ocrx_word' id='word_1_84' title='bbox 1522 979 1625 1035; x_wconf 85' lang='lat' dir='ltr'>nec</span> <span class='ocrx_word' id='word_1_85' title='bbox 1674 962 1988 1035; x_wconf 82' lang='lat' dir='ltr'>Henricum</span> 
     </span>
    </p>
   </div>
   <div class='ocr_carea' id='block_1_11' title="bbox 350 1032 1992 1104">
    <p class='ocr_par' dir='ltr' id='par_1_11' title="bbox 350 1032 1992 1104">
     <span class='ocr_line' id='line_1_13' title="bbox 350 1032 1992 1104; baseline -0.004 -11"><span class='ocrx_word' id='word_1_86' title='bbox 350 1032 714 1093; x_wconf 76' lang='lat' dir='ltr'>nominasset</span> <span class='ocrx_word' id='word_1_87' title='bbox 733 1039 934 1090; x_wconf 90' lang='lat' dir='ltr'>auctor</span> <span class='ocrx_word' id='word_1_88' title='bbox 951 1034 1076 1090; x_wconf 87' lang='lat' dir='ltr'>sine</span> <span class='ocrx_word' id='word_1_89' title='bbox 1096 1033 1389 1090; x_wconf 87' lang='lat' dir='ltr'>mentione</span> <span class='ocrx_word' id='word_1_90' title='bbox 1411 1033 1765 1100; x_wconf 85' lang='lat' dir='ltr'>sanctitatis,</span> <span class='ocrx_word' id='word_1_91' title='bbox 1786 1032 1834 1087; x_wconf 89' lang='lat' dir='ltr'>si</span> <span class='ocrx_word' id='word_1_92' title='bbox 1858 1035 1992 1104; x_wconf 89' lang='lat' dir='ltr'>post</span> 
     </span>
    </p>
   </div>
   <div class='ocr_carea' id='block_1_12' title="bbox 351 1104 1991 1177">
    <p class='ocr_par' dir='ltr' id='par_1_12' title="bbox 351 1104 1991 1177">
     <span class='ocr_line' id='line_1_14' title="bbox 351 1104 1991 1177; baseline -0.002 -16"><span class='ocrx_word' id='word_1_93' title='bbox 351 1104 852 1177; x_wconf 82' lang='lat' dir='ltr'>canonizationem</span> <span class='ocrx_word' id='word_1_94' title='bbox 870 1122 1071 1161; x_wconf 90' lang='lat' dir='ltr'>eorum</span> <span class='ocrx_word' id='word_1_95' title='bbox 1092 1104 1442 1177; x_wconf 83' lang='lat' dir='ltr'>scripsisset,</span> <span class='ocrx_word' id='word_1_96' title='bbox 1466 1121 1600 1160; x_wconf 89' lang='lat' dir='ltr'>cum</span> <span class='ocrx_word' id='word_1_97' title='bbox 1621 1106 1991 1177; x_wconf 80' lang='lat' dir='ltr'>sanctitatem</span> 
     </span>
    </p>
   </div>
   <div class='ocr_carea' id='block_1_13' title="bbox 352 1174 1992 1256">
    <p class='ocr_par' dir='ltr' id='par_1_13' title="bbox 352 1174 1992 1256">
     <span class='ocr_line' id='line_1_15' title="bbox 352 1174 1992 1256; baseline -0.004 -22"><span class='ocrx_word' id='word_1_98' title='bbox 352 1176 603 1235; x_wconf 80' lang='lat' dir='ltr'>aliorum</span> <span class='ocrx_word' id='word_1_99' title='bbox 634 1176 899 1256; x_wconf 74' lang='lat' dir='ltr'>omnium</span> <span class='ocrx_word' id='word_1_100' title='bbox 931 1174 1227 1256; x_wconf 59' lang='lat' dir='ltr'>quiante:</span> <span class='ocrx_word' id='word_1_101' title='bbox 1253 1175 1636 1256; x_wconf 83' lang='lat' dir='ltr'>Golomanum</span> <span class='ocrx_word' id='word_1_102' title='bbox 1688 1174 1992 1256; x_wconf 59' lang='lat' dir='ltr'>Hungarige</span> 
     </span>
    </p>
   </div>
   <div class='ocr_carea' id='block_1_14' title="bbox 353 1245 1995 1321">
    <p class='ocr_par' dir='ltr' id='par_1_14' title="bbox 353 1245 1995 1321">
     <span class='ocr_line' id='line_1_16' title="bbox 353 1245 1995 1321; baseline -0.004 -16"><span class='ocrx_word' id='word_1_103' title='bbox 353 1263 551 1321; x_wconf 82' lang='lat' dir='ltr'>regem</span> <span class='ocrx_word' id='word_1_104' title='bbox 577 1247 871 1321; x_wconf 71' lang='lat' dir='ltr'>eodonati</span> <span class='ocrx_word' id='word_1_105' title='bbox 901 1245 1067 1303; x_wconf 78' lang='lat' dir='ltr'>erant</span> <span class='ocrx_word' id='word_1_106' title='bbox 1095 1246 1287 1321; x_wconf 81' lang='lat' dir='ltr'>titulo,</span> <span class='ocrx_word' id='word_1_107' title='bbox 1325 1264 1439 1302; x_wconf 90' lang='lat' dir='ltr'>non</span> <span class='ocrx_word' id='word_1_108' title='bbox 1491 1246 1794 1317; x_wconf 84' lang='lat' dir='ltr'>reliquerit</span> <span class='ocrx_word' id='word_1_109' title='bbox 1826 1245 1995 1321; x_wconf 76' lang='lat' dir='ltr'>indi-</span> 
     </span>
    </p>
   </div>
   <div class='ocr_carea' id='block_1_15' title="bbox 356 1316 1993 1385">
    <p class='ocr_par' dir='ltr' id='par_1_15' title="bbox 356 1316 1993 1385">
     <span class='ocr_line' id='line_1_17' title="bbox 356 1316 1993 1385; baseline -0.002 -11"><span class='ocrx_word' id='word_1_110' title='bbox 356 1316 532 1385; x_wconf 72' lang='lat' dir='ltr'>ctam,</span> <span class='ocrx_word' id='word_1_111' title='bbox 565 1316 665 1374; x_wconf 88' lang='lat' dir='ltr'>ubi</span> <span class='ocrx_word' id='word_1_112' title='bbox 687 1318 758 1375; x_wconf 89' lang='lat' dir='ltr'>de</span> <span class='ocrx_word' id='word_1_113' title='bbox 787 1318 902 1374; x_wconf 87' lang='lat' dir='ltr'>illis</span> <span class='ocrx_word' id='word_1_114' title='bbox 934 1318 1223 1383; x_wconf 88' lang='lat' dir='ltr'>meminit,</span> <span class='ocrx_word' id='word_1_115' title='bbox 1252 1335 1388 1373; x_wconf 90' lang='lat' dir='ltr'>nam</span> <span class='ocrx_word' id='word_1_116' title='bbox 1421 1322 1522 1373; x_wconf 91' lang='lat' dir='ltr'>aut</span> <span class='ocrx_word' id='word_1_117' title='bbox 1550 1316 1786 1373; x_wconf 84' lang='lat' dir='ltr'>sanctos</span> <span class='ocrx_word' id='word_1_118' title='bbox 1807 1320 1993 1379; x_wconf 89' lang='lat' dir='ltr'>vocat,</span> 
     </span>
    </p>
   </div>
   <div class='ocr_carea' id='block_1_16' title="bbox 356 1388 1995 1461">
    <p class='ocr_par' dir='ltr' id='par_1_16' title="bbox 356 1388 1995 1461">
     <span class='ocr_line' id='line_1_18' title="bbox 356 1388 1995 1461; baseline -0.004 -14"><span class='ocrx_word' id='word_1_119' title='bbox 356 1393 459 1449; x_wconf 80' lang='lat' dir='ltr'>aut</span> <span class='ocrx_word' id='word_1_120' title='bbox 487 1389 711 1461; x_wconf 87' lang='lat' dir='ltr'>beatos,</span> <span class='ocrx_word' id='word_1_121' title='bbox 744 1396 845 1446; x_wconf 87' lang='lat' dir='ltr'>aut</span> <span class='ocrx_word' id='word_1_122' title='bbox 874 1390 1129 1461; x_wconf 84' lang='lat' dir='ltr'>quadam</span> <span class='ocrx_word' id='word_1_123' title='bbox 1173 1389 1699 1461; x_wconf 85' lang='lat' dir='ltr'>circumlocutione</span> <span class='ocrx_word' id='word_1_124' title='bbox 1717 1388 1995 1461; x_wconf 81' lang='lat' dir='ltr'>sanctita-</span> 
     </span>
    </p>
   </div>
   <div class='ocr_carea' id='block_1_17' title="bbox 355 1458 1994 1533">
    <p class='ocr_par' dir='ltr' id='par_1_17' title="bbox 355 1458 1994 1533">
     <span class='ocr_line' id='line_1_19' title="bbox 355 1458 1994 1533; baseline -0.003 -16"><span class='ocrx_word' id='word_1_125' title='bbox 355 1458 756 1533; x_wconf 64' lang='lat' dir='ltr'>temindicat.</span> <span class='ocrx_word' id='word_1_126' title='bbox 802 1458 1179 1533; x_wconf 74' lang='lat' dir='ltr'>Manifestum</span> <span class='ocrx_word' id='word_1_127' title='bbox 1225 1460 1407 1533; x_wconf 82' lang='lat' dir='ltr'>igitur</span> <span class='ocrx_word' id='word_1_128' title='bbox 1453 1461 1524 1533; x_wconf 88' lang='lat' dir='ltr'>id_</span> <span class='ocrx_word' id='word_1_129' title='bbox 1564 1465 1651 1516; x_wconf 86' lang='lat' dir='ltr'>est</span> <span class='ocrx_word' id='word_1_130' title='bbox 1687 1458 1994 1533; x_wconf 79' lang='lat' dir='ltr'>indicium,</span> 
     </span>
    </p>
   </div>
   <div class='ocr_carea' id='block_1_18' title="bbox 356 1529 1997 1604">
    <p class='ocr_par' dir='ltr' id='par_1_18' title="bbox 356 1529 1997 1604">
     <span class='ocr_line' id='line_1_20' title="bbox 356 1529 1997 1604; baseline -0.004 -15"><span class='ocrx_word' id='word_1_131' title='bbox 356 1531 751 1604; x_wconf 60' lang='lat' dir='ltr'>parthuitium</span> <span class='ocrx_word' id='word_1_132' title='bbox 782 1532 1091 1604; x_wconf 80' lang='lat' dir='ltr'>scripsisse</span> <span class='ocrx_word' id='word_1_133' title='bbox 1123 1532 1223 1587; x_wconf 88' lang='lat' dir='ltr'>diu</span> <span class='ocrx_word' id='word_1_134' title='bbox 1257 1529 1395 1587; x_wconf 74' lang='lat' dir='ltr'>ante</span> <span class='ocrx_word' id='word_1_135' title='bbox 1434 1530 1867 1604; x_wconf 58' lang='lat' dir='ltr'>Cplomannuni</span> <span class='ocrx_word' id='word_1_136' title='bbox 1885 1529 1997 1604; x_wconf 73' lang='lat' dir='ltr'>Ha—</span> 
     </span>
    </p>
   </div>
   <div class='ocr_carea' id='block_1_19' title="bbox 354 1599 1997 1676">
    <p class='ocr_par' dir='ltr' id='par_1_19' title="bbox 354 1599 1997 1676">
     <span class='ocr_line' id='line_1_21' title="bbox 354 1599 1997 1676; baseline -0.002 -18"><span class='ocrx_word' id='word_1_137' title='bbox 354 1601 502 1659; x_wconf 75' lang='lat' dir='ltr'>liciaa</span> <span class='ocrx_word' id='word_1_138' title='bbox 560 1599 937 1676; x_wconf 10' lang='lat' dir='ltr'>regem,iue_c</span> <span class='ocrx_word' id='word_1_139' title='bbox 987 1602 1180 1676; x_wconf 83' lang='lat' dir='ltr'>alium</span> <span class='ocrx_word' id='word_1_140' title='bbox 1216 1603 1597 1676; x_wconf 69' lang='lat' dir='ltr'>quaerendum</span> <span class='ocrx_word' id='word_1_141' title='bbox 1650 1618 1779 1656; x_wconf 90' lang='lat' dir='ltr'>esse</span> <span class='ocrx_word' id='word_1_142' title='bbox 1831 1599 1997 1676; x_wconf 67' lang='lat' dir='ltr'>gaio-</span> 
     </span>
    </p>
   </div>
   <div class='ocr_carea' id='block_1_20' title="bbox 360 1671 1997 1744">
    <p class='ocr_par' dir='ltr' id='par_1_20' title="bbox 360 1671 1997 1744">
     <span class='ocr_line' id='line_1_22' title="bbox 360 1671 1997 1744; baseline -0.002 -15"><span class='ocrx_word' id='word_1_143' title='bbox 360 1671 669 1744; x_wconf 71' lang='lat' dir='ltr'>mannuni,</span> <span class='ocrx_word' id='word_1_144' title='bbox 715 1674 810 1729; x_wconf 89' lang='lat' dir='ltr'>cui</span> <span class='ocrx_word' id='word_1_145' title='bbox 857 1674 990 1729; x_wconf 86' lang='lat' dir='ltr'>Vita</span> <span class='ocrx_word' id='word_1_146' title='bbox 1037 1671 1576 1744; x_wconf 63' lang='lat' dir='ltr'>fuerit&#39;inscripta,</span> <span class='ocrx_word' id='word_1_147' title='bbox 1611 1689 1785 1743; x_wconf 85' lang='lat' dir='ltr'>quam</span> <span class='ocrx_word' id='word_1_148' title='bbox 1835 1671 1997 1726; x_wconf 85' lang='lat' dir='ltr'>Colo-</span> 
     </span>
    </p>
   </div>
   <div class='ocr_carea' id='block_1_21' title="bbox 360 1692 1503 1817">
    <p class='ocr_par' dir='ltr' id='par_1_21' title="bbox 360 1692 1503 1817">
     <span class='ocr_line' id='line_1_23' title="bbox 360 1692 1503 1744; baseline -0.002 -15"><span class='ocrx_word' id='word_1_149' title='bbox 360 1692 669 1744; x_wconf 87' lang='lat' dir='ltr'>manuum,</span> <span class='ocrx_word' id='word_1_150' title='bbox 715 1692 810 1729; x_wconf 81' lang='lat' dir='ltr'>CUI</span> <span class='ocrx_word' id='word_1_151' title='bbox 869 1692 990 1729; x_wconf 76' lang='grc' dir='ltr'>νιιθ.</span> <span class='ocrx_word' id='word_1_152' title='bbox 1037 1692 1213 1729; x_wconf 74' lang='grc' dir='ltr'>ΙΗΘΓιῑ</span> <span class='ocrx_word' id='word_1_153' title='bbox 1274 1692 1448 1728; x_wconf 78' lang='lat' dir='ltr'>lnSCl‘l</span> <span class='ocrx_word' id='word_1_154' title='bbox 1501 1692 1503 1717; x_wconf 62' lang='grc' dir='ltr'>ε</span> 
     </span>
     <span class='ocr_line' id='line_1_24' title="bbox 360 1692 1503 1817; baseline -0.003 -16"><span class='ocrx_word' id='word_1_155' title='bbox 360 1760 647 1803; x_wconf 81' lang='lat' dir='ltr'>manuum</span> <span class='ocrx_word' id='word_1_156' title='bbox 679 1744 985 1817; x_wconf 73' lang='lat' dir='ltr'>Hungarize</span> <span class='ocrx_word' id='word_1_157' title='bbox 1016 1760 1213 1817; x_wconf 85' lang='lat' dir='ltr'>regem</span> <span class='ocrx_word' id='word_1_158' title='bbox 1258 1750 1317 1800; x_wconf 88' lang='lat' dir='ltr'>et</span> <span class='ocrx_word' id='word_1_159' title='bbox 1346 1745 1405 1799; x_wconf 89' lang='lat' dir='ltr'>S.</span> <span class='ocrx_word' id='word_1_160' title='bbox 1460 1692 1503 1798; x_wconf 57' lang='grc' dir='ltr'><strong>ἱ</strong></span> 
     </span>
    </p>
   </div>
   <div class='ocr_carea' id='block_1_22' title="bbox 356 1830 576 1872">
    <p class='ocr_par' dir='ltr' id='par_1_22' title="bbox 356 1830 576 1872">
     <span class='ocr_line' id='line_1_25' title="bbox 356 1830 576 1872; baseline -0.005 -1"><span class='ocrx_word' id='word_1_161' title='bbox 356 1830 576 1872; x_wconf 83' lang='lat' dir='ltr'>sorem.</span> 
     </span>
    </p>
   </div>
   <div class='ocr_carea' id='block_1_23' title="bbox 430 1883 2011 1958">
    <p class='ocr_par' dir='ltr' id='par_1_23' title="bbox 430 1883 2011 1958">
     <span class='ocr_line' id='line_1_26' title="bbox 430 1883 2011 1958; baseline -0.002 -17"><span class='ocrx_word' id='word_1_162' title='bbox 430 1889 486 1958; x_wconf 85' lang='grc'>7.</span> <span class='ocrx_word' id='word_1_163' title='bbox 509 1886 602 1958; x_wconf 80' lang='lat' dir='ltr'>Ex</span> <span class='ocrx_word' id='word_1_164' title='bbox 624 1884 802 1958; x_wconf 84' lang='lat' dir='ltr'>dictis</span> <span class='ocrx_word' id='word_1_165' title='bbox 832 1885 1010 1958; x_wconf 74' lang='lat' dir='ltr'>statui</span> <span class='ocrx_word' id='word_1_166' title='bbox 1041 1885 1213 1941; x_wconf 90' lang='lat' dir='ltr'>debet</span> <span class='ocrx_word' id='word_1_167' title='bbox 1242 1884 1465 1958; x_wconf 79' lang='lat' dir='ltr'>epocba</span> <span class='ocrx_word' id='word_1_168' title='bbox 1493 1883 1635 1939; x_wconf 80' lang='lat' dir='ltr'>Vitae</span> <span class='ocrx_word' id='word_1_169' title='bbox 1666 1884 2011 1955; x_wconf 73' lang='lat' dir='ltr'>conscriptae</span> 
     </span>
    </p>
   </div>
   <div class='ocr_carea' id='block_1_24' title="bbox 364 1955 2014 2027">
    <p class='ocr_par' dir='ltr' id='par_1_24' title="bbox 364 1955 2014 2027">
     <span class='ocr_line' id='line_1_27' title="bbox 364 1955 2014 2027; baseline -0.004 -12"><span class='ocrx_word' id='word_1_170' title='bbox 364 1957 474 2015; x_wconf 88' lang='lat' dir='ltr'>sub</span> <span class='ocrx_word' id='word_1_171' title='bbox 505 1955 739 2012; x_wconf 89' lang='lat' dir='ltr'>initium</span> <span class='ocrx_word' id='word_1_172' title='bbox 784 1955 978 2012; x_wconf 82' lang='lat' dir='ltr'>saeculi</span> <span class='ocrx_word' id='word_1_173' title='bbox 1029 1973 1132 2023; x_wconf 86' lang='lat' dir='ltr'>xu,</span> <span class='ocrx_word' id='word_1_174' title='bbox 1172 1955 1321 2027; x_wconf 10' lang='lat' dir='ltr'>cum,</span> <span class='ocrx_word' id='word_1_175' title='bbox 1349 1955 1746 2012; x_wconf 88' lang='lat' dir='ltr'>Colomannus</span> <span class='ocrx_word' id='word_1_176' title='bbox 1769 1971 2014 2027; x_wconf 81' lang='lat' dir='ltr'>regnum</span> 
     </span>
    </p>
   </div>
   <div class='ocr_carea' id='block_1_25' title="bbox 362 2026 2015 2099">
    <p class='ocr_par' dir='ltr' id='par_1_25' title="bbox 362 2026 2015 2099">
     <span class='ocr_line' id='line_1_28' title="bbox 362 2026 2015 2099; baseline -0.003 -14"><span class='ocrx_word' id='word_1_177' title='bbox 362 2028 615 2099; x_wconf 83' lang='lat' dir='ltr'>adeptus</span> <span class='ocrx_word' id='word_1_178' title='bbox 645 2027 721 2083; x_wconf 87' lang='lat' dir='ltr'>sit</span> <span class='ocrx_word' id='word_1_179' title='bbox 750 2044 903 2099; x_wconf 80' lang='lat' dir='ltr'>anno</span> <span class='ocrx_word' id='word_1_180' title='bbox 936 2027 1108 2099; x_wconf 69' lang='lat'>1095;</span> <span class='ocrx_word' id='word_1_181' title='bbox 1148 2026 1356 2099; x_wconf 86' lang='lat' dir='ltr'>obierit</span> <span class='ocrx_word' id='word_1_182' title='bbox 1404 2030 1597 2099; x_wconf 82' lang='lat' dir='ltr'>autem</span> <span class='ocrx_word' id='word_1_183' title='bbox 1651 2043 1804 2081; x_wconf 90' lang='lat' dir='ltr'>anno</span> <span class='ocrx_word' id='word_1_184' title='bbox 1846 2026 2015 2090; x_wconf 68' lang='grc'>1114,</span> 
     </span>
    </p>
   </div>
   <div class='ocr_carea' id='block_1_26' title="bbox 365 2097 2015 2170">
    <p class='ocr_par' dir='ltr' id='par_1_26' title="bbox 365 2097 2015 2170">
     <span class='ocr_line' id='line_1_29' title="bbox 365 2097 2015 2170; baseline -0.001 -16"><span class='ocrx_word' id='word_1_185' title='bbox 365 2098 415 2170; x_wconf 85' lang='lat' dir='ltr'>si</span> <span class='ocrx_word' id='word_1_186' title='bbox 446 2097 744 2154; x_wconf 76' lang='lat' dir='ltr'>credimus</span> <span class='ocrx_word' id='word_1_187' title='bbox 775 2097 1115 2154; x_wconf 87' lang='lat' dir='ltr'>chronotaxi</span> <span class='ocrx_word' id='word_1_188' title='bbox 1143 2098 1389 2170; x_wconf 87' lang='lat' dir='ltr'>Joannis</span> <span class='ocrx_word' id='word_1_189' title='bbox 1418 2100 1487 2153; x_wconf 82' lang='lat' dir='ltr'>de</span> <span class='ocrx_word' id='word_1_190' title='bbox 1508 2098 1813 2170; x_wconf 81' lang='lat' dir='ltr'>warocz,</span> <span class='ocrx_word' id='word_1_191' title='bbox 1838 2113 2015 2170; x_wconf 81' lang='lat' dir='ltr'>quam</span> 
     </span>
    </p>
   </div>
   <div class='ocr_carea' id='block_1_27' title="bbox 362 2168 2019 2239">
    <p class='ocr_par' dir='ltr' id='par_1_27' title="bbox 362 2168 2019 2239">
     <span class='ocr_line' id='line_1_30' title="bbox 362 2168 2019 2239; baseline -0.003 -13"><span class='ocrx_word' id='word_1_192' title='bbox 362 2169 463 2226; x_wconf 91' lang='lat' dir='ltr'>hic</span> <span class='ocrx_word' id='word_1_193' title='bbox 493 2177 758 2226; x_wconf 80' lang='lat' dir='ltr'>excutere</span> <span class='ocrx_word' id='word_1_194' title='bbox 788 2185 901 2225; x_wconf 90' lang='lat' dir='ltr'>non</span> <span class='ocrx_word' id='word_1_195' title='bbox 935 2174 1025 2224; x_wconf 85' lang='lat' dir='ltr'>est</span> <span class='ocrx_word' id='word_1_196' title='bbox 1067 2186 1323 2225; x_wconf 90' lang='lat' dir='ltr'>necesse.</span> <span class='ocrx_word' id='word_1_197' title='bbox 1356 2168 1726 2239; x_wconf 89' lang='lat' dir='ltr'>Decrepitum</span> <span class='ocrx_word' id='word_1_198' title='bbox 1777 2186 1838 2224; x_wconf 89' lang='lat' dir='ltr'>se</span> <span class='ocrx_word' id='word_1_199' title='bbox 1858 2168 2019 2223; x_wconf 79' lang='lat' dir='ltr'>dicit</span> 
     </span>
    </p>
   </div>
   <div class='ocr_carea' id='block_1_28' title="bbox 366 2239 2018 2313">
    <p class='ocr_par' dir='ltr' id='par_1_28' title="bbox 366 2239 2018 2313">
     <span class='ocr_line' id='line_1_31' title="bbox 366 2239 2018 2313; baseline -0.004 -13"><span class='ocrx_word' id='word_1_200' title='bbox 366 2240 656 2313; x_wconf 10' lang='lat' dir='ltr'>auctoriin</span> <span class='ocrx_word' id='word_1_201' title='bbox 688 2239 932 2312; x_wconf 89' lang='lat' dir='ltr'>epistola</span> <span class='ocrx_word' id='word_1_202' title='bbox 961 2240 1032 2295; x_wconf 90' lang='lat' dir='ltr'>ad</span> <span class='ocrx_word' id='word_1_203' title='bbox 1064 2257 1281 2313; x_wconf 80' lang='lat' dir='ltr'>regem,</span> <span class='ocrx_word' id='word_1_204' title='bbox 1316 2240 1494 2313; x_wconf 72' lang='lat' dir='ltr'>itaut</span> <span class='ocrx_word' id='word_1_205' title='bbox 1514 2241 1640 2313; x_wconf 80' lang='lat' dir='ltr'>jam</span> <span class='ocrx_word' id='word_1_206' title='bbox 1675 2244 1849 2313; x_wconf 84' lang='lat' dir='ltr'>natus</span> <span class='ocrx_word' id='word_1_207' title='bbox 1888 2255 2018 2294; x_wconf 91' lang='lat' dir='ltr'>esse</span> 
     </span>
    </p>
   </div>
   <div class='ocr_carea' id='block_1_29' title="bbox 356 2310 2019 2396">
    <p class='ocr_par' dir='ltr' id='par_1_29' title="bbox 356 2310 2019 2396">
     <span class='ocr_line' id='line_1_32' title="bbox 356 2310 2019 2396; baseline -0.003 -28"><span class='ocrx_word' id='word_1_208' title='bbox 356 2310 806 2396; x_wconf 32' lang='lat' dir='ltr'>potueritan‘no</span> <span class='ocrx_word' id='word_1_209' title='bbox 834 2312 998 2396; x_wconf 41' lang='lat'>.1033,</span> <span class='ocrx_word' id='word_1_210' title='bbox 1022 2310 1308 2396; x_wconf 39' lang='lat' dir='ltr'>quojobiit</span> <span class='ocrx_word' id='word_1_211' title='bbox 1321 2311 1381 2393; x_wconf 61' lang='lat' dir='ltr'>S:</span> <span class='ocrx_word' id='word_1_212' title='bbox 1406 2310 2019 2396; x_wconf 36' lang='lat' dir='ltr'>Stepb.anus.‘Supp‘ar</span> 
     </span>
    </p>
   </div>
   <div class='ocr_carea' id='block_1_30' title="bbox 364 2381 2016 2457">
    <p class='ocr_par' dir='ltr' id='par_1_30' title="bbox 364 2381 2016 2457">
     <span class='ocr_line' id='line_1_33' title="bbox 364 2381 2016 2457; baseline -0.002 -19"><span class='ocrx_word' id='word_1_213' title='bbox 364 2381 549 2457; x_wconf 73' lang='lat' dir='ltr'>igitur</span> <span class='ocrx_word' id='word_1_214' title='bbox 564 2381 909 2457; x_wconf 80' lang='lat' dir='ltr'>fuitsancto,</span> <span class='ocrx_word' id='word_1_215' title='bbox 930 2388 988 2457; x_wconf 74' lang='lat' dir='ltr'>et</span> <span class='ocrx_word' id='word_1_216' title='bbox 1010 2381 1198 2438; x_wconf 84' lang='lat' dir='ltr'>multa</span> <span class='ocrx_word' id='word_1_217' title='bbox 1221 2381 1525 2454; x_wconf 76' lang='lat' dir='ltr'>potuisset</span> <span class='ocrx_word' id='word_1_218' title='bbox 1541 2382 1733 2457; x_wconf 81' lang='lat' dir='ltr'>dicere</span> <span class='ocrx_word' id='word_1_219' title='bbox 1752 2382 1820 2457; x_wconf 87' lang='lat' dir='ltr'>de</span> <span class='ocrx_word' id='word_1_220' title='bbox 1834 2381 2016 2454; x_wconf 86' lang='lat' dir='ltr'>gestis</span> 
     </span>
    </p>
   </div>
   <div class='ocr_carea' id='block_1_31' title="bbox 368 2452 2021 2527">
    <p class='ocr_par' dir='ltr' id='par_1_31' title="bbox 368 2452 2021 2527">
     <span class='ocr_line' id='line_1_34' title="bbox 368 2452 2021 2527; baseline -0.002 -18"><span class='ocrx_word' id='word_1_221' title='bbox 368 2452 559 2527; x_wconf 77' lang='lat' dir='ltr'>ipsius</span> <span class='ocrx_word' id='word_1_222' title='bbox 591 2470 659 2527; x_wconf 78' lang='lat' dir='ltr'>ex</span> <span class='ocrx_word' id='word_1_223' title='bbox 687 2453 762 2510; x_wconf 90' lang='lat' dir='ltr'>iis</span> <span class='ocrx_word' id='word_1_224' title='bbox 800 2454 902 2525; x_wconf 89' lang='lat' dir='ltr'>qui</span> <span class='ocrx_word' id='word_1_225' title='bbox 928 2454 1158 2527; x_wconf 76' lang='lat' dir='ltr'>fuerant</span> <span class='ocrx_word' id='word_1_226' title='bbox 1186 2452 1524 2527; x_wconf 63' lang='lat' dir='ltr'>praesentes,</span> <span class='ocrx_word' id='word_1_227' title='bbox 1558 2452 1604 2527; x_wconf 74' lang='lat' dir='ltr'>si</span> <span class='ocrx_word' id='word_1_228' title='bbox 1616 2452 1857 2524; x_wconf 82' lang='lat' dir='ltr'>juvenis</span> <span class='ocrx_word' id='word_1_229' title='bbox 1861 2469 2021 2527; x_wconf 86' lang='lat' dir='ltr'>_c_on-</span> 
     </span>
    </p>
   </div>
   <div class='ocr_carea' id='block_1_32' title="bbox 370 2523 2017 2595">
    <p class='ocr_par' dir='ltr' id='par_1_32' title="bbox 370 2523 2017 2595">
     <span class='ocr_line' id='line_1_35' title="bbox 370 2523 2017 2595; baseline -0.004 -13"><span class='ocrx_word' id='word_1_230' title='bbox 370 2523 737 2593; x_wconf 70' lang='lat' dir='ltr'>scribendam</span> <span class='ocrx_word' id='word_1_231' title='bbox 764 2523 1120 2595; x_wconf 78' lang='lat' dir='ltr'>suscepisset</span> <span class='ocrx_word' id='word_1_232' title='bbox 1140 2523 1295 2595; x_wconf 78' lang='lat' dir='ltr'>hanc</span> <span class='ocrx_word' id='word_1_233' title='bbox 1312 2524 1525 2579; x_wconf 89' lang='lat' dir='ltr'>Vitam.</span> <span class='ocrx_word' id='word_1_234' title='bbox 1560 2523 1817 2579; x_wconf 83' lang='lat' dir='ltr'>Joannes</span> <span class='ocrx_word' id='word_1_235' title='bbox 1860 2523 2017 2577; x_wconf 86' lang='lat' dir='ltr'>Thu-</span> 
     </span>
    </p>
   </div>
   <div class='ocr_carea' id='block_1_33' title="bbox 370 2594 2018 2675">
    <p class='ocr_par' dir='ltr' id='par_1_33' title="bbox 370 2594 2018 2675">
     <span class='ocr_line' id='line_1_36' title="bbox 370 2594 2018 2675; baseline -0.003 -23"><span class='ocrx_word' id='word_1_236' title='bbox 370 2596 601 2675; x_wconf 67' lang='lat' dir='ltr'>roczius</span> <span class='ocrx_word' id='word_1_237' title='bbox 659 2594 1219 2675; x_wconf 46' lang='lat' dir='ltr'>moxlaudatusnin</span> <span class='ocrx_word' id='word_1_238' title='bbox 1271 2594 1561 2675; x_wconf 82' lang='lat' dir='ltr'>C_hroni_ca</span> <span class='ocrx_word' id='word_1_239' title='bbox 1601 2595 2018 2675; x_wconf 55' lang='lat' dir='ltr'>ﬂungarorum</span> 
     </span>
    </p>
   </div>
   <div class='ocr_carea' id='block_1_34' title="bbox 368 2663 2023 2738">
    <p class='ocr_par' dir='ltr' id='par_1_34' title="bbox 368 2663 2023 2738">
     <span class='ocr_line' id='line_1_37' title="bbox 368 2663 2023 2738; baseline -0.001 -19"><span class='ocrx_word' id='word_1_240' title='bbox 368 2682 497 2738; x_wconf 82' lang='lat' dir='ltr'>cap.</span> <span class='ocrx_word' id='word_1_241' title='bbox 530 2666 621 2731; x_wconf 88' lang='lat'>27,</span> <span class='ocrx_word' id='word_1_242' title='bbox 653 2664 1047 2738; x_wconf 81' lang='lat' dir='ltr'>verisimiliter</span> <span class='ocrx_word' id='word_1_243' title='bbox 1066 2665 1271 2738; x_wconf 80' lang='lat' dir='ltr'>Vitam</span> <span class='ocrx_word' id='word_1_244' title='bbox 1303 2665 1452 2720; x_wconf 89' lang='lat' dir='ltr'>hanc</span> <span class='ocrx_word' id='word_1_245' title='bbox 1485 2664 1685 2738; x_wconf 80' lang='lat' dir='ltr'>laudat</span> <span class='ocrx_word' id='word_1_246' title='bbox 1713 2663 1875 2738; x_wconf 83' lang='lat' dir='ltr'>hisce</span> <span class='ocrx_word' id='word_1_247' title='bbox 1896 2681 2023 2719; x_wconf 92' lang='lat' dir='ltr'>ver-</span> 
     </span>
    </p>
   </div>
   <div class='ocr_carea' id='block_1_35' title="bbox 360 2734 2017 2808">
    <p class='ocr_par' dir='ltr' id='par_1_35' title="bbox 360 2734 2017 2808">
     <span class='ocr_line' id='line_1_38' title="bbox 360 2734 2017 2808; baseline -0.002 -16"><span class='ocrx_word' id='word_1_248' title='bbox 360 2734 463 2792; x_wconf 81' lang='lat' dir='ltr'>bis</span> <span class='ocrx_word' id='word_1_249' title='bbox 479 2753 510 2808; x_wconf 86' lang='lat'>_:</span> <span class='ocrx_word' id='word_1_250' title='bbox 541 2758 571 2786; x_wconf 83' lang='grc'><strong>‹‹</strong></span> <span class='ocrx_word' id='word_1_251' title='bbox 600 2734 829 2808; x_wconf 71' lang='lat' dir='ltr'>Geycha</span> <span class='ocrx_word' id='word_1_252' title='bbox 855 2751 989 2792; x_wconf 82' lang='lat' dir='ltr'>vero</span> <span class='ocrx_word' id='word_1_253' title='bbox 1020 2736 1214 2808; x_wconf 79' lang='lat' dir='ltr'>divino</span> <span class='ocrx_word' id='word_1_254' title='bbox 1234 2735 1888 2808; x_wconf 69' lang='lat' dir='ltr'>praemonitusoraculo,</span> <span class='ocrx_word' id='word_1_255' title='bbox 1914 2752 2017 2790; x_wconf 91' lang='lat' dir='ltr'>an-</span> 
     </span>
    </p>
   </div>
   <div class='ocr_carea' id='block_1_36' title="bbox 362 2805 2017 2879">
    <p class='ocr_par' dir='ltr' id='par_1_36' title="bbox 362 2805 2017 2879">
     <span class='ocr_line' id='line_1_39' title="bbox 362 2805 2017 2879; baseline -0.001 -17"><span class='ocrx_word' id='word_1_256' title='bbox 362 2823 448 2879; x_wconf 80' lang='lat' dir='ltr'>no</span> <span class='ocrx_word' id='word_1_257' title='bbox 478 2805 793 2863; x_wconf 73' lang='lat' dir='ltr'>Dominicze</span> <span class='ocrx_word' id='word_1_258' title='bbox 827 2805 1252 2879; x_wconf 78' lang='lat' dir='ltr'>lncarnationis</span> <span class='ocrx_word' id='word_1_259' title='bbox 1290 2806 1734 2879; x_wconf 77' lang='lat' dir='ltr'>nongentesimo</span> <span class='ocrx_word' id='word_1_260' title='bbox 1782 2822 2017 2879; x_wconf 83' lang='lat' dir='ltr'>sexage-</span> 
     </span>
    </p>
   </div>
   <div class='ocr_carea' id='block_1_37' title="bbox 373 2877 2015 2950">
    <p class='ocr_par' dir='ltr' id='par_1_37' title="bbox 373 2877 2015 2950">
     <span class='ocr_line' id='line_1_40' title="bbox 373 2877 2015 2950; baseline -0.001 -16"><span class='ocrx_word' id='word_1_261' title='bbox 373 2877 732 2950; x_wconf 79' lang='lat' dir='ltr'>simo_non9,</span> <span class='ocrx_word' id='word_1_262' title='bbox 764 2878 1263 2950; x_wconf 85' lang='lat' dir='ltr'>quemadmodum</span> <span class='ocrx_word' id='word_1_263' title='bbox 1295 2877 1352 2932; x_wconf 93' lang='lat' dir='ltr'>in</span> <span class='ocrx_word' id='word_1_264' title='bbox 1386 2877 1656 2950; x_wconf 79' lang='lat' dir='ltr'>Legenda</span> <span class='ocrx_word' id='word_1_265' title='bbox 1686 2878 1871 2933; x_wconf 87' lang='lat' dir='ltr'>sancti</span> <span class='ocrx_word' id='word_1_266' title='bbox 1893 2877 2015 2950; x_wconf 82' lang='lat' dir='ltr'>Ste—</span> 
     </span>
    </p>
   </div>
   <div class='ocr_carea' id='block_1_38' title="bbox 362 2947 2015 3022">
    <p class='ocr_par' dir='ltr' id='par_1_38' title="bbox 362 2947 2015 3022">
     <span class='ocr_line' id='line_1_41' title="bbox 362 2947 2015 3022; baseline -0.001 -19"><span class='ocrx_word' id='word_1_267' title='bbox 362 2947 553 3022; x_wconf 82' lang='lat' dir='ltr'>phani</span> <span class='ocrx_word' id='word_1_268' title='bbox 580 2948 735 3021; x_wconf 88' lang='lat' dir='ltr'>regis</span> <span class='ocrx_word' id='word_1_269' title='bbox 766 2947 1053 3022; x_wconf 74' lang='lat' dir='ltr'>scriptum</span> <span class='ocrx_word' id='word_1_270' title='bbox 1086 2952 1194 3022; x_wconf 86' lang='lat' dir='ltr'>est,</span> <span class='ocrx_word' id='word_1_271' title='bbox 1229 2948 1431 3021; x_wconf 84' lang='lat' dir='ltr'>genuit</span> <span class='ocrx_word' id='word_1_272' title='bbox 1460 2947 1729 3022; x_wconf 80' lang='lat' dir='ltr'>sanctum</span> <span class='ocrx_word' id='word_1_273' title='bbox 1776 2948 2015 3022; x_wconf 79' lang='lat' dir='ltr'>stepha-</span> 
     </span>
    </p>
   </div>
   <div class='ocr_carea' id='block_1_39' title="bbox 372 3018 2017 3101">
    <p class='ocr_par' dir='ltr' id='par_1_39' title="bbox 372 3018 2017 3101">
     <span class='ocr_line' id='line_1_42' title="bbox 372 3018 2017 3101; baseline -0.001 -26"><span class='ocrx_word' id='word_1_274' title='bbox 372 3018 517 3075; x_wconf 74' lang='lat' dir='ltr'>num</span> <span class='ocrx_word' id='word_1_275' title='bbox 529 3018 787 3101; x_wconf 41' lang='lat' dir='ltr'>rege—m9.</span> <span class='ocrx_word' id='word_1_276' title='bbox 804 3018 1112 3101; x_wconf 57' lang='lat' dir='ltr'>Ranaanus</span> <span class='ocrx_word' id='word_1_277' title='bbox 1124 3020 1173 3091; x_wconf 91' lang='lat' dir='ltr'>ej</span> <span class='ocrx_word' id='word_1_278' title='bbox 1183 3018 1388 3101; x_wconf 69' lang='lat' dir='ltr'>usdem</span> <span class='ocrx_word' id='word_1_279' title='bbox 1410 3019 1697 3100; x_wconf 79' lang='lat' dir='ltr'>meminit,</span> <span class='ocrx_word' id='word_1_280' title='bbox 1716 3018 2017 3101; x_wconf 69' lang='lat' dir='ltr'>multaque</span> 
     </span>
    </p>
   </div>
   <div class='ocr_carea' id='block_1_40' title="bbox 373 3090 2016 3172">
    <p class='ocr_par' dir='ltr' id='par_1_40' title="bbox 373 3090 2016 3172">
     <span class='ocr_line' id='line_1_43' title="bbox 373 3090 2016 3172; baseline 0 -26"><span class='ocrx_word' id='word_1_281' title='bbox 373 3104 540 3172; x_wconf 50' lang='lat' dir='ltr'>axes</span> <span class='ocrx_word' id='word_1_282' title='bbox 570 3090 745 3172; x_wconf 75' lang='lat' dir='ltr'>refert</span> <span class='ocrx_word' id='word_1_283' title='bbox 774 3091 831 3172; x_wconf 87' lang='lat' dir='ltr'>in</span> <span class='ocrx_word' id='word_1_284' title='bbox 849 3091 1101 3172; x_wconf 81' lang='lat' dir='ltr'>epitome</span> <span class='ocrx_word' id='word_1_285' title='bbox 1121 3090 1799 3172; x_wconf 53' lang='lat' dir='ltr'>rerumﬂuugaricarum</span> <span class='ocrx_word' id='word_1_286' title='bbox 1825 3090 2016 3172; x_wconf 42' lang='lat' dir='ltr'>in‘dice</span> 
     </span>
    </p>
   </div>
   <div class='ocr_carea' id='block_1_41' title="bbox 362 3160 2016 3244">
    <p class='ocr_par' dir='ltr' id='par_1_41' title="bbox 362 3160 2016 3244">
     <span class='ocr_line' id='line_1_44' title="bbox 362 3160 2016 3244; baseline -0.002 -26"><span class='ocrx_word' id='word_1_287' title='bbox 362 3163 430 3218; x_wconf 87' lang='lat'>‘8.</span> <span class='ocrx_word' id='word_1_288' title='bbox 453 3160 673 3244; x_wconf 80' lang='lat' dir='ltr'>verum</span> <span class='ocrx_word' id='word_1_289' title='bbox 704 3160 1122 3244; x_wconf 60' lang='lat' dir='ltr'>Schwartsius,</span> <span class='ocrx_word' id='word_1_290' title='bbox 1155 3179 1286 3244; x_wconf 81' lang='lat' dir='ltr'>pag.</span> <span class='ocrx_word' id='word_1_291' title='bbox 1318 3163 1389 3244; x_wconf 58' lang='lat'>5})</span> <span class='ocrx_word' id='word_1_292' title='bbox 1420 3160 1595 3244; x_wconf 76' lang='lat' dir='ltr'>aliam</span> <span class='ocrx_word' id='word_1_293' title='bbox 1626 3161 1821 3244; x_wconf 61' lang='lat' dir='ltr'>vitam</span> <span class='ocrx_word' id='word_1_294' title='bbox 1862 3161 2016 3244; x_wconf 76' lang='lat' dir='ltr'>desi-</span> 
     </span>
    </p>
   </div>
   <div class='ocr_carea' id='block_1_42' title="bbox 378 3232 2028 3307">
    <p class='ocr_par' dir='ltr' id='par_1_42' title="bbox 378 3232 2028 3307">
     <span class='ocr_line' id='line_1_45' title="bbox 378 3232 2028 3307; baseline -0.001 -18"><span class='ocrx_word' id='word_1_295' title='bbox 378 3236 617 3307; x_wconf 86' lang='lat' dir='ltr'>gnatam</span> <span class='ocrx_word' id='word_1_296' title='bbox 645 3250 682 3287; x_wconf 88' lang='lat' dir='ltr'>a</span> <span class='ocrx_word' id='word_1_297' title='bbox 711 3232 1035 3291; x_wconf 88' lang='lat' dir='ltr'>Thuroczio</span> <span class='ocrx_word' id='word_1_298' title='bbox 1067 3232 1400 3306; x_wconf 56' lang='lat' dir='ltr'>dicitfquia</span> <span class='ocrx_word' id='word_1_299' title='bbox 1421 3256 1449 3283; x_wconf 83' lang='lat'><strong><em>«</em></strong></span> <span class='ocrx_word' id='word_1_300' title='bbox 1476 3233 1743 3307; x_wconf 83' lang='lat' dir='ltr'>Legenda</span> <span class='ocrx_word' id='word_1_301' title='bbox 1763 3232 2028 3288; x_wconf 87' lang='lat' dir='ltr'>Chartui-</span> 
     </span>
    </p>
   </div>
   <div class='ocr_carea' id='block_1_43' title="bbox 1336 258 2737 325">
    <p class='ocr_par' dir='ltr' id='par_1_43' title="bbox 1336 258 2737 325">
     <span class='ocr_line' id='line_1_46' title="bbox 1336 258 2737 325; baseline -0.004 0"><span class='ocrx_word' id='word_1_302' title='bbox 1336 260 1402 325; x_wconf 91' lang='lat' dir='ltr'>S.</span> <span class='ocrx_word' id='word_1_303' title='bbox 1448 259 1838 325; x_wconf 83' lang='lat' dir='ltr'>STEPHANI</span> <span class='ocrx_word' id='word_1_304' title='bbox 1880 258 2436 324; x_wconf 80' lang='lat' dir='ltr'>HUNGARORUM</span> <span class='ocrx_word' id='word_1_305' title='bbox 2481 258 2737 323; x_wconf 80' lang='lat' dir='ltr'>REGIS.</span> 
     </span>
    </p>
   </div>
   <div class='ocr_carea' id='block_1_44' title="bbox 3582 248 3748 315">
    <p class='ocr_par' dir='ltr' id='par_1_44' title="bbox 3582 248 3748 315">
     <span class='ocr_line' id='line_1_47' title="bbox 3582 248 3748 315; baseline 0 0"><span class='ocrx_word' id='word_1_306' title='bbox 3582 248 3748 315; x_wconf 65' lang='lat' dir='ltr'>HO.</span> 
     </span>
    </p>
   </div>
   <div class='ocr_carea' id='block_1_45' title="bbox 2098 386 3745 462">
    <p class='ocr_par' dir='ltr' id='par_1_45' title="bbox 2098 386 3745 462">
     <span class='ocr_line' id='line_1_48' title="bbox 2098 386 3745 462; baseline -0.003 -15"><span class='ocrx_word' id='word_1_307' title='bbox 2098 392 2259 448; x_wconf 87' lang='lat' dir='ltr'>tiana</span> <span class='ocrx_word' id='word_1_308' title='bbox 2278 392 2601 448; x_wconf 84' lang='lat' dir='ltr'>nativitatis</span> <span class='ocrx_word' id='word_1_309' title='bbox 2622 407 2842 448; x_wconf 86' lang='lat' dir='ltr'>annum</span> <span class='ocrx_word' id='word_1_310' title='bbox 2875 386 3404 462; x_wconf 83' lang='lat' dir='ltr'>nullumdesignat.</span> <span class='ocrx_word' id='word_1_311' title='bbox 3428 408 3454 435; x_wconf 69' lang='grc' dir='ltr'><strong>η</strong></span> <span class='ocrx_word' id='word_1_312' title='bbox 3477 386 3745 462; x_wconf 76' lang='lat' dir='ltr'>Respon-</span> 
     </span>
    </p>
   </div>
   <div class='ocr_carea' id='block_1_46' title="bbox 2099 459 3743 532">
    <p class='ocr_par' dir='ltr' id='par_1_46' title="bbox 2099 459 3743 532">
     <span class='ocr_line' id='line_1_49' title="bbox 2099 459 3743 532; baseline -0.004 -13"><span class='ocrx_word' id='word_1_313' title='bbox 2099 465 2206 519; x_wconf 92' lang='lat' dir='ltr'>deo</span> <span class='ocrx_word' id='word_1_314' title='bbox 2235 462 2426 519; x_wconf 86' lang='lat' dir='ltr'>Vitam</span> <span class='ocrx_word' id='word_1_315' title='bbox 2457 463 2620 518; x_wconf 89' lang='lat' dir='ltr'>citari</span> <span class='ocrx_word' id='word_1_316' title='bbox 2654 482 2687 518; x_wconf 89' lang='lat' dir='ltr'>a</span> <span class='ocrx_word' id='word_1_317' title='bbox 2717 464 3036 521; x_wconf 86' lang='lat' dir='ltr'>Thuroczio</span> <span class='ocrx_word' id='word_1_318' title='bbox 3068 478 3184 517; x_wconf 91' lang='lat' dir='ltr'>non</span> <span class='ocrx_word' id='word_1_319' title='bbox 3214 459 3318 532; x_wconf 73' lang='lat' dir='ltr'>pro</span> <span class='ocrx_word' id='word_1_320' title='bbox 3349 477 3517 532; x_wconf 81' lang='lat' dir='ltr'>anno</span> <span class='ocrx_word' id='word_1_321' title='bbox 3533 459 3743 532; x_wconf 82' lang='lat' dir='ltr'>natali,</span> 
     </span>
    </p>
   </div>
   <div class='ocr_carea' id='block_1_47' title="bbox 2093 530 3747 607">
    <p class='ocr_par' dir='ltr' id='par_1_47' title="bbox 2093 530 3747 607">
     <span class='ocr_line' id='line_1_50' title="bbox 2093 530 3747 607; baseline -0.003 -16"><span class='ocrx_word' id='word_1_322' title='bbox 2093 551 2267 607; x_wconf 89' lang='lat' dir='ltr'>quem</span> <span class='ocrx_word' id='word_1_323' title='bbox 2288 535 2411 607; x_wconf 87' lang='lat' dir='ltr'>ipse</span> <span class='ocrx_word' id='word_1_324' title='bbox 2432 535 2674 601; x_wconf 87' lang='lat' dir='ltr'>addidit,</span> <span class='ocrx_word' id='word_1_325' title='bbox 2690 539 2749 589; x_wconf 90' lang='lat' dir='ltr'>et</span> <span class='ocrx_word' id='word_1_326' title='bbox 2765 534 3001 607; x_wconf 86' lang='lat' dir='ltr'>quidem</span> <span class='ocrx_word' id='word_1_327' title='bbox 3033 530 3231 607; x_wconf 82' lang='lat' dir='ltr'>minus</span> <span class='ocrx_word' id='word_1_328' title='bbox 3249 535 3402 587; x_wconf 87' lang='lat' dir='ltr'>recte</span> <span class='ocrx_word' id='word_1_329' title='bbox 3423 530 3524 587; x_wconf 89' lang='lat' dir='ltr'>sed</span> <span class='ocrx_word' id='word_1_330' title='bbox 3548 530 3747 607; x_wconf 80' lang='lat' dir='ltr'>solum</span> 
     </span>
    </p>
   </div>
   <div class='ocr_carea' id='block_1_48' title="bbox 2094 602 3751 679">
    <p class='ocr_par' dir='ltr' id='par_1_48' title="bbox 2094 602 3751 679">
     <span class='ocr_line' id='line_1_51' title="bbox 2094 602 3751 679; baseline -0.002 -19"><span class='ocrx_word' id='word_1_331' title='bbox 2094 602 2197 679; x_wconf 81' lang='lat' dir='ltr'>pro</span> <span class='ocrx_word' id='word_1_332' title='bbox 2228 602 2410 679; x_wconf 79' lang='lat' dir='ltr'>patris</span> <span class='ocrx_word' id='word_1_333' title='bbox 2443 602 2989 679; x_wconf 40' lang='lat' dir='ltr'>nominest—divino</span> <span class='ocrx_word' id='word_1_334' title='bbox 3021 603 3252 679; x_wconf 71' lang='lat' dir='ltr'>oraculo</span> <span class='ocrx_word' id='word_1_335' title='bbox 3284 619 3400 675; x_wconf 90' lang='lat' dir='ltr'>quo</span> <span class='ocrx_word' id='word_1_336' title='bbox 3438 602 3751 679; x_wconf 65' lang='lat' dir='ltr'>praemoni-</span> 
     </span>
    </p>
   </div>
   <div class='ocr_carea' id='block_1_49' title="bbox 2095 673 3750 733">
    <p class='ocr_par' dir='ltr' id='par_1_49' title="bbox 2095 673 3750 733">
     <span class='ocr_line' id='line_1_52' title="bbox 2095 673 3750 733; baseline -0.002 0"><span class='ocrx_word' id='word_1_337' title='bbox 2095 673 2395 733; x_wconf 57' lang='lat' dir='ltr'>tum&#39;dicit</span> <span class='ocrx_word' id='word_1_338' title='bbox 2425 693 2493 731; x_wconf 88' lang='lat' dir='ltr'>ex</span> <span class='ocrx_word' id='word_1_339' title='bbox 2523 676 2654 731; x_wconf 84' lang='lat' dir='ltr'>Vita</span> <span class='ocrx_word' id='word_1_340' title='bbox 2684 676 3105 732; x_wconf 85' lang='lat' dir='ltr'>Carthuitiana.</span> <span class='ocrx_word' id='word_1_341' title='bbox 3137 673 3333 730; x_wconf 78' lang='lat' dir='ltr'>Monet</span> <span class='ocrx_word' id='word_1_342' title='bbox 3360 673 3577 729; x_wconf 81' lang='lat' dir='ltr'>eodem</span> <span class='ocrx_word' id='word_1_343' title='bbox 3619 673 3750 729; x_wconf 88' lang='lat' dir='ltr'>loco</span> 
     </span>
    </p>
   </div>
   <div class='ocr_carea' id='block_1_50' title="bbox 2096 745 3755 819">
    <p class='ocr_par' dir='ltr' id='par_1_50' title="bbox 2096 745 3755 819">
     <span class='ocr_line' id='line_1_53' title="bbox 2096 745 3755 819; baseline -0.003 -15"><span class='ocrx_word' id='word_1_344' title='bbox 2096 748 2347 818; x_wconf 90' lang='lat' dir='ltr'>scriptor</span> <span class='ocrx_word' id='word_1_345' title='bbox 2374 746 2468 802; x_wconf 90' lang='lat' dir='ltr'>ille</span> <span class='ocrx_word' id='word_1_346' title='bbox 2499 764 2560 802; x_wconf 90' lang='lat' dir='ltr'>se</span> <span class='ocrx_word' id='word_1_347' title='bbox 2593 764 2707 803; x_wconf 93' lang='lat' dir='ltr'>non</span> <span class='ocrx_word' id='word_1_348' title='bbox 2740 747 2938 819; x_wconf 85' lang='lat' dir='ltr'>omnia</span> <span class='ocrx_word' id='word_1_349' title='bbox 2967 746 3325 819; x_wconf 84' lang='lat' dir='ltr'>scripturum</span> <span class='ocrx_word' id='word_1_350' title='bbox 3348 761 3474 816; x_wconf 69' lang='lat' dir='ltr'>quae</span> <span class='ocrx_word' id='word_1_351' title='bbox 3504 745 3576 800; x_wconf 88' lang='lat' dir='ltr'>de</span> <span class='ocrx_word' id='word_1_352' title='bbox 3619 746 3755 819; x_wconf 83' lang='lat' dir='ltr'>Ste-</span> 
     </span>
    </p>
   </div>
   <div class='ocr_carea' id='block_1_51' title="bbox 2096 815 3754 892">
    <p class='ocr_par' dir='ltr' id='par_1_51' title="bbox 2096 815 3754 892">
     <span class='ocr_line' id='line_1_54' title="bbox 2096 815 3754 892; baseline -0.002 -19"><span class='ocrx_word' id='word_1_353' title='bbox 2096 815 2370 892; x_wconf 79' lang='lat' dir='ltr'>phano_et</span> <span class='ocrx_word' id='word_1_354' title='bbox 2401 819 2659 892; x_wconf 78' lang='lat' dir='ltr'>Emerico</span> <span class='ocrx_word' id='word_1_355' title='bbox 2693 820 2819 888; x_wconf 88' lang='lat' dir='ltr'>ejus</span> <span class='ocrx_word' id='word_1_356' title='bbox 2850 818 2969 892; x_wconf 84' lang='lat' dir='ltr'>ﬁlio</span> <span class='ocrx_word' id='word_1_357' title='bbox 3010 819 3066 892; x_wconf 80' lang='lat' dir='ltr'>in</span> <span class='ocrx_word' id='word_1_358' title='bbox 3088 815 3104 819; x_wconf 78' lang='grc'><em>’</em></span> <span class='ocrx_word' id='word_1_359' title='bbox 3130 818 3274 872; x_wconf 85' lang='lat' dir='ltr'>Vitis</span> <span class='ocrx_word' id='word_1_360' title='bbox 3294 815 3513 892; x_wconf 73' lang='lat' dir='ltr'>eorum</span> <span class='ocrx_word' id='word_1_361' title='bbox 3564 815 3754 892; x_wconf 82' lang='lat' dir='ltr'>relata</span> 
     </span>
    </p>
   </div>
   <div class='ocr_carea' id='block_1_52' title="bbox 2098 887 3753 961">
    <p class='ocr_par' dir='ltr' id='par_1_52' title="bbox 2098 887 3753 961">
     <span class='ocr_line' id='line_1_55' title="bbox 2098 887 3753 961; baseline -0.003 -15"><span class='ocrx_word' id='word_1_362' title='bbox 2098 887 2257 947; x_wconf 80' lang='lat' dir='ltr'>sunt.</span> <span class='ocrx_word' id='word_1_363' title='bbox 2290 889 2526 956; x_wconf 91' lang='lat' dir='ltr'>Verum,</span> <span class='ocrx_word' id='word_1_364' title='bbox 2561 887 2729 945; x_wconf 86' lang='lat' dir='ltr'>«Nos</span> <span class='ocrx_word' id='word_1_365' title='bbox 2753 905 2841 957; x_wconf 87' lang='lat' dir='ltr'>ea,</span> <span class='ocrx_word' id='word_1_366' title='bbox 2872 889 3088 961; x_wconf 87' lang='lat' dir='ltr'>inquit,</span> <span class='ocrx_word' id='word_1_367' title='bbox 3107 905 3233 959; x_wconf 83' lang='lat' dir='ltr'>quae</span> <span class='ocrx_word' id='word_1_368' title='bbox 3256 888 3330 942; x_wconf 91' lang='lat' dir='ltr'>ab</span> <span class='ocrx_word' id='word_1_369' title='bbox 3351 887 3481 942; x_wconf 78' lang='lat' dir='ltr'>aliis</span> <span class='ocrx_word' id='word_1_370' title='bbox 3506 889 3753 961; x_wconf 79' lang='lat' dir='ltr'>scripto-</span> 
     </span>
    </p>
   </div>
   <div class='ocr_carea' id='block_1_53' title="bbox 2098 957 3754 1033">
    <p class='ocr_par' dir='ltr' id='par_1_53' title="bbox 2098 957 3754 1033">
     <span class='ocr_line' id='line_1_56' title="bbox 2098 957 3754 1033; baseline -0.005 -14"><span class='ocrx_word' id='word_1_371' title='bbox 2098 962 2274 1033; x_wconf 12' lang='lat' dir='ltr'>ribus,</span> <span class='ocrx_word' id='word_1_372' title='bbox 2294 961 2683 1033; x_wconf 70' lang='lat' dir='ltr'>praetermissa</span> <span class='ocrx_word' id='word_1_373' title='bbox 2714 966 2872 1029; x_wconf 90' lang='lat' dir='ltr'>sunt,</span> <span class='ocrx_word' id='word_1_374' title='bbox 2892 957 3142 1017; x_wconf 72' lang='lat' dir='ltr'>breviter</span> <span class='ocrx_word' id='word_1_375' title='bbox 3159 975 3223 1015; x_wconf 90' lang='lat' dir='ltr'>ac</span> <span class='ocrx_word' id='word_1_376' title='bbox 3243 958 3587 1015; x_wconf 84' lang='lat' dir='ltr'>summatim</span> <span class='ocrx_word' id='word_1_377' title='bbox 3608 957 3754 1014; x_wconf 77' lang='lat' dir='ltr'>scri-</span> 
     </span>
    </p>
   </div>
   <div class='ocr_carea' id='block_1_54' title="bbox 2098 1032 2644 1088">
    <p class='ocr_par' dir='ltr' id='par_1_54' title="bbox 2098 1032 2644 1088">
     <span class='ocr_line' id='line_1_57' title="bbox 2098 1032 2644 1088; baseline -0.004 0"><span class='ocrx_word' id='word_1_378' title='bbox 2098 1034 2233 1088; x_wconf 90' lang='lat' dir='ltr'>bere</span> <span class='ocrx_word' id='word_1_379' title='bbox 2265 1032 2644 1088; x_wconf 84' lang='lat' dir='ltr'>intendimus.</span> 
     </span>
    </p>
   </div>
   <div class='ocr_carea' id='block_1_55' title="bbox 2169 1099 3748 1174">
    <p class='ocr_par' dir='ltr' id='par_1_55' title="bbox 2169 1099 3748 1174">
     <span class='ocr_line' id='line_1_58' title="bbox 2169 1099 3748 1174; baseline -0.003 -16"><span class='ocrx_word' id='word_1_380' title='bbox 2169 1104 2223 1158; x_wconf 91' lang='lat'>8.</span> <span class='ocrx_word' id='word_1_381' title='bbox 2260 1103 2453 1167; x_wconf 90' lang='lat' dir='ltr'>Porro,</span> <span class='ocrx_word' id='word_1_382' title='bbox 2486 1102 2757 1174; x_wconf 87' lang='lat' dir='ltr'>quamvis</span> <span class='ocrx_word' id='word_1_383' title='bbox 2779 1103 2849 1174; x_wconf 84' lang='lat' dir='ltr'>de</span> <span class='ocrx_word' id='word_1_384' title='bbox 2895 1106 3061 1157; x_wconf 63' lang='lat' dir='ltr'>aetate</span> <span class='ocrx_word' id='word_1_385' title='bbox 3116 1100 3430 1174; x_wconf 82' lang='lat' dir='ltr'>Cartbuitii</span> <span class='ocrx_word' id='word_1_386' title='bbox 3488 1116 3626 1174; x_wconf 75' lang='lat' dir='ltr'>n_on_</span> <span class='ocrx_word' id='word_1_387' title='bbox 3663 1099 3748 1154; x_wconf 81' lang='lat' dir='ltr'>vi-</span> 
     </span>
    </p>
   </div>
   <div class='ocr_carea' id='block_1_56' title="bbox 2101 1171 3750 1244">
    <p class='ocr_par' dir='ltr' id='par_1_56' title="bbox 2101 1171 3750 1244">
     <span class='ocr_line' id='line_1_59' title="bbox 2101 1171 3750 1244; baseline -0.003 -14"><span class='ocrx_word' id='word_1_388' title='bbox 2101 1175 2309 1230; x_wconf 85' lang='lat' dir='ltr'>deatur</span> <span class='ocrx_word' id='word_1_389' title='bbox 2338 1171 2751 1240; x_wconf 81' lang='lat' dir='ltr'>dubitandum,</span> <span class='ocrx_word' id='word_1_390' title='bbox 2784 1173 2913 1229; x_wconf 88' lang='lat' dir='ltr'>Vita</span> <span class='ocrx_word' id='word_1_391' title='bbox 2944 1178 3140 1228; x_wconf 90' lang='lat' dir='ltr'>tamen</span> <span class='ocrx_word' id='word_1_392' title='bbox 3169 1178 3226 1227; x_wconf 84' lang='lat'>8.</span> <span class='ocrx_word' id='word_1_393' title='bbox 3262 1171 3543 1244; x_wconf 75' lang='lat' dir='ltr'>Stephani</span> <span class='ocrx_word' id='word_1_394' title='bbox 3576 1171 3651 1226; x_wconf 91' lang='lat' dir='ltr'>ab</span> <span class='ocrx_word' id='word_1_395' title='bbox 3682 1186 3750 1225; x_wconf 93' lang='lat' dir='ltr'>eo</span> 
     </span>
    </p>
   </div>
   <div class='ocr_carea' id='block_1_57' title="bbox 2102 1242 3747 1317">
    <p class='ocr_par' dir='ltr' id='par_1_57' title="bbox 2102 1242 3747 1317">
     <span class='ocr_line' id='line_1_60' title="bbox 2102 1242 3747 1317; baseline -0.003 -17"><span class='ocrx_word' id='word_1_396' title='bbox 2102 1246 2322 1317; x_wconf 85' lang='lat' dir='ltr'>scripta</span> <span class='ocrx_word' id='word_1_397' title='bbox 2353 1262 2469 1317; x_wconf 85' lang='lat' dir='ltr'>non</span> <span class='ocrx_word' id='word_1_398' title='bbox 2500 1246 3003 1317; x_wconf 87' lang='lat' dir='ltr'>careterroribus,</span> <span class='ocrx_word' id='word_1_399' title='bbox 3038 1261 3142 1300; x_wconf 90' lang='lat' dir='ltr'>seu</span> <span class='ocrx_word' id='word_1_400' title='bbox 3175 1242 3626 1317; x_wconf 36' lang='lat' dir='ltr'>ntevisialiquot,</span> <span class='ocrx_word' id='word_1_401' title='bbox 3660 1247 3747 1317; x_wconf 41' lang='lat' dir='ltr'>at:</span> 
     </span>
    </p>
   </div>
   <div class='ocr_carea' id='block_1_58' title="bbox 2105 1312 3749 1388">
    <p class='ocr_par' dir='ltr' id='par_1_58' title="bbox 2105 1312 3749 1388">
     <span class='ocr_line' id='line_1_61' title="bbox 2105 1312 3749 1388; baseline -0.004 -17"><span class='ocrx_word' id='word_1_402' title='bbox 2105 1312 2307 1388; x_wconf 49' lang='lat' dir='ltr'>que-hi</span> <span class='ocrx_word' id='word_1_403' title='bbox 2336 1334 2370 1371; x_wconf 93' lang='lat' dir='ltr'>a</span> <span class='ocrx_word' id='word_1_404' title='bbox 2390 1316 2562 1388; x_wconf 86' lang='lat' dir='ltr'>Surio</span> <span class='ocrx_word' id='word_1_405' title='bbox 2583 1316 2801 1372; x_wconf 91' lang='lat' dir='ltr'>editore</span> <span class='ocrx_word' id='word_1_406' title='bbox 2823 1316 2971 1371; x_wconf 85' lang='lat' dir='ltr'>aucti</span> <span class='ocrx_word' id='word_1_407' title='bbox 2997 1314 3321 1388; x_wconf 82' lang='lat' dir='ltr'>sunt,_c_lum</span> <span class='ocrx_word' id='word_1_408' title='bbox 3346 1312 3541 1388; x_wconf 90' lang='lat' dir='ltr'>_Gis_ela</span> <span class='ocrx_word' id='word_1_409' title='bbox 3560 1312 3749 1368; x_wconf 86' lang='lat' dir='ltr'>sancti</span> 
     </span>
    </p>
   </div>
   <div class='ocr_carea' id='block_1_59' title="bbox 2105 1385 3753 1459">
    <p class='ocr_par' dir='ltr' id='par_1_59' title="bbox 2105 1385 3753 1459">
     <span class='ocr_line' id='line_1_62' title="bbox 2105 1385 3753 1459; baseline -0.004 -15"><span class='ocrx_word' id='word_1_410' title='bbox 2105 1385 2320 1459; x_wconf 76' lang='lat' dir='ltr'>conjux</span> <span class='ocrx_word' id='word_1_411' title='bbox 2346 1387 2499 1459; x_wconf 83' lang='lat' dir='ltr'>apud</span> <span class='ocrx_word' id='word_1_412' title='bbox 2533 1387 2728 1459; x_wconf 90' lang='lat' dir='ltr'>ipsum</span> <span class='ocrx_word' id='word_1_413' title='bbox 2760 1388 2882 1457; x_wconf 80' lang='lat' dir='ltr'>ﬁlia</span> <span class='ocrx_word' id='word_1_414' title='bbox 2900 1392 3140 1459; x_wconf 86' lang='lat' dir='ltr'>vocatur</span> <span class='ocrx_word' id='word_1_415' title='bbox 3162 1385 3415 1459; x_wconf 82' lang='lat' dir='ltr'>Heinrici</span> <span class='ocrx_word' id='word_1_416' title='bbox 3441 1385 3753 1456; x_wconf 84' lang='lat' dir='ltr'>imperato-</span> 
     </span>
    </p>
   </div>
   <div class='ocr_carea' id='block_1_60' title="bbox 2106 1456 3753 1529">
    <p class='ocr_par' dir='ltr' id='par_1_60' title="bbox 2106 1456 3753 1529">
     <span class='ocr_line' id='line_1_63' title="bbox 2106 1456 3753 1529; baseline -0.002 -16"><span class='ocrx_word' id='word_1_417' title='bbox 2106 1458 2187 1514; x_wconf 92' lang='lat' dir='ltr'>ris</span> <span class='ocrx_word' id='word_1_418' title='bbox 2218 1456 2399 1529; x_wconf 58' lang='lat' dir='ltr'>cujus&#39;</span> <span class='ocrx_word' id='word_1_419' title='bbox 2420 1456 2683 1513; x_wconf 50' lang='lat' dir='ltr'>ﬁlia—non</span> <span class='ocrx_word' id='word_1_420' title='bbox 2718 1456 2846 1523; x_wconf 85' lang='lat' dir='ltr'>fuit,</span> <span class='ocrx_word' id='word_1_421' title='bbox 2872 1458 2974 1514; x_wconf 90' lang='lat' dir='ltr'>sed</span> <span class='ocrx_word' id='word_1_422' title='bbox 2997 1474 3179 1523; x_wconf 87' lang='lat' dir='ltr'>soror,</span> <span class='ocrx_word' id='word_1_423' title='bbox 3206 1456 3378 1529; x_wconf 87' lang='lat' dir='ltr'>sicuti</span> <span class='ocrx_word' id='word_1_424' title='bbox 3402 1472 3627 1529; x_wconf 11' lang='lat' dir='ltr'>revera;</span> <span class='ocrx_word' id='word_1_425' title='bbox 3649 1471 3753 1510; x_wconf 85' lang='lat' dir='ltr'>no-</span> 
     </span>
    </p>
   </div>
   <div class='ocr_carea' id='block_1_61' title="bbox 2107 1527 3755 1585">
    <p class='ocr_par' dir='ltr' id='par_1_61' title="bbox 2107 1527 3755 1585">
     <span class='ocr_line' id='line_1_64' title="bbox 2107 1527 3755 1585; baseline -0.002 -1"><span class='ocrx_word' id='word_1_426' title='bbox 2107 1527 2366 1584; x_wconf 82' lang='lat' dir='ltr'>minatur</span> <span class='ocrx_word' id='word_1_427' title='bbox 2395 1529 2453 1583; x_wconf 92' lang='lat' dir='ltr'>in</span> <span class='ocrx_word' id='word_1_428' title='bbox 2486 1546 2596 1584; x_wconf 92' lang='lat' dir='ltr'>ms.</span> <span class='ocrx_word' id='word_1_429' title='bbox 2630 1533 2686 1585; x_wconf 90' lang='lat' dir='ltr'>et</span> <span class='ocrx_word' id='word_1_430' title='bbox 2706 1530 2764 1584; x_wconf 92' lang='lat' dir='ltr'>in</span> <span class='ocrx_word' id='word_1_431' title='bbox 2785 1530 3037 1585; x_wconf 90' lang='lat' dir='ltr'>editione</span> <span class='ocrx_word' id='word_1_432' title='bbox 3058 1528 3393 1583; x_wconf 82' lang='lat' dir='ltr'>vetustiore.</span> <span class='ocrx_word' id='word_1_433' title='bbox 3419 1528 3594 1583; x_wconf 88' lang='lat' dir='ltr'>Error</span> <span class='ocrx_word' id='word_1_434' title='bbox 3613 1527 3755 1582; x_wconf 86' lang='lat' dir='ltr'>item</span> 
     </span>
    </p>
   </div>
   <div class='ocr_carea' id='block_1_62' title="bbox 2108 1598 3755 1673">
    <p class='ocr_par' dir='ltr' id='par_1_62' title="bbox 2108 1598 3755 1673">
     <span class='ocr_line' id='line_1_65' title="bbox 2108 1598 3755 1673; baseline -0.002 -17"><span class='ocrx_word' id='word_1_435' title='bbox 2108 1601 2275 1673; x_wconf 84' lang='lat' dir='ltr'>estin</span> <span class='ocrx_word' id='word_1_436' title='bbox 2307 1617 2460 1673; x_wconf 84' lang='lat' dir='ltr'>anno</span> <span class='ocrx_word' id='word_1_437' title='bbox 2488 1601 2823 1673; x_wconf 88' lang='lat' dir='ltr'>emortuali,</span> <span class='ocrx_word' id='word_1_438' title='bbox 2856 1601 2956 1673; x_wconf 88' lang='lat' dir='ltr'>qui</span> <span class='ocrx_word' id='word_1_439' title='bbox 2989 1606 3107 1673; x_wconf 82' lang='lat' dir='ltr'>tam</span> <span class='ocrx_word' id='word_1_440' title='bbox 3139 1599 3201 1673; x_wconf 84' lang='lat' dir='ltr'>in</span> <span class='ocrx_word' id='word_1_441' title='bbox 3233 1615 3343 1655; x_wconf 91' lang='lat' dir='ltr'>ms.</span> <span class='ocrx_word' id='word_1_442' title='bbox 3379 1615 3557 1670; x_wconf 91' lang='lat' dir='ltr'>quam</span> <span class='ocrx_word' id='word_1_443' title='bbox 3590 1598 3755 1673; x_wconf 69' lang='lat' dir='ltr'>apud</span> 
     </span>
    </p>
   </div>
   <div class='ocr_carea' id='block_1_63' title="bbox 2107 1667 3756 1740">
    <p class='ocr_par' dir='ltr' id='par_1_63' title="bbox 2107 1667 3756 1740">
     <span class='ocr_line' id='line_1_66' title="bbox 2107 1667 3756 1740; baseline -0.002 -14"><span class='ocrx_word' id='word_1_444' title='bbox 2107 1671 2366 1740; x_wconf 90' lang='lat' dir='ltr'>Surium,</span> <span class='ocrx_word' id='word_1_445' title='bbox 2398 1671 2615 1726; x_wconf 90' lang='lat' dir='ltr'>dicitur</span> <span class='ocrx_word' id='word_1_446' title='bbox 2659 1667 2820 1739; x_wconf 67' lang='lat' dir='ltr'>l034,</span> <span class='ocrx_word' id='word_1_447' title='bbox 2854 1667 2957 1727; x_wconf 77' lang='lat' dir='ltr'>sed</span> <span class='ocrx_word' id='word_1_448' title='bbox 3009 1670 3101 1727; x_wconf 88' lang='lat' dir='ltr'>hic</span> <span class='ocrx_word' id='word_1_449' title='bbox 3131 1671 3307 1726; x_wconf 88' lang='lat' dir='ltr'>etiam</span> <span class='ocrx_word' id='word_1_450' title='bbox 3364 1667 3526 1726; x_wconf 74' lang='lat' dir='ltr'>error</span> <span class='ocrx_word' id='word_1_451' title='bbox 3583 1667 3756 1724; x_wconf 79' lang='lat' dir='ltr'>facile</span> 
     </span>
    </p>
   </div>
   <div class='ocr_carea' id='block_1_64' title="bbox 1509 1740 3757 1828">
    <p class='ocr_par' dir='ltr' id='par_1_64' title="bbox 1509 1740 3757 1828">
     <span class='ocr_line' id='line_1_67' title="bbox 1509 1740 3757 1828; baseline -0.002 -29"><span class='ocrx_word' id='word_1_452' title='bbox 1509 1740 1715 1799; x_wconf 82' lang='lat' dir='ltr'>adislai</span> <span class='ocrx_word' id='word_1_453' title='bbox 1767 1759 1997 1798; x_wconf 87' lang='lat' dir='ltr'>succes-</span> <span class='ocrx_word' id='word_1_454' title='bbox 2034 1765 2079 1828; x_wconf 62' lang='grc' dir='ltr'><strong>Β</strong></span> <span class='ocrx_word' id='word_1_455' title='bbox 2111 1745 2363 1814; x_wconf 86' lang='lat' dir='ltr'>irrepere</span> <span class='ocrx_word' id='word_1_456' title='bbox 2392 1743 2583 1814; x_wconf 90' lang='lat' dir='ltr'>potuit</span> <span class='ocrx_word' id='word_1_457' title='bbox 2612 1743 2751 1799; x_wconf 88' lang='lat' dir='ltr'>vitio</span> <span class='ocrx_word' id='word_1_458' title='bbox 2782 1742 3325 1828; x_wconf 58' lang='lat' dir='ltr'>transcribentium,</span> <span class='ocrx_word' id='word_1_459' title='bbox 3358 1740 3605 1828; x_wconf 65' lang='lat' dir='ltr'>quinon</span> <span class='ocrx_word' id='word_1_460' title='bbox 3629 1756 3757 1821; x_wconf 74' lang='lat' dir='ltr'>raro</span> 
     </span>
    </p>
   </div>
   <div class='ocr_carea' id='block_1_65' title="bbox 2124 1810 3755 1884">
    <p class='ocr_par' dir='ltr' id='par_1_65' title="bbox 2124 1810 3755 1884">
     <span class='ocr_line' id='line_1_68' title="bbox 2124 1810 3755 1884; baseline -0.002 -16"><span class='ocrx_word' id='word_1_461' title='bbox 2124 1810 2410 1869; x_wconf 73' lang='lat' dir='ltr'>numeros</span> <span class='ocrx_word' id='word_1_462' title='bbox 2433 1819 2831 1884; x_wconf 88' lang='lat' dir='ltr'>corrumpunt.</span> <span class='ocrx_word' id='word_1_463' title='bbox 2868 1814 3135 1869; x_wconf 88' lang='lat' dir='ltr'>Erratum</span> <span class='ocrx_word' id='word_1_464' title='bbox 3166 1810 3398 1884; x_wconf 82' lang='lat' dir='ltr'>quoque</span> <span class='ocrx_word' id='word_1_465' title='bbox 3428 1811 3663 1867; x_wconf 88' lang='lat' dir='ltr'>videtur</span> <span class='ocrx_word' id='word_1_466' title='bbox 3698 1810 3755 1865; x_wconf 90' lang='lat' dir='ltr'>in</span> 
     </span>
    </p>
   </div>
   <div class='ocr_carea' id='block_1_66' title="bbox 2124 1885 3763 1956">
    <p class='ocr_par' dir='ltr' id='par_1_66' title="bbox 2124 1885 3763 1956">
     <span class='ocr_line' id='line_1_69' title="bbox 2124 1885 3763 1956; baseline -0.002 -15"><span class='ocrx_word' id='word_1_467' title='bbox 2124 1885 2361 1941; x_wconf 90' lang='lat' dir='ltr'>nomine</span> <span class='ocrx_word' id='word_1_468' title='bbox 2390 1885 2558 1940; x_wconf 90' lang='lat' dir='ltr'>ducis</span> <span class='ocrx_word' id='word_1_469' title='bbox 2588 1885 2857 1952; x_wconf 79' lang='lat' dir='ltr'>Poloniae,</span> <span class='ocrx_word' id='word_1_470' title='bbox 2919 1901 3096 1956; x_wconf 88' lang='lat' dir='ltr'>quem</span> <span class='ocrx_word' id='word_1_471' title='bbox 3127 1889 3326 1939; x_wconf 89' lang='lat' dir='ltr'>narrat</span> <span class='ocrx_word' id='word_1_472' title='bbox 3354 1898 3627 1956; x_wconf 84' lang='lat' dir='ltr'>coronam</span> <span class='ocrx_word' id='word_1_473' title='bbox 3671 1898 3763 1956; x_wconf 87' lang='lat' dir='ltr'>_re-</span> 
     </span>
    </p>
   </div>
   <div class='ocr_carea' id='block_1_67' title="bbox 2124 1953 3768 2037">
    <p class='ocr_par' dir='ltr' id='par_1_67' title="bbox 2124 1953 3768 2037">
     <span class='ocr_line' id='line_1_70' title="bbox 2124 1953 3768 2037; baseline -0.001 -28"><span class='ocrx_word' id='word_1_474' title='bbox 2124 1956 2280 2037; x_wconf 83' lang='lat' dir='ltr'>giam</span> <span class='ocrx_word' id='word_1_475' title='bbox 2316 1956 2552 2037; x_wconf 79' lang='lat' dir='ltr'>petiisse</span> <span class='ocrx_word' id='word_1_476' title='bbox 2583 1972 2617 2010; x_wconf 91' lang='lat' dir='ltr'>a</span> <span class='ocrx_word' id='word_1_477' title='bbox 2647 1953 2952 2037; x_wconf 51' lang='lat' dir='ltr'>pontiﬁce:</span> <span class='ocrx_word' id='word_1_478' title='bbox 2972 1955 3195 2037; x_wconf 41' lang='lat' dir='ltr'>Verum.</span> <span class='ocrx_word' id='word_1_479' title='bbox 3216 1970 3441 2010; x_wconf 89' lang='lat' dir='ltr'>errores</span> <span class='ocrx_word' id='word_1_480' title='bbox 3498 1953 3596 2009; x_wconf 88' lang='lat' dir='ltr'>isti</span> <span class='ocrx_word' id='word_1_481' title='bbox 3654 1953 3768 2037; x_wconf 70' lang='lat' dir='ltr'>duo</span> 
     </span>
    </p>
   </div>
   <div class='ocr_carea' id='block_1_68' title="bbox 2125 2027 3769 2099">
    <p class='ocr_par' dir='ltr' id='par_1_68' title="bbox 2125 2027 3769 2099">
     <span class='ocr_line' id='line_1_71' title="bbox 2125 2027 3769 2099; baseline -0.002 -17"><span class='ocrx_word' id='word_1_482' title='bbox 2125 2027 2476 2099; x_wconf 76' lang='lat' dir='ltr'>posteriores</span> <span class='ocrx_word' id='word_1_483' title='bbox 2508 2027 2667 2098; x_wconf 88' lang='lat' dir='ltr'>(nam</span> <span class='ocrx_word' id='word_1_484' title='bbox 2700 2028 2928 2099; x_wconf 90' lang='lat' dir='ltr'>primus</span> <span class='ocrx_word' id='word_1_485' title='bbox 2959 2032 3115 2082; x_wconf 90' lang='lat' dir='ltr'>certo</span> <span class='ocrx_word' id='word_1_486' title='bbox 3146 2027 3276 2097; x_wconf 89' lang='lat' dir='ltr'>ejus</span> <span class='ocrx_word' id='word_1_487' title='bbox 3297 2042 3458 2081; x_wconf 90' lang='lat' dir='ltr'>error</span> <span class='ocrx_word' id='word_1_488' title='bbox 3488 2040 3603 2099; x_wconf 82' lang='lat' dir='ltr'>non</span> <span class='ocrx_word' id='word_1_489' title='bbox 3663 2028 3769 2099; x_wconf 75' lang='lat' dir='ltr'>est)</span> 
     </span>
    </p>
   </div>
   <div class='ocr_carea' id='block_1_69' title="bbox 2124 2094 3775 2161">
    <p class='ocr_par' dir='ltr' id='par_1_69' title="bbox 2124 2094 3775 2161">
     <span class='ocr_line' id='line_1_72' title="bbox 2124 2094 3775 2161; baseline -0.002 -9"><span class='ocrx_word' id='word_1_490' title='bbox 2124 2094 2273 2153; x_wconf 75' lang='lat' dir='ltr'>tales</span> <span class='ocrx_word' id='word_1_491' title='bbox 2296 2103 2456 2161; x_wconf 91' lang='lat' dir='ltr'>sunt,</span> <span class='ocrx_word' id='word_1_492' title='bbox 2472 2094 2537 2153; x_wconf 87' lang='lat' dir='ltr'>ut</span> <span class='ocrx_word' id='word_1_493' title='bbox 2554 2094 2959 2154; x_wconf 80' lang='lat' dir='ltr'>auctoritatem</span> <span class='ocrx_word' id='word_1_494' title='bbox 2979 2094 3253 2153; x_wconf 77' lang='lat' dir='ltr'>Actorum</span> <span class='ocrx_word' id='word_1_495' title='bbox 3268 2113 3384 2151; x_wconf 90' lang='lat' dir='ltr'>non</span> <span class='ocrx_word' id='word_1_496' title='bbox 3399 2095 3655 2151; x_wconf 89' lang='lat' dir='ltr'>multum</span> <span class='ocrx_word' id='word_1_497' title='bbox 3671 2094 3775 2149; x_wconf 90' lang='lat' dir='ltr'>mi-</span> 
     </span>
    </p>
   </div>
   <div class='ocr_carea' id='block_1_70' title="bbox 2125 2166 3778 2240">
    <p class='ocr_par' dir='ltr' id='par_1_70' title="bbox 2125 2166 3778 2240">
     <span class='ocr_line' id='line_1_73' title="bbox 2125 2166 3778 2240; baseline -0.002 -16"><span class='ocrx_word' id='word_1_498' title='bbox 2125 2174 2332 2233; x_wconf 88' lang='lat' dir='ltr'>nuant,</span> <span class='ocrx_word' id='word_1_499' title='bbox 2358 2170 2679 2240; x_wconf 79' lang='lat' dir='ltr'>praesertim</span> <span class='ocrx_word' id='word_1_500' title='bbox 2704 2186 2837 2225; x_wconf 90' lang='lat' dir='ltr'>cum</span> <span class='ocrx_word' id='word_1_501' title='bbox 2862 2168 3045 2224; x_wconf 85' lang='lat' dir='ltr'>multa</span> <span class='ocrx_word' id='word_1_502' title='bbox 3067 2169 3124 2224; x_wconf 90' lang='lat' dir='ltr'>in</span> <span class='ocrx_word' id='word_1_503' title='bbox 3149 2168 3222 2223; x_wconf 89' lang='lat' dir='ltr'>iis</span> <span class='ocrx_word' id='word_1_504' title='bbox 3243 2166 3425 2240; x_wconf 83' lang='lat' dir='ltr'>relata</span> <span class='ocrx_word' id='word_1_505' title='bbox 3443 2183 3512 2223; x_wconf 90' lang='lat' dir='ltr'>ex</span> <span class='ocrx_word' id='word_1_506' title='bbox 3532 2167 3778 2238; x_wconf 89' lang='lat' dir='ltr'>scripto-</span> 
     </span>
    </p>
   </div>
   <div class='ocr_carea' id='block_1_71' title="bbox 2128 2238 3779 2311">
    <p class='ocr_par' dir='ltr' id='par_1_71' title="bbox 2128 2238 3779 2311">
     <span class='ocr_line' id='line_1_74' title="bbox 2128 2238 3779 2311; baseline -0.002 -17"><span class='ocrx_word' id='word_1_507' title='bbox 2128 2240 2293 2311; x_wconf 88' lang='lat' dir='ltr'>ribus</span> <span class='ocrx_word' id='word_1_508' title='bbox 2320 2238 2667 2311; x_wconf 63' lang='lat' dir='ltr'>syncbronis</span> <span class='ocrx_word' id='word_1_509' title='bbox 2698 2241 3141 2305; x_wconf 88' lang='lat' dir='ltr'>conﬁrmentur,</span> <span class='ocrx_word' id='word_1_510' title='bbox 3173 2244 3230 2294; x_wconf 89' lang='lat' dir='ltr'>et</span> <span class='ocrx_word' id='word_1_511' title='bbox 3259 2238 3373 2311; x_wconf 82' lang='lat' dir='ltr'>alia</span> <span class='ocrx_word' id='word_1_512' title='bbox 3414 2255 3528 2293; x_wconf 91' lang='lat' dir='ltr'>non</span> <span class='ocrx_word' id='word_1_513' title='bbox 3556 2310 3561 2311; x_wconf 14' lang='grc' dir='ltr'><em>γ</em></span> <span class='ocrx_word' id='word_1_514' title='bbox 3590 2253 3779 2311; x_wconf 81' lang='lat' dir='ltr'>pauca</span> 
     </span>
    </p>
   </div>
   <div class='ocr_carea' id='block_1_72' title="bbox 2127 2308 3780 2381">
    <p class='ocr_par' dir='ltr' id='par_1_72' title="bbox 2127 2308 3780 2381">
     <span class='ocr_line' id='line_1_75' title="bbox 2127 2308 3780 2381; baseline -0.002 -15"><span class='ocrx_word' id='word_1_515' title='bbox 2127 2328 2195 2366; x_wconf 85' lang='lat' dir='ltr'>ex</span> <span class='ocrx_word' id='word_1_516' title='bbox 2225 2308 2433 2365; x_wconf 82' lang='lat' dir='ltr'>iisdem</span> <span class='ocrx_word' id='word_1_517' title='bbox 2468 2312 2611 2366; x_wconf 90' lang='lat' dir='ltr'>ﬁant</span> <span class='ocrx_word' id='word_1_518' title='bbox 2639 2311 2998 2367; x_wconf 88' lang='lat' dir='ltr'>verisimilia.</span> <span class='ocrx_word' id='word_1_519' title='bbox 3033 2311 3177 2366; x_wconf 92' lang='lat' dir='ltr'>Hinc</span> <span class='ocrx_word' id='word_1_520' title='bbox 3208 2310 3351 2381; x_wconf 88' lang='lat' dir='ltr'>mihi</span> <span class='ocrx_word' id='word_1_521' title='bbox 3376 2326 3489 2365; x_wconf 92' lang='lat' dir='ltr'>non</span> <span class='ocrx_word' id='word_1_522' title='bbox 3508 2308 3780 2381; x_wconf 73' lang='lat' dir='ltr'>displicet</span> 
     </span>
    </p>
   </div>
   <div class='ocr_carea' id='block_1_73' title="bbox 2120 2379 3779 2453">
    <p class='ocr_par' dir='ltr' id='par_1_73' title="bbox 2120 2379 3779 2453">
     <span class='ocr_line' id='line_1_76' title="bbox 2120 2379 3779 2453; baseline -0.001 -17"><span class='ocrx_word' id='word_1_523' title='bbox 2120 2382 2416 2453; x_wconf 79' lang='lat' dir='ltr'>judicium</span> <span class='ocrx_word' id='word_1_524' title='bbox 2452 2381 2675 2437; x_wconf 89' lang='lat' dir='ltr'>Bailleti</span> <span class='ocrx_word' id='word_1_525' title='bbox 2710 2384 2781 2437; x_wconf 86' lang='lat' dir='ltr'>de</span> <span class='ocrx_word' id='word_1_526' title='bbox 2811 2382 2971 2438; x_wconf 88' lang='lat' dir='ltr'>hisce</span> <span class='ocrx_word' id='word_1_527' title='bbox 2985 2383 3164 2447; x_wconf 86' lang='lat' dir='ltr'>Actis,</span> <span class='ocrx_word' id='word_1_528' title='bbox 3185 2380 3402 2453; x_wconf 85' lang='lat' dir='ltr'>namin</span> <span class='ocrx_word' id='word_1_529' title='bbox 3425 2379 3650 2435; x_wconf 81' lang='lat' dir='ltr'>Tabula</span> <span class='ocrx_word' id='word_1_530' title='bbox 3667 2380 3779 2453; x_wconf 73' lang='lat' dir='ltr'>cri-</span> 
     </span>
    </p>
   </div>
   <div class='ocr_carea' id='block_1_74' title="bbox 2128 2451 3781 2523">
    <p class='ocr_par' dir='ltr' id='par_1_74' title="bbox 2128 2451 3781 2523">
     <span class='ocr_line' id='line_1_77' title="bbox 2128 2451 3781 2523; baseline -0.001 -17"><span class='ocrx_word' id='word_1_531' title='bbox 2128 2451 2244 2507; x_wconf 81' lang='lat' dir='ltr'>tica</span> <span class='ocrx_word' id='word_1_532' title='bbox 2296 2454 2416 2507; x_wconf 89' lang='lat' dir='ltr'>ad2</span> <span class='ocrx_word' id='word_1_533' title='bbox 2482 2453 2841 2523; x_wconf 88' lang='lat' dir='ltr'>Septembris</span> <span class='ocrx_word' id='word_1_534' title='bbox 2909 2453 3127 2509; x_wconf 88' lang='lat' dir='ltr'>Gallice</span> <span class='ocrx_word' id='word_1_535' title='bbox 3199 2452 3380 2507; x_wconf 87' lang='lat' dir='ltr'>habet</span> <span class='ocrx_word' id='word_1_536' title='bbox 3411 2468 3539 2521; x_wconf 72' lang='lat' dir='ltr'>quae</span> <span class='ocrx_word' id='word_1_537' title='bbox 3602 2451 3781 2523; x_wconf 76' lang='lat' dir='ltr'>reddo</span> 
     </span>
    </p>
   </div>
   <div class='ocr_carea' id='block_1_75' title="bbox 2126 2522 3784 2596">
    <p class='ocr_par' dir='ltr' id='par_1_75' title="bbox 2126 2522 3784 2596">
     <span class='ocr_line' id='line_1_78' title="bbox 2126 2522 3784 2596; baseline -0.001 -19"><span class='ocrx_word' id='word_1_538' title='bbox 2126 2524 2364 2579; x_wconf 90' lang='lat' dir='ltr'>Latine:</span> <span class='ocrx_word' id='word_1_539' title='bbox 2403 2544 2431 2571; x_wconf 85' lang='lat'><strong><em>«</em></strong></span> <span class='ocrx_word' id='word_1_540' title='bbox 2466 2522 2597 2596; x_wconf 79' lang='lat' dir='ltr'>Vita</span> <span class='ocrx_word' id='word_1_541' title='bbox 2619 2526 2747 2594; x_wconf 86' lang='lat' dir='ltr'>ejus</span> <span class='ocrx_word' id='word_1_542' title='bbox 2780 2526 3110 2596; x_wconf 88' lang='lat' dir='ltr'>conscripta</span> <span class='ocrx_word' id='word_1_543' title='bbox 3130 2540 3238 2596; x_wconf 81' lang='lat' dir='ltr'>per</span> <span class='ocrx_word' id='word_1_544' title='bbox 3252 2523 3594 2596; x_wconf 83' lang='lat' dir='ltr'>episcopum</span> <span class='ocrx_word' id='word_1_545' title='bbox 3630 2522 3784 2596; x_wconf 66' lang='lat' dir='ltr'>Ilua-</span> 
     </span>
    </p>
   </div>
   <div class='ocr_carea' id='block_1_76' title="bbox 2126 2593 3778 2719">
    <p class='ocr_par' dir='ltr' id='par_1_76' title="bbox 2126 2593 3778 2719">
     <span class='ocr_line' id='line_1_79' title="bbox 2126 2593 3778 2719; baseline -0.001 -71"><span class='ocrx_word' id='word_1_546' title='bbox 2126 2611 2358 2719; x_wconf 54' lang='grc' dir='ltr'>βαι-ατη,</span> <span class='ocrx_word' id='word_1_547' title='bbox 2393 2595 2629 2651; x_wconf 88' lang='lat' dir='ltr'>nomine</span> <span class='ocrx_word' id='word_1_548' title='bbox 2651 2593 3072 2659; x_wconf 83' lang='lat' dir='ltr'>Carthuitium,</span> <span class='ocrx_word' id='word_1_549' title='bbox 3106 2593 3165 2650; x_wconf 82' lang='lat' dir='ltr'>et</span> <span class='ocrx_word' id='word_1_550' title='bbox 3210 2593 3477 2649; x_wconf 83' lang='lat' dir='ltr'>dedicata</span> <span class='ocrx_word' id='word_1_551' title='bbox 3520 2594 3644 2674; x_wconf 80' lang='lat' dir='ltr'>regi</span> <span class='ocrx_word' id='word_1_552' title='bbox 3679 2593 3778 2647; x_wconf 81' lang='lat' dir='ltr'>Co-</span> 
     </span>
     <span class='ocr_line' id='line_1_80' title="bbox 2151 2663 3778 2719; baseline -0.001 0"><span class='ocrx_word' id='word_1_553' title='bbox 2151 2682 2423 2719; x_wconf 90' lang='lat' dir='ltr'>omanno.</span> <span class='ocrx_word' id='word_1_554' title='bbox 2454 2682 2566 2719; x_wconf 90' lang='lat' dir='ltr'>non</span> <span class='ocrx_word' id='word_1_555' title='bbox 2622 2672 2711 2719; x_wconf 90' lang='lat' dir='ltr'>est</span> <span class='ocrx_word' id='word_1_556' title='bbox 2741 2666 3025 2719; x_wconf 90' lang='lat' dir='ltr'>immunis</span> <span class='ocrx_word' id='word_1_557' title='bbox 3073 2667 3145 2719; x_wconf 90' lang='lat' dir='ltr'>ab</span> <span class='ocrx_word' id='word_1_558' title='bbox 3176 2665 3490 2719; x_wconf 87' lang='lat' dir='ltr'>erroribus.</span> <span class='ocrx_word' id='word_1_559' title='bbox 3527 2663 3778 2718; x_wconf 77' lang='lat' dir='ltr'>Aliunde</span> 
     </span>
    </p>
   </div>
   <div class='ocr_carea' id='block_1_77' title="bbox 2151 2663 3779 2729">
    <p class='ocr_par' dir='ltr' id='par_1_77' title="bbox 2151 2663 3779 2729">
     <span class='ocr_line' id='line_1_81' title="bbox 2151 2663 3779 2729; baseline -0.002 -10"><span class='ocrx_word' id='word_1_560' title='bbox 2151 2663 2423 2729; x_wconf 82' lang='lat' dir='ltr'>emanno,</span> <span class='ocrx_word' id='word_1_561' title='bbox 2454 2682 2566 2721; x_wconf 90' lang='lat' dir='ltr'>non</span> <span class='ocrx_word' id='word_1_562' title='bbox 2622 2672 2711 2721; x_wconf 90' lang='lat' dir='ltr'>est</span> <span class='ocrx_word' id='word_1_563' title='bbox 2741 2666 3025 2722; x_wconf 89' lang='lat' dir='ltr'>immunis</span> <span class='ocrx_word' id='word_1_564' title='bbox 3073 2667 3145 2721; x_wconf 90' lang='lat' dir='ltr'>ab</span> <span class='ocrx_word' id='word_1_565' title='bbox 3176 2665 3490 2720; x_wconf 87' lang='lat' dir='ltr'>erroribus.</span> <span class='ocrx_word' id='word_1_566' title='bbox 3527 2663 3779 2718; x_wconf 83' lang='lat' dir='ltr'>Aliunde</span> 
     </span>
    </p>
   </div>
   <div class='ocr_carea' id='block_1_78' title="bbox 2126 2734 3783 2801">
    <p class='ocr_par' dir='ltr' id='par_1_78' title="bbox 2126 2734 3783 2801">
     <span class='ocr_line' id='line_1_82' title="bbox 2126 2734 3783 2801; baseline -0.002 -10"><span class='ocrx_word' id='word_1_567' title='bbox 2126 2741 2322 2791; x_wconf 88' lang='lat' dir='ltr'>tamen</span> <span class='ocrx_word' id='word_1_568' title='bbox 2348 2736 2491 2791; x_wconf 88' lang='lat' dir='ltr'>satis</span> <span class='ocrx_word' id='word_1_569' title='bbox 2523 2738 2889 2793; x_wconf 88' lang='lat' dir='ltr'>auctoritatis</span> <span class='ocrx_word' id='word_1_570' title='bbox 2919 2738 3111 2801; x_wconf 86' lang='lat' dir='ltr'>habet,</span> <span class='ocrx_word' id='word_1_571' title='bbox 3144 2735 3277 2791; x_wconf 91' lang='lat' dir='ltr'>licet</span> <span class='ocrx_word' id='word_1_572' title='bbox 3301 2739 3504 2791; x_wconf 90' lang='lat' dir='ltr'>auctor</span> <span class='ocrx_word' id='word_1_573' title='bbox 3531 2734 3783 2790; x_wconf 86' lang='lat' dir='ltr'>abfuerit</span> 
     </span>
    </p>
   </div>
   <div class='ocr_carea' id='block_1_79' title="bbox 2128 2806 3780 2879">
    <p class='ocr_par' dir='ltr' id='par_1_79' title="bbox 2128 2806 3780 2879">
     <span class='ocr_line' id='line_1_83' title="bbox 2128 2806 3780 2879; baseline -0.002 -17"><span class='ocrx_word' id='word_1_574' title='bbox 2128 2824 2160 2861; x_wconf 90' lang='lat' dir='ltr'>a</span> <span class='ocrx_word' id='word_1_575' title='bbox 2191 2812 2452 2878; x_wconf 90' lang='lat' dir='ltr'>tempore</span> <span class='ocrx_word' id='word_1_576' title='bbox 2485 2809 2693 2863; x_wconf 90' lang='lat' dir='ltr'>sancti.</span> <span class='ocrx_word' id='word_1_577' title='bbox 2729 2829 2758 2858; x_wconf 86' lang='lat'><strong>»</strong></span> <span class='ocrx_word' id='word_1_578' title='bbox 2793 2809 2965 2864; x_wconf 84' lang='lat' dir='ltr'>Recte</span> <span class='ocrx_word' id='word_1_579' title='bbox 2994 2810 3323 2879; x_wconf 79' lang='lat' dir='ltr'>caetera.At</span> <span class='ocrx_word' id='word_1_580' title='bbox 3354 2806 3508 2879; x_wconf 91' lang='lat' dir='ltr'>quod</span> <span class='ocrx_word' id='word_1_581' title='bbox 3563 2806 3649 2879; x_wconf 80' lang='lat' dir='ltr'>ait</span> <span class='ocrx_word' id='word_1_582' title='bbox 3678 2806 3780 2859; x_wconf 89' lang='lat' dir='ltr'>ab-</span> 
     </span>
    </p>
   </div>
   <div class='ocr_carea' id='block_1_80' title="bbox 2126 2877 3779 2950">
    <p class='ocr_par' dir='ltr' id='par_1_80' title="bbox 2126 2877 3779 2950">
     <span class='ocr_line' id='line_1_84' title="bbox 2126 2877 3779 2950; baseline -0.001 -17"><span class='ocrx_word' id='word_1_583' title='bbox 2126 2877 2377 2950; x_wconf 30' lang='lat' dir='ltr'>fuisse’a</span> <span class='ocrx_word' id='word_1_584' title='bbox 2406 2882 2667 2950; x_wconf 89' lang='lat' dir='ltr'>tempore</span> <span class='ocrx_word' id='word_1_585' title='bbox 2712 2880 2899 2935; x_wconf 89' lang='lat' dir='ltr'>sancti</span> <span class='ocrx_word' id='word_1_586' title='bbox 2957 2878 3198 2934; x_wconf 89' lang='lat' dir='ltr'>nimiam</span> <span class='ocrx_word' id='word_1_587' title='bbox 3231 2877 3493 2950; x_wconf 79' lang='lat' dir='ltr'>insinuat</span> <span class='ocrx_word' id='word_1_588' title='bbox 3550 2877 3779 2950; x_wconf 80' lang='lat' dir='ltr'>distan-</span> 
     </span>
    </p>
   </div>
   <div class='ocr_carea' id='block_1_81' title="bbox 2126 2946 3784 3032">
    <p class='ocr_par' dir='ltr' id='par_1_81' title="bbox 2126 2946 3784 3032">
     <span class='ocr_line' id='line_1_85' title="bbox 2126 2946 3784 3032; baseline -0.001 -29"><span class='ocrx_word' id='word_1_589' title='bbox 2126 2948 2292 3032; x_wconf 85' lang='lat' dir='ltr'>tiam,</span> <span class='ocrx_word' id='word_1_590' title='bbox 2326 2965 2459 3032; x_wconf 81' lang='lat' dir='ltr'>cum</span> <span class='ocrx_word' id='word_1_591' title='bbox 2491 2946 2720 3032; x_wconf 76' lang='lat' dir='ltr'>tantum</span> <span class='ocrx_word' id='word_1_592' title='bbox 2754 2946 3784 3032; x_wconf 40' lang='lat' dir='ltr'>sexaginta&#39;au&#39;tseptuagintaannis</span> 
     </span>
    </p>
   </div>
   <div class='ocr_carea' id='block_1_82' title="bbox 2128 3018 3779 3094">
    <p class='ocr_par' dir='ltr' id='par_1_82' title="bbox 2128 3018 3779 3094">
     <span class='ocr_line' id='line_1_86' title="bbox 2128 3018 3779 3094; baseline -0.001 -19"><span class='ocrx_word' id='word_1_593' title='bbox 2128 3024 2262 3091; x_wconf 83' lang='lat' dir='ltr'>post</span> <span class='ocrx_word' id='word_1_594' title='bbox 2306 3024 2555 3094; x_wconf 82' lang='lat' dir='ltr'>mortem</span> <span class='ocrx_word' id='word_1_595' title='bbox 2587 3022 2791 3094; x_wconf 81' lang='lat' dir='ltr'>ipsius</span> <span class='ocrx_word' id='word_1_596' title='bbox 2806 3018 3123 3094; x_wconf 80' lang='lat' dir='ltr'>scripserit.</span> <span class='ocrx_word' id='word_1_597' title='bbox 3159 3018 3315 3094; x_wconf 75' lang='lat' dir='ltr'>Idem</span> <span class='ocrx_word' id='word_1_598' title='bbox 3344 3018 3459 3094; x_wconf 69' lang='lat' dir='ltr'>fere</span> <span class='ocrx_word' id='word_1_599' title='bbox 3495 3019 3607 3094; x_wconf 78' lang='lat' dir='ltr'>iuit</span> <span class='ocrx_word' id='word_1_600' title='bbox 3637 3018 3779 3094; x_wconf 79' lang='lat' dir='ltr'>alio-</span> 
     </span>
    </p>
   </div>
   <div class='ocr_carea' id='block_1_83' title="bbox 2133 3090 3785 3217">
    <p class='ocr_par' dir='ltr' id='par_1_83' title="bbox 2133 3090 3785 3217">
     <span class='ocr_line' id='line_1_87' title="bbox 2133 3090 3785 3217; baseline -0.001 -71"><span class='ocrx_word' id='word_1_601' title='bbox 2133 3108 2261 3217; x_wconf 65' lang='lat' dir='ltr'>Pltlm</span> <span class='ocrx_word' id='word_1_602' title='bbox 2297 3090 2644 3217; x_wconf 64' lang='lat' dir='ltr'>sci&#39;iptorum</span> <span class='ocrx_word' id='word_1_603' title='bbox 2665 3090 2956 3164; x_wconf 81' lang='lat' dir='ltr'>judicium</span> <span class='ocrx_word' id='word_1_604' title='bbox 2975 3093 3046 3148; x_wconf 91' lang='lat' dir='ltr'>de</span> <span class='ocrx_word' id='word_1_605' title='bbox 3064 3091 3409 3148; x_wconf 89' lang='lat' dir='ltr'>auctoritate</span> <span class='ocrx_word' id='word_1_606' title='bbox 3431 3090 3785 3161; x_wconf 69' lang='lat' dir='ltr'>bujusVitze,</span> 
     </span>
     <span class='ocr_line' id='line_1_88' title="bbox 2133 3178 2444 3217; baseline 0 0"><span class='ocrx_word' id='word_1_607' title='bbox 2133 3178 2162 3217; x_wconf 90' lang='lat' dir='ltr'>e</span> <span class='ocrx_word' id='word_1_608' title='bbox 2209 3180 2355 3217; x_wconf 75' lang='lat' dir='ltr'>meri</span> <span class='ocrx_word' id='word_1_609' title='bbox 2391 3180 2444 3217; x_wconf 93' lang='grc' dir='ltr'>ο.</span> 
     </span>
    </p>
   </div>
   <div class='ocr_carea' id='block_1_84' title="bbox 2133 3169 2444 3218">
    <p class='ocr_par' dir='ltr' id='par_1_84' title="bbox 2133 3169 2444 3218">
     <span class='ocr_line' id='line_1_89' title="bbox 2133 3169 2444 3218; baseline 0.003 -1"><span class='ocrx_word' id='word_1_610' title='bbox 2133 3169 2189 3217; x_wconf 88' lang='lat' dir='ltr'>et</span> <span class='ocrx_word' id='word_1_611' title='bbox 2209 3169 2444 3218; x_wconf 85' lang='lat' dir='ltr'>merito.</span> 
     </span>
    </p>
   </div>
   <div class='ocr_carea' id='block_1_85' title="bbox 1574 3452 2580 3548">
    <p class='ocr_par' dir='ltr' id='par_1_85' title="bbox 1574 3452 2580 3548">
     <span class='ocr_line' id='line_1_90' title="bbox 1574 3452 2580 3548; baseline 0.002 -3"><span class='ocrx_word' id='word_1_612' title='bbox 1574 3452 2116 3547; x_wconf 86' lang='lat' dir='ltr'>INCIPIT</span> <span class='ocrx_word' id='word_1_613' title='bbox 2201 3455 2580 3548; x_wconf 88' lang='lat' dir='ltr'>VITA.</span> 
     </span>
    </p>
   </div>
   <div class='ocr_carea' id='block_1_86' title="bbox 1876 3625 2288 3640">
    <p class='ocr_par' dir='ltr' id='par_1_86' title="bbox 1876 3625 2288 3640">
     <span class='ocr_line' id='line_1_91' title="bbox 1876 3625 2288 3640; baseline 0.002 -2"><span class='ocrx_word' id='word_1_614' title='bbox 1876 3625 2288 3640; x_wconf 69' lang='lat'><strong><em>—</em></strong></span> 
     </span>
    </p>
   </div>
   <div class='ocr_carea' id='block_1_87' title="bbox 998 3698 1396 3754">
    <p class='ocr_par' dir='ltr' id='par_1_87' title="bbox 998 3698 1396 3754">
     <span class='ocr_line' id='line_1_92' title="bbox 998 3698 1396 3754; baseline 0 0"><span class='ocrx_word' id='word_1_615' title='bbox 998 3698 1396 3754; x_wconf 65' lang='lat' dir='ltr'>PREFATIO.</span> 
     </span>
    </p>
   </div>
   <div class='ocr_carea' id='block_1_88' title="bbox 442 3784 2016 3858">
    <p class='ocr_par' dir='ltr' id='par_1_88' title="bbox 442 3784 2016 3858">
     <span class='ocr_line' id='line_1_93' title="bbox 442 3784 2016 3858; baseline -0.001 -14"><span class='ocrx_word' id='word_1_616' title='bbox 442 3786 498 3844; x_wconf 78' lang='lat' dir='ltr'>l.</span> <span class='ocrx_word' id='word_1_617' title='bbox 514 3787 761 3844; x_wconf 89' lang='lat' dir='ltr'>Domino</span> <span class='ocrx_word' id='word_1_618' title='bbox 775 3803 882 3843; x_wconf 91' lang='lat' dir='ltr'>suo</span> <span class='ocrx_word' id='word_1_619' title='bbox 894 3789 1239 3843; x_wconf 67' lang='lat' dir='ltr'>CALAIANNO</span> <span class='ocrx_word' id='word_1_620' title='bbox 1256 3785 1300 3854; x_wconf 76' lang='grc' dir='ltr'>(Ι</span> <span class='ocrx_word' id='word_1_621' title='bbox 1315 3785 1331 3857; x_wconf 91' lang='grc'>)</span> <span class='ocrx_word' id='word_1_622' title='bbox 1348 3785 1463 3858; x_wconf 87' lang='lat' dir='ltr'>regi</span> <span class='ocrx_word' id='word_1_623' title='bbox 1481 3784 2016 3857; x_wconf 61' lang='lat' dir='ltr'>praecellentissimo</span> 
     </span>
    </p>
   </div>
   <div class='ocr_carea' id='block_1_89' title="bbox 369 3874 2015 3948">
    <p class='ocr_par' dir='ltr' id='par_1_89' title="bbox 369 3874 2015 3948">
     <span class='ocr_line' id='line_1_94' title="bbox 369 3874 2015 3948; baseline -0.002 -16"><span class='ocrx_word' id='word_1_624' title='bbox 369 3879 734 3933; x_wconf 61' lang='lat' dir='ltr'>Cumanus</span> <span class='ocrx_word' id='word_1_625' title='bbox 764 3875 1072 3948; x_wconf 86' lang='lat' dir='ltr'>episcopus</span> <span class='ocrx_word' id='word_1_626' title='bbox 1102 3874 1364 3931; x_wconf 89' lang='lat' dir='ltr'>ofﬁcium</span> <span class='ocrx_word' id='word_1_627' title='bbox 1396 3874 1701 3946; x_wconf 88' lang='lat' dir='ltr'>spirituale</span> <span class='ocrx_word' id='word_1_628' title='bbox 1726 3892 1830 3946; x_wconf 91' lang='lat' dir='ltr'>per</span> <span class='ocrx_word' id='word_1_629' title='bbox 1906 3875 2015 3930; x_wconf 91' lang='lat' dir='ltr'>mi-</span> 
     </span>
    </p>
   </div>
   <div class='ocr_carea' id='block_1_90' title="bbox 367 3963 2017 4034">
    <p class='ocr_par' dir='ltr' id='par_1_90' title="bbox 367 3963 2017 4034">
     <span class='ocr_line' id='line_1_95' title="bbox 367 3963 2017 4034; baseline -0.003 -11"><span class='ocrx_word' id='word_1_630' title='bbox 367 3965 747 4023; x_wconf 77' lang='lat' dir='ltr'>sericordiam</span> <span class='ocrx_word' id='word_1_631' title='bbox 777 3964 879 4021; x_wconf 91' lang='lat' dir='ltr'>Dei</span> <span class='ocrx_word' id='word_1_632' title='bbox 910 3968 1280 4029; x_wconf 88' lang='lat' dir='ltr'>consecutus,</span> <span class='ocrx_word' id='word_1_633' title='bbox 1330 3967 1463 4034; x_wconf 91' lang='lat' dir='ltr'>post</span> <span class='ocrx_word' id='word_1_634' title='bbox 1506 3963 1677 4019; x_wconf 89' lang='lat' dir='ltr'>istius</span> <span class='ocrx_word' id='word_1_635' title='bbox 1726 3963 1855 4017; x_wconf 82' lang='lat' dir='ltr'>vitae</span> <span class='ocrx_word' id='word_1_636' title='bbox 1905 3968 2017 4019; x_wconf 90' lang='lat' dir='ltr'>ter-</span> 
     </span>
    </p>
   </div>
   <div class='ocr_carea' id='block_1_91' title="bbox 368 4051 2013 4126">
    <p class='ocr_par' dir='ltr' id='par_1_91' title="bbox 368 4051 2013 4126">
     <span class='ocr_line' id='line_1_96' title="bbox 368 4051 2013 4126; baseline -0.002 -16"><span class='ocrx_word' id='word_1_637' title='bbox 368 4054 597 4110; x_wconf 88' lang='lat' dir='ltr'>minum</span> <span class='ocrx_word' id='word_1_638' title='bbox 630 4054 769 4110; x_wconf 81' lang='lat' dir='ltr'>felix</span> <span class='ocrx_word' id='word_1_639' title='bbox 799 4052 945 4108; x_wconf 89' lang='lat' dir='ltr'>illud</span> <span class='ocrx_word' id='word_1_640' title='bbox 978 4068 1124 4126; x_wconf 88' lang='lat' dir='ltr'>euge</span> <span class='ocrx_word' id='word_1_641' title='bbox 1154 4051 1614 4125; x_wconf 81' lang='lat' dir='ltr'>sempiternum.</span> <span class='ocrx_word' id='word_1_642' title='bbox 1667 4053 2013 4123; x_wconf 88' lang='lat' dir='ltr'>Incepturus</span> 
     </span>
    </p>
   </div>
   <div class='ocr_carea' id='block_1_92' title="bbox 367 4138 2011 4216">
    <p class='ocr_par' dir='ltr' id='par_1_92' title="bbox 367 4138 2011 4216">
     <span class='ocr_line' id='line_1_97' title="bbox 367 4138 2011 4216; baseline -0.002 -17"><span class='ocrx_word' id='word_1_643' title='bbox 367 4158 537 4216; x_wconf 88' lang='lat' dir='ltr'>opus,</span> <span class='ocrx_word' id='word_1_644' title='bbox 564 4143 802 4199; x_wconf 89' lang='lat' dir='ltr'>domine</span> <span class='ocrx_word' id='word_1_645' title='bbox 833 4142 934 4209; x_wconf 92' lang='lat' dir='ltr'>mi,</span> <span class='ocrx_word' id='word_1_646' title='bbox 968 4159 1067 4197; x_wconf 88' lang='lat' dir='ltr'>rex</span> <span class='ocrx_word' id='word_1_647' title='bbox 1095 4140 1328 4212; x_wconf 82' lang='lat' dir='ltr'>inclyte,</span> <span class='ocrx_word' id='word_1_648' title='bbox 1355 4141 1507 4212; x_wconf 89' lang='lat' dir='ltr'>quod</span> <span class='ocrx_word' id='word_1_649' title='bbox 1527 4138 1666 4195; x_wconf 88' lang='lat' dir='ltr'>mihi</span> <span class='ocrx_word' id='word_1_650' title='bbox 1701 4145 1890 4195; x_wconf 88' lang='lat' dir='ltr'>vestro</span> <span class='ocrx_word' id='word_1_651' title='bbox 1925 4159 2011 4196; x_wconf 87' lang='lat' dir='ltr'>re-</span> 
     </span>
    </p>
   </div>
   <div class='ocr_carea' id='block_1_93' title="bbox 369 4227 2012 4305">
    <p class='ocr_par' dir='ltr' id='par_1_93' title="bbox 369 4227 2012 4305">
     <span class='ocr_line' id='line_1_98' title="bbox 369 4227 2012 4305; baseline -0.002 -18"><span class='ocrx_word' id='word_1_652' title='bbox 369 4230 488 4305; x_wconf 90' lang='lat' dir='ltr'>gali</span> <span class='ocrx_word' id='word_1_653' title='bbox 520 4234 830 4304; x_wconf 66' lang='lat' dir='ltr'>praecepto,</span> <span class='ocrx_word' id='word_1_654' title='bbox 863 4231 935 4286; x_wconf 92' lang='lat' dir='ltr'>de</span> <span class='ocrx_word' id='word_1_655' title='bbox 964 4231 1119 4287; x_wconf 87' lang='lat' dir='ltr'>bona</span> <span class='ocrx_word' id='word_1_656' title='bbox 1148 4229 1264 4284; x_wconf 86' lang='lat' dir='ltr'>vita</span> <span class='ocrx_word' id='word_1_657' title='bbox 1293 4227 1445 4301; x_wconf 83' lang='lat' dir='ltr'>regis</span> <span class='ocrx_word' id='word_1_658' title='bbox 1492 4228 1769 4299; x_wconf 88' lang='lat' dir='ltr'>Stephani</span> <span class='ocrx_word' id='word_1_659' title='bbox 1800 4233 2012 4300; x_wconf 91' lang='lat' dir='ltr'>poten-</span> 
     </span>
    </p>
   </div>
   <div class='ocr_carea' id='block_1_94' title="bbox 366 4315 2015 4389">
    <p class='ocr_par' dir='ltr' id='par_1_94' title="bbox 366 4315 2015 4389">
     <span class='ocr_line' id='line_1_99' title="bbox 366 4315 2015 4389; baseline -0.002 -14"><span class='ocrx_word' id='word_1_660' title='bbox 366 4318 584 4375; x_wconf 83' lang='lat' dir='ltr'>tialiter</span> <span class='ocrx_word' id='word_1_661' title='bbox 614 4319 976 4389; x_wconf 65' lang='lat' dir='ltr'>iniunxistis,</span> <span class='ocrx_word' id='word_1_662' title='bbox 1008 4319 1109 4373; x_wconf 90' lang='lat' dir='ltr'>diu</span> <span class='ocrx_word' id='word_1_663' title='bbox 1140 4316 1413 4373; x_wconf 88' lang='lat' dir='ltr'>rebellem</span> <span class='ocrx_word' id='word_1_664' title='bbox 1435 4315 1711 4388; x_wconf 86' lang='lat' dir='ltr'>ingenioli</span> <span class='ocrx_word' id='word_1_665' title='bbox 1746 4318 1857 4371; x_wconf 91' lang='lat' dir='ltr'>mei</span> <span class='ocrx_word' id='word_1_666' title='bbox 1880 4334 2015 4388; x_wconf 91' lang='lat' dir='ltr'>per-</span> 
     </span>
    </p>
   </div>
   <div class='ocr_carea' id='block_1_95' title="bbox 368 4403 2005 4477">
    <p class='ocr_par' dir='ltr' id='par_1_95' title="bbox 368 4403 2005 4477">
     <span class='ocr_line' id='line_1_100' title="bbox 368 4403 2005 4477; baseline 0.001 -17"><span class='ocrx_word' id='word_1_667' title='bbox 368 4421 577 4477; x_wconf 88' lang='lat' dir='ltr'>pessus</span> <span class='ocrx_word' id='word_1_668' title='bbox 632 4422 765 4461; x_wconf 90' lang='lat' dir='ltr'>sum</span> <span class='ocrx_word' id='word_1_669' title='bbox 824 4405 1143 4472; x_wconf 87' lang='lat' dir='ltr'>inscitiam,</span> <span class='ocrx_word' id='word_1_670' title='bbox 1199 4405 1272 4458; x_wconf 90' lang='lat' dir='ltr'>ob</span> <span class='ocrx_word' id='word_1_671' title='bbox 1320 4403 1429 4459; x_wconf 88' lang='lat' dir='ltr'>hoc</span> <span class='ocrx_word' id='word_1_672' title='bbox 1488 4405 1808 4474; x_wconf 74' lang='lat' dir='ltr'>praesertim</span> <span class='ocrx_word' id='word_1_673' title='bbox 1852 4407 2005 4476; x_wconf 87' lang='lat' dir='ltr'>quod</span> 
     </span>
    </p>
   </div>
   <div class='ocr_carea' id='block_1_96' title="bbox 368 4491 2011 4564">
    <p class='ocr_par' dir='ltr' id='par_1_96' title="bbox 368 4491 2011 4564">
     <span class='ocr_line' id='line_1_101' title="bbox 368 4491 2011 4564; baseline -0.001 -15"><span class='ocrx_word' id='word_1_674' title='bbox 368 4492 701 4549; x_wconf 81' lang='lat' dir='ltr'>Priscianus</span> <span class='ocrx_word' id='word_1_675' title='bbox 730 4493 807 4563; x_wconf 79' lang='lat'>(‘2)</span> <span class='ocrx_word' id='word_1_676' title='bbox 840 4496 1042 4547; x_wconf 91' lang='lat' dir='ltr'>auctor</span> <span class='ocrx_word' id='word_1_677' title='bbox 1070 4491 1465 4564; x_wconf 69' lang='lat' dir='ltr'>grammaticis</span> <span class='ocrx_word' id='word_1_678' title='bbox 1499 4491 1839 4548; x_wconf 89' lang='lat' dir='ltr'>medullitus</span> <span class='ocrx_word' id='word_1_679' title='bbox 1865 4493 2011 4548; x_wconf 91' lang='lat' dir='ltr'>mihi</span> 
     </span>
    </p>
   </div>
   <div class='ocr_carea' id='block_1_97' title="bbox 364 4579 2010 4653">
    <p class='ocr_par' dir='ltr' id='par_1_97' title="bbox 364 4579 2010 4653">
     <span class='ocr_line' id='line_1_102' title="bbox 364 4579 2010 4653; baseline 0 -16"><span class='ocrx_word' id='word_1_680' title='bbox 364 4584 540 4638; x_wconf 88' lang='lat' dir='ltr'>notus</span> <span class='ocrx_word' id='word_1_681' title='bbox 562 4579 725 4650; x_wconf 92' lang='lat' dir='ltr'>olim,</span> <span class='ocrx_word' id='word_1_682' title='bbox 756 4580 928 4653; x_wconf 88' lang='lat' dir='ltr'>longe</span> <span class='ocrx_word' id='word_1_683' title='bbox 958 4581 1259 4653; x_wconf 90' lang='lat' dir='ltr'>digressus</span> <span class='ocrx_word' id='word_1_684' title='bbox 1284 4580 1486 4636; x_wconf 89' lang='lat' dir='ltr'>faciem</span> <span class='ocrx_word' id='word_1_685' title='bbox 1510 4597 1701 4647; x_wconf 90' lang='lat' dir='ltr'>suam,</span> <span class='ocrx_word' id='word_1_686' title='bbox 1726 4581 1893 4653; x_wconf 90' lang='lat' dir='ltr'>quasi</span> <span class='ocrx_word' id='word_1_687' title='bbox 1917 4599 2010 4637; x_wconf 87' lang='lat' dir='ltr'>ca-</span> 
     </span>
    </p>
   </div>
   <div class='ocr_carea' id='block_1_98' title="bbox 365 4667 2008 4744">
    <p class='ocr_par' dir='ltr' id='par_1_98' title="bbox 365 4667 2008 4744">
     <span class='ocr_line' id='line_1_103' title="bbox 365 4667 2008 4744; baseline -0.001 -17"><span class='ocrx_word' id='word_1_688' title='bbox 365 4669 545 4744; x_wconf 66' lang='lat' dir='ltr'>ligine</span> <span class='ocrx_word' id='word_1_689' title='bbox 585 4669 838 4742; x_wconf 85' lang='lat' dir='ltr'>quadam</span> <span class='ocrx_word' id='word_1_690' title='bbox 889 4668 1314 4735; x_wconf 87' lang='lat' dir='ltr'>circumﬂuam,</span> <span class='ocrx_word' id='word_1_691' title='bbox 1358 4667 1503 4724; x_wconf 89' lang='lat' dir='ltr'>mihi</span> <span class='ocrx_word' id='word_1_692' title='bbox 1549 4669 1842 4741; x_wconf 90' lang='lat' dir='ltr'>decrepito</span> <span class='ocrx_word' id='word_1_693' title='bbox 1882 4671 2008 4740; x_wconf 90' lang='lat' dir='ltr'>jam</span> 
     </span>
    </p>
   </div>
   <div class='ocr_carea' id='block_1_99' title="bbox 435 4810 2010 4886">
    <p class='ocr_par' dir='ltr' id='par_1_99' title="bbox 435 4810 2010 4886">
     <span class='ocr_line' id='line_1_104' title="bbox 435 4810 2010 4886; baseline 0 -19"><span class='ocrx_word' id='word_1_694' title='bbox 435 4811 513 4886; x_wconf 87' lang='lat' dir='ltr'>(l)</span> <span class='ocrx_word' id='word_1_695' title='bbox 534 4811 903 4886; x_wconf 51' lang='lat' dir='ltr'>ﬂamminino,</span> <span class='ocrx_word' id='word_1_696' title='bbox 936 4811 1091 4883; x_wconf 91' lang='lat' dir='ltr'>apud</span> <span class='ocrx_word' id='word_1_697' title='bbox 1122 4811 1357 4886; x_wconf 77' lang='lat' dir='ltr'>Surium</span> <span class='ocrx_word' id='word_1_698' title='bbox 1389 4810 1739 4886; x_wconf 61' lang='lat' dir='ltr'>Coiomagino,</span> <span class='ocrx_word' id='word_1_699' title='bbox 1775 4812 1862 4886; x_wconf 84' lang='lat' dir='ltr'>uti</span> <span class='ocrx_word' id='word_1_700' title='bbox 1902 4829 2010 4867; x_wconf 90' lang='lat' dir='ltr'>no-</span> 
     </span>
    </p>
   </div>
   <div class='ocr_carea' id='block_1_100' title="bbox 364 4881 2007 4964">
    <p class='ocr_par' dir='ltr' id='par_1_100' title="bbox 364 4881 2007 4964">
     <span class='ocr_line' id='line_1_105' title="bbox 364 4881 2007 4964; baseline -0.001 -24"><span class='ocrx_word' id='word_1_701' title='bbox 364 4881 504 4940; x_wconf 76' lang='lat' dir='ltr'>men</span> <span class='ocrx_word' id='word_1_702' title='bbox 532 4882 718 4964; x_wconf 78' lang='lat' dir='ltr'>ipsius</span> <span class='ocrx_word' id='word_1_703' title='bbox 737 4884 843 4939; x_wconf 88' lang='lat' dir='ltr'>hoc</span> <span class='ocrx_word' id='word_1_704' title='bbox 868 4881 1129 4964; x_wconf 66' lang='lat' dir='ltr'>tempore</span> <span class='ocrx_word' id='word_1_705' title='bbox 1151 4881 1296 4938; x_wconf 87' lang='lat' dir='ltr'>solet</span> <span class='ocrx_word' id='word_1_706' title='bbox 1320 4882 1584 4964; x_wconf 73' lang='lat' dir='ltr'>exprimi.</span> <span class='ocrx_word' id='word_1_707' title='bbox 1607 4882 2007 4964; x_wconf 60' lang='lat' dir='ltr'>licpgaricum</span> 
     </span>
    </p>
   </div>
   <div class='ocr_carea' id='block_1_101' title="bbox 364 4953 2007 5025">
    <p class='ocr_par' dir='ltr' id='par_1_101' title="bbox 364 4953 2007 5025">
     <span class='ocr_line' id='line_1_106' title="bbox 364 4953 2007 5025; baseline -0.002 -13"><span class='ocrx_word' id='word_1_708' title='bbox 364 4953 577 5012; x_wconf 82' lang='lat' dir='ltr'>nomen</span> <span class='ocrx_word' id='word_1_709' title='bbox 594 4955 862 5017; x_wconf 79' lang='lat' dir='ltr'>Kalaman</span> <span class='ocrx_word' id='word_1_710' title='bbox 878 4953 1045 5009; x_wconf 90' lang='lat' dir='ltr'>initio</span> <span class='ocrx_word' id='word_1_711' title='bbox 1059 4953 1407 5025; x_wconf 86' lang='lat' dir='ltr'>expressum</span> <span class='ocrx_word' id='word_1_712' title='bbox 1417 4953 1596 5009; x_wconf 86' lang='lat' dir='ltr'>fuisse</span> <span class='ocrx_word' id='word_1_713' title='bbox 1611 4953 2007 5019; x_wconf 68' lang='lat' dir='ltr'>Calainannus,</span> 
     </span>
    </p>
   </div>
   <div class='ocr_carea' id='block_1_102' title="bbox 363 5024 2008 5096">
    <p class='ocr_par' dir='ltr' id='par_1_102' title="bbox 363 5024 2008 5096">
     <span class='ocr_line' id='line_1_107' title="bbox 363 5024 2008 5096; baseline -0.001 -14"><span class='ocrx_word' id='word_1_714' title='bbox 363 5026 681 5082; x_wconf 88' lang='lat' dir='ltr'>admodum</span> <span class='ocrx_word' id='word_1_715' title='bbox 711 5024 1027 5081; x_wconf 88' lang='lat' dir='ltr'>verisimile</span> <span class='ocrx_word' id='word_1_716' title='bbox 1057 5024 1166 5080; x_wconf 84' lang='lat' dir='ltr'>est.</span> <span class='ocrx_word' id='word_1_717' title='bbox 1201 5027 1271 5079; x_wconf 78' lang='lat' dir='ltr'>At</span> <span class='ocrx_word' id='word_1_718' title='bbox 1303 5029 1503 5096; x_wconf 90' lang='lat' dir='ltr'>postea</span> <span class='ocrx_word' id='word_1_719' title='bbox 1531 5030 1877 5096; x_wconf 88' lang='lat' dir='ltr'>usurpatum</span> <span class='ocrx_word' id='word_1_720' title='bbox 1918 5032 2008 5081; x_wconf 91' lang='lat' dir='ltr'>est</span> 
     </span>
    </p>
   </div>
   <div class='ocr_carea' id='block_1_103' title="bbox 363 5095 2003 5166">
    <p class='ocr_par' dir='ltr' id='par_1_103' title="bbox 363 5095 2003 5166">
     <span class='ocr_line' id='line_1_108' title="bbox 363 5095 2003 5166; baseline -0.001 -13"><span class='ocrx_word' id='word_1_721' title='bbox 363 5114 578 5154; x_wconf 88' lang='lat' dir='ltr'>nomen</span> <span class='ocrx_word' id='word_1_722' title='bbox 610 5097 1001 5160; x_wconf 78' lang='lat' dir='ltr'>Colomannus,</span> <span class='ocrx_word' id='word_1_723' title='bbox 1037 5099 1139 5150; x_wconf 89' lang='lat' dir='ltr'>aut</span> <span class='ocrx_word' id='word_1_724' title='bbox 1171 5095 1514 5161; x_wconf 52' lang='lat' dir='ltr'>Colotnanus,</span> <span class='ocrx_word' id='word_1_725' title='bbox 1538 5095 1692 5166; x_wconf 90' lang='lat' dir='ltr'>quod</span> <span class='ocrx_word' id='word_1_726' title='bbox 1716 5096 1841 5164; x_wconf 84' lang='lat' dir='ltr'>jam</span> <span class='ocrx_word' id='word_1_727' title='bbox 1865 5096 2003 5151; x_wconf 90' lang='lat' dir='ltr'>olim</span> 
     </span>
    </p>
   </div>
   <div class='ocr_carea' id='block_1_104' title="bbox 362 5166 2007 5239">
    <p class='ocr_par' dir='ltr' id='par_1_104' title="bbox 362 5166 2007 5239">
     <span class='ocr_line' id='line_1_109' title="bbox 362 5166 2007 5239; baseline -0.002 -14"><span class='ocrx_word' id='word_1_728' title='bbox 362 5173 489 5225; x_wconf 86' lang='lat' dir='ltr'>erat</span> <span class='ocrx_word' id='word_1_729' title='bbox 518 5167 799 5224; x_wconf 89' lang='lat' dir='ltr'>usitatum</span> <span class='ocrx_word' id='word_1_730' title='bbox 834 5167 985 5239; x_wconf 85' lang='lat' dir='ltr'>apud</span> <span class='ocrx_word' id='word_1_731' title='bbox 1021 5166 1691 5239; x_wconf 34' lang='lat' dir='ltr'>LatinostColomaunus</span> <span class='ocrx_word' id='word_1_732' title='bbox 1717 5166 1827 5239; x_wconf 85' lang='lat' dir='ltr'>fuit</span> <span class='ocrx_word' id='word_1_733' title='bbox 1851 5167 2007 5222; x_wconf 83' lang='lat' dir='ltr'>Hun-</span> 
     </span>
    </p>
   </div>
   <div class='ocr_carea' id='block_1_105' title="bbox 363 5237 2003 5318">
    <p class='ocr_par' dir='ltr' id='par_1_105' title="bbox 363 5237 2003 5318">
     <span class='ocr_line' id='line_1_110' title="bbox 363 5237 2003 5318; baseline 0 -25"><span class='ocrx_word' id='word_1_734' title='bbox 363 5239 539 5318; x_wconf 61' lang='grc' dir='ltr'>εει-ίῳ</span> <span class='ocrx_word' id='word_1_735' title='bbox 598 5254 697 5293; x_wconf 89' lang='lat' dir='ltr'>rex</span> <span class='ocrx_word' id='word_1_736' title='bbox 722 5243 779 5295; x_wconf 91' lang='lat' dir='ltr'>et</span> <span class='ocrx_word' id='word_1_737' title='bbox 835 5237 1108 5318; x_wconf 69' lang='lat' dir='ltr'>succesor</span> <span class='ocrx_word' id='word_1_738' title='bbox 1159 5238 1216 5293; x_wconf 91' lang='lat' dir='ltr'>S.</span> <span class='ocrx_word' id='word_1_739' title='bbox 1276 5237 1727 5318; x_wconf 42' lang='lat' dir='ltr'>Ladislaizhﬂoc</span> <span class='ocrx_word' id='word_1_740' title='bbox 1785 5238 2003 5318; x_wconf 88' lang='lat' dir='ltr'>ipsum,</span> 
     </span>
    </p>
   </div>
   <div class='ocr_carea' id='block_1_106' title="bbox 362 5306 2001 5381">
    <p class='ocr_par' dir='ltr' id='par_1_106' title="bbox 362 5306 2001 5381">
     <span class='ocr_line' id='line_1_111' title="bbox 362 5306 2001 5381; baseline 0 -17"><span class='ocrx_word' id='word_1_741' title='bbox 362 5306 516 5380; x_wconf 74' lang='lat' dir='ltr'>quod</span> <span class='ocrx_word' id='word_1_742' title='bbox 552 5309 947 5381; x_wconf 87' lang='lat' dir='ltr'>nomenregis</span> <span class='ocrx_word' id='word_1_743' title='bbox 984 5309 1359 5381; x_wconf 73' lang='lat' dir='ltr'>Calamannus</span> <span class='ocrx_word' id='word_1_744' title='bbox 1416 5306 1727 5381; x_wconf 83' lang='lat' dir='ltr'>scribitur,_</span> <span class='ocrx_word' id='word_1_745' title='bbox 1769 5306 2001 5381; x_wconf 83' lang='lat' dir='ltr'>signum</span> 
     </span>
    </p>
   </div>
   <div class='ocr_carea' id='block_1_107' title="bbox 359 5377 2001 5452">
    <p class='ocr_par' dir='ltr' id='par_1_107' title="bbox 359 5377 2001 5452">
     <span class='ocr_line' id='line_1_112' title="bbox 359 5377 2001 5452; baseline 0 -17"><span class='ocrx_word' id='word_1_746' title='bbox 359 5377 452 5435; x_wconf 75' lang='lat' dir='ltr'>est</span> <span class='ocrx_word' id='word_1_747' title='bbox 483 5377 1007 5449; x_wconf 41' lang='lat' dir='ltr'>vestustatisfcum</span> <span class='ocrx_word' id='word_1_748' title='bbox 1057 5380 1409 5452; x_wconf 87' lang='lat' dir='ltr'>posteriores</span> <span class='ocrx_word' id='word_1_749' title='bbox 1457 5377 1802 5449; x_wconf 90' lang='lat' dir='ltr'>scripserint</span> <span class='ocrx_word' id='word_1_750' title='bbox 1828 5377 2001 5436; x_wconf 74' lang='grc' dir='ltr'>’ϐοισ-</span> 
     </span>
    </p>
   </div>
   <div class='ocr_carea' id='block_1_108' title="bbox 357 5466 614 5506">
    <p class='ocr_par' dir='ltr' id='par_1_108' title="bbox 357 5466 614 5506">
     <span class='ocr_line' id='line_1_113' title="bbox 357 5466 614 5506; baseline -0.004 0"><span class='ocrx_word' id='word_1_751' title='bbox 357 5466 614 5506; x_wconf 70' lang='lat' dir='ltr'>manus.</span> 
     </span>
    </p>
   </div>
   <div class='ocr_carea' id='block_1_109' title="bbox 425 5519 1999 5593">
    <p class='ocr_par' dir='ltr' id='par_1_109' title="bbox 425 5519 1999 5593">
     <span class='ocr_line' id='line_1_114' title="bbox 425 5519 1999 5593; baseline 0.002 -19"><span class='ocrx_word' id='word_1_752' title='bbox 425 5521 504 5591; x_wconf 85' lang='lat'>(2)</span> <span class='ocrx_word' id='word_1_753' title='bbox 538 5519 900 5577; x_wconf 86' lang='lat' dir='ltr'>Priscianum</span> <span class='ocrx_word' id='word_1_754' title='bbox 929 5521 1225 5579; x_wconf 89' lang='lat' dir='ltr'>numerari</span> <span class='ocrx_word' id='word_1_755' title='bbox 1258 5521 1411 5577; x_wconf 89' lang='lat' dir='ltr'>inter</span> <span class='ocrx_word' id='word_1_756' title='bbox 1440 5519 1762 5593; x_wconf 75' lang='lat' dir='ltr'>praecipuos</span> <span class='ocrx_word' id='word_1_757' title='bbox 1800 5535 1999 5592; x_wconf 89' lang='lat' dir='ltr'>gram-</span> 
     </span>
    </p>
   </div>
   <div class='ocr_carea' id='block_1_110' title="bbox 2130 3699 3779 3776">
    <p class='ocr_par' dir='ltr' id='par_1_110' title="bbox 2130 3699 3779 3776">
     <span class='ocr_line' id='line_1_115' title="bbox 2130 3699 3779 3776; baseline 0.004 -23"><span class='ocrx_word' id='word_1_758' title='bbox 2130 3699 2267 3754; x_wconf 92' lang='lat' dir='ltr'>facit</span> <span class='ocrx_word' id='word_1_759' title='bbox 2290 3699 2793 3758; x_wconf 88' lang='lat' dir='ltr'>obscurissimam.</span> <span class='ocrx_word' id='word_1_760' title='bbox 2835 3704 3252 3760; x_wconf 83' lang='lat' dir='ltr'>Verumtamen</span> <span class='ocrx_word' id='word_1_761' title='bbox 3304 3708 3466 3776; x_wconf 87' lang='lat' dir='ltr'>parte</span> <span class='ocrx_word' id='word_1_762' title='bbox 3524 3719 3593 3759; x_wconf 87' lang='lat' dir='ltr'>ex</span> <span class='ocrx_word' id='word_1_763' title='bbox 3646 3702 3779 3771; x_wconf 85' lang='lat' dir='ltr'>alia,</span> 
     </span>
    </p>
   </div>
   <div class='ocr_carea' id='block_1_111' title="bbox 2129 3788 3779 3864">
    <p class='ocr_par' dir='ltr' id='par_1_111' title="bbox 2129 3788 3779 3864">
     <span class='ocr_line' id='line_1_116' title="bbox 2129 3788 3779 3864; baseline 0.004 -22"><span class='ocrx_word' id='word_1_764' title='bbox 2129 3788 2292 3856; x_wconf 91' lang='lat' dir='ltr'>dum,</span> <span class='ocrx_word' id='word_1_765' title='bbox 2328 3792 2528 3845; x_wconf 68' lang='lat' dir='ltr'>vestra:</span> <span class='ocrx_word' id='word_1_766' title='bbox 2560 3790 2866 3864; x_wconf 89' lang='lat' dir='ltr'>dignitatis</span> <span class='ocrx_word' id='word_1_767' title='bbox 2926 3793 3176 3848; x_wconf 89' lang='lat' dir='ltr'>intuitus</span> <span class='ocrx_word' id='word_1_768' title='bbox 3236 3793 3639 3860; x_wconf 85' lang='lat' dir='ltr'>reverentiam,</span> <span class='ocrx_word' id='word_1_769' title='bbox 3692 3793 3779 3848; x_wconf 88' lang='lat' dir='ltr'>in-</span> 
     </span>
    </p>
   </div>
   <div class='ocr_carea' id='block_1_112' title="bbox 2125 3879 3779 3950">
    <p class='ocr_par' dir='ltr' id='par_1_112' title="bbox 2125 3879 3779 3950">
     <span class='ocr_line' id='line_1_117' title="bbox 2125 3879 3779 3950; baseline 0.003 -20"><span class='ocrx_word' id='word_1_770' title='bbox 2125 3882 2285 3931; x_wconf 86' lang='lat' dir='ltr'>certa</span> <span class='ocrx_word' id='word_1_771' title='bbox 2314 3884 2579 3949; x_wconf 86' lang='lat' dir='ltr'>gravaret</span> <span class='ocrx_word' id='word_1_772' title='bbox 2610 3879 3010 3950; x_wconf 87' lang='lat' dir='ltr'>meditatione,</span> <span class='ocrx_word' id='word_1_773' title='bbox 3045 3882 3283 3937; x_wconf 85' lang='lat' dir='ltr'>tandem</span> <span class='ocrx_word' id='word_1_774' title='bbox 3315 3882 3579 3936; x_wconf 89' lang='lat' dir='ltr'>omnium</span> <span class='ocrx_word' id='word_1_775' title='bbox 3595 3881 3779 3936; x_wconf 87' lang='lat' dir='ltr'>virtu-</span> 
     </span>
    </p>
   </div>
   <div class='ocr_carea' id='block_1_113' title="bbox 2124 3964 3783 4039">
    <p class='ocr_par' dir='ltr' id='par_1_113' title="bbox 2124 3964 3783 4039">
     <span class='ocr_line' id='line_1_118' title="bbox 2124 3964 3783 4039; baseline 0.004 -21"><span class='ocrx_word' id='word_1_776' title='bbox 2124 3968 2253 4019; x_wconf 91' lang='lat' dir='ltr'>tum</span> <span class='ocrx_word' id='word_1_777' title='bbox 2288 3964 2385 4020; x_wconf 87' lang='lat' dir='ltr'>lux</span> <span class='ocrx_word' id='word_1_778' title='bbox 2410 3971 2467 4021; x_wconf 91' lang='lat' dir='ltr'>et</span> <span class='ocrx_word' id='word_1_779' title='bbox 2490 3983 2725 4039; x_wconf 87' lang='lat' dir='ltr'>gemma</span> <span class='ocrx_word' id='word_1_780' title='bbox 2744 3969 3102 4025; x_wconf 88' lang='lat' dir='ltr'>dubietatem</span> <span class='ocrx_word' id='word_1_781' title='bbox 3128 3971 3310 4025; x_wconf 72' lang='lat' dir='ltr'>anxiae</span> <span class='ocrx_word' id='word_1_782' title='bbox 3333 3970 3550 4025; x_wconf 88' lang='lat' dir='ltr'>mentis</span> <span class='ocrx_word' id='word_1_783' title='bbox 3572 3970 3783 4025; x_wconf 88' lang='lat' dir='ltr'>devicit</span> 
     </span>
    </p>
   </div>
   <div class='ocr_carea' id='block_1_114' title="bbox 2123 4054 3783 4130">
    <p class='ocr_par' dir='ltr' id='par_1_114' title="bbox 2123 4054 3783 4130">
     <span class='ocr_line' id='line_1_119' title="bbox 2123 4054 3783 4130; baseline 0.003 -22"><span class='ocrx_word' id='word_1_784' title='bbox 2123 4054 2476 4120; x_wconf 87' lang='lat' dir='ltr'>obedientia,</span> <span class='ocrx_word' id='word_1_785' title='bbox 2511 4057 2682 4125; x_wconf 89' lang='lat' dir='ltr'>cujus</span> <span class='ocrx_word' id='word_1_786' title='bbox 2714 4057 2847 4113; x_wconf 93' lang='lat' dir='ltr'>forti</span> <span class='ocrx_word' id='word_1_787' title='bbox 2880 4058 3153 4130; x_wconf 62' lang='lat' dir='ltr'>praesidio</span> <span class='ocrx_word' id='word_1_788' title='bbox 3187 4060 3436 4115; x_wconf 83' lang='lat' dir='ltr'>deﬁcere</span> <span class='ocrx_word' id='word_1_789' title='bbox 3466 4057 3525 4113; x_wconf 92' lang='lat' dir='ltr'>in</span> <span class='ocrx_word' id='word_1_790' title='bbox 3560 4076 3670 4127; x_wconf 70' lang='grc' dir='ltr'>,ωε</span> <span class='ocrx_word' id='word_1_791' title='bbox 3699 4060 3783 4113; x_wconf 86' lang='lat' dir='ltr'>vi—</span> 
     </span>
    </p>
   </div>
   <div class='ocr_carea' id='block_1_115' title="bbox 2123 4140 3781 4219">
    <p class='ocr_par' dir='ltr' id='par_1_115' title="bbox 2123 4140 3781 4219">
     <span class='ocr_line' id='line_1_120' title="bbox 2123 4140 3781 4219; baseline 0.005 -25"><span class='ocrx_word' id='word_1_792' title='bbox 2123 4140 2268 4195; x_wconf 90' lang='lat' dir='ltr'>dens</span> <span class='ocrx_word' id='word_1_793' title='bbox 2300 4141 2470 4206; x_wconf 89' lang='lat' dir='ltr'>vires,</span> <span class='ocrx_word' id='word_1_794' title='bbox 2504 4143 2818 4201; x_wconf 89' lang='lat' dir='ltr'>inchoandi</span> <span class='ocrx_word' id='word_1_795' title='bbox 2851 4148 3043 4218; x_wconf 89' lang='lat' dir='ltr'>operis</span> <span class='ocrx_word' id='word_1_796' title='bbox 3074 4147 3291 4219; x_wconf 89' lang='lat' dir='ltr'>recepit</span> <span class='ocrx_word' id='word_1_797' title='bbox 3316 4147 3528 4204; x_wconf 87' lang='lat' dir='ltr'>ﬁducia</span> <span class='ocrx_word' id='word_1_798' title='bbox 3548 4149 3647 4219; x_wconf 83' lang='lat'>(3).</span> <span class='ocrx_word' id='word_1_799' title='bbox 3671 4147 3781 4203; x_wconf 84' lang='lat' dir='ltr'>Sed</span> 
     </span>
    </p>
   </div>
   <div class='ocr_carea' id='block_1_116' title="bbox 2123 4230 3782 4304">
    <p class='ocr_par' dir='ltr' id='par_1_116' title="bbox 2123 4230 3782 4304">
     <span class='ocr_line' id='line_1_121' title="bbox 2123 4230 3782 4304; baseline 0.004 -21"><span class='ocrx_word' id='word_1_800' title='bbox 2123 4230 2400 4301; x_wconf 83' lang='lat' dir='ltr'>quoniam</span> <span class='ocrx_word' id='word_1_801' title='bbox 2434 4249 2584 4304; x_wconf 66' lang='lat' dir='ltr'>saepe</span> <span class='ocrx_word' id='word_1_802' title='bbox 2616 4234 2965 4292; x_wconf 88' lang='lat' dir='ltr'>ﬁducialiter</span> <span class='ocrx_word' id='word_1_803' title='bbox 2997 4240 3126 4291; x_wconf 90' lang='lat' dir='ltr'>acta</span> <span class='ocrx_word' id='word_1_804' title='bbox 3157 4253 3249 4292; x_wconf 91' lang='lat' dir='ltr'>res</span> <span class='ocrx_word' id='word_1_805' title='bbox 3275 4236 3501 4291; x_wconf 65' lang='lat' dir='ltr'>invidia:</span> <span class='ocrx_word' id='word_1_806' title='bbox 3519 4236 3782 4292; x_wconf 83' lang='lat' dir='ltr'>fomitem</span> 
     </span>
    </p>
   </div>
   <div class='ocr_carea' id='block_1_117' title="bbox 2120 4322 3780 4396">
    <p class='ocr_par' dir='ltr' id='par_1_117' title="bbox 2120 4322 3780 4396">
     <span class='ocr_line' id='line_1_122' title="bbox 2120 4322 3780 4396; baseline 0.005 -25"><span class='ocrx_word' id='word_1_807' title='bbox 2120 4324 2383 4388; x_wconf 84' lang='lat' dir='ltr'>generat,</span> <span class='ocrx_word' id='word_1_808' title='bbox 2419 4337 2622 4391; x_wconf 82' lang='lat' dir='ltr'>precor</span> <span class='ocrx_word' id='word_1_809' title='bbox 2643 4322 2807 4378; x_wconf 85' lang='lat' dir='ltr'>ﬂexis</span> <span class='ocrx_word' id='word_1_810' title='bbox 2840 4323 3091 4395; x_wconf 84' lang='lat' dir='ltr'>genibus</span> <span class='ocrx_word' id='word_1_811' title='bbox 3137 4330 3340 4379; x_wconf 69' lang='lat' dir='ltr'>vestrm</span> <span class='ocrx_word' id='word_1_812' title='bbox 3400 4323 3780 4396; x_wconf 85' lang='lat' dir='ltr'>triumphalis</span> 
     </span>
    </p>
   </div>
   <div class='ocr_carea' id='block_1_118' title="bbox 2122 4406 3779 4485">
    <p class='ocr_par' dir='ltr' id='par_1_118' title="bbox 2122 4406 3779 4485">
     <span class='ocr_line' id='line_1_123' title="bbox 2122 4406 3779 4485; baseline 0.006 -26"><span class='ocrx_word' id='word_1_813' title='bbox 2122 4406 2472 4463; x_wconf 70' lang='lat' dir='ltr'>excellentiae</span> <span class='ocrx_word' id='word_1_814' title='bbox 2493 4410 2941 4478; x_wconf 87' lang='lat' dir='ltr'>sublimitatem,</span> <span class='ocrx_word' id='word_1_815' title='bbox 2961 4417 3025 4467; x_wconf 91' lang='lat' dir='ltr'>ut</span> <span class='ocrx_word' id='word_1_816' title='bbox 3042 4413 3320 4470; x_wconf 88' lang='lat' dir='ltr'>manibus</span> <span class='ocrx_word' id='word_1_817' title='bbox 3340 4413 3553 4485; x_wconf 87' lang='lat' dir='ltr'>regalis</span> <span class='ocrx_word' id='word_1_818' title='bbox 3575 4413 3779 4471; x_wconf 86' lang='lat' dir='ltr'>defen-</span> 
     </span>
    </p>
   </div>
   <div class='ocr_carea' id='block_1_119' title="bbox 2126 4494 3777 4572">
    <p class='ocr_par' dir='ltr' id='par_1_119' title="bbox 2126 4494 3777 4572">
     <span class='ocr_line' id='line_1_124' title="bbox 2126 4494 3777 4572; baseline 0.006 -24"><span class='ocrx_word' id='word_1_819' title='bbox 2126 4494 2311 4551; x_wconf 89' lang='lat' dir='ltr'>sionis</span> <span class='ocrx_word' id='word_1_820' title='bbox 2344 4496 2455 4551; x_wconf 86' lang='lat' dir='ltr'>hoc</span> <span class='ocrx_word' id='word_1_821' title='bbox 2486 4498 2821 4570; x_wconf 87' lang='lat' dir='ltr'>suscipiatis</span> <span class='ocrx_word' id='word_1_822' title='bbox 2852 4501 3226 4572; x_wconf 89' lang='lat' dir='ltr'>opusculum,</span> <span class='ocrx_word' id='word_1_823' title='bbox 3263 4518 3335 4556; x_wconf 90' lang='lat' dir='ltr'>ne</span> <span class='ocrx_word' id='word_1_824' title='bbox 3391 4500 3543 4557; x_wconf 90' lang='lat' dir='ltr'>male</span> <span class='ocrx_word' id='word_1_825' title='bbox 3566 4519 3777 4558; x_wconf 53' lang='lat' dir='ltr'>sonan-</span> 
     </span>
    </p>
   </div>
   <div class='ocr_carea' id='block_1_120' title="bbox 2122 4583 3779 4657">
    <p class='ocr_par' dir='ltr' id='par_1_120' title="bbox 2122 4583 3779 4657">
     <span class='ocr_line' id='line_1_125' title="bbox 2122 4583 3779 4657; baseline 0.005 -20"><span class='ocrx_word' id='word_1_826' title='bbox 2122 4583 2271 4639; x_wconf 89' lang='lat' dir='ltr'>tium</span> <span class='ocrx_word' id='word_1_827' title='bbox 2306 4585 2517 4657; x_wconf 91' lang='lat' dir='ltr'>positio</span> <span class='ocrx_word' id='word_1_828' title='bbox 2548 4587 2895 4657; x_wconf 90' lang='lat' dir='ltr'>dictionum,</span> <span class='ocrx_word' id='word_1_829' title='bbox 2922 4590 3010 4646; x_wconf 90' lang='lat' dir='ltr'>vel</span> <span class='ocrx_word' id='word_1_830' title='bbox 3032 4589 3258 4646; x_wconf 87' lang='lat' dir='ltr'>confusi</span> <span class='ocrx_word' id='word_1_831' title='bbox 3277 4590 3502 4645; x_wconf 89' lang='lat' dir='ltr'>ordinis</span> <span class='ocrx_word' id='word_1_832' title='bbox 3520 4592 3779 4645; x_wconf 55' lang='lat' dir='ltr'>enormi-</span> 
     </span>
    </p>
   </div>
   <div class='ocr_carea' id='block_1_121' title="bbox 2120 4675 3772 4750">
    <p class='ocr_par' dir='ltr' id='par_1_121' title="bbox 2120 4675 3772 4750">
     <span class='ocr_line' id='line_1_126' title="bbox 2120 4675 3772 4750; baseline 0.005 -24"><span class='ocrx_word' id='word_1_833' title='bbox 2120 4675 2233 4742; x_wconf 85' lang='lat' dir='ltr'>tas,</span> <span class='ocrx_word' id='word_1_834' title='bbox 2265 4678 2547 4741; x_wconf 90' lang='lat' dir='ltr'>vestrum,</span> <span class='ocrx_word' id='word_1_835' title='bbox 2582 4692 2716 4730; x_wconf 90' lang='lat' dir='ltr'>cum</span> <span class='ocrx_word' id='word_1_836' title='bbox 2748 4676 3029 4750; x_wconf 86' lang='lat' dir='ltr'>legeritis,</span> <span class='ocrx_word' id='word_1_837' title='bbox 3053 4678 3309 4734; x_wconf 73' lang='lat' dir='ltr'>offendat</span> <span class='ocrx_word' id='word_1_838' title='bbox 3325 4678 3587 4735; x_wconf 91' lang='lat' dir='ltr'>oculum.</span> <span class='ocrx_word' id='word_1_839' title='bbox 3611 4680 3772 4744; x_wconf 87' lang='lat' dir='ltr'>Quod</span> 
     </span>
    </p>
   </div>
   <div class='ocr_carea' id='block_1_122' title="bbox 2121 4814 3771 4902">
    <p class='ocr_par' dir='ltr' id='par_1_122' title="bbox 2121 4814 3771 4902">
     <span class='ocr_line' id='line_1_127' title="bbox 2121 4814 3771 4902; baseline 0.005 -34"><span class='ocrx_word' id='word_1_840' title='bbox 2121 4814 2386 4902; x_wconf 59' lang='lat' dir='ltr'>matices,</span> <span class='ocrx_word' id='word_1_841' title='bbox 2423 4817 2646 4902; x_wconf 57' lang='lat' dir='ltr'>passim</span> <span class='ocrx_word' id='word_1_842' title='bbox 2679 4822 2895 4902; x_wconf 71' lang='lat' dir='ltr'>norunt</span> <span class='ocrx_word' id='word_1_843' title='bbox 2924 4820 3160 4875; x_wconf 91' lang='lat' dir='ltr'>eruditi.</span> <span class='ocrx_word' id='word_1_844' title='bbox 3193 4819 3609 4902; x_wconf 76' lang='lat' dir='ltr'>Signiﬁcatiila</span> <span class='ocrx_word' id='word_1_845' title='bbox 3634 4820 3771 4902; x_wconf 72' lang='lat' dir='ltr'>alle-</span> 
     </span>
    </p>
   </div>
   <div class='ocr_carea' id='block_1_123' title="bbox 2118 4887 3769 4966">
    <p class='ocr_par' dir='ltr' id='par_1_123' title="bbox 2118 4887 3769 4966">
     <span class='ocr_line' id='line_1_128' title="bbox 2118 4887 3769 4966; baseline 0.004 -26"><span class='ocrx_word' id='word_1_846' title='bbox 2118 4887 2283 4966; x_wconf 75' lang='lat' dir='ltr'>goria</span> <span class='ocrx_word' id='word_1_847' title='bbox 2332 4887 2694 4966; x_wconf 80' lang='lat' dir='ltr'>Cartbuitius</span> <span class='ocrx_word' id='word_1_848' title='bbox 2754 4888 2922 4966; x_wconf 80' lang='lat' dir='ltr'>leges</span> <span class='ocrx_word' id='word_1_849' title='bbox 2972 4887 3449 4966; x_wconf 79' lang='lat' dir='ltr'>grammaticales</span> <span class='ocrx_word' id='word_1_850' title='bbox 3480 4892 3595 4966; x_wconf 87' lang='lat' dir='ltr'>sibi</span> <span class='ocrx_word' id='word_1_851' title='bbox 3626 4892 3769 4966; x_wconf 81' lang='lat' dir='ltr'>olim</span> 
     </span>
    </p>
   </div>
   <div class='ocr_carea' id='block_1_124' title="bbox 2118 4956 3770 5037">
    <p class='ocr_par' dir='ltr' id='par_1_124' title="bbox 2118 4956 3770 5037">
     <span class='ocr_line' id='line_1_129' title="bbox 2118 4956 3770 5037; baseline 0.005 -28"><span class='ocrx_word' id='word_1_852' title='bbox 2118 4956 2355 5037; x_wconf 76' lang='lat' dir='ltr'>quidem</span> <span class='ocrx_word' id='word_1_853' title='bbox 2387 4963 2559 5037; x_wconf 84' lang='lat' dir='ltr'>notas</span> <span class='ocrx_word' id='word_1_854' title='bbox 2580 4960 2792 5037; x_wconf 84' lang='lat' dir='ltr'>fuisse,</span> <span class='ocrx_word' id='word_1_855' title='bbox 2814 4956 2926 5017; x_wconf 67' lang='lat' dir='ltr'>sed</span> <span class='ocrx_word' id='word_1_856' title='bbox 2946 4956 3287 5033; x_wconf 45' lang='lat' dir='ltr'>planet/atem</span> <span class='ocrx_word' id='word_1_857' title='bbox 3312 4962 3597 5037; x_wconf 84' lang='lat' dir='ltr'>paulatim</span> <span class='ocrx_word' id='word_1_858' title='bbox 3622 4963 3770 5037; x_wconf 80' lang='lat' dir='ltr'>obli-</span> 
     </span>
    </p>
   </div>
   <div class='ocr_carea' id='block_1_125' title="bbox 2115 5029 3770 5106">
    <p class='ocr_par' dir='ltr' id='par_1_125' title="bbox 2115 5029 3770 5106">
     <span class='ocr_line' id='line_1_130' title="bbox 2115 5029 3770 5106; baseline 0.006 -27"><span class='ocrx_word' id='word_1_859' title='bbox 2115 5029 2267 5106; x_wconf 86' lang='lat' dir='ltr'>vioni</span> <span class='ocrx_word' id='word_1_860' title='bbox 2304 5029 2794 5106; x_wconf 12' lang='lat' dir='ltr'>datastiAttamep</span> <span class='ocrx_word' id='word_1_861' title='bbox 2829 5029 3222 5106; x_wconf 49' lang='lat' dir='ltr'>pro—tempore</span> <span class='ocrx_word' id='word_1_862' title='bbox 3254 5029 3370 5105; x_wconf 74' lang='lat' dir='ltr'>quo</span> <span class='ocrx_word' id='word_1_863' title='bbox 3400 5034 3647 5089; x_wconf 79' lang='lat' dir='ltr'>ﬂorebat</span> <span class='ocrx_word' id='word_1_864' title='bbox 3678 5035 3770 5089; x_wconf 88' lang='lat' dir='ltr'>hic</span> 
     </span>
    </p>
   </div>
   <div class='ocr_carea' id='block_1_126' title="bbox 2116 5101 3772 5178">
    <p class='ocr_par' dir='ltr' id='par_1_126' title="bbox 2116 5101 3772 5178">
     <span class='ocr_line' id='line_1_131' title="bbox 2116 5101 3772 5178; baseline 0.005 -26"><span class='ocrx_word' id='word_1_865' title='bbox 2116 5105 2337 5178; x_wconf 70' lang='lat' dir='ltr'>auctor,</span> <span class='ocrx_word' id='word_1_866' title='bbox 2368 5101 2734 5178; x_wconf 80' lang='lat' dir='ltr'>mediocriter</span> <span class='ocrx_word' id='word_1_867' title='bbox 2758 5101 2957 5159; x_wconf 79' lang='lat' dir='ltr'>Latine</span> <span class='ocrx_word' id='word_1_868' title='bbox 2974 5101 3209 5177; x_wconf 81' lang='lat' dir='ltr'>scripsit</span> <span class='ocrx_word' id='word_1_869' title='bbox 3229 5124 3248 5160; x_wconf 87' lang='lat'><strong><em>:</em></strong></span> <span class='ocrx_word' id='word_1_870' title='bbox 3268 5101 3368 5178; x_wconf 80' lang='lat' dir='ltr'>sed</span> <span class='ocrx_word' id='word_1_871' title='bbox 3389 5106 3603 5161; x_wconf 89' lang='lat' dir='ltr'>menda</span> <span class='ocrx_word' id='word_1_872' title='bbox 3620 5123 3772 5178; x_wconf 65' lang='lat' dir='ltr'>quae-</span> 
     </span>
    </p>
   </div>
   <div class='ocr_carea' id='block_1_127' title="bbox 2115 5170 3773 5295">
    <p class='ocr_par' dir='ltr' id='par_1_127' title="bbox 2115 5170 3773 5295">
     <span class='ocr_line' id='line_1_132' title="bbox 2115 5170 3773 5295; baseline 0.006 -73"><span class='ocrx_word' id='word_1_873' title='bbox 2115 5170 2416 5295; x_wconf 59' lang='lat' dir='ltr'>dagirhinc</span> <span class='ocrx_word' id='word_1_874' title='bbox 2449 5172 2585 5228; x_wconf 87' lang='lat' dir='ltr'>inde</span> <span class='ocrx_word' id='word_1_875' title='bbox 2617 5175 2980 5247; x_wconf 88' lang='lat' dir='ltr'>irrepserunt</span> <span class='ocrx_word' id='word_1_876' title='bbox 3030 5170 3454 5249; x_wconf 78' lang='lat' dir='ltr'>manuscripto,</span> <span class='ocrx_word' id='word_1_877' title='bbox 3514 5170 3773 5233; x_wconf 70' lang='lat' dir='ltr'>maxime</span> 
     </span>
     <span class='ocr_line' id='line_1_133' title="bbox 2115 5256 2456 5295; baseline 0.006 -2"><span class='ocrx_word' id='word_1_878' title='bbox 2115 5256 2183 5295; x_wconf 91' lang='lat' dir='ltr'>su</span> <span class='ocrx_word' id='word_1_879' title='bbox 2280 5258 2456 5295; x_wconf 86' lang='lat' dir='ltr'>mem.</span> 
     </span>
    </p>
   </div>
   <div class='ocr_carea' id='block_1_128' title="bbox 2114 5256 2456 5297">
    <p class='ocr_par' dir='ltr' id='par_1_128' title="bbox 2114 5256 2456 5297">
     <span class='ocr_line' id='line_1_134' title="bbox 2114 5256 2456 5297; baseline 0.009 -3"><span class='ocrx_word' id='word_1_880' title='bbox 2114 5256 2226 5295; x_wconf 73' lang='grc' dir='ltr'>ειη)</span> <span class='ocrx_word' id='word_1_881' title='bbox 2261 5256 2456 5297; x_wconf 77' lang='lat' dir='ltr'>linem.</span> 
     </span>
    </p>
   </div>
   <div class='ocr_carea' id='block_1_129' title="bbox 2184 5312 3773 5391">
    <p class='ocr_par' dir='ltr' id='par_1_129' title="bbox 2184 5312 3773 5391">
     <span class='ocr_line' id='line_1_135' title="bbox 2184 5312 3773 5391; baseline 0.005 -26"><span class='ocrx_word' id='word_1_882' title='bbox 2184 5312 2259 5391; x_wconf 81' lang='grc'>(3)</span> <span class='ocrx_word' id='word_1_883' title='bbox 2292 5314 2702 5391; x_wconf 14' lang='grc' dir='ltr'>Ουωᾼρὴτειεὶε</span> <span class='ocrx_word' id='word_1_884' title='bbox 2734 5333 2848 5391; x_wconf 85' lang='lat' dir='ltr'>non</span> <span class='ocrx_word' id='word_1_885' title='bbox 2877 5388 2885 5391; x_wconf 24' lang='grc' dir='ltr'><strong>Α</strong></span> <span class='ocrx_word' id='word_1_886' title='bbox 2911 5318 2986 5372; x_wconf 89' lang='lat' dir='ltr'>sit</span> <span class='ocrx_word' id='word_1_887' title='bbox 3043 5318 3284 5374; x_wconf 91' lang='lat' dir='ltr'>omnino</span> <span class='ocrx_word' id='word_1_888' title='bbox 3339 5318 3617 5391; x_wconf 86' lang='lat' dir='ltr'>perfecta,</span> <span class='ocrx_word' id='word_1_889' title='bbox 3675 5337 3773 5375; x_wconf 87' lang='lat' dir='ltr'>su-</span> 
     </span>
    </p>
   </div>
   <div class='ocr_carea' id='block_1_130' title="bbox 2108 5387 3774 5506">
    <p class='ocr_par' dir='ltr' id='par_1_130' title="bbox 2108 5387 3774 5506">
     <span class='ocr_line' id='line_1_136' title="bbox 2108 5387 3774 5506; baseline 0.007 -72"><span class='ocrx_word' id='word_1_890' title='bbox 2108 5387 2305 5506; x_wconf 53' lang='lat' dir='ltr'>spicor</span> <span class='ocrx_word' id='word_1_891' title='bbox 2332 5389 2631 5441; x_wconf 89' lang='lat' dir='ltr'>auctorem</span> <span class='ocrx_word' id='word_1_892' title='bbox 2680 5387 2991 5460; x_wconf 86' lang='lat' dir='ltr'>scripsisse</span> <span class='ocrx_word' id='word_1_893' title='bbox 3046 5392 3253 5461; x_wconf 66' lang='lat' dir='ltr'>recepto</span> <span class='ocrx_word' id='word_1_894' title='bbox 3281 5387 3368 5445; x_wconf 80' lang='lat' dir='ltr'>vel</span> <span class='ocrx_word' id='word_1_895' title='bbox 3401 5393 3577 5464; x_wconf 79' lang='lat' dir='ltr'>recipi</span> <span class='ocrx_word' id='word_1_896' title='bbox 3632 5392 3774 5460; x_wconf 83' lang='lat' dir='ltr'>ﬁdu-</span> 
     </span>
     <span class='ocr_line' id='line_1_137' title="bbox 2140 5470 2274 5506; baseline 0 0"><span class='ocrx_word' id='word_1_897' title='bbox 2140 5470 2274 5506; x_wconf 85' lang='lat' dir='ltr'>mm.</span> 
     </span>
    </p>
   </div>
   <div class='ocr_carea' id='block_1_131' title="bbox 2140 5470 2274 5509">
    <p class='ocr_par' dir='ltr' id='par_1_131' title="bbox 2140 5470 2274 5509">
     <span class='ocr_line' id='line_1_138' title="bbox 2140 5470 2274 5509; baseline 0.015 -2"><span class='ocrx_word' id='word_1_898' title='bbox 2140 5470 2274 5509; x_wconf 71' lang='lat' dir='ltr'>tam.</span> 
     </span>
    </p>
   </div>
  </div>
