3968 6158
154 368 315 438 4299

1760 354 1973 429 VITA.

3413 312 3570 424 isti)

152 509 205 566 si
238 506 476 580 aliquod
506 504 815 580 indignum
847 502 1169 562 occurrerit
1199 499 1804 570 offendiculum,malo
1833 499 1890 566 Α
1919 498 2171 555 sentiam
2210 494 2485 568 adeundi,
2518 495 2733 571 quibus
2759 474 3161 555 voluntarium
3184 492 3436 553 libenter
3457 494 3553 551 adi

158 596 417 653 codicem
451 599 520 651 ut
548 596 701 669 ignis
734 594 1098 651 comminuat
1140 593 1478 649 incendium
1511 607 1710 663 quam,
1746 592 1811 643 ut

161 685 307 743 livor
322 686 393 741 ad
418 684 657 755 plenum
680 684 976 758 perveniat
989 682 1247 739 oculum.
1266 682 1468 755 Igitur,
1500 680 1640 753 quia
1667 678 1805 735 boni

164 774 450 848 quidquid
472 778 650 831 estex
692 772 1022 828 Conditoris
1064 770 1466 829 misericordia
1495 772 1714 836 manat,
1750 784 1817 823 ex

165 864 357 937 ipsius
386 864 540 919 dono
570 879 762 918 sermo
793 866 997 934 ceptus
1029 861 1171 917 talia
1202 863 1476 933 personat
1504 859 1602 930 (4).

709 976 938 1032 CAPUT
974 976 1282 1031 PRIMUM.

166 1067 354 1124 Sancti
373 1067 783 1139 pater,natales
812 1065 1118 1121 visionibus
1138 1066 1370 1139 praeviis
1402 1065 1691 1129 illustrati,
1727 1064 1819 1139 _ba-

235 1134 670 1211 ptismus,7regni
688 1139 855 1211 initia
881 1142 931 1192 et
950 1154 1087 1211 cura
1110 1134 1393 1208 religionis
1424 1134 1817 1211 ρνοροραῃᾴῶλ,

239 1206 548 1265 ὺίσῑονίαιίε
576 1206 895 1271 rebellibus,
927 1216 978 1264 et
998 1208 1126 1263 hinc
1152 1206 1547 1263 monasterium
1589 1206 1640 1262 S.
1678 1207 1819 1261 Μαν-

239 1282 348 1336 tini
373 1297 445 1337 ea:
471 1284 590 1335 voto
625 1280 941 1351 fundatum.

241 1398 472 1453 2.0mnc
509 1395 701 1451 datum
720 1396 987 1466 optimum
1022 1402 1073 1451 ct
1117 1410 1274 1450 omne
1294 1395 1496 1451 donum
1529 1395 1832 1466 perfectum

173 1483 467 1542 desursum
496 1488 595 1554 est,
648 1484 970 1540 descendens
998 1502 1033 1538 τι
1080 1486 1244 1539 Patre
1298 1484 1573 1538 luminum
1622 1483 1755 1554 (Jac.
1792 1500 1829 1547 I,

174 1574 286 1644 17).
321 1573 516 1644 Hujus
545 1572 735 1628 Patris
768 1574 972 1628 datum
1004 1572 1315 1644 optimum,
1351 1578 1406 1627 et
1436 1573 1655 1628 donum
1703 1589 1831 1644 per-

188 1661 408 1717 festum
440 1661 499 1715 in
532 1677 737 1717 omnes
764 1660 924 1734 large
982 1661 1348 1733 proveniens,
1412 1661 1552 1733 quia
1602 1660 1832 1716 nullum

186 1748 437 1822 spernit,
470 1749 571 1805 sed
608 1765 812 1805 omnes
845 1749 1115 1806 homines
1143 1750 1265 1805 vult
1295 1750 1485 1806 salvos
1522 1750 1642 1806 ﬁeri
1677 1755 1733 1805 et
1763 1749 1833 1804 ad

1921 592 2049 644 tum
2079 589 2346 661 prmbens
2375 587 2705 645 orthodoxaa
2759 587 2891 642 fidei
2954 603 3175 653 semen,
3227 585 3480 658 pectoris
3510 583 3569 640 in

1922 677 2090 733 horto
2116 681 2335 743 satum,
2368 677 2771 734 delectabatur
2800 692 3038 748 germen
3069 674 3354 731 emittere.

1994 767 2202 831 3.Quid
2228 766 2440 839 plura?
2459 766 2636 821 Adest
2654 769 2887 838 tempus
2918 764 3146 820 ccelitus
3177 764 3528 837 dispositum
3557 779 3569 819 :

1928 856 2175 912 credidit
2205 856 2328 928 ipse
2352 872 2484 910 cum
2515 853 2907 910 familiaribus
2956 853 3102 919 suis,
3152 856 3209 908 et
3247 854 3575 926 baptizatus

1929 949 2038 1012 est,
2072 948 2130 1000 et
2181 961 2385 1000 omnes
2441 943 2646 999 ditioni
2705 961 2823 998 sua:
2882 943 3153 998 subditos
3202 959 3265 998 se
3296 942 3576 1015 pollicens

1931 1033 2259 1091 Christiano
2272 1033 2506 1089 nomine
2522 1031 3284 1105 mancipaturum.Cumque
3297 1031 3577 1087 nimirum

1933 1128 2088 1180 esset
2118 1123 2403 1178 sollicitus
2448 1122 2518 1177 de
2566 1120 2883 1177 rebellibus
2915 1120 3248 1186 domandis,
3281 1124 3338 1175 et
3369 1119 3579 1175 ritibus

1936 1212 2233 1283 sacrilegis
2265 1211 2657 1281 destruendis,
2691 1214 2748 1265 et
2777 1209 3211 1282 episcopatibus
3253 1208 3578 1264 secundum

1938 1301 2380 1357 aestimationem
2406 1317 2593 1367 suam,
2627 1300 2696 1355 ad
2720 1298 3043 1371 profectum
3075 1296 3343 1354 Ecclesiae
3366 1300 3580 1353 sanctae

1939 1389 2285 1455 statuendis,
2306 1388 2558 1444 mirabili
2587 1388 2805 1444 visione
2823 1388 2897 1458 (8)
2930 1392 3099 1441 nocte
3128 1385 3464 1442 consolatus
3496 1389 3585 1441 est

1940 1495 2075 1535 eum
2099 1478 2395 1534 Dominus.
2422 1477 2578 1534 Fecit
2599 1484 2786 1534 astare
2825 1476 2936 1531 sibi
2966 1475 3239 1545 juvenem
3271 1474 3584 1530 delectabi-

1939 1566 2056 1622 lem
2089 1572 2351 1640 aspectu,
2383 1566 2481 1639 qui
2509 1566 2653 1622 dixit
2673 1565 2724 1621 ei
2756 1565 2909 1621 :Pax
2956 1564 3085 1631 tibi,
3118 1563 3333 1619 Christi
3366 1563 3583 1633 electe;

1934 1657 2115 1728 jubeo
2136 1660 2189 1711 te
2209 1657 2279 1711 de
2309 1655 2704 1711 sollicitudine
2724 1658 2827 1709 tua
2858 1654 2977 1709 fore
2997 1669 3289 1709 securum.
3323 1654 3447 1709 Non
3479 1652 3589 1709 tibi

1944 1761 2286 1800 concessum
2319 1745 2576 1817 estquod
2605 1741 3074 1815 meditaris,quia
3097 1759 3308 1797 manus
3332 1741 3589 1815 pollutas

176 1838 549 1911 agnitionem
594 1838 856 1893 veritatis
913 1838 1212 1909 pervenire
1271 1843 1322 1906 (ι
1387 1841 1501 1895 Tim
1533 1858 1592 1904 ιι,
1645 1841 1719 1907 4),
1761 1840 1830 1893 ad
1866 1866 1914 1931 Β
1944 1834 2204 1890 humano
2237 1835 2523 1906 sanguine
2552 1837 2768 1905 gestas.
2805 1832 2883 1887 De
2942 1836 2998 1886 te
3046 1829 3205 1887 ﬁlius
3255 1830 3589 1887 nasciturus

187 1926 497 1999 Hungaros
528 1943 736 1998 usque,
771 1943 919 1998 quos
943 1926 1411 1983 Christianorum
1431 1927 1726 2000 flagellum
1758 1929 1834 1995 (5)

185 2015 485 2088 quondam
512 2015 694 2071 fuisse
724 2015 1257 2082 constat,diti‘usum
1283 2016 1558 2080 ρει.ουοᾱ
1587 2015 1837 2087 qualiter

189 2109 249 2160 et
278 2104 512 2176 quando
542 2104 763 2159 factum
797 2105 892 2169 sit,
926 2104 1058 2176 styli
1120 2104 1311 2159 officio
1351 2104 1645 2159 memoriae
1678 2121 1834 2159 corn-

184 2193 464 2249 mandare
494 2209 818 2266 congruum
851 2193 1149 2248 duximus.
1185 2193 1261 2247 Ea
1292 2192 1584 2265 siquidem
1619 2199 1836 2265 tempe-

185 2285 337 2337 state
369 2298 518 2353 quas
540 2297 684 2353 gens
712 2282 953 2353 praefata
984 2282 1085 2337 Dei
1110 2281 1427 2337 Ecclesiam
1451 2281 1840 2354 depopulaba-

182 2373 435 2442 tur,erat
457 2371 515 2425 in
548 2386 617 2426 ea
636 2370 910 2443 princeps
934 2370 1197 2443 quidam,
1223 2376 1468 2443 quartus
1491 2370 1706 2437 abillo,
1739 2372 1838 2443 qui

184 2457 575 2531 ingressionis
599 2459 1010 2532 Hungarorum
1042 2459 1100 2513 in
1114 2458 1416 2514 Pannonia
1432 2460 1550 2515 dux
1566 2459 1840 2531 primitus

188 2547 325 2611 fuit,
349 2546 804 2620 (nomenGeysa
835 2550 931 2617 (ὃ),
966 2549 981 2616 )
1015 2564 1250 2602 severus
1269 2548 1506 2619 quidem
1541 2553 1599 2604 et
1631 2549 1839 2604 crude-

184 2633 289 2699 lis,
323 2632 499 2688 veluti
534 2633 928 2704 potentialiter
971 2649 1172 2705 agens,
1221 2634 1278 2688 in
1312 2651 1474 2701 suos,
1507 2635 1843 2691 misericors

192 2725 394 2777 autem
418 2720 825 2777 etliberalisin
853 2721 1021 2788 alios,
1055 2726 1109 2776 et
1137 2723 1425 2793 praecipue
1456 2723 1839 2791 Christianus,

193 2810 313 2866 ritu
346 2810 691 2884 paganismo
717 2810 852 2865 licet
883 2810 1074 2865 adhuc
1105 2809 1345 2882 quidem
1369 2811 1679 2868 obvolutus
1709 2830 1722 2880 ;
1756 2816 1843 2867 ta-

194 2914 332 2955 men
348 2898 859 2971 appropinquante
870 2898 1193 2969 spiritualis
1208 2899 1435 2972 fulgore
1448 2900 1841 2967 cbarismatis,

195 3004 332 3043 cum
365 2986 642 3043 omnibus
671 2987 1010 3058 circumque
1042 2987 1367 3060 positarum
1412 2990 1843 3062 provinciarum

190 3074 404 3131 vicinis
452 3075 524 3131 de
581 3092 722 3148 pace
774 3076 947 3148 coepit
977 3081 1195 3132 attente
1224 3080 1499 3146 tractare,
1548 3082 1613 3134 ut
1633 3080 1756 3150 jam
1784 3078 1843 3132 in

193 3163 298 3221 illo
327 3169 526 3237 posset
556 3164 992 3237 agnosci,cujus
1015 3164 1174 3221 ﬁlius
1198 3166 1556 3223 desideraret
1587 3168 1734 3237 ﬁeri,
1758 3184 1844 3222 se-

1943 1923 2291 1997 egredietur,
2326 1923 2417 1978 cui
2450 1922 2572 1977 haec
2600 1920 2799 1977 omnia
2829 1920 3194 1992 disponenda
3223 1918 3428 1974 divinae
3457 1936 3588 1992 pro-

1944 2011 2211 2067 videntiae
2241 2012 2487 2068 concilio
2516 2009 2954 2066 commendabit
2984 2008 3287 2064 Dominus.
3348 2007 3451 2063 Hie
3482 2008 3593 2063 erit

1945 2118 2102 2155 unus
2124 2117 2192 2156 ex
2230 2101 2467 2172 regibus
2496 2099 2696 2156 electis
2724 2115 2758 2153 a
2787 2098 3056 2167 Domino,
3090 2114 3306 2153 corona
3334 2097 3462 2152 vitae
3490 2114 3592 2152 saa-

1947 2189 2163 2245 cularis
2179 2193 2646 2244 commutaturus
2658 2190 2954 2242 (sternam.
2968 2186 3387 2242 Verumtamen
3402 2185 3591 2240 virum

1949 2278 2234 2350 spirituali
2269 2277 2556 2348 legatione
2588 2275 2694 2330 tibi
2724 2274 3270 2340 transmittendum,
3314 2274 3592 2330 honorifi-

1947 2367 2209 2423 cabiliter
2238 2367 2886 2438 suscipito.susceptum
2918 2363 3325 2419 venerabiliter
3360 2363 3590 2433 habeto,

1948 2456 2446 2513 exhortationibus
2468 2457 2597 2527 ejus
2622 2472 2735 2510 non
2761 2455 2964 2509 fictum
2986 2453 3179 2509 cordis
3194 2451 3383 2509 ﬁdelis
3400 2470 3596 2509 assen-

1950 2563 2085 2602 sum
2116 2546 2389 2618 praebeto.
2424 2544 2873 2617 Expergefactus
2906 2542 3176 2615 princeps
3218 2541 3439 2597 visione
3469 2545 3592 2597 stu-

1951 2636 2144 2708 pidus,
2186 2636 2348 2707 prius
2382 2649 2603 2700 secum,
2646 2637 2778 2706 post
2824 2649 2957 2687 cum
2991 2631 3203 2687 Christi
3235 2630 3507 2686 fidelibus
3539 2635 3597 2687 et

1951 2723 2074 2780 suis
2106 2727 2486 2795 pertractans,
2544 2722 2660 2777 Deo
2709 2722 2925 2795 gratias
2957 2720 3285 2793 pavimento
3318 2719 3592 2776 manibus

1951 2812 2245 2885 expansis,
2260 2812 2582 2876 adhaarens,
2599 2810 2900 2867 humiliter
2929 2810 3069 2883 egit,
3087 2826 3149 2865 se
3170 2808 3595 2882 principatum-

1954 2918 2067 2974 que
2099 2916 2272 2957 suum
2306 2916 2439 2956 cum
2473 2900 2591 2955 [ilio
2624 2900 2921 2957 nascituro
2952 2897 3229 2954 custodia:
3288 2897 3448 2955 illius
3495 2897 3596 2972 qui

1954 3008 2067 3045 non
2100 2990 2317 3046 dormit
2344 3006 2531 3061 neque
2562 2988 2842 3045 dormitat
2868 2988 3037 3058 (Psal.
3070 3005 3201 3049 cxx.
3234 2989 3287 3060 4)
3325 2987 3599 3061 lacrymis

1955 3078 2103 3135 fusis
2117 3077 2565 3134 commendavit.

2030 3169 2082 3223 4.
2111 3171 2254 3223 Dum
2289 3167 2535 3222 miratur
2555 3183 2689 3239 ergo
2722 3166 2792 3221 de
2828 3165 2949 3221 viro
2981 3163 3260 3221 divinitus
3305 3154 3599 3238 praedicto,

194 3227 457 3310 cundum
491 3227 712 3309 dictum
729 3227 1044 3309 Selvatoris
1068 3255 1276 3321 nostri,
1303 3255 1549 3311 dicentis
1576 3256 1634 3310 in
1658 3227 1843 3311 Evan-
1877 3227 1918 3294 Ο
1958 3257 2266 3312 nuntiatur
2290 3255 2338 3311 ei
2374 3227 3035 3321 beatum‘itdalbertum,
3067 3227 3469 3310 Bohemiensis
3500 3227 3599 3310 Ec:

195 3340 388 3414 gelio:
440 3343 596 3422 Beati
646 3343 884 3413 paciﬁci,
946 3344 1205 3413 quoniam
1238 3344 1346 3399 filii
1373 3345 1473 3399 Dei
1513 3347 1849 3401 vocabuntur

197 3428 409 3501 (Matth.
438 3446 496 3497 v,
527 3432 604 3501 9).
638 3429 857 3486 Statuit
911 3430 1155 3503 insuper
1212 3437 1563 3506 praeceptum
1620 3435 1849 3490 cunctis

198 3518 572 3587 Christianis,
598 3520 879 3575 ducatum
912 3537 1086 3575 suum
1119 3519 1335 3577 intrare
1365 3521 1720 3588 volentibus,
1745 3523 1850 3578 ho-

200 3607 543 3680 spitalitatis
574 3612 633 3663 et
663 3608 991 3665 securitatis
1022 3610 1275 3682 gratiam
1305 3610 1563 3666 exhiberi
1594 3596 1692 3683 i7).
1726 3612 1850 3667 Cle-

199 3695 339 3753 ricis
367 3701 427 3752 et
454 3697 762 3754 monachis
792 3701 1138 3770 potestatem
1169 3699 1457 3755 concessit
1505 3717 1675 3755 suam
1705 3718 1846 3773 prae-

272 3839 349 3911 (Α)
382 3837 647 3894 Praefatio
679 3841 779 3911 aut
812 3838 1096 3895 dedicatio
1121 3839 1240 3895 haec
1273 3841 1495 3898 omissa
1524 3847 1615 3898 est
1645 3842 1703 3897 in
1736 3860 1848 3899 ms.

200 3909 724 3997 Coraendonca‘no.l
743 3910 951 3997 sbrius
974 3928 1102 3997 eam
1114 3913 1410 3997 expressit
1432 3918 1655 3997 mutato
1679 3913 1848 3997 style,

203 3981 527 4052 eademque
560 3980 847 4049 libertate,
868 4000 984 4052 qua
1014 3980 1327 4039 dictionem
1360 3985 1540 4040 totius
1571 3985 1710 4041 Vitzs
1736 3980 1851 4041 imé

204 4053 470 4127 mutavit.
505 4053 741 4127 Accipe,
768 4053 1029 4127 studiose
1075 4054 1273 4119 lector,
1310 4057 1714 4127 prazfationem
1743 4058 1851 4112 Su-

202 4124 431 4196 rianam
463 4140 566 4195 pro
590 4124 909 4196 specimine
934 4126 1111 4180 totius
1142 4127 1281 4181 Vita:
1304 4124 1628 4183 immutatae
1660 4146 1721 4183 :«
1748 4128 1853 4184 Do-

205 4194 368 4249 mino
390 4194 497 4266 suo
519 4194 896 4266 Colomanno,
919 4196 1033 4266 regi
1055 4196 1559 4265 excellentissimo,
1584 4200 1851 4255 Chartui-

202 4266 325 4343 tius
356 4265 687 4343 episcopus,
722 4265 998 4343 spiritale
1018 4267 1411 4343 ministerium
1455 4271 1850 4343 Deibenigni-

202 4341 322 4391 tate
352 4336 599 4414 adeptus
624 4336 962 4414 postibujus
993 4339 1121 4414 vitae
1152 4339 1493 4414 terminum,
1530 4342 1675 4397 illud
1706 4336 1853 4414 euge

204 4398 481 4488 precatur
506 4398 952 4488 sempiternum.
1013 4409 1334 4488 Aggredior
1364 4398 1519 4488 nunc
1561 4430 1727 4484 opus,
1760 4398 1850 4469 δ’ὁ-

204 4477 846 4556 reni_ssime_rex,jus_su
881 4484 979 4556 tuo
1006 4477 1151 4556 mihi
1184 4477 1623 4556 demandatum,
1659 4502 1693 4539 a
1716 4477 1849 4556 'quo

203 4549 493 4621 hactenus
524 4548 802 4620 ingenioli
850 4550 962 4603 mei
1004 4549 1296 4621 imperitia
1328 4553 1650 4617 abhorruit,
1687 4548 1768 4610 ob
1789 4557 1847 4610 id

202 4620 527 4693 praesertim
546 4622 702 4692 quod
722 4620 1054 4676 Priscianus
1070 4620 1514 4691 grammaticus,
1533 4625 1675 4680 mihi
1706 4626 1846 4682 olim

202 4692 298 4748 sat
316 4692 464 4769 bene
485 4697 825 4769 perspectus
845 4693 1433 4769 et_cognitus,proeul_
1452 4714 1494 4769 aq
1510 4713 1603 4751 me
1634 4697 1852 4769 digres-

204 4780 330 4847 sus,
349 4764 471 4847 jam
487 4762 985 4847 'decrepit‘q‘mihi‘,
1008 4762 1302 4847 tanquam
1330 4767 1577 4847 caligine
1598 4762 1852 4847 quidam

205 4835 643 4907 septus,faciem
676 4835 908 4890 exhibet
928 4835 1550 4894 obscurissimamSed
1584 4835 1717 4894 cum
1742 4840 1856 4896 alia

206 4906 287 4987 ea
302 4910 472 4987 parte
492 4906 805 4987 dignitatis
836 4911 949 4961 tua:
998 4909 1363 4987 attenderem
1423 4911 1851 4979 auctoritatem,

203 4977 344 5031 vicit
369 4977 607 5033 tandem
638 4979 821 5033 anxiae
854 4979 1067 5033 mentis
1110 4980 1537 5037 dubitationem
1595 4977 1852 5047 omnem,

204 5048 489 5125 virtutum
522 5049 785 5125 omnium
820 5048 919 5104 lux
949 5055 1006 5104 et
1035 5053 1646 5125 gemmapbedientia,
1683 5056 1856 5125 cujus

206 5118 358 5192 forti
387 5120 658 5192 praesidio
686 5121 889 5188 fretus,
923 5118 1155 5176 tametsi
1191 5122 1334 5177 mihi
1374 5124 1525 5180 vires
1558 5118 1853 5181 cerner'em

206 5189 668 5263 haudquaquam
687 5193 1220 5263 suppetere,operis
1242 5194 1555 5249 inehoaudi
1580 5197 1851 5253 ﬁduciam

207 5262 467 5334 concepi.
502 5262 650 5318 Cum
682 5262 1026 5334 sinitautem
1044 5263 1390 5334 plerumque
1420 5266 1647 5320 invidize
1679 5270 1858 5323 obnn-

201 5332 323 5411 xia,
344 5332 474 5404 quae
502 5334 658 5411 bqna
680 5333 867 5411 animi
895 5333 1107 5411 fiducia
1138 5332 1458 5411 geruntur,
1478 5340 1722 5411 supplex
1753 5358 1852 5395 oro

203 5403 428 5476 regiam
453 5403 874 5480 sublimitatem
897 5403 1174 5480 tuam,uti
1196 5408 1460 5478 opusculi
1482 5403 1658 5480 hujus
1677 5412 1857 5465 susci-

202 5475 341 5547 pere
374 5491 443 5529 ne
474 5475 1187 5556 gravgtuepatrocinium,
1222 5475 1327 5556 nec
1349 5475 1698 5556 _oli‘endatur
1756 5500 1855 5553 pa-

204 5545 336 5625 rum
369 5545 679 5625 commoda
714 5545 1007 5625 dictione,
1042 5552 1142 5625 aut
1173 5550 1394 5625 ordinis
1426 5556 1484 5607 et
1515 5569 1707 5625 rerum
1744 5545 1853 5625 ige-

206 5623 435 5708 starum
484 5616 861 5708 jcont‘usilone‘.
923 5619 1085 5708 Quod
1144 5619 1194 5674 si
1254 5628 1520 5708 occurrat
1551 5616 1855 5708 quidpiam

206 5689 365 5762 quod
396 5689 611 5762 faedam
643 5688 854 5762 habeat
883 5689 1286 5762 offensionem,
1349 5688 1854 5752 malim-codicem

209 5760 452 5832 ignibus
480 5760 712 5818 absumi
746 5778 925 5834 quam
942 5760 1145 5820 livoris
1158 5765 1464 5823 materiam
1488 5767 1740 5840 cuipiam
1772 5769 1855 5825 of-

1955 3346 2143 3403 clesize
2175 3345 2609 3418 pontificem,ad
2631 3361 2691 3400 se
2711 3346 3023 3399 venturum
3058 3359 3185 3398 esse
3202 3346 3439 3415 propter
3459 3359 3598 3399 con-

1955 3435 2276 3491 versionem
2303 3433 2490 3506 ipsius
2521 3436 2577 3490 et
2606 3432 2740 3488 ﬁdei
2772 3449 2886 3487 non
2922 3432 3068 3486 fictas
3111 3431 3458 3504 profectum,
3491 3430 3599 3487 Do-

1958 3525 2116 3580 mino
2136 3529 2250 3579 Deo
2273 3523 2465 3579 laudis
2504 3522 2759 3578 hostiam
2789 3521 3146 3577 oblaturum.
3179 3520 3378 3576 Oritur
3404 3518 3603 3576 laetitia

1958 3613 2123 3669 novis
2169 3611 2383 3668 Christi
2413 3610 2699 3667 militibus
2741 3609 3184 3666 inenarrabilis:
3222 3610 3341 3665 dux
3370 3609 3602 3665 obviam

1958 3701 2133 3757 tironi
2166 3700 2377 3757 Christi
2412 3701 2487 3772 (9)
2519 3715 2651 3755 cum
2669 3698 2941 3756 fidelibus
2962 3699 3293 3773 quibusque
3321 3698 3600 3771 procedit,

1959 3842 2191 3898 ferri.Et
2221 3842 2539 3914 quiabona
2579 3841 2873 3914 omniaad
2914 3856 3021 3896 nos
3049 3857 3118 3896 ex
3146 3840 3343 3914 divina
3376 3839 3602 3894 miseri-

1959 3914 2156 3985 cordia
2187 3910 2669 3985 proiiciscuntur,
2692 3912 2876 3985 ipsius
2899 3928 3147 3985 munere
3170 3912 3254 3985 sic
3285 3910 3429 3985 libet
3458 3926 3602 3985 opu~

1959 3979 2882 4055 sculum'praasensauspicariq
2927 3982 3112 4055 Vides
3134 3981 3248 4048 hic,
3284 3979 3603 4055 l_ector,'sic

1959 4051 2333 4111 immutatam
2365 4051 2707 4119 dictionem,
2739 4058 2802 4108 ut
2832 4053 2985 4108 idem
3021 4051 3233 4124 ubique
3260 4052 3600 4124 situsensus.

1958 4128 2115 4184 Idem
2140 4126 2359 4199 passim
2385 4126 2442 4179 in
2464 4126 2596 4180 Vita
2618 4125 2833 4199 factum
2850 4141 2996 4199 ;_nec
3028 4122 3177 4199 opus
3201 4122 3443 4199 estillas
3474 4139 3601 4178 mu-

1958 4194 2210 4254 tationes
2241 4197 2550 4253 verborum
2572 4200 2768 4267 notare
2790 4195 3084 4267 deinceps,
3119 4195 3231 4267 nisi
3265 4194 3439 4250 simul
3472 4210 3606 4249 mu-

1959 4275 2080 4326 tata
2110 4270 2187 4325 sit
2216 4267 2522 4325 sententia.
2559 4265 2726 4322 Solas
2758 4266 2940 4339 igitur
2982 4265 3336 4339 mutationes
3367 4270 3605 4321 senten-

1960 4342 2174 4397 tiarum
2226 4340 2470 4421 inferius
2526 4336 2859 4421 ass-ignabo,
2894 4354 2967 4421 ex.
2995 4354 3103 4393 ms.
3145 4354 3279 4421 vero
3320 4336 3479 4421 ipsas
3508 4353 3605 4421 vo:

1958 4429 2093 4468 cum
2153 4412 2505 4467 mutationes
2553 4408 2863 4483 diligenter
2918 4408 3458 4483 observabotuisig
3490 4408 3609 4463 sint

1960 4484 2173 4539 menda
2204 4483 2554 4548 clarissima,
2588 4478 2862 4537 uti'varia
2891 4486 3208 4537 occurrunt
3237 4480 3392 4537 circa
3429 4478 3604 4536 ﬁnem

1961 4556 2123 4610 Vitae.

2031 4628 2107 4697 (5')
2143 4625 2231 4680 Uti
2284 4624 2468 4679 Attila
2504 4625 2717 4697 vocari
2775 4623 2956 4697 voluit
3006 4624 3464 4697 ﬂaggttungci.
3526 4621 3610 4677 ita

1960 4694 2219 4776 Hun'gari
2254 4712 2452 4776 revera
2493 4694 3064 4776 fueruntﬁagellum
3113 4694 3606 4776 Christianorum,

1965 4764 2640 4841 quemadmodumusatis
2669 4764 3155 4839 colligipoteatex
3179 4764 3352 4820 dictis
3378 4764 3434 4818 in
3449 4764 3609 4818 Com-

1964 4838 2252 4895 fnentario
2276 4855 2439 4891 num.
2467 4839 2555 4891 52.

2036 4912 2112 4981 (6)
2162 4910 2224 4965 In
2287 4925 2397 4963 ms.
2440 4907 2675 4981 nomine
2704 4906 2892 4981 chsa.
2930 4906 3101 4961 Porro
3145 4907 3217 4981 de
3248 4903 3612 4981 ingressione

1964 4975 2375 5054 Huiigarorum
2428 4980 2493 5054 in
2513 5049 2524 5054 _
2544 4975 2927 5045 Pannoniam,
2952 5048 2966 5054 _
2990 4993 3091 5054 seu
3152 4977 3210 5031 in
3266 4975 3611 5054 hodiegnam

1964 5046 2677 5125 Hungariammriinisque
2701 5066 2903 5105 eorum
2935 5047 3325 5125 ducibustegi
3352 5048 3412 5102 in
3441 5046 3610 5103 Com—

1965 5118 2253 5181 meniario
2280 5122 2310 5195 ξ
2352 5118 2405 5176 5.
2440 5122 2518 5177 De
2562 5118 2749 5194 Geysa
2780 5136 2914 5176 vero
2946 5118 3113 5192 plura
3142 5118 3172 5192 §
3210 5120 3244 5172 8
3275 5118 3332 5174 et
3362 5134 3610 5192 sequen-

1966 5197 2143 5252 tibus.

2038 5270 2113 5329 (7)
2135 5267 2258 5320 Vox
2287 5264 2537 5319 exhiberi
2565 5281 2677 5317 non
2712 5268 2800 5317 est
2830 5263 2886 5317 in
2916 5279 3051 5328 ms.,
3114 5278 3215 5317 nec
3245 5265 3333 5315 est
3372 5261 3611 5318 omnino

1968 5332 2316 5395 necessaria.
2380 5336 2735 5406 Praeceptum
2797 5334 2903 5389 hoc
2958 5334 3155 5406 Geysae
3203 5331 3613 5389 verosimiliter

1966 5412 2168 5466 datum
2200 5405 2619 5480 essetempore
2650 5405 2952 5480 Ottonisl,
2975 5405 3515 5480 postpacem‘cum
3545 5422 3610 5462 eo

1966 5482 2194 5545 initam,
2219 5485 2275 5536 et
2296 5479 2450 5535 circa
2472 5476 2691 5534 annum
2718 5477 2844 5538 972,
2868 5476 3230 5531 dixiibidem
3256 5494 3310 5529 n.
3342 5477 3430 5531 80.

2038 5555 2113 5624 (8)
2144 5553 2269 5608 Non
2303 5568 2451 5624 esse,
2482 5566 2588 5624 cur
2620 5550 2767 5604 hanc
2800 5548 3079 5624 visionem
3112 5547 3414 5603 commode
3438 5546 3610 5624 intel-

1964 5620 2175 5679 lectam
2208 5641 2307 5695 pro
2330 5621 2535 5678 ﬁctilia
2564 5620 2891 5676 necessario
2913 5620 3258 5688 habeamus,
3292 5620 3519 5676 ostendi
3554 5622 3610 5675 in

1966 5697 2192 5752 Comm.
2227 5696 2257 5752 ε
2286 5696 2363 5749 tO.
3291 5721 3302 5727 ~

2037 5694 2444 5841 hic
2458 5766 2619 5821 notat
2634 5762 2841 5821 merito
2854 5763 2968 5822 dici
2981 5762 3241 5838 potuisse
3253 5721 3323 5821 de
3337 5762 3523 5835 Geysa
3534 5762 3609 5816 ti-
