3968 6158
161 336 307 401 1217

1748 336 1958 404 Vl’l‘A.

3406 339 3564 405 1218

156 486 270 528 cem
300 470 546 543 insuper
571 466 1012 527 anteferendam
1043 469 1187 543 regi,
1246 469 1405 527 velut
1451 471 1513 527 in
1561 473 1798 546 signum
1829 476 1883 542 Α
1917 472 2052 540 sim,
2088 476 2145 533 et
2172 472 2494 545 unicuique
2524 487 2756 546 semper
2775 472 3391 547 praeﬁciensidoneum
3415 492 3560 548 prm-

157 557 530 632 apostolatus,
564 558 728 615 misit
757 559 898 632 (33):
933 559 1071 632 Ego,
1121 559 1414 630 inquiens,
1464 577 1596 617 sum
1655 576 1798 635 apo-

1907 561 2120 628 sulem,
2156 561 2336 618 simul
2369 567 2424 617 et
2449 561 2685 618 abbatis
2715 563 2972 634 praidiis,
2993 564 3195 632 curtis,
3220 568 3279 618 et
3298 563 3560 632 familiis,

157 646 409 716 stolicus,
466 645 565 703 ille
619 665 754 704 vero
799 646 1008 705 merito
1055 647 1276 704 Christi
1323 648 1648 722 apostolus,
1697 666 1803 722 per
1904 654 1961 706 et
1991 650 2337 719 redditibus,
2372 649 2647 723 regaliter
2675 650 2986 722 disposuit,
3021 652 3295 708 crucibus
3316 655 3377 708 et
3398 653 3559 709 vasis

157 750 323 809 quem
355 735 467 794 sibi
487 739 719 792 tantum
736 735 1299 810 populumChristus
1321 738 1622 793 convertit.
1648 740 1798 804 Qua-

154 822 383 899 propter
410 825 859 898 dispositionem
881 826 1171 897 ejusdem,
1196 832 1372 899 prout
1397 827 1598 882 divina
1613 827 1802 900 gratia

156 914 343 987 ipsum
374 914 633 983 instruit,
663 914 953 971 Ecclesiae
974 914 1076 971 Dei
1102 915 1281 971 simul
1302 933 1435 972 cum
1459 915 1693 993 populis
1716 915 1798 970 vi-

154 1006 322 1075 taque
342 1004 477 1075 jure
507 1002 867 1060 ordinandas
897 1003 1293 1077 relinquimus
1311 1005 1445 1076 (34).
1468 1005 1801 1078 Impetratis

157 1107 284 1165 ergo
315 1092 611 1162 omnibus,
635 1095 808 1165 prout
825 1092 1011 1164 petiit,
1033 1092 1243 1165 praesul
1261 1093 1526 1150 Astricus
1542 1094 1709 1150 laetus
1728 1094 1801 1150 ad

158 1181 385 1253 propria
414 1183 710 1250 remeavit,
745 1198 945 1238 secum
976 1182 1165 1238 ferens
1194 1187 1431 1255 prOpter
1446 1184 1602 1256 quod
1623 1184 1800 1239 incoe-

157 1273 317 1342 ptum
348 1269 460 1327 iter
486 1287 762 1343 prospere
792 1276 1115 1343 peregerat.

221 1356 305 1413 13.
332 1354 764 1413 Benedictionis
794 1373 931 1430 ergo
954 1356 1286 1429 apostolicae
1319 1357 1528 1416 litteris
1549 1377 1681 1416 cum
1703 1377 1803 1416 co-

157 1462 294 1501 rona
322 1449 381 1501 et
410 1462 583 1501 cruce
614 1444 795 1502 simul
828 1445 1045 1515 allatis,
1077 1447 1432 1519 praesulibus
1462 1465 1597 1504 cum
1630 1449 1804 1515 clero,

156 1533 465 1590 comitibus
497 1550 633 1589 cum
666 1533 883 1607 populo
917 1534 1125 1591 laudes
1153 1553 1443 1609 congruas
1475 1537 1806 1594 acclaman-

156 1622 332 1695 tibus,
364 1621 610 1678 dilectus
642 1622 757 1678 Deo
804 1623 1136 1695 Stephanus
1184 1642 1282 1681 rex
1332 1626 1603 1682 unctione
1652 1626 1805 1682 ebri-

158 1710 323 1767 smali
353 1715 674 1783 perunctus
705 1710 1035 1769 diademate
1069 1713 1283 1787 regalis
1326 1714 1630 1789 dignitatis
1681 1716 1805 1773 feli-

1907 737 2160 810 aliisque
2192 738 2687 811 supellectilibus,
2715 740 2785 794 ad
2820 739 3213 795 ministerium
3245 740 3347 797 Dei
3391 741 3570 815 perti-

1907 827 2206 894 nentibus,
2226 828 2556 883 secundum
2575 828 2730 899 quod
2750 827 3069 899 unicuique
3085 844 3231 899 opus
3253 830 3383 897 fuit,
3409 831 3570 887 suffi-

1911 914 2130 971 cienter
2159 915 2455 971 decoravit
2477 933 2491 984 ;
2510 920 2568 971 et
2585 914 2837 989 singulis
2855 915 3046 984 annis,
3073 917 3264 988 quoad
3276 917 3569 999 vixit(42l,

1908 1021 2153 1061 munera
2184 1007 2241 1060 et
2270 1003 2596 1061 oblationes
2630 1021 2866 1078 semper
2905 1006 3177 1077 augebat,
3227 1023 3299 1061 ne
3351 1007 3571 1080 aliquid

1909 1094 2271 1149 extrinsecus
2302 1098 2629 1165 quarerent
2659 1093 2758 1166 qui
2807 1093 2997 1149 ofﬁcio
3047 1096 3367 1152 sanctuarii
3416 1114 3566 1169 prae-

1908 1185 2095 1238 erant.
2130 1181 2548 1238 Monachorum
2580 1182 2758 1237 vitam
2788 1185 2845 1237 et
2865 1182 3393 1254 conversationem,
3415 1202 3571 1242 nunc

1911 1287 2014 1343 per
2043 1270 2209 1336 alios,
2244 1287 2399 1326 nunc
2425 1286 2528 1343 per
2558 1271 2819 1344 seipsum
2854 1271 3210 1343 explorando
3250 1271 3568 1347 diligenter

1909 1359 2301 1427 examinabat,
2333 1363 2632 1432 torpentes
2662 1377 2935 1432 arguens,
2995 1359 3202 1438 vigiles
3252 1362 3362 1418 sub
3422 1363 3568 1420 dile-

1913 1448 2101 1503 ctione
2131 1447 2516 1515 eonstituens,
2550 1449 2963 1505 canonicorum
3015 1449 3412 1508 ministerium
3457 1452 3576 1525 epi-

1914 1553 2224 1609 seOporum
2274 1536 2649 1608 providentiae
2701 1538 2809 1593 sub
2861 1538 3197 1595 testimonio
3249 1540 3464 1596 Christi
3516 1545 3576 1599 et

1914 1625 2180 1681 Ecclesiae
2251 1626 2725 1695 commendabat,
2793 1628 3117 1684 secundum
3198 1629 3569 1702 Apostolum,

1915 1713 2192 1769 omnibus
2223 1714 2421 1769 omnia
2453 1714 2661 1783 factus,
2726 1719 2789 1769 ut
2845 1732 3049 1773 omnes
3108 1715 3479 1775 lucrifaceret
3530 1719 3575 1791 (1

156 1802 294 1856 citer
323 1804 659 1855 coronatur.
697 1799 832 1856 Post
863 1804 1167 1873 acceptum
1201 1802 1412 1876 regalis
1455 1804 1806 1861 excellentia:
1838 1848 1886 1876 η
1918 1804 2038 1859 Cor.
2072 1820 2149 1873 ιχ,
2180 1804 2294 1874 22).

155 1889 410 1962 signum,
444 1887 640 1960 qualis
672 1888 799 1944 vita
830 1889 923 1944 vir
954 1890 1073 1960 (35)
1102 1895 1160 1945 et
1190 1890 1565 1948 discretionis
1614 1894 1809 1960 fuerit,

157 1994 287 2033 cum
318 1975 612 2050 episcopis
644 1981 700 2033 et
726 1977 1101 2050 primatibus,
1137 1978 1446 2052 Hungariae
1470 1984 1756 2037 statutum
1781 2000 1815 2037 a

156 2084 216 2123 se
247 2066 543 2123 decretum
575 2067 687 2138 (36)
720 2066 1100 2123 manifestum
1134 2068 1287 2122 fecit.
1338 2068 1399 2122 In
1454 2085 1570 2140 quo
1594 2069 1817 2142 scilicet

156 2155 621 2229 uniuscujusque
633 2154 815 2228 culpa
831 2154 1189 2211 contrarium
1206 2155 1810 2227 dictavitantidotum,

153 2249 209 2302 et
239 2247 303 2301 ut
328 2241 505 2317 pacis,
540 2261 643 2317 per
672 2261 852 2317 quam
885 2243 1152 2302 Christus
1182 2246 1385 2302 orbem
1439 2247 1810 2314 coadunavit,

157 2351 217 2391 se
251 2335 368 2390 fore
396 2336 517 2405 (37)
548 2334 823 2407 probaret
851 2332 1065 2403 ﬁlium,
1091 2335 1247 2407 quod
1277 2333 1479 2391 nullus
1500 2335 1680 2391 alium
1709 2335 1812 2391 bo-

156 2422 368 2479 stiliter
392 2422 710 2491 invaderet,
743 2439 914 2478 nemo
944 2423 1205 2480 vicinum
1228 2424 1354 2479 sine
1364 2423 1574 2495 judicii
1593 2424 1812 2480 exami-

155 2512 387 2568 natione
404 2509 869 2578 laederet,viduas
888 2516 945 2568 et
964 2511 1260 2584 orphanos
1280 2512 1479 2568 nullus
1525 2513 1815 2586 opprime-

158 2605 265 2669 ret,
298 2599 726 2673 subscriptione
766 2600 1000 2656 foederis
1044 2617 1159 2656 non
1208 2602 1509 2674 pereuntis
1559 2602 1811 2674 posteris

160 2690 288 2746 suis
313 2687 550 2761 reliquit
579 2686 934 2744 stabilitum.
969 2689 1055 2745 Ad
1088 2691 1449 2746 consortium
1478 2707 1613 2746 vero
1667 2709 1811 2764 prae-

161 2778 330 2850 cipue
356 2793 536 2833 causa
556 2777 774 2834 sobolis
806 2778 1214 2850 propagandae,
1247 2795 1505 2834 sororem
1538 2780 1650 2853 (38)
1702 2782 1812 2837 Ro-

162 2883 351 2923 manae
380 2866 683 2939 dignitatis
727 2867 998 2939 Augusti,
1055 2866 1323 2923 videlicet
1370 2868 1517 2939 [ms.,
1570 2869 1814 2944 scilicet]

168 2955 644 3029 Heinrici,quiob
658 2956 1173 3012 mansuetudinem
1189 2972 1418 3013 morum
1440 2958 1576 3013 Pius
1608 2964 1696 3014 est
1718 2977 1815 3034 ap-

166 3044 439 3118 pellatus,
469 3043 704 3117 Gyslam
736 3045 972 3100 nomine
1005 3044 1141 3116 (39),
1176 3044 1288 3101 sibi
1334 3044 1392 3100 in
1441 3047 1815 3105 matrimonio

167 3136 317 3207 [ms.,
349 3134 727 3189 matrimonio
754 3135 875 3189 sine
896 3133 980 3198 in]
1015 3132 1277 3200 sociavit,
1303 3149 1482 3205 quam
1544 3135 1816 3193 unctione

1838 1848 1887 1913 B

1996 1892 2082 1947 15,
2117 1892 2331 1948 Eodem
2364 1894 2623 1965 tempore
2684 1892 3037 1949 monasterio
3089 1894 3282 1950 Sancti
3340 1894 3576 1952 Martini

1921 1984 2046 2036 erat
2078 1980 2403 2036 monachus
2424 1982 2689 2053 quidam,
2728 1982 3110 2039 Sebastianus
3132 1983 3389 2054 nomine,
3407 1986 3578 2056 cujus

1923 2068 2244 2141 probabilis
2274 2070 2410 2134 vita,
2446 2075 2503 2125 et
2531 2071 2742 2126 devota
2771 2071 2829 2125 in
2862 2070 2963 2126 Dei
2988 2072 3222 2128 servitio
3243 2072 3447 2146 religio
3470 2073 3576 2130 ha-

1924 2157 2201 2215 bebatur:
2233 2157 2392 2213 hunc
2424 2175 2523 2213 rex
2561 2158 2911 2214 venerabilis
2954 2159 3104 2215 miro
3155 2177 3353 2217 amore
3399 2162 3577 2236 coepit

1923 2245 2187 2319 diligere,
2221 2247 2361 2318 quia
2391 2254 2608 2319 quanto
2630 2248 2764 2319 quis
2796 2246 3120 2320 religiosior
3146 2252 3311 2305 tanto
3350 2249 3402 2305 ei
3451 2253 3577 2309 erat

1923 2334 2229 2407 acceptior.
2266 2334 2438 2389 Illum
2473 2351 2610 2407 ergo
2632 2336 2707 2391 ob
2735 2335 2865 2391 vita:
2898 2336 3109 2392 merita
3137 2334 3456 2409 pontificali
3479 2337 3578 2394 ho-

1923 2439 2064 2478 nore
2097 2422 2342 2495 dignum
2369 2422 2671 2494 judicans,
2735 2423 2988 2495 regendo
3046 2423 3436 2497 Strigoniensi
3491 2441 3579 2480 ar-

1922 2510 2381 2583 chiepiscopatui
2412 2527 2547 2566 eum
2577 2510 2851 2583 praefecit.
2885 2512 2955 2567 Et
2996 2511 3275 2584 quoniam
3324 2512 3581 2586 ﬂagellat

1922 2600 2076 2656 Deus
2106 2615 2339 2655 omnem
2373 2598 2562 2655 ﬁlium
2582 2617 2756 2672 quem
2778 2600 3002 2673 recipit,
3030 2602 3375 2674 praedictum
3403 2602 3577 2658 Seba-

1922 2688 2202 2754 stianum,
2227 2688 2299 2743 ad
2324 2688 2685 2760 probandam
2711 2688 2899 2761 ipsius
2913 2689 3280 2761 patientiam,
3305 2708 3578 2765 corpora-

1921 2777 2067 2833 lium
2100 2777 2402 2833 oculorum
2434 2775 2658 2833 lumine
2689 2778 2797 2850 (43)
2825 2778 2898 2833 ad
2920 2782 3154 2852 tempus
3184 2780 3447 2853 privavit.
3464 2780 3576 2837 Sed

1923 2882 1995 2922 ne
2026 2864 2287 2921 novellus
2320 2866 2378 2920 in
2412 2865 2523 2920 ﬁde
2543 2882 2682 2938 grex
2713 2867 2935 2938 absque
2985 2868 3236 2939 pastoris
3290 2867 3577 2941 regimine

1922 2970 1956 3009 a
1985 2954 2126 3009 recti
2157 2954 2415 3010 tramitis
2444 2955 2741 3026 proposito
2772 2954 3046 3022 deviaret,
3080 2972 3183 3028 per
3216 2974 3573 3014 consensum

1926 3042 2171 3098 Romani
2200 3042 2495 3115 pontiﬁcis
2527 3060 2678 3116 saepe
2708 3044 2931 3099 dictum
2959 3045 3251 3100 Astricum
3300 3044 3576 3103 Colocen-

1926 3147 2049 3186 sem
2082 3130 2422 3204 episcopum
2450 3131 2510 3187 in
2542 3130 2702 3186 illius
2732 3130 2927 3187 locum
2961 3132 3284 3188 substituit.
3320 3131 3580 3189 Evolutis

160 3221 465 3279 chrismali
495 3227 859 3294 perunctam,
893 3226 1223 3293 gestantem
1245 3238 1520 3277 coronam
1543 3224 1704 3296 regni
1728 3242 1816 3281 so-
1845 3213 1887 3280 C
1924 3219 2135 3275 deinde
2166 3220 2347 3275 trium
2379 3236 2669 3277 annorum
2700 3220 2956 3292 circulis,
2979 3221 3462 3291 Sebastianus,ex
3481 3221 3579 3277 Dei

161 3310 315 3367 ciam
338 3327 468 3367 esse
500 3309 822 3366 constituit.
856 3312 990 3375 Quae
1019 3310 1211 3381 qualis
1258 3326 1397 3383 erga
1439 3309 1539 3365 Dei
1589 3311 1817 3368 cultum

159 3399 450 3456 orandum
482 3399 596 3471 (40)
627 3398 940 3466 exstiterit,
977 3415 1151 3470 quam
1186 3398 1297 3470 (41)
1329 3399 1604 3471 frequens
1619 3405 1675 3456 et
1717 3401 1817 3457 be-

158 3489 395 3546 nedicta
414 3488 567 3545 circa
598 3489 695 3544 Dei
727 3488 1085 3544 serventium
1118 3489 1597 3562 congregationes
1644 3508 1819 3564 appa-

160 3577 368 3646 ruerit,
402 3576 723 3633 multarum
758 3576 1135 3633 ecclesiarum
1168 3576 1496 3646 cruces,vel
1542 3596 1682 3635 vasa
1726 3579 1816 3636 vel

158 3670 529 3741 paramenta,
568 3682 741 3739 Opere
768 3666 1015 3722 miriﬁco
1030 3664 1280 3722 factavel
1302 3671 1591 3737 contexta,
1630 3685 1819 3740 usque

158 3753 338 3811 hodie
362 3757 675 3810 testantur.
712 3754 832 3809 Prae
859 3753 1086 3809 cunctis
1116 3757 1311 3809 tamen
1339 3753 1552 3809 domus
1598 3755 1819 3827 episco-

159 3848 340 3916 patus
372 3841 827 3915 Vesprimensis,
862 3859 1040 3914 quam
1076 3840 1204 3915 ipsa
1226 3860 1260 3898 a
1284 3842 1670 3899 fundamento
1712 3859 1821 3900 coe-

160 3936 352 4006 ptam,
379 3931 655 3987 omnibus
685 3930 1053 3987 sutficientiis
1070 3931 1141 3986 ad
1170 3931 1471 3987 servitium
1490 3931 1589 3987 Dei
1606 3932 1662 3988 in
1677 3949 1819 3989 auro

160 4026 222 4077 et
266 4023 507 4094 argento
548 4019 1028 4093 vestimentisque
1071 4019 1498 4093 multiplicibus
1544 4021 1821 4078 nobiliter

160 4109 489 4166 adornavit.

237 4199 325 4254 14.
351 4198 481 4269 Ipse
508 4213 643 4253 vero
678 4196 796 4252 Rex
828 4196 1123 4269 episcopis
1153 4213 1342 4269 nuper
1371 4198 1645 4270 inccepta,
1694 4202 1815 4255 tam

170 4285 448 4344 videlicet
477 4284 1033 4358 archiepiscopalem
1048 4301 1224 4356 quam
1240 4302 1446 4342 omnes
1462 4286 1819 4360 episcopales

159 4374 462 4442 ecclesias,
507 4371 938 4445 amplissimam
978 4372 1228 4445 singulis
1257 4373 1568 4445 assignans
1607 4376 1814 4432 dicace-

238 4498 354 4581 (33)
386 4498 449 4555 In
498 4514 611 4553 ms.
670 4496 904 4581 legitur,
934 4497 1131 4580 ,λιαζαεί
1172 4499 1768 4581 signant‘apostolatus
1794 4519 1813 4555 :

1929 3307 2332 3363 misericordia
2362 3312 2591 3380 recepto
2621 3307 2865 3376 lumine,
2889 3325 3127 3364 rursum
3149 3325 3254 3380 per
3274 3308 3579 3381 apostolici

1925 3394 2238 3453 consilium
2261 3413 2378 3451 suae
2411 3396 2534 3452 sedi
2565 3396 2873 3453 restitutus
2895 3400 3003 3465 est,
3060 3401 3117 3453 et
3181 3396 3449 3453 Astricus
3505 3397 3578 3453 ad

1927 3502 2096 3541 suam
2126 3484 2467 3553 Ecclesiam,
2502 3484 2774 3542 videlicet
2802 3485 3203 3555 Colocensem,
3232 3502 3370 3542 cum
3402 3484 3580 3559 pallio

1926 3572 2120 3629 rediit.

2563 3688 2791 3746 CAPUT
2828 3690 2924 3747 III.

1928 3779 2111 3832 Pietas
2138 3778 2199 3852 in
2229 3777 2447 3852 acutam
2482 3779 3027 3852 Virginemmstructa
3075 3788 3375 3852 ornataque
3423 3779 3581 3836 donis

2000 3857 2056 3923 et
2094 3848 2404 3923 priuilegiis
2458 3851 2685 3923 ecclesia
2740 3850 2894 3907 Albae
2950 3852 3172 3921 regalis,
3230 3848 3582 3923 fundationes

1994 3920 2103 3990 piae
2151 3920 2559 3993 Hierosolymis,
2610 3922 2808 3987 Romae,
2858 3920 3365 3993 Constantinopoli;
3410 3922 3581 3977 mise-

1999 3980 2238 4116 Ziiordia
2292 3998 2343 4045 et
2396 3980 2702 4048 liberalitas
2756 3980 2921 4061 regis,
2983 3980 3351 4064 ejusdemque
3404 3994 3580 4048 mira-

2034 4079 2052 4117 z
2083 4078 2156 4117 ια.

1998 4196 2085 4251 16.
2120 4195 2255 4250 Erat
2282 4193 2504 4249 interea
2534 4209 2633 4249 rex
2661 4191 2814 4247 idem
2849 4193 3111 4250 ﬁdelisin
3135 4195 3411 4253 omnibus
3433 4193 3581 4251 acti-

1924 4284 2037 4340 bus
2066 4284 2211 4349 suis,
2240 4283 2355 4338 Deo
2381 4281 2634 4355 perfecte
2664 4281 2898 4339 deditus
2930 4300 3033 4355 per
3061 4286 3259 4339 votum
3304 4287 3363 4340 et
3415 4283 3581 4341 obla-

1926 4373 2166 4441 tionem,
2200 4372 2585 4443 semetipsum
2604 4387 2737 4426 cum
2764 4387 2942 4445 regno
2974 4388 3082 4428 suo
3113 4372 3224 4428 sub
3246 4373 3433 4433 tutela
3455 4389 3582 4446 per-

1925 4513 2039 4570 non
2071 4494 2401 4570 Cartbuitii,
2438 4494 3132 4570 cuieum__attribuerunt
3169 4495 3371 4569 aliqui,
3423 4498 3580 4570 quod

156 4567 375 4654 Sui-ius
436 4586 541 4654 ceu
562 4567 893 4654 apostolatus
923 4570 1161 4654 insigne.
1192 4572 1257 4623 ln
1306 4567 1584 4654 editione,
1637 4586 1817 4654 quam
1851 4580 1897 4645 ι)
1930 4567 2115 4654 solam
2146 4567 2440 4654 vidissent
2469 4567 2994 4654 Surii'ed‘iti‘onem.‘

485 4640 757 4709 habetur,
852 4641 1248 4712 apostolitatus,
1350 4640 1503 4712 quod
1601 4640 1822 4697 correxi

159 4642 402 4711 recudo,

163 4729 794 4856 ex(S'I.ll}3._Mendosahic
811 4786 902 4856 est
930 4782 1129 4847 editio,
1162 4785 1219 4838 et
1247 4799 1358 4837 ms.
1398 4782 1575 4856 editio
1621 4782 1816 4856 habet,

160 4853 346 4928 prout
373 4853 853 4928 locumgreddidi;
903 4871 1014 4910 ms.
1054 4855 1313 4928 vitioque
1350 4854 1533 4909 nihilo
1574 4855 1815 4928 melius.

157 4925 377 4983 Surius
405 4943 539 4982 vero
570 4926 765 4982 locum
797 4932 950 4981 recte
983 4925 1271 4997 expressit
1300 4925 1409 4997 hoc
1454 4927 1658 4981 modo:
1713 4927 1816 4981 Eo-

159 4996 513 5069 clesias_Dei
543 5014 662 5069 una
691 5013 827 5052 cum
857 4995 1087 5069 populis
1119 5001 1322 5052 nostra
1349 4996 1469 5052 vice
1482 4997 1532 5052 ei
1548 4998 1819 5052 ordinan-

159 5070 283 5142 das
304 5066 733 5142 relinquimus.
772 5091 793 5116 ι

237 5140 353 5212 (35)
386 5138 449 5195 In
488 5136 763 5194 'editione
819 5136 1035 5210 legitur
1088 5139 1186 5193 vix
1267 5138 1564 5212 mendose.
1599 5138 1820 5212 Idcirco

156 5209 370 5268 vocem
401 5215 709 5267 mutuatus
739 5226 873 5266 sum
932 5225 1001 5264 ex
1051 5225 1189 5274 ms.,
1246 5209 1347 5264 ubi
1398 5211 1485 5264 vir
1540 5214 1691 5265 recte
1714 5209 1818 5266 ha-

161 5284 348 5339 betur

237 5325 369 5426 tvgd)’
386 5352 672 5426 Loquitur
698 5352 770 5407 de
792 5350 1022 5426 legibus
1053 5350 1550 5426 perStephanum
1576 5350 1732 5408 latis.

237 5422 355 5497 (37)
385 5424 448 5479 In
472 5422 582 5479 ms.
614 5430 774 5494 forte,
826 5422 1022 5478 minus
1067 5424 1238 5491 recte,
1289 5426 1346 5477 et
1393 5439 1528 5478 mox
1569 5426 1666 5493 qui
1710 5440 1818 5496 pro

158 5495 636 5639 ᾳῗιῖἕέλδονονθγη
664 5563 843 5620 habet
871 5563 1200 5639 haecditio
1224 5580 1527 5639 tequemae
1559 5579 1672 5639 ms.
1715 5565 1823 5620 Su-

157 5634 295 5702 rius
324 5634 502 5718 ﬁliam
528 5651 834 5715 perperam
864 5634 1064 5698 edidit.
1096 5637 1170 5697 At
1195 5634 1357 5698 error
1382 5634 1481 5698 ille
1508 5635 1662 5695 Surii
1703 5639 1814 5716 est,

2003 4638 2114 4709 (39)
2144 4637 2349 4709 Gislam
2381 4654 2587 4709 rursus
2634 4637 2812 4694 habet
2863 4640 3038 4695 editio
3089 4655 3225 4694 cum
3267 4656 3380 4696 ms.
3435 4639 3579 4696 Gise-
3615 4637 3623 4647 ’

1931 4707 2044 4783 lain
2064 4707 2249 4783 edidit
2280 4708 2509 4772 Surius,
2545 4713 2717 4779 prout
2746 4726 2877 4765 eam
2932 4710 3153 4783 passim
3202 4715 3412 4766 vocant
3442 4726 3579 4767 neo-

1930 4778 2114 4836 terici.

2000 4849 2356 4932 ({10).Surius'
2384 4847 2479 4903 hic
2518 4848 2733 4904 rectius
2762 4851 3093 4919 ornandum,
3145 4851 3230 4908 uti
3278 4856 3577 4909 auctorem

1930 4938 2237 4993 scripsisse
2266 4936 2490 4992 opinor.

1937 5065 1948 5075 _
2002 4992 2206 5075 (41_).I.n
2240 5008 2369 5075 ms;
2389 4992 2547 5063 quasi
2590 5007 2707 5075 pro.
2738 5008 2945 5075 quam;
2993 5009 3127 5075 mox
3182 4993 3440 5075 benedice
3468 5009 3575 5075 pro

2002 5010 2114 5064 (41)
2146 5010 2206 5046 1n
2240 5010 2353 5046 ms.
2389 5010 2545 5063 quas:
2590 5010 2695 5064 pro
2738 5010 2903 5062 quam
2921 5011 2945 5057 ;
2993 5010 3127 5049 mox
3182 5010 3440 5050 oeneazea
3510 5010 3555 5049 r<

1931 5064 2210 5120 benedicta
2238 5069 2295 5135 et
2326 5063 2724 5135 DeoproADei,
2761 5063 2870 5120 hoc
2917 5064 3128 5135 modo:
3164 5086 3193 5114 «
3242 5065 3418 5130 Quasi
3468 5010 3555 5122 βω

1929 5151 2115 5219 quens
2146 5138 2204 5190 et
2235 5132 2516 5219 benedica
2545 5132 2701 5189 circa
2728 5134 2845 5219 Deo
2875 5134 3254 5219 servientium
3267 5152 3583 5219 congrega-

1928 5205 2159 5280 tiones,_
2177 5227 2205 5280 η
2237 5209 2346 5261 etc.
2381 5205 2827 5280 Rursumpaulo
2840 5207 3183 5280 postminus
3201 5211 3353 5263 recte
3375 5205 3434 5262 in
3460 5205 3573 5263 ms.

1928 5293 2098 5348 usque
2124 5277 2213 5332 die
2232 5293 2337 5348 pro
2356 5293 2526 5348 usque
2545 5277 2723 5334 hodie.

1999 5349 2111 5431 (12)
2145 5349 2238 5404 Ha:
2259 5348 2386 5431 duae
2412 5364 2583 5431 voces
2611 5364 2679 5404 ex
2701 5366 2812 5404 ms.
2837 5354 2977 5431 sunt
2999 5350 3344 5431 desumpta,
3361 5367 3499 5405 nam
3516 5348 3577 5406 in

1928 5418 2389 5492 edito’mendose
2417 5418 2668 5476 habetur
2696 5436 2800 5492 quo
2830 5420 3095 5476 advitrix.

2022 5492 2109 5555 43)
2132 5491 2278 5571 _Post
2315 5490 2686 5571 hanc_v_ocem
2706 5490 2948 5549 additur
2975 5508 3101 5551 eum
3127 5493 3188 5550 in
3216 5492 3371 5552 edito
3420 5493 3577 5571 quod.

1926 5561 2232 5631 redundat,
2267 5578 2374 5622 nec
2404 5561 2575 5621 estin
2603 5578 2716 5625 ms.
