3968 6158
381 224 539 291 1219

1382 225 1447 287 S.
1495 220 1887 286 STEPHANI
1933 218 2488 285 HUNGARORUM
2532 217 2786 281 REGIS.

3636 206 3806 279 4230

373 364 558 431 petum
576 357 836 431 Virginis
853 356 953 414 Dei
967 357 1265 430 genitricis
1278 356 1467 413 Mariae
1482 357 1752 430 precibus
1768 355 2024 413 assiduis
2053 357 2107 422 Α
2138 355 2570 428 comprobatur,
2604 352 2705 425 qui
2735 351 2902 407 bonae
2918 345 3236 404 voluntatis
3253 349 3310 401 et
3336 342 3529 417 operis
3545 343 3796 405 famam,

374 448 701 515 conferens,
735 448 906 519 cujus
928 446 1115 521 gloria
1143 452 1198 503 et
1226 447 1411 503 honor
1442 450 1559 501 tam
1593 445 1839 502 celebris
1872 445 2024 500 inter

375 538 683 609 Hungaros
714 536 965 591 habetur
986 536 1139 607 quod
1166 535 1339 590 etiam
1361 534 1648 591 festivitas
1666 533 2026 605 Assumptio—

376 627 469 682 nis
493 625 760 698 ejusdem
791 623 1073 696 Virginis,
1107 624 1231 678 sine
1261 624 1658 679 additamento
1680 622 1898 694 proprii
1926 638 2025 677 no-

376 715 577 782 minis,
613 714 874 787 ipsorum
908 711 1110 785 lingua
1134 713 1260 768 dies
1305 712 1564 767 Dominae
1606 711 1910 767 vocitetur.
1960 711 2027 765 Et

376 809 442 860 ut
472 804 753 874 majorem
783 800 1138 856 defensionis
1158 799 1617 856 misericordiam
1640 800 1917 871 consequi
1936 816 2028 854 va-

376 893 536 958 leret,
569 891 629 945 in
662 890 790 961 ipsa
834 889 1046 962 regalis
1104 889 1260 945 sedis
1318 888 1568 955 civitate,
1630 905 1754 958 quae
1814 887 2028 943 dicitur

376 980 535 1048 Alba,
570 978 681 1034 sub
705 977 876 1033 laude
902 982 958 1033 et
974 976 1144 1033 titulo
1166 977 1434 1047 ejusdem
1455 976 1713 1049 Virginis
1736 962 2025 1049 perpetuae

374 1069 660 1124 famosam
692 1072 751 1123 et
783 1067 1065 1139 grandem
1096 1065 1405 1121 basilicam
1437 1082 1609 1138 opere
1645 1064 1911 1130 miriﬁco,
1933 1081 2024 1119 ce-

375 1157 585 1214 laturis
609 1156 670 1212 in
700 1156 858 1211 chori
886 1155 1102 1228 pariete
1125 1154 1440 1219 distinctis,
1460 1154 1791 1226 pavimento
1809 1152 2027 1208 tabulis

381 1246 728 1302 marmoreis
757 1249 960 1312 strato,
990 1248 1327 1300 construere
1353 1244 1562 1316 coepit;
1598 1260 1774 1315 quam
1799 1242 1899 1314 qui
1938 1241 2026 1295 vi-

377 1337 495 1407 det,
509 1335 737 1390 veritati
763 1334 1164 1390 testimonium
1190 1333 1455 1405 perhibet
1475 1332 1781 1388 verborum
1800 1335 2027 1387 nostro-

381 1441 537 1489 rum,
571 1421 1026 1479 innumerabilia
1054 1420 1365 1493 palliorum
1399 1421 1514 1492 [et]
1547 1423 2026 1492 paramentorum

377 1513 458 1568 ibi
488 1530 617 1569 esse
647 1529 879 1585 genera,
914 1510 1147 1566 tabulas
1179 1509 1332 1565 circa
1384 1509 1590 1564 altaria
1639 1508 1863 1589 plures.
1886 1525 2027 1563 auro

376 1601 694 1674 purissimo
719 1599 1051 1666 fabricatas,
1076 1598 1338 1671 lapidum
1362 1597 1767 1669 [al.,mendose,
1792 1595 2025 1667 lapidis]

382 1689 565 1744 series
585 1688 1149 1760 pretiosissimorum
1172 1686 1230 1741 in
1254 1703 1316 1741 se
1338 1686 1722 1754 continentes,
1741 1683 2025 1739 ciborium
2062 1727 2108 1792 Β

383 1781 511 1833 arte
542 1775 797 1833 mirabili
823 1791 1004 1847 supra
1017 1792 1280 1830 mensam
1294 1773 1510 1829 Christi
1535 1780 1815 1840 erectum,
1840 1789 2029 1828 came-

381 1883 511 1921 ram
543 1865 700 1921 omni
732 1880 941 1938 genere
962 1880 1235 1919 vasorum
1259 1861 1731 1935 crystallinorum
1755 1862 1876 1932 [al.,
1905 1878 2030 1932 cry-

384 1953 737 2024 stallorum],
773 1951 1219 2025 onychinorum,
1254 1967 1587 2017 aureorum,
1621 1953 2029 2023 argenteorum

378 2041 631 2115 plenitcr
661 2042 952 2098 refertam.
1892 2082 1903 2093 .

452 2133 539 2186 17.
573 2130 760 2185 Tanta
787 2133 1090 2186 venustate
1122 2128 1586 2201 suprascriptam
1617 2126 1921 2184 ecclesiam
1970 2125 2030 2180 in

381 2218 681 2293 propriam
712 2216 993 2290 capellam
1019 2234 1118 2273 rex
1139 2217 1251 2273 sibi
1275 2216 1551 2284 retinens,
1579 2215 1682 2271 tali
1704 2232 1834 2271 eam
1856 2214 2031 2270 liber-

378 2311 496 2364 tate
528 2307 747 2363 dotavit
779 2310 844 2362 ut
871 2307 1069 2363 nullus
1094 2306 1503 2379 episcoporum
1524 2305 1584 2360 in
1605 2321 1672 2360 ea
1689 2305 1845 2377 juris
1867 2304 2033 2376 quid-

380 2413 559 2470 quam
590 2396 864 2464 haberet;
900 2396 959 2451 in
991 2395 1083 2451 die
1113 2394 1291 2451 etiam
1319 2393 1704 2450 absolutionis
1737 2398 1792 2448 et
1829 2408 2033 2448 conse-

381 2485 660 2541 crationis
688 2484 1045 2552 chrismatis,
1079 2484 1410 2554 cuicunque
1430 2482 1703 2554 episcopo
1723 2480 1810 2537 vel
1835 2481 2029 2551 injun-

380 2579 542 2647 geret
572 2591 670 2629 rex
696 2574 777 2629 ibi
828 2589 1106 2644 praesens,
1156 2571 1244 2628 vel
1294 2570 1434 2626 illuc
1487 2571 1744 2626 mitteret
1794 2570 2027 2637 absens,

379 2662 725 2734 pcenitentes
743 2662 801 2715 in
824 2677 892 2717 ea
912 2661 1252 2727 absolveret,
1277 2664 1331 2715 et
1353 2659 1609 2715 chrisma
1631 2663 2029 2726 consecraret;

379 2750 576 2806 divina
607 2766 841 2822 quoque
887 2749 1201 2805 Missarum
1248 2748 1554 2815 solemnia,
1607 2748 1656 2804 si
1703 2763 1896 2820 regem
1949 2746 2027 2801 ibi

378 2856 507 2895 esse
528 2842 871 2911 praesentem
900 2838 1281 2909 contingeret,
1302 2835 1398 2892 ille
1418 2840 1647 2891 tantum
1673 2835 1793 2909 [al.,
1809 2835 2030 2905 tamen]

377 2927 697 2984 celebraret
727 2926 1057 2999 episcOpus,
1119 2926 1210 2980 cui
1268 2942 1386 2992 rex,
1446 2924 1846 2980 consentiente
1893 2940 2029 2978 cum

376 3016 658 3073 fratribus
689 3014 1021 3087 praeposito,
1054 3013 1347 3070 celebrare
1369 3014 1624 3085 juberet.
1660 3014 1721 3068 In
1742 3012 1893 3086 regis
1924 3029 2026 3067 au-

2136 462 2309 520 quam
2342 444 2400 498 in
2432 440 2792 497 aediﬁcandis
2818 438 3083 495 ecclesiis
3117 436 3174 492 in
3223 432 3612 507 amplitudine
3659 448 3797 504 pro-

2134 533 2243 606 prii
2270 532 2426 603 juris
2457 532 2569 603 (45)
2601 532 2952 595 exercuerat,
2980 528 3039 581 in
3072 525 3241 598 longe
3263 524 3485 597 positas
3502 526 3693 577 terras
3742 526 3802 576 et

2136 623 2310 677 urbes
2344 619 2772 676 famosissimas
2788 617 3164 689 disperserat.
3186 611 3530 669 Construxit
3549 609 3713 666 enim
3737 609 3800 664 in

2132 711 2259 783 ipsa
2287 707 2744 765 conversationis
2769 705 2981 761 Christi
3003 705 3323 761 secundum
3350 698 3799 756 humanitatem

2133 801 2363 856 civitate
2391 796 2754 854 Hierusalem
2795 794 3219 850 monachorum
3251 789 3605 855 cmnobium,
3632 789 3798 860 quod

2134 889 2368 962 praediis
2399 888 2606 942 ditavit
2637 889 2694 941 et
2737 885 2945 952 vineis,
2994 883 3065 939 ad
3112 881 3334 937 victum
3382 878 3800 953 quotidianum

2136 979 2361 1051 copiam
2393 975 2888 1033 ministrantibus.
2916 974 2979 1028 In
3036 971 3222 1045 capite
3280 985 3515 1042 quoque
3562 966 3794 1031 mundi,

2135 1067 2349 1131 Romae,
2383 1066 2492 1120 sub
2526 1064 2694 1119 titulo
2726 1060 3171 1135 protomartyris
3204 1056 3486 1131 Stephani
3517 1053 3795 1110 duodcim

2137 1158 2217 1227 [in
2234 1172 2337 1209 ms.
2368 1152 2798 1221 duodecimam]
2823 1149 3238 1206 canonicorum
3263 1144 3796 1219 congregationem,

2138 1241 2364 1299 cunctis
2392 1240 2759 1313 pertinentiis
2803 1238 3141 1295 abundante
3191 1235 3316 1309 {al.,
3370 1233 3788 1296 abundantem,

2138 1332 2361 1399 statuit,
2396 1335 2453 1385 et
2484 1328 2787 1385 materiam
2831 1328 2890 1382 in
2942 1326 3189 1382 circuitu
3239 1324 3431 1398 lapide
3478 1318 3793 1382 muratam]

2138 1438 2270 1476 cum
2305 1419 2579 1475 domibus
2610 1418 2746 1489 (46),
2780 1421 2838 1471 et
2864 1415 3136 1488 hospitiis
3178 1414 3612 1488 Hungarorum,
3663 1427 3789 1466 ora-

2140 1509 2313 1564 tionis
2344 1525 2520 1563 causa
2533 1506 2685 1562 beati
2704 1504 2986 1577 principis
3002 1502 3401 1576 apostolorum
3420 1498 3792 1557 Petrilimina

2138 1597 2544 1670 quaerentium,
2577 1595 2857 1651 condidit.
2876 1595 3068 1666 Ipsam
3091 1608 3322 1665 quoque
3339 1592 3564 1665 regiam
3585 1589 3789 1644 urbem

2139 1684 2698 1758 Constantinopolim
2716 1683 3133 1739 beneficiorum
3149 1696 3392 1736 munere
3412 1696 3530 1735 non
3544 1676 3791 1751 privavit

2140 1793 2319 1849 quam
2350 1774 2592 1830 ecclesia
2623 1771 2855 1828 mirifici
2888 1773 3010 1843 [al.,
3042 1771 3291 1827 mendose
3312 1768 3580 1839 miriﬁce]
3598 1764 3789 1839 operis

2140 1882 2275 1920 cum
2309 1862 2653 1920 necessariis
2684 1861 2961 1917 omnibus
2987 1861 3113 1915 suis
3145 1859 3398 1914 donavit.
3424 1856 3632 1913 Merito
3654 1870 3787 1927 ergo

2142 1955 2294 2010 infra
2320 1953 2601 2009 terminos
2631 1969 2750 2007 sure
2767 1948 3186 2006 dominationis
3203 1963 3415 2002 nomen
3436 1946 3692 2016 adeptus
3705 1948 3793 1999 est

2139 2041 2421 2116 Apostoli,
2455 2046 2512 2097 et
2537 2039 2804 2113 quamvis
2836 2055 3012 2111 super
3040 2055 3102 2095 se
3133 2035 3651 2109 evangelizandum
3676 2049 3791 2088 non

2142 2131 2466 2203 assumpsit
2495 2129 2755 2186 officium
2804 2126 3273 2200 pradicatorum,
3327 2129 3523 2180 tamen
3577 2123 3700 2178 dux
3737 2125 3793 2177 et

2142 2222 2422 2294 magister
2452 2221 2600 2291 ejus,
2634 2216 2943 2273 tutaminis
2973 2221 3030 2271 et
3059 2213 3501 2272 sustentationis
3532 2210 3791 2268 instituit

2142 2311 2349 2368 solatiu
2358 2327 2412 2364 m
2424 2351 2437 2364 .

2214 2401 2298 2455 19.
2334 2399 2490 2455 Inter
2512 2397 2711 2453 omnia
2740 2412 3004 2468 supernze
3038 2393 3431 2451 miserationis
3478 2390 3786 2457 beneficia,

2141 2489 2308 2544 beato
2340 2486 2462 2560 regi
2492 2485 2774 2541 divinitus
2788 2501 3086 2551 concessa,
3102 2500 3215 2556 pra:
3230 2482 3506 2538 omnibus
3528 2484 3671 2536 sunt
3690 2477 3789 2534 illa

2140 2573 2671 2647 miranda,scriptis
2685 2573 3306 2643 commendanda,quze
3319 2570 3514 2626 locum
3528 2567 3784 2641 primum

2139 2665 2400 2721 obtinent
2430 2664 2503 2718 ad
2534 2669 2757 2718 aternas
2783 2662 2910 2716 vita:
2940 2660 3154 2734 gaudia
3186 2658 3591 2731 promerenda,
3612 2656 3787 2712 mise-

2140 2752 2390 2809 ricordia
2420 2750 2643 2807 scilicet
2669 2756 2726 2806 et
2754 2751 2984 2806 veritas.
3022 2751 3083 2805 ln
3116 2748 3402 2804 omnibus
3431 2747 3590 2803 enim
3621 2743 3789 2800 factis

2139 2842 2264 2897 suis
2280 2840 2545 2897 felicibus
2559 2839 2703 2895 illud
2726 2840 3063 2895 intendebat
3083 2854 3212 2893 esse
3230 2836 3615 2909 praecipuum,
3634 2833 3789 2906 quod

2140 2948 2207 2986 ex
2237 2929 2545 3003 Evangelio
2597 2927 2753 2983 fideli
2805 2928 3059 3000 pectoris
3107 2923 3567 2996 comtemplatus
3602 2927 3692 2978 est
3734 2922 3789 2976 vi

2140 3037 2317 3093 super
2344 3018 2601 3074 veritatis
2633 3016 2823 3090 ipsius
2854 3014 3179 3072 testimonii
3197 3014 3306 3085 (47)
3330 3012 3611 3069 dicentis:
3633 3012 3791 3067 Beati

374 3110 492 3161 tem
525 3104 809 3171 absentia,
843 3104 1066 3176 absque
1096 3102 1395 3176 Ρνθθροεὶιί
1426 3107 1482 3157 et
1506 3102 1750 3156 fratrum
1774 3100 2024 3169 licentia,
2059 3091 2102 3158 Ο
2139 3091 2536 3175 misericordes,
2570 3108 2829 3177 quoniam
2861 3105 2970 3177 ipsi
3001 3102 3433 3159 misericordiam
3456 3116 3789 3171 consequen-

376 3195 688 3267 episcopus
716 3192 803 3249 vel
836 3194 1048 3249 missas
1078 3190 1430 3256 celebrandi,
1462 3191 1881 3262 velcujuslibct
1903 3189 2027 3262 epi-

376 3282 628 3355 scopalis
649 3280 1170 3348 ofﬁciiexercendi,
1192 3279 1303 3336 sibi
1318 3279 1615 3335 licentiam
1645 3296 1758 3335 non
1778 3295 2026 3350 usurpa-

378 3375 484 3428 ret.
520 3373 803 3427 Przeterea
831 3372 1103 3427 eumdem
1134 3368 1390 3425 ecclesiis
1437 3368 1723 3441 populum
1772 3367 2028 3423 instituit

376 3476 504 3516 esse
553 3464 673 3515 tam
733 3459 1003 3525 liberum,
1060 3462 1124 3513 ut
1176 3456 1322 3513 nihil
1380 3458 1742 3513 decimarum
1791 3456 2027 3512 cuidam

377 3548 648 3619 episcopo
679 3548 817 3602 dare
846 3548 1102 3614 deberet,
1136 3547 1236 3601 sed
1268 3545 1577 3618 prznposito
1635 3545 1743 3601 soli
1802 3549 1859 3600 et
1914 3544 2026 3599 fra-

377 3636 590 3701 tribus,
624 3638 796 3706 prout
820 3635 892 3690 ab
926 3651 991 3690 eo
1021 3634 1359 3689 institutum
1391 3638 1500 3704 est,
1533 3633 1836 3690 servitium
1867 3631 2027 3688 exhi—

388 3725 547 3781 beret
575 3724 712 3795 (44).

448 3813 535 3867 18.
571 3812 789 3868 Deinde
821 3828 1024 3867 servus
1058 3811 1180 3879 Dei,
1216 3828 1342 3883 quae
1373 3815 1513 3865 tunc
1544 3811 1844 3883 acquirere
1876 3813 2030 3882 pote-

385 3906 493 3968 rat,
529 3900 726 3957 omnia
757 3900 1006 3968 Christo,
1032 3917 1158 3972 quae
1190 3917 1259 3955 ex
1290 3900 1476 3972 ipsius
1506 3900 1659 3955 dono
1717 3898 2025 3965 ﬂuxerant,

377 3991 638 4048 conferre
669 3990 897 4046 studuit
928 3994 985 4047 et
1016 3991 1234 4061 [Surius
1265 3990 1350 4060 ut]
1382 3989 1483 4062 qui
1541 4005 1676 4044 eum
1733 3989 1917 4061 gloria
1972 3991 2029 4043 et

376 4080 596 4137 honore
628 4078 833 4134 mundi
865 4078 1169 4151 prmsentis
1200 4078 1445 4150 dignum
1488 4079 1722 4144 fecerat,
1776 4075 2027 4132 cmlestis

375 4168 577 4240 patriae
607 4168 832 4223 civibus
863 4166 1178 4223 clementer
1208 4167 1496 4222 associare
1527 4167 1887 4238 dignaretur.
1930 4166 2028 4220 Le-

375 4258 572 4328 gimus
602 4256 663 4310 in
695 4256 1018 4329 prophetiis
1052 4256 1122 4311 de
1153 4254 1435 4326 apostolis
1467 4254 1752 4327 scriptum
1785 4255 1940 4326 quod
1964 4256 2023 4309 In

374 4361 589 4399 omnem
616 4347 823 4399 terram
852 4346 1025 4399 exivit
1050 4360 1216 4399 sonus
1248 4359 1457 4409 eorum,
1488 4346 1537 4398 et
1576 4344 1637 4396 in.
1687 4344 1822 4413 ﬁnes
1880 4343 2025 4398 orbis

2136 3201 2228 3252 tur
2256 3196 2440 3268 (Matii.
2475 3214 2529 3262 v,
2556 3196 2634 3262 7),
2684 3198 2740 3249 et
2785 3193 2845 3247 in
2894 3192 3006 3248 alio
3058 3191 3217 3247 loco:
3266 3191 3417 3257 Date,
3464 3198 3515 3245 et
3562 3189 3791 3244 dabitur

2134 3287 2284 3342 vobis
2314 3284 2462 3357 (Luc.
2496 3300 2574 3350 v1,
2601 3282 2713 3353 38).
2748 3281 2952 3338 Tantis
2984 3280 3165 3353 igitur
3192 3278 3696 3345 miserationibus,
3731 3282 3786 3333 et

2136 3373 2370 3446 pietatis
2399 3370 2656 3427 brachiis
2703 3369 2917 3425 Christi
2966 3385 3271 3441 pauperes,
3318 3369 3437 3423 imo
3486 3366 3787 3423 Christum

2133 3461 2352 3535 ipsum,
2375 3459 2861 3532 amplexatusest,
2891 3459 3045 3530 quod
3071 3456 3269 3513 nullus
3292 3472 3557 3528 unquam
3571 3454 3788 3526 hospes

2135 3556 2191 3606 et
2219 3536 2561 3622 peregrinus
2592 3549 2663 3603 ab
2695 3564 2760 3603 eo
2794 3546 2918 3603 sine
2952 3546 3330 3619 benignitatis
3353 3543 3614 3616 alicujus
3636 3542 3788 3599 sola-

2136 3640 2293 3695 mine
2322 3637 2507 3693 tristis
2540 3635 2843 3693 abscessit.
2879 3636 2962 3692 Ad
3004 3634 3415 3690 rcvelationem
3469 3647 3790 3706 egenorum

2137 3727 2507 3801 quotidianus
2539 3741 2823 3798 expensas
2857 3724 3253 3779 indcﬁcienter
3283 3722 3408 3777 fieri
3463 3720 3789 3787 constituit,

2137 3821 2452 3873 nocturnas
2482 3814 2714 3887 vigilias
2734 3814 2793 3868 in
2816 3812 3083 3868 lavandis
3103 3811 3317 3868 Christi
3341 3810 3604 3866 ﬁdelium
3625 3809 3794 3881 pedi-

2136 3906 2265 3973 bus,
2302 3905 2441 3965 etin
2473 3902 2906 3959 abscondendis
2939 3902 2998 3956 in
3032 3902 3165 3958 sinu
3195 3916 3521 3973 pauperum
3544 3898 3796 3955 eleemo-

2136 3995 2317 4067 synis,
2349 3992 2583 4066 agiliter
2613 3996 2669 4048 et
2699 3990 2965 4047 hilariter
2994 3991 3318 4063 transigere
3368 3988 3610 4056 solebat,
3666 4003 3797 4060 ege-

2137 4100 2277 4139 num
2295 4080 2590 4137 Christum
2612 4080 2670 4136 in
2700 4080 2980 4136 membris
2995 4079 3118 4136 suis
3140 4077 3432 4134 consolari
3456 4076 3793 4133 deliberans

2133 4169 2551 4243 temporaliter,
2587 4174 2650 4224 ut
2680 4168 2804 4241 ipse
2831 4169 2958 4223 vitae
2976 4168 3227 4225 caelestis
3242 4182 3534 4223 cameram
3558 4164 3791 4220 cunctis

2132 4259 2575 4316 delectamentis
2607 4259 2879 4314 refertam
2911 4257 3232 4323 inveniens,
3259 4254 3577 4327 jucundari
3599 4268 3785 4310 mere-

2135 4353 2294 4405 retur
2313 4353 2489 4404 aetern
2499 4347 2683 4403 aliter.

375 4436 535 4523 terrae
565 4432 733 4523 verba
758 4448 947 4523 eorum
976 4433 1145 4523 (Psal.
1177 4447 1340 4523 xviii,
1534 4431 1651 4523 Hoc
1682 4447 1797 4523 non
1816 4431 2020 4523 solum
2052 4457 2100 4523 D
2202 4441 2291 4492 20.
2327 4436 2586 4501 Quadam
2621 4452 2753 4491 vero
2784 4440 2951 4490 nocte
2977 4432 3269 4507 spirituali
3302 4433 3527 4488 monitu
3575 4434 3789 4495 tactus,

376 4521 446 4576 de
478 4518 809 4587 duodecim,
842 4519 943 4575 sed
977 4520 1047 4575 de
1076 4519 1397 4576 omnibusa
1418 4519 1533 4576 Deo
1550 4519 1750 4575 missis
1763 4521 1834 4576 ad
1858 4537 2024 4576 evan-

373 4608 744 4682 gelizandum
778 4608 1001 4664 dictum
1032 4625 1160 4665 esse
1218 4611 1517 4682 probatur,
1578 4626 1829 4681 quorum
1886 4610 2020 4677 ﬁde,

372 4699 565 4756 verbis
597 4702 655 4754 et
685 4698 950 4754 moribus
980 4698 1403 4755 incrementum
1444 4699 1597 4771 parit
1635 4698 1910 4755 Ecclesia.
1944 4699 2024 4755 De

372 4788 588 4862 quibus
619 4786 729 4843 iste
746 4786 1287 4844 Christianissimus
1300 4804 1397 4843 rex
1410 4804 1525 4843 non
1541 4787 1825 4845 minimus
1842 4787 2023 4843 fuisse

440 5001 555 5074 (44)
587 4999 716 5055 Haec
748 5000 947 5074 omnia
976 5001 1047 5057 de
1067 5001 1322 5074 ecclesia
1350 5000 1591 5058 Albensi
1643 5002 1847 5059 eodem
1908 5002 2024 5059 fere

375 5071 550 5130 modo
574 5071 831 5128 narravit
853 5072 1171 5128 Bontinius.

443 5146 554 5216 (45)
585 5143 655 5217 ΙᾶΔ
678 5147 767 5198 est
797 5143 855 5198 in
888 5143 1120 5217 propria
1149 5143 1391 5208 ditione,
1423 5160 1606 5217 eaque
1633 5143 2023 5217 amplissima.

443 5160 554 5216 (4ο)
585 5160 646 5198 ια
678 5160 767 5198 est
797 5160 855 5198 1n
888 5160 1120 5269 propria
1149 5160 1391 5208 ultione,
1423 5160 1606 5215 eaque

373 5217 602 5278 Surius,
634 5215 693 5269 in
721 5216 963 5286 propriae
1031 5217 1219 5270 itionis
1249 5216 1631 5286 amplitudine.

441 5288 552 5357 (46)
584 5285 649 5340 In
681 5301 792 5340 ms.
829 5287 1025 5341 minus
1055 5292 1237 5341 recte:
1273 5307 1298 5338 ιιι
1332 5285 1398 5340 Et
1427 5286 1743 5357 maceriam
1774 5286 2024 5343 circuitu

372 5356 566 5429 lapide
599 5361 889 5412 muratam
921 5358 1225 5429 domibus.
1248 5383 1276 5408 »ο
1310 5362 1420 5429 etc.
1454 5357 1585 5412 Mox
1612 5356 1787 5429 etiam
1808 5358 2024 5415 ibidem

376 5427 877 5503 pro_gyt«5§fentium
907 5429 1184 5503 mendose
1213 5427 1428 5503 legitur
1455 5428 1828 5503 quaerendum.

465 5495 556 5576 47)
613 5495 717 5555 Hic
768 5497 933 5557 locus
990 5495 1506 5560 mendose'editus
1564 5504 1672 5574 est,
1760 5501 2025 5563 diversus

2134 4527 2368 4582 nemine
2399 4525 2636 4590 sciente,
2656 4523 2820 4580 solus
2838 4523 3079 4596 plenum
3103 4522 3278 4578 homo
3300 4521 3398 4577 Dei
3428 4537 3643 4594 gerens
3664 4535 3787 4575 sac-

2133 4615 2352 4677 culum,
2387 4614 2601 4670 Christi
2634 4612 2919 4685 pusillum
2951 4628 3189 4685 gregem
3220 4615 3240 4678 (
3274 4612 3402 4666 Luc.
3430 4627 3534 4677 xu,
3568 4609 3663 4679 32)
3689 4625 3782 4664 so-

2133 4703 2236 4759 lito
2289 4719 2448 4758 more
2496 4701 2747 4773 perrexit
2794 4700 3062 4756 visitare:
3117 4698 3435 4771 statimque
3504 4712 3789 4770 pauperes

2132 4790 2551 4847 distribuendrc
2569 4788 2816 4844 caelestis
2834 4788 3094 4844 thesauri
3112 4788 3370 4861 pecuniae
3384 4786 3788 4844 disturbantes

2136 5006 2373 5078 quidem
2405 5004 2463 5078 in
2485 5021 2625 5078 ms”
2662 5021 2766 5059 nec
2786 5008 2981 5059 tamen
3015 5001 3341 5078 correctior.
3395 5000 3605 5078 Sprius
3656 5016 3785 5078 seu:

2135 5069 2266 5134 sum
2302 5076 2553 5148 reddidit
2589 5075 2905 5148 integrum,
2957 5075 3060 5148 sed
3111 5071 3601 5148 verbagmutavit.
3656 5069 3785 5126 Levi

2135 5147 2489 5205 correctione
2517 5141 2946 5214 emendabitur,
2982 5145 3028 5201 si
3062 5163 3165 5217 pro
3197 5145 3501 5200 testimonii
3522 5141 3787 5267 legamus

2136 5221 2462 5267 testimonio.
2498 5217 2561 5267 In
2593 5234 2704 5267 ms-
2748 5217 2950 5267 eadem
2998 5233 3105 5267 vox
3162 5214 3525 5267 corrigenda.
3609 5229 3787 5267 egen-

2136 5221 2462 5276 testimonio.
2498 5217 2561 5272 In
2593 5234 2704 5272 ms.
2748 5217 2951 5272 eadem
2998 5214 3105 5271 vox
3162 5214 3525 5287 corrigenda,
3552 5214 3789 5287 degen-

2136 5293 2397 5362 dumque
2427 5290 2803 5362 testimonium
2828 5305 2841 5355 ;
2870 5304 3008 5362 nam
3040 5287 3121 5342 ibi
3155 5283 3466 5362 habet—um}
3494 5283 3786 5356 ﬁdeli'pe-

2135 5356 2319 5418 ctoris
2344 5360 2772 5432 contemplatus
2801 5363 2891 5432 est
2921 5359 3094 5432 vis_u,.
3127 5382 3154 5408 »
3188 5375 3253 5413 ac
3281 5356 3496 5432 deinde
3526 5371 3680 5428 «per
3696 5370 3785 5411 ve-

2137 5432 2324 5494 ritatis
2355 5432 2544 5509 ipsius
2567 5429 2907 5500 testimonii,
2944 5452 2972 5482 »
3007 5430 3133 5505 lege
3163 5429 3557 5488 testimonium.
