3968 6158
186 270 338 335 1221

1789 270 1996 340 νιΤΑ.

3440 273 3594 338 1222

182 405 445 474 initium,
480 403 587 461 viri
619 403 721 462 Dei
753 405 980 462 meritis
1012 406 1310 464 evulsione
1340 408 1531 465 barbae
1564 410 1826 483 praebue-
1858 415 1912 479 Α
1941 408 2217 475 dolentis,
2241 409 2553 475 mandans,
2573 413 2637 465 ut
2658 425 2840 465 sanus
2858 396 3147 481 surgeret,
3167 408 3519 477 transmisit,
3539 413 3597 465 et

185 499 324 551 runt
353 493 779 551 testimonium.
805 496 888 551 Ob
912 496 1021 552 hoc
1045 497 1260 570 gaudio
1281 499 1555 571 perfusus
1576 499 1831 554 maxime

186 583 358 641 miles
387 582 623 654 Christi,
655 600 717 641 se
748 585 994 641 contulit
1023 586 1093 641 ad
1123 585 1521 643 beatissimam
1545 587 1833 643 Creatoris

187 674 271 745 [in
294 690 399 728 ms.
445 672 698 729 mendose
742 675 1092 746 Creatorem]
1143 676 1407 731 omnium
1456 676 1831 744 Genitricem,

186 765 515 834 prostratus
566 766 731 818 terrae
779 763 1001 835 gratias
1057 779 1257 836 agens,
1311 764 1395 820 sic
1452 763 1829 821 exclamavit:

188 851 412 925 Regina
441 850 693 907 caelestis
725 855 781 907 et
809 868 958 921 mea,
987 869 1160 925 quem
1199 857 1263 908 tu
1314 853 1529 927 Regem
1572 853 1835 910 statuisti

189 939 406 996 milites
432 939 517 995 tui
543 940 629 996 sic
658 940 1109 997 honoraverunt.
1157 941 1218 997 Si
1268 944 1339 998 ab
1389 943 1584 1016 aliquo
1635 947 1834 999 adver-

189 1029 344 1085 sario
375 1027 519 1084 mihi
550 1028 758 1085 fuisset
785 1029 895 1085 hoc
924 1028 1175 1098 illatum,
1203 1047 1395 1087 meam
1419 1032 1694 1103 injuriam
1734 1050 1837 1104 per

188 1121 358 1173 tuum
379 1115 692 1172 ulciscerer
706 1116 1153 1173 adminiculum.
1177 1117 1380 1175 Sciens
1393 1134 1549 1191 ergo,
1565 1120 1832 1188 Domina,

187 1206 338 1262 hanc
355 1210 631 1262 eternam
650 1204 795 1261 mihi
815 1206 995 1261 tribui
1016 1205 1373 1273 felicitatem,
1399 1208 1574 1263 nimis
1588 1210 1833 1278 exsulto,

188 1295 412 1367 gratias
434 1310 612 1367 agens
634 1293 952 1350 Salvatoris
969 1295 1161 1351 verbis
1177 1296 1601 1368 consolatoriis,
1622 1298 1837 1369 quibus

190 1382 511 1455 discipulos
542 1399 682 1438 suos
712 1381 1047 1438 consolatus
1075 1388 1184 1450 est,
1217 1384 1454 1440 dicens:
1484 1386 1727 1457 Capillus
1772 1387 1838 1443 de

188 1474 369 1544 capite
399 1478 566 1528 vestro
594 1487 705 1526 non
729 1474 937 1543 peribit
965 1474 1113 1543 (Luc.
1160 1490 1276 1539 xxx,
1331 1475 1439 1544 18).
1489 1474 1593 1530 His
1641 1474 1833 1542 dictis,

189 1577 252 1616 se
281 1561 369 1615 vir
398 1560 497 1615 Dei
541 1559 758 1615 caelesti
801 1559 989 1632 gratia
1037 1560 1363 1633 percipiens
1410 1562 1733 1631 visitatum,
1782 1569 1838 1620 et

189 1647 484 1722 spirituali
515 1647 829 1704 chrismate
861 1648 1186 1721 perfusum,
1220 1651 1413 1706 cordis
1428 1652 1642 1722 januas
1666 1669 1834 1725 opem

189 1737 773 1844 credentibus‘Uorte
811 1738 1168 1844 petentibus]
1215 1756 1517 1844 nunquam
1566 1739 1835 1798 claudere
1868 1779 1916 1844 Β

190 1827 465 1897 decrevit,
500 1826 601 1883 sed
628 1843 731 1899 per
760 1842 822 1881 se
852 1826 1146 1899 deinceps,
1182 1832 1239 1883 et
1267 1844 1370 1899 per
1422 1828 1585 1899 alios,
1639 1831 1838 1903 praeci-

187 1932 305 1989 pue
333 1919 531 1972 tamen
563 1932 667 1988 per
694 1914 911 1971 Christi
943 1932 1140 1971 servos
1163 1920 1220 1971 et
1241 1916 1579 1984 familiares,
1598 1917 1838 1975 clericos

190 2003 414 2062 scilicet
440 2008 498 2061 et
527 2004 868 2072 monachos,
901 2004 1131 2061 caelitus
1160 2005 1271 2060 sibi
1321 2006 1485 2061 datas
1534 2006 1839 2064 facultates

189 2093 253 2150 in
284 2094 516 2151 aeternis
546 2093 841 2150 thesauris
863 2109 967 2167 per
991 2110 1203 2151 manus
1224 2110 1548 2167 pauperum
1574 2096 1706 2151 fecit
1726 2096 1839 2153 col-

192 2182 390 2240 locari.

261 2274 353 2329 21.
384 2274 575 2344 Hujus
604 2272 687 2329 rei
711 2272 1115 2329 testimonium
1138 2271 1520 2345 quamplures
1543 2273 1837 2340 exhibent,

191 2361 295 2418 sed
321 2378 391 2418 ex
418 2361 512 2418 his
542 2378 697 2418 unus
728 2362 788 2417 in
820 2365 1101 2418 aeternum
1132 2378 1265 2417 cum
1288 2362 1417 2434 ipso
1438 2362 1691 2419 caelestis
1711 2362 1840 2417 vitae

192 2450 507 2524 particeps,
530 2450 855 2506 monachus
887 2467 956 2507 ex
980 2449 1241 2507 saeculari
1273 2448 1573 2507 nobilitate
1606 2467 1843 2507 conver-

192 2543 383 2612 sus,et
397 2539 1242 2608 eremita,beatusGuntherus,
1258 2539 1358 2612 qui
1372 2539 1841 2597 hacliberalitate

191 2628 519 2685 charitativi
558 2628 838 2701 principis
870 2627 1121 2695 illectus,
1158 2628 1372 2701 saepius
1409 2646 1544 2685 eum
1588 2629 1657 2685 de
1688 2634 1842 2685 terra

190 2717 639 2773 Bohemicorum
692 2716 926 2773 visitare
979 2717 1131 2784 [adde
1177 2734 1302 2773 cum
1360 2718 1522 2773 Suria
1572 2718 1836 2790 solebat].

191 2806 429 2873 Quoties
445 2806 599 2862 enim
619 2808 703 2878 [in
723 2823 825 2861 ms.
846 2806 1044 2877 etiam]
1068 2806 1290 2862 curiam
1336 2805 1524 2879 ipsius
1554 2809 1839 2863 adventus

190 2896 284 2952 sui
316 2894 542 2969 fulgore
573 2894 962 2969 perlustravit,
996 2912 1135 2951 cura
1166 2896 1328 2968 regni
1361 2897 1472 2952 sub
1503 2912 1684 2952 manu
1733 2914 1841 2953 sua

190 2985 403 3059 posita,
434 2984 757 3058 peregrinis
787 2987 843 3040 et
875 2984 1188 3057 indigenis,
1221 2983 1414 3040 viduis
1444 2988 1500 3040 et
1537 2984 1836 3058 orphanis,

1942 497 2042 553 Dei
2077 497 2489 569 propitiatione
2519 498 2763 554 verbum
2794 499 2983 569 ipsius
3013 498 3351 567 comitante,
3394 498 3594 554 statim

1942 585 2287 658 sospitatem
2320 586 2557 659 recepit.
2588 586 2727 641 Post
2746 584 3060 658 gloriosam
3085 588 3155 643 ad
3179 586 3356 644 caelos
3379 595 3593 645 Ascen-

1944 674 2191 739 sionem,
2223 678 2281 730 et
2314 673 2643 730 mirabilem
2669 674 2727 729 in
2763 674 2948 729 Patris
2988 676 3221 732 dextera
3269 676 3594 733 confessio-

1944 778 2079 817 nem
2134 762 2271 833 [lege
2319 762 2777 836 consessionem]
2829 754 3089 819 Salvator
3136 769 3337 821 noster
3391 767 3597 838 paucis

1945 850 2328 923 corporaliter
2359 852 2705 924 apparuisse
2754 852 3113 924 perhibetur,
3163 870 3267 925 per
3310 854 3595 912 visionem

1942 956 2079 996 vero
2098 938 2313 995 multos
2332 940 2691 1007 consolatus,
2710 941 3043 997 futurorum
3064 959 3162 998 eos
3178 942 3452 1015 praescios
3467 960 3597 1000 esse

1945 1028 2175 1097 docuit;
2204 1030 2359 1102 quod
2392 1034 2448 1085 et
2477 1029 2614 1086 huic
2647 1035 2848 1085 sancto
2880 1029 3020 1104 Regi
3046 1031 3306 1106 contigit.
3334 1033 3596 1096 Quadam

1946 1134 2202 1189 namque
2232 1122 2399 1173 nocte
2431 1124 2668 1190 repente
2700 1135 2800 1190 per
2838 1118 3251 1176 revelationem
3301 1122 3596 1193 quandam

1946 1206 2029 1279 [in
2061 1224 2163 1262 ms.
2186 1207 2437 1263 mendose
2457 1206 2720 1279 quidam]
2746 1210 3207 1281 expergefactus,
3230 1210 3594 1266 veredarium

1947 1295 2265 1366 quemdam
2297 1294 2451 1351 intra
2482 1295 2636 1352 diem
2670 1300 2727 1351 et
2754 1301 2981 1352 noctem
3011 1298 3081 1352 ad
3114 1296 3317 1354 Albam
3358 1299 3596 1357 transil-

1943 1400 2154 1439 vanam
2188 1384 2300 1454 (51)
2336 1385 2608 1456 praecepit
2641 1385 2937 1453 festinare,
2993 1390 3049 1441 et
3098 1404 3301 1443 omnes
3352 1387 3412 1443 in
3464 1406 3598 1446 rure

1946 1477 2253 1528 manentes
2287 1473 2358 1528 ad
2381 1473 2739 1531 munitiones
2764 1475 3088 1543 civitatum,
3114 1492 3293 1547 quam
3314 1477 3597 1534 citissime

1947 1564 2164 1632 posset,
2200 1576 2572 1633 congregare.
2618 1561 2889 1616 Przedixit
2935 1562 3092 1618 enim
3142 1568 3597 1635 superventuros

1944 1648 2409 1704 Christianorum
2444 1649 2661 1719 hostes,
2697 1649 2981 1717 videlicet,
3018 1652 3111 1707 cui
3144 1656 3283 1708 tunc
3305 1652 3598 1726 Hungaris

1946 1736 2427 1802 inimicabantur,
2461 1738 2693 1805 Bessos,
2721 1742 2777 1793 et
2803 1739 3206 1811 possessiones
3246 1756 3448 1797 eorum
3497 1742 3595 1799 de-

1948 1826 2331 1898 praedatores.
2368 1826 2474 1881 Vix
2505 1828 2748 1882 nuntius
2781 1828 3059 1885 mandata
3086 1829 3240 1903 regis
3263 1830 3594 1903 complevit,

1947 1918 2004 1969 et
2035 1930 2166 1970 ecce
2200 1915 2515 1971 Bessorum
2548 1916 2851 1988 inopinata
2881 1916 3186 1975 calamitas
3210 1917 3497 1976 incendiis
3540 1924 3599 1976 et

1950 2003 2173 2075 rapinis
2205 2009 2417 2060 cuncta
2464 2004 2810 2074 devastavit,
2859 2023 2961 2078 per
3008 2007 3421 2065 revelationem
3470 2010 3595 2077 Dei,

1950 2090 2175 2146 meritis
2207 2091 2362 2148 beati
2401 2092 2508 2147 viri
2558 2110 2921 2160 concessam,
2974 2095 3283 2153 animabus
3330 2098 3597 2155 omnium

1950 2178 2189 2235 salvatis
2215 2197 2319 2253 per
2348 2180 2715 2253 receptacula
2746 2182 3163 2240 munitionum.

2589 2296 2826 2352 CAPUT
2860 2297 2955 2352 IV.

1950 2384 2165 2462 Bellum
2192 2402 2232 2462 u_
2258 2384 2503 2462 Conrado
2525 2385 2859 2462 imperatore
2888 2387 3110 2462 illatum
3150 2390 3297 2445 mira
3334 2391 3437 2445 Dei
3473 2407 3601 2462 pro-

2020 2455 2267 2539 pidentia
2295 2458 2403 2511 cito
2426 2455 2673 2539 ﬁnitum,
2697 2458 2887 2539 crebra
2916 2461 3097 2539 sancti
3114 2462 3289 2516 oratio
3302 2469 3368 2539 et
3385 2455 3596 2539 raptus,

2020 2528 2237 2603 insigne
2263 2528 2565 2603 severitatis
2595 2530 2924 2603 exemplum,
2954 2531 3175 2587 morbus
3194 2534 3336 2603 regis
3355 2541 3405 2589 et
3426 2528 3600 2591 obitus

2020 2599 2284 2668 ﬁliorum,
2317 2601 2544 2655 virtutes
2564 2602 2754 2657 variae.

2019 2714 2111 2768 23.
2143 2714 2371 2769 Accidit
2399 2718 2530 2785 post
2559 2714 2690 2783 hoc,
2722 2716 2995 2771 defuncto
3029 2716 3181 2772 beati
3213 2719 3367 2791 regis
3388 2720 3597 2788 amico,

1950 2803 2223 2859 Romanae
2253 2803 2557 2875 dignitatis
2585 2804 2850 2876 Augusto
2878 2804 3121 2861 Henrico
3154 2805 3253 2862 Pio
3282 2807 3417 2879 (52),
3452 2810 3599 2865 Con-

1950 2892 2162 2947 radum
2194 2891 2578 2963 imperatoriae
2610 2892 2911 2964 dignitatis
2943 2910 3215 2949 coronam
3239 2912 3342 2968 per
3360 2900 3599 2954 Germa-

1952 2994 2161 3033 norum
2196 2978 2541 3034 electionem
2574 2995 2902 3035 assumere:
2947 2981 3047 3053 qui
3098 2982 3395 3039 destructa
3438 2986 3600 3057 pacis

191 3073 472 3130 coenobiis
502 3077 560 3129 et
578 3072 841 3129 ecclesiis
864 3089 925 3127 re
946 3073 1281 3141 distributa,
1305 3089 1482 3144 quam
1506 3074 1840 3130 continebat
1948 3066 2377 3139 tranquillitate
2408 3068 2589 3123 totius
2620 3067 2949 3124 Theotoniae
2989 3070 3099 3141 (53)
3152 3086 3331 3127 manu
3380 3074 3597 3129 coadu-

192 3164 277 3233 [in
300 3178 403 3216 ms.
435 3161 880 3231 consentiebat],
912 3159 973 3215 in
1004 3159 1163 3215 brevi
1195 3160 1304 3214 fuit
1348 3161 1679 3217 examinata
1700 3162 1833 3233 (48),
1867 3144 1910 3211 C
1950 3159 2112 3223 nata,
2145 3155 2452 3211 Pannoniae
2481 3155 2764 3213 terminos
2789 3157 3074 3213 hostiliter
3102 3164 3348 3216 conatus
3385 3165 3476 3217 est
3505 3161 3597 3218 iu-

189 3250 277 3305 Ad
307 3254 518 3306 nutum
550 3249 728 3306 etiam
759 3248 1025 3320 ejusdem
1050 3247 1199 3304 servi
1215 3248 1316 3304 Dei
1340 3265 1438 3304 rex
1458 3248 1574 3305 Deo
1597 3249 1841 3307 devotus

191 3338 635 3406 monasterium,
661 3337 816 3409 quod
838 3335 967 3393 Beel
990 3341 1382 3410 nuncupatur,
1406 3338 1714 3410 incipiens,
1738 3339 1839 3395 ho-

192 3427 454 3484 minibus
483 3426 707 3495 ditavit;
741 3426 841 3481 ubi
874 3425 1195 3482 monachus
1226 3428 1517 3484 Gerardus
1549 3428 1619 3483 de
1662 3429 1839 3485 Vene-

188 3517 274 3573 tia
320 3515 582 3585 veniens,
630 3516 810 3571 vitam
864 3515 1373 3587 contemplativam
1423 3530 1592 3588 agere
1643 3517 1836 3590 coepit,

189 3605 292 3678 qui
314 3604 728 3662 constitutione
740 3603 935 3659 divina
949 3603 1204 3677 pontifex
1220 3603 1599 3677 electus,post
1610 3606 1836 3662 obitum

188 3694 374 3750 sancti
410 3693 585 3767 regis,
619 3693 875 3749 instante
907 3693 1335 3749 disturbatione
1366 3694 1475 3766 (49)
1498 3693 1838 3751 Christiani-

186 3783 343 3851 tatis,
364 3782 679 3855 lapidatus,
706 3799 808 3855 per
828 3782 1047 3838 donum
1066 3783 1263 3855 gratiae
1282 3781 1604 3855 spiritualis
1621 3783 1837 3856 dignus

184 3871 425 3927 effectus
455 3876 513 3927 et
541 3872 831 3927 consortio
861 3876 1209 3944 martyrum.

253 3963 345 4017 22.
377 3960 491 4016 Nec
523 3960 631 4016 hoc
662 3962 1130 4032 praetereundum
1162 3961 1387 4017 aestimo
1419 3961 1573 4033 quod
1618 3961 1679 4016 in
1710 3962 1833 4018 viro

179 4050 283 4106 Dei
315 4049 519 4121 quanti
553 4048 744 4104 meriti
777 4053 909 4121 post
937 4049 1162 4104 obitum
1195 4050 1361 4121 foret,
1404 4049 1601 4106 divina
1647 4050 1833 4108 virtus

180 4139 242 4194 in
275 4138 397 4193 vita
422 4153 530 4193 sua
555 4137 957 4192 demonstrare
985 4137 1187 4192 voluit.
1220 4137 1444 4210 Quippe
1465 4139 1694 4211 quoties
1726 4139 1831 4195 ali-

180 4227 355 4298 cujus
380 4224 639 4280 hominis
662 4224 973 4280 infirmitas
999 4225 1244 4280 auribus
1266 4225 1391 4281 suis
1414 4227 1712 4283 ditl‘amata
1724 4226 1834 4284 fuit

184 4314 301 4371 sibi
331 4329 437 4386 pro
468 4311 779 4381 medicina,
813 4330 990 4385 quam
1024 4318 1161 4368 tunc
1191 4312 1249 4368 in
1283 4314 1555 4387 praesenti
1605 4320 1832 4387 poterat

179 4403 419 4469 habere,
442 4400 790 4473 particulam
817 4402 1005 4473 panis,
1043 4401 1198 4473 pomi
1222 4402 1355 4474 (50),
1398 4402 1484 4459 vel
1517 4402 1707 4460 herbae
1740 4421 1826 4460 re-

254 4563 368 4636 (48)
401 4561 617 4636 Surius
640 4561 1117 4636 legitexiuanita,
1150 4576 1285 4636 nam
1318 4559 1538 4636 ita_hic
1587 4578 1829 4636 sensum

180 4631 499 4707 expressit:
522 4656 551 4684 α
575 4631 726 4690 Tum
750 4633 846 4689 ille
863 4634 1058 4707 rebus,
1084 4649 1232 4705 quas
1254 4632 1471 4707 inaula
1490 4631 1827 4707 invenisset,

184 4703 629 4787 inperegrinos,
663 4703 1148 4787 egenos,v.id‘uas,
1180 4703 1466 4787 pupillos,
1483 4705 1746 4787 coenobia
1774 4711 1832 4787 et

182 4776 461 4849 ecclesias
490 4776 767 4849 erogatis,
798 4777 955 4833 brevi
988 4777 1150 4831 illam
1183 4776 1569 4849 exinaniebat.
1599 4798 1627 4826 »
1667 4777 1834 4849 Quod

181 4866 318 4921 vero
350 4847 569 4921 dicitur
597 4847 668 4904 de
694 4864 834 4921 cura
865 4849 1026 4921 regni
1061 4848 1359 4903 Gunthero
1386 4848 1621 4916 tradita,
1664 4847 1834 4904 intel-

182 4920 486 5003 ligendum
519 4924 659 5003 puto
685 4920 755 4975 de
773 4937 913 5003 cura
934 4919 1437 5003 eleemosynarum
1466 4934 1573 5003 per
1589 4935 1833 5003 regnum

183 4990 746 5058 distribuendarum;
782 4991 838 5045 id
870 4991 1028 5048 enim
1060 4992 1315 5045 innuunt
1335 4990 1641 5061 sequentia
1658 4990 1835 5046 verba

182 5080 254 5119 ex
282 5061 451 5117 Surio
474 5062 601 5133 jam
640 5062 776 5116 data

257 5133 367 5205 (49)
399 5130 522 5188 Vox
550 5132 945 5205 disturbatione
975 5130 1301 5205 substituta
1329 5134 1418 5186 est
1437 5147 1505 5186 ex
1527 5147 1637 5186 ms.
1658 5149 1670 5199 ;
1695 5147 1830 5187 nam

184 5205 246 5261 in
265 5202 433 5276 edito
464 5203 986 5276 mendoseilegitur
1013 5202 1420 5276 distributione.

253 5275 370 5347 (50)
398 5276 555 5347 Point
578 5272 869 5347 omittitur
893 5274 953 5328 in
986 5290 1120 5337 ms.,
1158 5273 1259 5329 sed
1310 5272 1498 5347 etiam
1537 5273 1831 5347 est__apud

184 5344 446 5417 sarium.
480 5344 772 5400 Mirabilia
803 5345 859 5417 id
891 5361 1077 5417 genus
1109 5360 1222 5417 non
1257 5347 1396 5417 sunt
1424 5344 1537 5417 fide
1565 5344 1829 5417 indigna,

183 5433 324 5473 nam
354 5416 517 5472 hisce
549 5416 878 5487 sanctitatis
896 5414 1129 5471 'famam
1160 5415 1219 5470 in
1264 5414 1396 5469 Vita
1444 5414 1723 5487 adeptus?
1742 5420 1833 5472 est

182 5487 540 5562 Stephanus,
558 5486 696 5546 licet
711 5503 839 5547 eam
859 5504 974 5545 non
996 5486 1195 5544 minus
1217 5490 1539 5545 mereretur
1556 5486 1831 5561 operibus

183 5558 430 5624 sanctis.

1950 3244 2178 3299 vadere.
2210 3244 2424 3299 Contra
2453 3261 2626 3317 quem
2662 3262 2762 3301 rex
2791 3245 3124 3301 consultum
3173 3249 3258 3319 [in
3304 3266 3406 3304 ms.
3458 3266 3595 3306 con-

1949 3332 2173 3403 silium]
2206 3332 2429 3388 habens
2451 3332 2858 3406 episcoporum
2881 3339 2938 3390 et
2958 3334 3311 3408 principum,
3334 3338 3405 3393 ad
3426 3342 3595 3395 tuen-

1948 3422 2086 3477 dam
2132 3422 2381 3494 patriam
2434 3426 2691 3477 armatos
2737 3422 2919 3479 totius
2970 3423 3277 3497 Hungariae
3326 3428 3591 3485 extraxit.

1948 3510 2118 3566 Prius
2146 3514 2343 3566 tamen
2370 3509 2653 3577 recolens,
2686 3527 2748 3566 se
2795 3510 2940 3567 nihil
2989 3529 3160 3584 posse
3208 3514 3334 3571 sine
3381 3516 3594 3573 Christi

1947 3598 2249 3671 suffragio,
2284 3615 2497 3654 manus
2528 3602 2585 3653 et
2613 3615 2714 3673 cor
2742 3598 2941 3656 levans
2972 3602 3042 3656 ad
3075 3601 3309 3672 aethera,
3341 3605 3592 3662 domina

1947 3705 2065 3743 suae
2096 3692 2385 3760 perpetuae
2416 3688 2667 3760 Virgini,
2702 3688 2802 3744 Dei
2833 3690 3131 3761 Genitrici,
3155 3694 3329 3749 matri
3350 3713 3489 3752 suas
3511 3696 3595 3751 in-

1938 3777 2130 3847 jurias
2181 3777 2625 3844 commendans,
2679 3777 2856 3833 talem
2903 3780 3097 3852 erupit
3146 3781 3206 3835 in
3246 3799 3482 3839 vocem:
3533 3783 3592 3838 Si

1945 3865 2132 3936 placet
2161 3864 2289 3929 tibi,
2326 3865 2573 3920 Domina
2602 3866 2833 3933 mundi,
2858 3871 2970 3922 tuae
2993 3872 3214 3939 partem
3237 3869 3591 3928 haereditatis

1943 3954 2017 4008 ab
2049 3952 2303 4008 inimicis
2334 3954 2446 4024 (54)
2478 3953 2784 4021 devastari,
2820 3958 2877 4009 et
2907 3955 3189 4011 novellam
3230 3957 3590 4029 plantionem

1940 4041 2398 4097 Christianitatis
2429 4040 2668 4109 aboleri,
2703 4059 2816 4097 non
2839 4060 3002 4113 meae,
3025 4061 3249 4116 precor,
3269 4045 3593 4119 imputetur

1940 4130 2196 4201 desidiae,
2232 4130 2331 4186 sed
2367 4129 2561 4202 potius
2593 4129 2965 4203 dispositioni
2994 4132 3313 4191 voluntatis
3351 4140 3484 4192 tuae.
3530 4137 3591 4193 Si

1939 4219 2192 4292 pastoris
2221 4218 2394 4291 culpa
2425 4219 2570 4291 quid
2598 4224 2873 4289 meretur,
2909 4220 3035 4293 ipse
3066 4222 3209 4291 luat,
3256 4223 3591 4282 insontibus

1939 4325 2131 4380 parce,
2157 4324 2378 4381 precor,
2406 4308 2701 4363 omnibus.
2726 4309 2827 4365 His
2850 4310 3043 4380 dictis,
3069 4311 3236 4384 quasi
3255 4313 3592 4372 consolatus

1938 4398 2010 4453 ab
2043 4397 2190 4469 ipsa,
2224 4396 2574 4453 ﬁducialiter
2603 4398 2882 4455 adversus
2922 4399 3122 4457 hostes
3166 4402 3275 4459 iter
3319 4402 3587 4478 arripuit.

2010 4558 2122 4628 (51)
2156 4556 2312 4636 Alias
2342 4558 2928 4636 Alba_Ju_l_i_a_dicitur,
2953 4563 3247 4636 Hungaris
3268 4582 3401 4621 vero
3429 4565 3592 4622 Giula

1941 4628 2539 4708 hymen-Germanis
2572 4628 2979 4708 Weissembuifg.
3034 4628 3170 4708 Erat
3219 4651 3286 4690 eo
3328 4640 3591 4708 tempore

1942 4698 2281 4769 metropolis
2313 4699 2499 4753 civilis
2526 4701 2706 4756 totius
2722 4698 3161 4770 Transilvaniie,
3183 4711 3241 4760 et
3261 4698 3590 4763 etiamnum

1948 4770 2220 4851 est_inter
2248 4770 2572 4851 praecipuas
2599 4772 2778 4851 urbes
2810 4774 2969 4830 illius
2990 4776 3376 4851 principatus.

2015 4843 2127 4913 (52)
2150 4840 2314 4916 _Obiit
2344 4840 2402 4895 S.
2428 4840 2720 4898 Henricus
2751 4840 3083 4916 imperat-or,
3136 4840 3200 4902 et
3236 4847 3455 4903 electus
3502 4850 3594 4903 est

1943 4912 2263 4986 Conradus,
2296 4918 2682 4986 cognomento
2713 4912 2944 4986 Salii-us,
2981 4934 3134 4972 anno
3168 4919 3341 4986 1024;
3375 4923 3436 4974 at
3473 4934 3590 4974 non

1943 4984 2142 5039 statim
2175 4982 2489 5061 ortum'est
2508 4982 2725 5061 bellum
2750 4985 3249 5061 inter_Conradum
3266 4982 3591 5061 et'Stepha-

1943 5073 2108 5133 num,
2142 5053 2244 5110 sed
2279 5054 2535 5133 primum
2569 5056 3017 5133 fuerequaedam
3041 5058 3391 5133 simultates,
3419 5053 3591 5133 culpa

1943 5132 2293 5200 Bavarorum
2323 5131 2528 5193 enatae,
2561 5143 2627 5183 ac
2658 5128 2888 5195 deinde,
2922 5147 3075 5186 anno
3101 5131 3256 5200 1030,
3286 5128 3589 5189 Conradus

1942 5202 2140 5275 aperto
2154 5196 2304 5252 bello
2316 5213 2632 5275 aggressus
2648 5200 3034 5273 estStephanu
3045 5219 3100 5255 m
3111 5244 3124 5271 ,
3131 5196 3359 5275 paxque
3372 5203 3591 5260 instau-

1942 5269 2069 5325 rata
2098 5285 2251 5323 anno
2283 5269 2572 5340 sequenti.

2013 5341 2124 5411 (53)
2154 5340 2223 5415 In
2262 5356 2373 5415 ms.
2430 5341 2717 5415 Teutonis).
2773 5340 3051 5415 Intelligit
3099 5348 3302 5401 auctor
3350 5345 3587 5402 Germa-

1942 5410 2234 5494 niam‘aut
2262 5414 2452 5466 totum
2487 5412 2821 5494 imperium.

1953 5555 1964 5567 ⁸
2013 5482 2235 5569 (54)]ῑι
2284 5499 2396 5540 ms.
2444 5482 2701 5555 additur,
2746 5487 2910 5561 regis,
2957 5484 3287 5563 legiturque
3329 5491 3472 5565 regis
3518 5490 3588 5553 ab

1939 5569 2203 5616 ιηιηιῑοῑδ.
