3968 6158
364 251 388 307 1
402 244 516 308 223

1359 248 1426 309 s.
1469 242 1861 308 STEPHANI
1906 237 2459 322 HUNGARORUM
2501 240 2756 308 REGIS.

3603 246 3767 310 tm

359 379 557 436 Altera
590 396 725 436 mox
752 378 845 436 die
878 379 1120 436 nuntius
1146 381 1218 436 ad
1263 396 1743 452 unumquemque
1791 379 1999 434 ducem
2028 380 2085 447 Α
2116 379 2447 444 Bessorum,
2468 395 2717 451 quorum
2742 378 3012 452 superius
3037 378 3393 436 mentionem
3414 379 3760 451 habuimus,

359 470 803 537 Germanorum,
824 473 881 524 et
900 469 959 523 in
983 472 1172 525 castra
1192 468 1677 524 Theotonicornm
1707 469 1829 539 [ms.
1854 467 2001 521 Teu-

358 558 713 629 tonicorum]
745 556 818 612 ab
866 557 1215 628 imperatore
1258 556 1367 628 (55)
1398 556 1574 624 venit,
1628 555 1727 627 qui
1777 555 1863 610 eis
1910 571 2004 610 re-

359 635 575 703 deundi
605 645 949 701 mandatum
985 644 1211 700 detulit.
1254 644 1863 717 Regredientibus(56)
1897 643 2003 698 ad-

357 735 651 804 versariis,
684 734 771 789 vir
800 738 1040 791 sanctus
1072 737 1337 806 respectu
1380 732 1776 789 miserationis
1815 731 1915 787 Dei
1942 748 2004 786 se

354 827 651 883 visitatum
693 823 986 897 intelligit,
1033 823 1260 879 Christo
1308 823 1518 894 suique
1568 822 1677 892 (57)
1727 819 2004 875 Genitrici

356 919 521 970 terra:
553 917 876 986 prostratus
903 912 1125 984 gratias
1158 910 1303 983 egit;
1334 913 1503 982 cujus
1552 926 1613 966 se
1665 926 1799 964 cum
1839 908 2003 981 regni

354 1002 685 1076 provisione
712 1000 987 1057 tutamini
1019 999 1289 1073 precibus
1328 997 1586 1055 assiduis
1629 998 2002 1054 commenda-

351 1094 451 1148 vit.
486 1094 806 1163 Imperator
833 1106 987 1158 vero,
1015 1106 1258 1145 suorum
1285 1092 1407 1143 tam
1439 1087 1742 1159 repentina
1785 1090 2001 1158 perter-

353 1181 506 1237 ritus
536 1179 879 1246 defectione,
915 1178 1220 1234 sciscitans
1251 1176 1502 1249 qualiter
1521 1192 1613 1233 res
1635 1177 1787 1232 facta
1806 1175 1999 1242 fuerit,

352 1288 488 1327 cum
521 1270 796 1325 nuntium
828 1266 1176 1323 reversionis
1208 1283 1410 1322 eorum
1443 1283 1556 1321 non
1599 1282 1774 1321 suum
1822 1263 2003 1319 fuisse

350 1359 631 1416 veraciter
659 1358 854 1426 sciret,
891 1373 994 1429 per
1013 1355 1326 1412 consilium
1348 1353 1689 1421 divinitatis,
1714 1354 1785 1409 ad
1805 1368 2000 1408 corro-

350 1448 675 1505 borandam
703 1446 857 1518 regis
890 1444 1220 1501 ﬁdelissimi
1252 1461 1441 1517 spem,
1464 1444 1673 1498 factam
1698 1459 1813 1497 non
1836 1441 2002 1497 dubi-

350 1538 513 1605 tavit,
545 1554 724 1609 super
753 1535 965 1592 dehinc
996 1535 1067 1591 ab
1100 1534 1398 1591 invasione
1427 1533 1592 1605 regni
1620 1533 1747 1603 ejus
1790 1530 1999 1587 timore

348 1626 578 1682 Judicis
606 1625 803 1683 mterni
835 1628 1121 1691 retentus,
1155 1623 1459 1679 abstinuit.

422 1717 511 1769 24.
540 1715 694 1770 Idem
714 1729 949 1786 quoque
971 1729 1088 1782 rex,
1113 1712 1282 1768 beata
1301 1710 1693 1767 sollicitudine
1711 1708 1994 1781 regalium

350 1803 731 1875 dispositione
762 1805 1103 1873 occupatus,
1134 1805 1367 1872 tempus
1389 1800 1666 1855 diurnum
1689 1797 1993 1869 colloquiis

351 1897 407 1948 et
437 1891 698 1947 consiliis
718 1891 1114 1963 transignans,
1136 1906 1238 1962 per
1258 1889 1443 1944 noctis
1465 1887 1763 1944 silentium
1780 1884 1995 1958 vigiliis

349 1987 407 2037 et
435 1981 797 2036 orationibus
828 1979 1068 2049 instare,
1103 1976 1599 2049 comtemplationi
1630 1992 1853 2045 vacare,
1906 1974 1991 2029 la-

348 2086 579 2144 crymas
599 2070 860 2137 fundere,
885 2068 1069 2123 Deum
1091 2066 1307 2139 alloqui
1330 2067 1622 2138 precibus,
1642 2082 1878 2138 operam
1900 2064 1994 2120 de-

347 2160 452 2225 dit,
479 2159 750 2230 justique
778 2156 1006 2212 Judicis
1028 2155 1483 2211 moderationem
1511 2171 1689 2227 super
1704 2154 1993 2227 quotidia-

347 2264 451 2304 nas
473 2246 832 2319 judiciorum
856 2244 1254 2300 discussiones
1275 2243 1728 2299 misericorditer
1747 2243 1990 2298 descen-

345 2338 481 2392 dere
506 2334 826 2408 ﬁagitabat.
851 2333 1011 2397 Quod
1036 2349 1170 2388 cum
1196 2331 1398 2387 sedulo
1420 2330 1748 2404 Spiritualis
1769 2331 1991 2386 deside-

342 2425 413 2480 rii
446 2424 843 2496 frequentaret
871 2421 1085 2486 ofﬁcio,
1116 2424 1283 2476 nocte
1314 2420 1588 2491 quadam,
1624 2417 1843 2490 templo
1888 2418 1987 2474 Dei

342 2513 513 2587 longe
543 2517 785 2579 remoto,
837 2510 1241 2580 (descenderat
1285 2507 1502 2580 quippe
1553 2524 1686 2562 cum
1734 2507 1833 2563 illo
1882 2524 1987 2563 suo

342 2619 555 2675 magno
585 2606 643 2656 et
673 2600 854 2655 nobili
886 2598 1185 2662 comitatu,
1218 2598 1347 2651 ﬁxis
1377 2592 1641 2652 tentoriis
1671 2598 1729 2650 in
1753 2613 1986 2669 campe-

340 2691 479 2747 stris
511 2688 918 2762 amplitudinis
948 2685 1123 2755 loco,)
1154 2686 1379 2742 casteria
1417 2702 1622 2757 sopore
1670 2686 1983 2758 depressis,

341 2795 590 2853 surgens
624 2795 658 2834 a
691 2778 836 2833 lecto
868 2775 1202 2832 cubiculum
1236 2776 1428 2831 cordis
1458 2774 1782 2847 ingressus,
1822 2775 1984 2848 geni—

340 2872 450 2926 bus
474 2869 657 2937 ﬂexis,
695 2867 819 2923 solo
850 2865 1139 2922 labiorum
1163 2869 1325 2920 motu
1344 2868 1567 2919 aeternae
1590 2864 1984 2921 miserationis

331 2960 579 3031 januam
611 2954 929 3029 gemitibus
959 2958 1018 3008 et
1056 2951 1329 3024 lacrymis
1378 2951 1670 3024 pulsabat.
1724 2955 1984 3025 Cumque

339 3048 563 3103 diutius
593 3042 1102 3117 deprecationibus
1134 3041 1450 3107 insisteret,
1477 3041 1700 3095 Domini
1720 3043 1810 3097 sui
1830 3044 1983 3115 regis

2114 484 2248 523 eum
2282 467 2552 524 universo
2584 472 2866 540 apparatu
2897 484 3025 536 suo,
3079 467 3346 527 videlicet
3392 469 3521 524 auri
3560 474 3618 526 et
3665 487 3759 527 ar-

2112 557 2269 629 genti
2285 556 2951 629 copiositate,multaque
2964 556 3238 613 varietate
3251 563 3765 629 ornamentorum,

2113 644 2383 701 curribus
2412 646 2639 702 onustis
2661 647 2732 701 de
2751 646 3017 718 partibus
3045 646 3354 719 Hungaria:
3374 647 3486 719 (59)
3510 648 3762 721 egressi,

2113 734 2183 789 ad
2217 751 2409 806 regem
2441 735 2637 790 venire
2682 734 2958 803 volentes,
3003 735 3273 792 terminis
3317 736 3758 793 Pannoniorum

2112 823 2749 895 apprOpinquaverunt.
2797 825 2867 879 At
2912 823 3083 880 multi
3131 841 3453 892 servorum,
3501 842 3760 897 quorum

2111 927 2311 967 cereus
2340 916 2429 968 est
2459 911 2693 967 animus
2724 911 2876 967 ﬂecti
2896 912 2954 967 in
2979 912 3206 984 vitium,
3228 914 3617 987 malignitatis
3636 931 3758 971 sua

2112 994 2234 1056 face
2264 1000 2529 1056 succensi
2561 999 2681 1073 [al.,
2718 1017 3031 1070 succensae,
3061 1002 3356 1073 mendose],
3387 1002 3620 1059 obviam
3640 1003 3760 1059 illis

2111 1089 2394 1156 exierunt,
2423 1090 2711 1162 quosdam
2740 1089 2933 1163 gladio
2956 1095 3391 1162 percusserunt,
3415 1093 3753 1164 omniaque,

2112 1196 2240 1250 qua:
2271 1194 2473 1234 eorum
2506 1179 2753 1246 fuerant,
2788 1178 3136 1247 auferentes,
3169 1197 3382 1237 vacuos
3413 1186 3469 1237 et
3517 1180 3751 1238 semivi-

2108 1272 2307 1324 ventes
2337 1267 2718 1339 reliquerunt.
2740 1267 2826 1323 Illi
2847 1284 2979 1323 vero
3001 1270 3122 1342 regi
3138 1268 3278 1341 quid
3296 1273 3516 1337 actum,
3540 1270 3751 1341 quidve

2110 1356 2368 1428 perpessi
2402 1361 2541 1412 sunt
2572 1361 2953 1424 reservantes,
2988 1357 3094 1413 iter
3122 1358 3277 1429 quod
3304 1363 3601 1431 cceperant
3630 1375 3751 1430 per-

2108 1450 2372 1519 egerunt,
2406 1448 2461 1500 et
2493 1447 2563 1501 ad
2595 1462 2725 1501 eum
2747 1451 3123 1518 properantes
3143 1447 3391 1518 genibus
3416 1447 3546 1518 ejus
3571 1464 3632 1504 se
3652 1447 3751 1503 ad-

2106 1534 2425 1589 volverunt.
2458 1533 2680 1596 Quibus
2701 1534 2874 1590 visis:
2909 1534 3043 1598 Quae
3075 1551 3272 1603 causa,
3304 1535 3519 1608 inquit,
3564 1535 3748 1592 malo-

2106 1622 2278 1678 rum?
2313 1622 2389 1677 Mi
2420 1622 2675 1691 domine,
2710 1623 2985 1689 referunt,
3020 1639 3126 1679 nos
3157 1624 3305 1680 servi
3336 1625 3426 1680 tui
3440 1624 3588 1681 nihil
3609 1624 3751 1681 mali

2105 1711 2531 1778 machinantes,
2576 1712 2647 1767 ad
2703 1712 3051 1768 audiendam
3096 1713 3459 1783 judiciorum
3514 1721 3749 1770 tuorum

2105 1802 2361 1872 [tuorum
2391 1817 2501 1856 non
2530 1809 2606 1857 est
2635 1802 2694 1855 in
2723 1802 2848 1870 ms.]
2879 1801 3257 1858 veniebamus
3276 1801 3673 1874 disciplinam,
3694 1806 3752 1859 et

2101 1890 2491 1961 quorumdam
2524 1889 2818 1957 manibus,
2853 1906 3029 1961 quam
3062 1890 3368 1947 nobiscum
3390 1892 3748 1958 ferebamus,

2102 1979 2348 2050 pecunia
2362 1978 2583 2050 absque
2602 1976 2813 2033 delicto
2836 1980 3099 2034 omnium
3127 1983 3393 2035 nostrum
3420 1979 3619 2038 ablata
3636 1966 3765 2036 est.

2101 2067 2345 2138 Insuper
2375 2066 2770 2143 apprehensos
2798 2066 3025 2138 aliquos
3056 2067 3410 2136 ceciderunt,
3429 2074 3489 2125 et
3514 2069 3637 2125 vita
3654 2069 3749 2127 vix

2099 2157 2309 2213 comite
2339 2157 2628 2224 venimus,
2661 2160 2725 2210 ut
2750 2156 3161 2213 nuntiaremus
3190 2158 3317 2213 tibi.
3353 2158 3491 2225 Rex,
3527 2161 3751 2216 uterat

2100 2244 2493 2318 prudentioris
2523 2244 2725 2311 animi,
2761 2262 2875 2300 non
2907 2244 3090 2313 vultu,
3124 2263 3237 2301 non
3269 2246 3459 2303 verbis
3479 2248 3746 2304 minatus

2098 2341 2188 2391 est
2209 2334 2292 2390 eis
2323 2334 2427 2406 [eis
2458 2334 2608 2390 abest
2628 2351 2660 2388 a
2686 2338 2840 2400 ma];
2874 2335 2973 2389 sed
3008 2334 3329 2403 sustinens,
3356 2339 3420 2391 ut
3439 2335 3743 2405 scribitur,

2097 2425 2360 2497 prudens
2391 2422 2662 2494 spiritum
2695 2423 2806 2493 (60)
2841 2428 3095 2479 reservat
3126 2424 3184 2478 in
3214 2428 3535 2496 posterum,
3581 2425 3746 2483 misit

2096 2514 2261 2569 ocius
2292 2512 2361 2575 ad
2396 2511 2584 2579 illum,
2620 2510 2730 2567 sub
2762 2527 2876 2583 quo
2910 2512 3261 2579 militabant,
3306 2513 3639 2580 tribunum,
3687 2518 3745 2571 et

2095 2603 2188 2658 die
2216 2600 2535 2657 constituto
2566 2616 2771 2656 omnes
2794 2600 3136 2671 perditionis
3182 2600 3337 2657 viros
3374 2601 3562 2672 jussit
3603 2619 3740 2659 con-

2095 2690 2394 2763 spectibus
2424 2689 2548 2744 suis
2580 2689 2939 2760 praesentari.
2970 2690 3207 2745 Factum
3239 2694 3348 2757 est,
3381 2694 3446 2746 ut
3488 2691 3741 2762 impera-

2092 2787 2270 2847 verat,
2304 2786 2358 2835 et
2386 2779 2458 2834 ad
2488 2777 2927 2833 discutiendum
2960 2778 3018 2832 in
3050 2779 3358 2850 praesentia
3390 2780 3481 2836 sui
3521 2779 3741 2835 consti-

2092 2870 2204 2925 tuti
2235 2873 2394 2923 sunt.
2427 2870 2581 2933 Quos
2613 2865 2944 2938 alloquens:
2976 2872 3106 2938 Cur,
3137 2867 3350 2940 inquit,
3381 2867 3570 2940 legem
3594 2885 3739 2941 pra:-

2092 2963 2393 3030 ceptorum
2424 2955 2525 3012 Dei
2557 2955 3071 3028 transgredientes,
3102 2974 3217 3012 non
3238 2955 3607 3013 intellexistis
3627 2958 3738 3013 mi-

2094 3046 2491 3113 sericordiam,
2549 3048 2605 3100 et
2655 3044 2809 3101 viros
2858 3045 3201 3101 innocentiae
3257 3046 3740 3102 condemnastis?

339 3136 539 3193 aeterni
570 3134 859 3190 ministris
891 3133 962 3189 ad
995 3130 1402 3204 suscipiendas
1431 3148 1630 3203 preces
1667 3134 1794 3203 ejus
1845 3149 1981 3188 con-
2013 3114 2055 3181 (ἶ
2091 3137 2251 3193 Sicut
2277 3134 2517 3200 fecistis,
2552 3134 2633 3189 ita
2662 3134 2832 3189 faciet
2862 3134 3145 3189 Dominus
3185 3134 3350 3189 vobis
3397 3149 3596 3192 coram
3642 3150 3739 3193 me

337 3224 726 3292 venientibus,
760 3223 974 3296 papilio
1014 3239 1192 3295 super
1239 3238 1374 3277 eum
1423 3226 1697 3277 extensus
1748 3239 1781 3276 a
1826 3226 1981 3278 terra

336 3316 559 3372 levatus
589 3317 709 3369 tam
741 3313 843 3368 diu
871 3313 1121 3386 pendere
1152 3310 1325 3382 coepit
1355 3309 1414 3365 in
1465 3326 1616 3376 aere,
1670 3311 1850 3366 donec
1895 3312 1984 3367 vir

338 3404 437 3461 Dei
468 3404 542 3460 ad
574 3419 635 3459 se
666 3418 931 3458 reversus
953 3398 1517 3471 acontemplatione,
1545 3398 1815 3471 spiritUm
1840 3398 1984 3456 rela-

341 3492 495 3548 xavit
518 3492 589 3547 ab
621 3490 900 3547 oratione.
932 3490 1094 3553 Quod
1123 3488 1257 3544 licet
1304 3487 1673 3544 invisibiliter
1715 3487 1800 3542 illi
1850 3489 1980 3559 soli,

337 3580 439 3653 qui
471 3596 563 3635 res
594 3578 771 3647 novit,
806 3582 1120 3648 antequam
1152 3577 1316 3643 ﬁant,
1350 3576 1561 3648 suique
1614 3576 1817 3632 secreti
1850 3594 1983 3633 con-

338 3668 475 3724 sciis
504 3666 729 3740 angelis
759 3665 966 3721 fuisset
993 3665 1316 3738 cognitum,
1345 3664 1579 3720 cuidam
1612 3669 1806 3721 tamen
1856 3683 1983 3723 ma-

337 3774 461 3830 gnae
492 3754 887 3829 simplicitatis
919 3759 978 3809 et
1007 3751 1349 3809 innocentia;
1389 3754 1472 3825 [in
1519 3770 1621 3809 ms.
1664 3754 1981 3829 innocenti]

336 3846 477 3915 viro,
510 3845 612 3918 qui
644 3849 785 3901 tunc
835 3841 1014 3899 simili
1062 3842 1305 3898 forsitan
1354 3842 1612 3898 instabat
1662 3843 1845 3916 operi,
1893 3849 1985 3900 est

335 3935 806 4002 manifestatum;
840 3949 1017 4004 quem
1050 3948 1147 3987 rex
1172 3936 1432 3999 sanctus,
1467 3932 1661 3987 arcani
1686 3932 1866 3988 simul
1889 3934 1982 3990 sui

335 4024 634 4080 conscium
665 4039 793 4079 esse
826 4039 927 4094 per
946 4020 1230 4093 Spiritum
1254 4025 1524 4077 sanctum
1546 4020 1807 4089 edoctus,
1831 4022 1903 4076 ad
1923 4039 1983 4079 se

332 4116 603 4169 vocatum
634 4111 868 4168 blandis
898 4110 1064 4183 prius
1100 4109 1493 4180 sermonibus,
1544 4109 1688 4181 quid
1740 4110 1985 4167 vidisset

333 4201 762 4259 sciscitabatur.
785 4201 988 4257 Postea
1009 4216 1081 4256 ne
1101 4200 1192 4255 cui
1211 4199 1578 4272 patefaceret,
1599 4200 1984 4271 quoadusque

332 4289 721 4362 ipseviveret,
755 4288 1168 4344 interminatus
1200 4292 1306 4343 est.

402 4380 493 4432 25.
528 4378 707 4432 Fama
734 4377 990 4431 nominis
1025 4375 1116 4431 sui
1147 4375 1207 4429 in
1239 4374 1481 4431 auribus
1503 4374 1825 4430 multarum
1847 4392 1984 4449 gen-

2092 3225 2300 3293 hodie;
2354 3228 2819 3294 transgressores
2866 3222 3021 3277 enim
3069 3222 3214 3294 legis
3268 3222 3513 3279 feriendi
3570 3226 3734 3279 sunt.

2088 3318 2338 3386 Accepta
2369 3311 2679 3379 sententia,
2712 3310 2903 3366 educti
2931 3317 3089 3379 sunt,
3112 3316 3168 3367 et
3189 3327 3291 3384 per
3311 3327 3548 3368 omnem
3569 3311 3739 3383 regni

2089 3404 2424 3477 ingressum
2456 3401 2572 3455 duo
2611 3405 2668 3456 et
2712 3401 2827 3455 duo
2877 3400 3196 3471 suspendio
3239 3401 3539 3472 perierunt
3581 3400 3736 3471 (64);

2090 3492 2243 3565 quod
2278 3491 2348 3546 ob
2379 3496 2657 3545 terrorem
2688 3488 3091 3544 incutiendum
3123 3488 3386 3560 reliquis,
3429 3488 3552 3545 zelo
3599 3505 3735 3545 eum

2082 3580 2328 3654 justitiae
2361 3580 2568 3634 fecisse
2598 3578 2955 3632 credendum
3004 3581 3114 3643 est,
3163 3583 3247 3645 ut,
3296 3577 3437 3649 quia
3483 3592 3736 3650 regnum

2091 3669 2367 3726 omnibus
2397 3665 2731 3738 hospitibus
2764 3669 2969 3736 potens
2987 3665 3215 3738 asylum
3236 3680 3364 3722 esse
3383 3666 3632 3732 volebat,
3652 3665 3739 3722 sic

2089 3758 2236 3813 liber
2261 3755 2535 3812 omnibus
2551 3753 2826 3809 introitus
2842 3757 2997 3809 esset
3014 3758 3077 3809 ut
3093 3753 3293 3809 nullus
3312 3754 3739 3826 ingredientem

2091 3844 2411 3918 quemlibet
2442 3844 2499 3897 in
2539 3841 2735 3913 aliquo
2786 3841 3036 3907 laederet,
3089 3841 3177 3897 vel
3228 3841 3536 3898 molestare
3589 3859 3743 3914 pra:-

2092 3936 2375 4001 sumeret;
2424 3931 2579 4002 quod
2621 3935 2677 3986 et
2724 3929 2940 3985 factum
2988 3935 3095 3988 est.
3151 3932 3320 3997 Nam,
3366 3931 3559 4003 quoad
3602 3930 3749 3987 vixit

2093 4022 2292 4080 nullus
2324 4020 2563 4078 cuilibet
2591 4019 2808 4091 hOSpiti
2842 4018 3166 4093 quidquam
3197 4020 3479 4077 molestiae
3530 4020 3748 4099 inferre

2091 4110 2482 4185 praesumpsit.
2586 4186 2589 4189 ὗ

2160 4202 2252 4256 26.
2302 4200 2365 4255 In
2412 4199 2578 4254 beato
2625 4214 2859 4269 quoque
2899 4215 3033 4271 rege
3073 4202 3302 4255 constat
3348 4197 3740 4271 apostolicum

2090 4289 2235 4345 illud
2268 4287 2595 4361 impletum,
2631 4287 2787 4359 quod
2818 4286 3058 4359 legitur:
3094 4288 3363 4355 Quoniam
3384 4304 3488 4360 per
3534 4288 3741 4345 multa:

2091 4377 2469 4434 tribulationes
2534 4383 2737 4449 oportet
2802 4378 3011 4432 intrare
3075 4378 3137 4431 in
3191 4394 3423 4446 regnum
3478 4378 3741 4434 emtorum

333 4462 481 4519 tium
513 4463 885 4520 saecularium
915 4464 1148 4530 diffusa,
1182 4467 1238 4519 et
1270 4462 1515 4533 judiciis
1562 4464 1680 4518 oris
1729 4465 1842 4536 (58)
1887 4464 1979 4520 sui
2010 4480 2058 4546 D
2090 4468 2224 4540 (Act.
2260 4482 2375 4533 xxv,
2408 4465 2529 4535 2t);
2563 4470 2622 4520 et
2652 4465 2710 4519 in
2759 4464 2908 4520 libro
2956 4465 3297 4536 Sapientiae:
3349 4466 3505 4529 Quos
3548 4465 3742 4538 diligit

333 4550 546 4609 celebri
563 4552 735 4609 laude
762 4552 978 4624 ubique
1001 4551 1522 4621 innotescentibus,
1548 4552 1852 4626 sexaginta
1868 4553 1978 4610 viri

401 4739 608 4813 (55)__Id
639 4745 729 4797 est
759 4739 927 4813 quasi
956 4740 1176 4796 missus
1208 4741 1279 4795 ab
1313 4741 1688 4813 imperatore;
1724 4742 1838 4797 nisi
1888 4758 1975 4799 re-

328 4811 465 4893 vera
495 4811 662 4893 illum
696 4811 923 4868 miserit
964 4813 1286 4881 Conradus,
1335 4811 1509 4885 idque
1558 4818 1764 4886 postea
1812 4814 1977 4869 fateri

332 4883 653 5027 nqo(15u:)nl\llos.
702 4953 1136 5027 Egredientibus,
1187 4954 1466 5009 nimirum
1515 4971 1692 5027 regno
1740 4956 1977 5027 Hunga-

330 5025 448 5082 rico
478 5025 832 5082 adversariis.

399 5098 610 5182 (52)}1'1
640 5115 743 5154 ms.
776 5096 992 5154 rectius
1021 5111 1241 5169 suaeque
1284 5094 1548 5151 Genitrici
1595 5113 1700 5168 pro
1755 5098 1980 5169 ejusque

330 5168 612 5225 Genitrici.
1152 5168 1161 5169 ί
1888 5168 1897 5169 ί

360 5308 366 5309 γ
399 5240 511 5309 (58)
544 5241 664 5296 Vox
693 5242 804 5297 oris
830 5239 1150 5296 substituta
1179 5242 1269 5293 est
1298 5254 1367 5293 ex
1398 5255 1511 5293 ms.
1530 5262 1546 5309 ;
1579 5255 1717 5293 nam
1757 5237 1818 5293 in
1849 5239 1977 5294 edi-

326 5308 499 5385 tione
520 5312 800 5368 mendose
829 5311 1200 5385 legitur_orz'._
1220 5311 1465 5385 Ita_mox
1490 5308 1604 5385 alia
1623 5310 1739 5363 duo
1763 5310 1978 5385 menda

328 5380 616 5451 corrigam
651 5400 717 5439 ex
744 5400 854 5438 ms.
874 5380 1204 5438 {Meldensi
1236 5380 1646 5435 substituendo
1685 5383 1979 5450 sexaginta

328 5456 754 5604 Ξὲἐςὲξιςιὲἐηιί,
788 5460 845 5511 et
874 5455 1187 5523 habuimus,
1219 5468 1323 5526 pro
1354 5451 1539 5527 hujus,
1564 5451 1647 5509 uti
1678 5452 1856 5509 etiam
1895 5451 1974 5511 1e-

2088 4556 2264 4628 Deus,
2315 4552 2580 4627 castigat,
2627 4557 2683 4608 et
2730 4557 2893 4626 pater
2941 4552 3193 4626 ﬂagellat
3240 4570 3483 4641 omnem
3524 4552 3737 4621 ﬁlium,

2179 4744 2270 4816 59)
2306 4740 2540 4816 Rectius
2570 4740 2959 4816 Bulgarorum.

2179 4812 2269 4884 60)
2305 4814 2363 4868 In
2380 4828 2492 4886 ms.
2508 4812 2708 4877 spiritu
2726 4812 2925 4886 minus
2942 4815 3114 4868 recte.
3136 4812 3244 4886 Dat
3261 4815 3482 4886 auctor,
3505 4813 3737 4886 Opinor,

2087 4882 2329 4941 sensum
2376 4882 2686 4956 verborum
2736 4882 2994 4951 illorum,
3044 4901 3173 4956 quae
3220 4883 3514 4940 habentur
3544 4882 3737 4941 _Prcv.

2085 4973 2237 5039 κως,
2269 4957 2321 5025 ᾗ.
2495 4955 2679 5039 Totum
2725 4956 2985 5039 spiritum
3037 4955 3196 5039 suum
3242 4958 3455 5028 profert
3492 4957 3739 5025 stultia;

2084 5029 2301 5099 sapiens
2331 5025 2532 5096 diﬂ‘ert,
2565 5030 2617 5080 et
2646 5030 2886 5106 reseruat
2916 5028 2971 5106 ίῃ
3000 5025 3295 5108 posterum.
3345 5025 3352 5028 “

2102 5169 2116 5178 _
2157 5098 2269 5178 (ﬁt)
2302 5098 2461 5178 Idem
2483 5096 2658 5178 habet
2674 5113 2784 5178 ms.
2806 5095 3149 5178 Millieense,
3172 5114 3231 5152 in
3257 5114 3374 5178 quo
3394 5095 3518 5153 haec
3541 5098 3735 5178 solum

2085 5167 2294 5225 debeo
2327 5169 2476 5223 facto
2507 5168 2869 5240 subdantur:
2905 5191 2933 5218 «
2967 5167 3072 5223 Per
3100 5168 3210 5225 hoc
3238 5167 3491 5240 denique
3533 5169 3737 5227 volens

2086 5239 2354 5313 intelligi,
2388 5244 2461 5313 ut_
2481 5238 2812 5313 quicunque
2846 5256 2957 5295 non
2985 5238 3624 5313 acquiesceretjudicio
3641 5243 3739 5313 ju-

2086 5260 2354 5313 lnteuigi,
2388 5260 2451 5294 nt
2481 5260 2812 5310 qurcunque
2846 5260 2957 5295 non
2985 5260 3383 5311 acqulesceret
3398 5260 3624 5312 Jualcio
3677 5260 3736 5296 u-

2085 5311 2276 5377 stitise,
2310 5310 2465 5383 quod
2493 5326 2528 5383 a
2552 5309 2800 5383 Domino
2833 5316 3237 5383 proposuerat,
3274 5311 3359 5368 sic
3408 5311 3577 5367 ﬁeret
3626 5260 3736 5381 illi.

2084 5381 2411 5439 Audierant
2427 5381 2782 5458 habitatores
2799 5381 2962 5439 terrae
2978 5383 3269 5457 judicium
3282 5424 3296 5451 ,
3308 5383 3463 5458 quod
3474 5383 3739 5457 judicaso

2085 5458 2175 5513 set
2204 5470 2325 5528 rex,
2358 5458 2416 5512 et
2445 5453 2788 5511 timuerunt.
2821 5475 2851 5505 ››
