  <div class='ocr_page' id='page_1' title='image "/cluster/home/n/w/nwhite01/storage/ocr_20150623/151/hvd.32044054760095/619.png"; bbox 0 0 3968 6158; ppageno 0'>
   <div class='ocr_carea' id='block_1_1' title="bbox 376 279 537 347">
    <p class='ocr_par' dir='ltr' id='par_1_1' title="bbox 376 279 537 347">
     <span class='ocr_line' id='line_1_1' title="bbox 376 279 537 347; baseline 0.025 -4"><span class='ocrx_word' id='word_1_1' title='bbox 376 279 537 347; x_wconf 71' lang='grc'>1227</span> 
     </span>
    </p>
   </div>
   <div class='ocr_carea' id='block_1_2' title="bbox 1377 280 2783 349">
    <p class='ocr_par' dir='ltr' id='par_1_2' title="bbox 1377 280 2783 349">
     <span class='ocr_line' id='line_1_2' title="bbox 1377 280 2783 349; baseline -0.002 -1"><span class='ocrx_word' id='word_1_2' title='bbox 1377 283 1441 349; x_wconf 91' lang='lat' dir='ltr'>S.</span> <span class='ocrx_word' id='word_1_3' title='bbox 1489 281 1879 349; x_wconf 83' lang='lat' dir='ltr'>STEPHANI</span> <span class='ocrx_word' id='word_1_4' title='bbox 1922 280 2480 349; x_wconf 83' lang='lat' dir='ltr'>HUNGARORUM</span> <span class='ocrx_word' id='word_1_5' title='bbox 2529 283 2783 348; x_wconf 83' lang='lat' dir='ltr'>REGIS.</span> 
     </span>
    </p>
   </div>
   <div class='ocr_carea' id='block_1_3' title="bbox 3632 283 3795 352">
    <p class='ocr_par' dir='ltr' id='par_1_3' title="bbox 3632 283 3795 352">
     <span class='ocr_line' id='line_1_3' title="bbox 3632 283 3795 352; baseline 0.031 -5"><span class='ocrx_word' id='word_1_6' title='bbox 3632 283 3795 352; x_wconf 74' lang='lat'>1228</span> 
     </span>
    </p>
   </div>
   <div class='ocr_carea' id='block_1_4' title="bbox 376 403 3791 491">
    <p class='ocr_par' dir='ltr' id='par_1_4' title="bbox 376 403 3791 491">
     <span class='ocr_line' id='line_1_4' title="bbox 376 403 3791 491; baseline 0.001 -20"><span class='ocrx_word' id='word_1_7' title='bbox 376 415 669 472; x_wconf 79' lang='lat' dir='ltr'>inhiberet</span> <span class='ocrx_word' id='word_1_8' title='bbox 696 414 799 472; x_wconf 89' lang='lat' dir='ltr'>ubi</span> <span class='ocrx_word' id='word_1_9' title='bbox 820 416 1290 489; x_wconf 86' lang='lat' dir='ltr'>rexquiescebat,</span> <span class='ocrx_word' id='word_1_10' title='bbox 1317 403 2022 491; x_wconf 72' lang='lat' dir='ltr'>reveracmlestiimpulsu</span> <span class='ocrx_word' id='word_1_11' title='bbox 2052 420 2105 487; x_wconf 83' lang='grc' dir='ltr'><strong>Α</strong></span> <span class='ocrx_word' id='word_1_12' title='bbox 2138 436 2315 474; x_wconf 90' lang='lat' dir='ltr'>manu</span> <span class='ocrx_word' id='word_1_13' title='bbox 2345 419 2749 475; x_wconf 88' lang='lat' dir='ltr'>ministrorum</span> <span class='ocrx_word' id='word_1_14' title='bbox 2780 414 3123 490; x_wconf 83' lang='lat' dir='ltr'>principalis</span> <span class='ocrx_word' id='word_1_15' title='bbox 3138 415 3352 474; x_wconf 90' lang='lat' dir='ltr'>chorus</span> <span class='ocrx_word' id='word_1_16' title='bbox 3368 417 3791 476; x_wconf 82' lang='lat' dir='ltr'>comitum.Ubi</span> 
     </span>
    </p>
   </div>
   <div class='ocr_carea' id='block_1_5' title="bbox 372 503 2023 580">
    <p class='ocr_par' dir='ltr' id='par_1_5' title="bbox 372 503 2023 580">
     <span class='ocr_line' id='line_1_5' title="bbox 372 503 2023 580; baseline 0.002 -22"><span class='ocrx_word' id='word_1_17' title='bbox 372 503 606 576; x_wconf 83' lang='lat' dir='ltr'>gladius</span> <span class='ocrx_word' id='word_1_18' title='bbox 636 505 874 576; x_wconf 91' lang='lat' dir='ltr'>corruit,</span> <span class='ocrx_word' id='word_1_19' title='bbox 915 522 1348 580; x_wconf 90' lang='lat' dir='ltr'>percussusque</span> <span class='ocrx_word' id='word_1_20' title='bbox 1364 511 1578 563; x_wconf 88' lang='lat' dir='ltr'>terram</span> <span class='ocrx_word' id='word_1_21' title='bbox 1603 508 1713 579; x_wconf 83' lang='lat'>(68)</span> <span class='ocrx_word' id='word_1_22' title='bbox 1744 507 2023 562; x_wconf 85' lang='lat' dir='ltr'>tinnitum</span> 
     </span>
    </p>
   </div>
   <div class='ocr_carea' id='block_1_6' title="bbox 374 593 2021 669">
    <p class='ocr_par' dir='ltr' id='par_1_6' title="bbox 374 593 2021 669">
     <span class='ocr_line' id='line_1_6' title="bbox 374 593 2021 669; baseline 0.002 -21"><span class='ocrx_word' id='word_1_23' title='bbox 374 593 651 651; x_wconf 78' lang='lat' dir='ltr'>reddidit.</span> <span class='ocrx_word' id='word_1_24' title='bbox 675 595 885 652; x_wconf 84' lang='lat' dir='ltr'>Statim</span> <span class='ocrx_word' id='word_1_25' title='bbox 907 613 1006 652; x_wconf 85' lang='lat' dir='ltr'>rex</span> <span class='ocrx_word' id='word_1_26' title='bbox 1020 596 1266 653; x_wconf 90' lang='lat' dir='ltr'>audiens</span> <span class='ocrx_word' id='word_1_27' title='bbox 1289 613 1526 653; x_wconf 82' lang='lat' dir='ltr'>causam</span> <span class='ocrx_word' id='word_1_28' title='bbox 1551 597 1871 669; x_wconf 84' lang='lat' dir='ltr'>requisivit,</span> <span class='ocrx_word' id='word_1_29' title='bbox 1887 614 2021 652; x_wconf 87' lang='lat' dir='ltr'>cum</span> 
     </span>
    </p>
   </div>
   <div class='ocr_carea' id='block_1_7' title="bbox 372 681 2020 757">
    <p class='ocr_par' dir='ltr' id='par_1_7' title="bbox 372 681 2020 757">
     <span class='ocr_line' id='line_1_7' title="bbox 372 681 2020 757; baseline 0.001 -20"><span class='ocrx_word' id='word_1_30' title='bbox 372 681 513 754; x_wconf 90' lang='lat' dir='ltr'>quid</span> <span class='ocrx_word' id='word_1_31' title='bbox 544 683 735 740; x_wconf 83' lang='lat' dir='ltr'>fuerat</span> <span class='ocrx_word' id='word_1_32' title='bbox 762 685 1120 757; x_wconf 69' lang='lat' dir='ltr'>praasciebat.</span> <span class='ocrx_word' id='word_1_33' title='bbox 1173 684 1272 741; x_wconf 89' lang='lat' dir='ltr'>Ille</span> <span class='ocrx_word' id='word_1_34' title='bbox 1324 703 1458 742; x_wconf 89' lang='lat' dir='ltr'>vero</span> <span class='ocrx_word' id='word_1_35' title='bbox 1512 685 1722 742; x_wconf 78' lang='lat' dir='ltr'>anxius</span> <span class='ocrx_word' id='word_1_36' title='bbox 1780 686 2020 756; x_wconf 85' lang='lat' dir='ltr'>corruit,</span> 
     </span>
    </p>
   </div>
   <div class='ocr_carea' id='block_1_8' title="bbox 370 770 2017 847">
    <p class='ocr_par' dir='ltr' id='par_1_8' title="bbox 370 770 2017 847">
     <span class='ocr_line' id='line_1_8' title="bbox 370 770 2017 847; baseline 0.002 -22"><span class='ocrx_word' id='word_1_37' title='bbox 370 770 685 828; x_wconf 92' lang='lat' dir='ltr'>consilium</span> <span class='ocrx_word' id='word_1_38' title='bbox 719 772 932 830; x_wconf 91' lang='lat' dir='ltr'>furoris</span> <span class='ocrx_word' id='word_1_39' title='bbox 963 773 1056 829; x_wconf 90' lang='lat' dir='ltr'>sui</span> <span class='ocrx_word' id='word_1_40' title='bbox 1108 776 1459 847; x_wconf 82' lang='lat' dir='ltr'>recognovit,</span> <span class='ocrx_word' id='word_1_41' title='bbox 1493 774 1700 844; x_wconf 86' lang='lat' dir='ltr'>doluit,</span> <span class='ocrx_word' id='word_1_42' title='bbox 1752 774 2017 841; x_wconf 89' lang='lat' dir='ltr'>accessit,</span> 
     </span>
    </p>
   </div>
   <div class='ocr_carea' id='block_1_9' title="bbox 369 861 2020 936">
    <p class='ocr_par' dir='ltr' id='par_1_9' title="bbox 369 861 2020 936">
     <span class='ocr_line' id='line_1_9' title="bbox 369 861 2020 936; baseline 0.002 -22"><span class='ocrx_word' id='word_1_43' title='bbox 369 861 958 935; x_wconf 86' lang='lat' dir='ltr'>procubuit,vestigia</span> <span class='ocrx_word' id='word_1_44' title='bbox 1010 862 1375 936; x_wconf 82' lang='lat' dir='ltr'>amplexatus</span> <span class='ocrx_word' id='word_1_45' title='bbox 1432 869 1540 932; x_wconf 90' lang='lat' dir='ltr'>est,</span> <span class='ocrx_word' id='word_1_46' title='bbox 1593 881 1655 919; x_wconf 90' lang='lat' dir='ltr'>se</span> <span class='ocrx_word' id='word_1_47' title='bbox 1701 863 2020 935; x_wconf 88' lang='lat' dir='ltr'>deliquisse</span> 
     </span>
    </p>
   </div>
   <div class='ocr_carea' id='block_1_10' title="bbox 373 949 2019 1025">
    <p class='ocr_par' dir='ltr' id='par_1_10' title="bbox 373 949 2019 1025">
     <span class='ocr_line' id='line_1_10' title="bbox 373 949 2019 1025; baseline 0.002 -21"><span class='ocrx_word' id='word_1_48' title='bbox 373 949 703 1019; x_wconf 91' lang='lat' dir='ltr'>confessus,</span> <span class='ocrx_word' id='word_1_49' title='bbox 736 950 849 1008; x_wconf 90' lang='lat' dir='ltr'>sibi</span> <span class='ocrx_word' id='word_1_50' title='bbox 879 950 1173 1025; x_wconf 85' lang='lat' dir='ltr'>indulgeri</span> <span class='ocrx_word' id='word_1_51' title='bbox 1196 958 1465 1025; x_wconf 88' lang='lat' dir='ltr'>precatus</span> <span class='ocrx_word' id='word_1_52' title='bbox 1480 952 1836 1009; x_wconf 89' lang='lat' dir='ltr'>est.Veniam</span> <span class='ocrx_word' id='word_1_53' title='bbox 1862 970 2019 1025; x_wconf 70' lang='lat' dir='ltr'>qum-</span> 
     </span>
    </p>
   </div>
   <div class='ocr_carea' id='block_1_11' title="bbox 368 1039 2018 1113">
    <p class='ocr_par' dir='ltr' id='par_1_11' title="bbox 368 1039 2018 1113">
     <span class='ocr_line' id='line_1_11' title="bbox 368 1039 2018 1113; baseline 0.001 -20"><span class='ocrx_word' id='word_1_54' title='bbox 368 1039 543 1107; x_wconf 90' lang='lat' dir='ltr'>renti,</span> <span class='ocrx_word' id='word_1_55' title='bbox 576 1056 695 1098; x_wconf 89' lang='lat' dir='ltr'>non</span> <span class='ocrx_word' id='word_1_56' title='bbox 722 1041 931 1098; x_wconf 86' lang='lat' dir='ltr'>avertit</span> <span class='ocrx_word' id='word_1_57' title='bbox 960 1041 1194 1109; x_wconf 82' lang='lat' dir='ltr'>faciem,</span> <span class='ocrx_word' id='word_1_58' title='bbox 1233 1040 1405 1097; x_wconf 83' lang='lat' dir='ltr'>facile</span> <span class='ocrx_word' id='word_1_59' title='bbox 1462 1042 1706 1097; x_wconf 88' lang='lat' dir='ltr'>dimisit.</span> <span class='ocrx_word' id='word_1_60' title='bbox 1756 1041 2018 1113; x_wconf 84' lang='lat' dir='ltr'>Denique</span> 
     </span>
    </p>
   </div>
   <div class='ocr_carea' id='block_1_12' title="bbox 360 1126 2019 1202">
    <p class='ocr_par' dir='ltr' id='par_1_12' title="bbox 360 1126 2019 1202">
     <span class='ocr_line' id='line_1_12' title="bbox 360 1126 2019 1202; baseline 0.001 -19"><span class='ocrx_word' id='word_1_61' title='bbox 360 1126 538 1198; x_wconf 86' lang='lat' dir='ltr'>jussu</span> <span class='ocrx_word' id='word_1_62' title='bbox 569 1129 726 1201; x_wconf 90' lang='lat' dir='ltr'>regis</span> <span class='ocrx_word' id='word_1_63' title='bbox 753 1129 1057 1186; x_wconf 69' lang='lat' dir='ltr'>homicidas</span> <span class='ocrx_word' id='word_1_64' title='bbox 1089 1129 1175 1185; x_wconf 92' lang='lat' dir='ltr'>illi</span> <span class='ocrx_word' id='word_1_65' title='bbox 1208 1131 1423 1186; x_wconf 84' lang='lat' dir='ltr'>inventi</span> <span class='ocrx_word' id='word_1_66' title='bbox 1458 1135 1684 1202; x_wconf 88' lang='lat' dir='ltr'>sunt,et</span> <span class='ocrx_word' id='word_1_67' title='bbox 1738 1130 2019 1185; x_wconf 88' lang='lat' dir='ltr'>adversus</span> 
     </span>
    </p>
   </div>
   <div class='ocr_carea' id='block_1_13' title="bbox 366 1217 2015 1293">
    <p class='ocr_par' dir='ltr' id='par_1_13' title="bbox 366 1217 2015 1293">
     <span class='ocr_line' id='line_1_13' title="bbox 366 1217 2015 1293; baseline -0.003 -15"><span class='ocrx_word' id='word_1_68' title='bbox 366 1232 470 1278; x_wconf 84' lang='lat' dir='ltr'>eos</span> <span class='ocrx_word' id='word_1_69' title='bbox 487 1217 715 1289; x_wconf 89' lang='lat' dir='ltr'>judicio</span> <span class='ocrx_word' id='word_1_70' title='bbox 744 1220 907 1291; x_wconf 80' lang='lat' dir='ltr'>[forte</span> <span class='ocrx_word' id='word_1_71' title='bbox 928 1219 1175 1293; x_wconf 86' lang='lat' dir='ltr'>judicia]</span> <span class='ocrx_word' id='word_1_72' title='bbox 1209 1218 1463 1288; x_wconf 90' lang='lat' dir='ltr'>locutus,</span> <span class='ocrx_word' id='word_1_73' title='bbox 1491 1219 1669 1292; x_wconf 90' lang='lat' dir='ltr'>digna</span> <span class='ocrx_word' id='word_1_74' title='bbox 1686 1235 1784 1274; x_wconf 90' lang='lat' dir='ltr'>eos</span> <span class='ocrx_word' id='word_1_75' title='bbox 1803 1217 2015 1273; x_wconf 86' lang='lat' dir='ltr'>multa-</span> 
     </span>
    </p>
   </div>
   <div class='ocr_carea' id='block_1_14' title="bbox 378 1307 799 1368">
    <p class='ocr_par' dir='ltr' id='par_1_14' title="bbox 378 1307 799 1368">
     <span class='ocr_line' id='line_1_14' title="bbox 378 1307 799 1368; baseline -0.012 0"><span class='ocrx_word' id='word_1_76' title='bbox 378 1312 463 1368; x_wconf 84' lang='lat' dir='ltr'>vit</span> <span class='ocrx_word' id='word_1_77' title='bbox 489 1307 799 1366; x_wconf 81' lang='lat' dir='ltr'>sententia.</span> 
     </span>
    </p>
   </div>
   <div class='ocr_carea' id='block_1_15' title="bbox 434 1395 2014 1470">
    <p class='ocr_par' dir='ltr' id='par_1_15' title="bbox 434 1395 2014 1470">
     <span class='ocr_line' id='line_1_15' title="bbox 434 1395 2014 1470; baseline -0.003 -15"><span class='ocrx_word' id='word_1_78' title='bbox 434 1400 523 1457; x_wconf 90' lang='lat'>30.</span> <span class='ocrx_word' id='word_1_79' title='bbox 557 1397 818 1454; x_wconf 88' lang='lat' dir='ltr'>Tandem</span> <span class='ocrx_word' id='word_1_80' title='bbox 848 1413 953 1470; x_wconf 89' lang='lat' dir='ltr'>per</span> <span class='ocrx_word' id='word_1_81' title='bbox 969 1395 1435 1454; x_wconf 90' lang='lat' dir='ltr'>misericordiam</span> <span class='ocrx_word' id='word_1_82' title='bbox 1468 1395 1569 1452; x_wconf 90' lang='lat' dir='ltr'>Dei</span> <span class='ocrx_word' id='word_1_83' title='bbox 1611 1396 1825 1469; x_wconf 90' lang='lat' dir='ltr'>dignus</span> <span class='ocrx_word' id='word_1_84' title='bbox 1883 1412 2014 1451; x_wconf 90' lang='lat' dir='ltr'>cen-</span> 
     </span>
    </p>
   </div>
   <div class='ocr_carea' id='block_1_16' title="bbox 362 1483 2015 1561">
    <p class='ocr_par' dir='ltr' id='par_1_16' title="bbox 362 1483 2015 1561">
     <span class='ocr_line' id='line_1_16' title="bbox 362 1483 2015 1561; baseline -0.004 -17"><span class='ocrx_word' id='word_1_85' title='bbox 362 1486 637 1561; x_wconf 89' lang='lat' dir='ltr'>tuplicari</span> <span class='ocrx_word' id='word_1_86' title='bbox 669 1485 1074 1543; x_wconf 89' lang='lat' dir='ltr'>retributionis</span> <span class='ocrx_word' id='word_1_87' title='bbox 1104 1486 1325 1553; x_wconf 90' lang='lat' dir='ltr'>bravio,</span> <span class='ocrx_word' id='word_1_88' title='bbox 1358 1490 1553 1541; x_wconf 89' lang='lat' dir='ltr'>tactus</span> <span class='ocrx_word' id='word_1_89' title='bbox 1584 1485 1887 1553; x_wconf 79' lang='lat' dir='ltr'>febri,cum</span> <span class='ocrx_word' id='word_1_90' title='bbox 1905 1483 2015 1539; x_wconf 84' lang='lat' dir='ltr'>sibi</span> 
     </span>
    </p>
   </div>
   <div class='ocr_carea' id='block_1_17' title="bbox 366 1572 2017 1647">
    <p class='ocr_par' dir='ltr' id='par_1_17' title="bbox 366 1572 2017 1647">
     <span class='ocr_line' id='line_1_17' title="bbox 366 1572 2017 1647; baseline -0.003 -13"><span class='ocrx_word' id='word_1_91' title='bbox 366 1577 523 1634; x_wconf 89' lang='lat' dir='ltr'>diem</span> <span class='ocrx_word' id='word_1_92' title='bbox 552 1575 841 1633; x_wconf 87' lang='lat' dir='ltr'>transitus</span> <span class='ocrx_word' id='word_1_93' title='bbox 863 1575 1172 1631; x_wconf 89' lang='lat' dir='ltr'>imminere</span> <span class='ocrx_word' id='word_1_94' title='bbox 1207 1593 1323 1630; x_wconf 92' lang='lat' dir='ltr'>non</span> <span class='ocrx_word' id='word_1_95' title='bbox 1356 1576 1697 1647; x_wconf 88' lang='lat' dir='ltr'>ambigeret,</span> <span class='ocrx_word' id='word_1_96' title='bbox 1722 1572 2017 1629; x_wconf 84' lang='lat' dir='ltr'>accersitis</span> 
     </span>
    </p>
   </div>
   <div class='ocr_carea' id='block_1_18' title="bbox 360 1662 2017 1738">
    <p class='ocr_par' dir='ltr' id='par_1_18' title="bbox 360 1662 2017 1738">
     <span class='ocr_line' id='line_1_18' title="bbox 360 1662 2017 1738; baseline -0.004 -15"><span class='ocrx_word' id='word_1_97' title='bbox 360 1665 649 1738; x_wconf 80' lang='lat' dir='ltr'>episcopis</span> <span class='ocrx_word' id='word_1_98' title='bbox 678 1668 735 1719; x_wconf 88' lang='lat' dir='ltr'>et</span> <span class='ocrx_word' id='word_1_99' title='bbox 762 1664 968 1736; x_wconf 90' lang='lat' dir='ltr'>primis</span> <span class='ocrx_word' id='word_1_100' title='bbox 997 1664 1197 1736; x_wconf 88' lang='lat' dir='ltr'>palatii</span> <span class='ocrx_word' id='word_1_101' title='bbox 1231 1666 1302 1719; x_wconf 90' lang='lat' dir='ltr'>de</span> <span class='ocrx_word' id='word_1_102' title='bbox 1344 1663 1555 1720; x_wconf 87' lang='lat' dir='ltr'>Christi</span> <span class='ocrx_word' id='word_1_103' title='bbox 1615 1662 1849 1718; x_wconf 88' lang='lat' dir='ltr'>nomine</span> <span class='ocrx_word' id='word_1_104' title='bbox 1899 1662 2017 1734; x_wconf 88' lang='lat' dir='ltr'>glo-</span> 
     </span>
    </p>
   </div>
   <div class='ocr_carea' id='block_1_19' title="bbox 361 1751 2012 1825">
    <p class='ocr_par' dir='ltr' id='par_1_19' title="bbox 361 1751 2012 1825">
     <span class='ocr_line' id='line_1_19' title="bbox 361 1751 2012 1825; baseline -0.001 -16"><span class='ocrx_word' id='word_1_105' title='bbox 361 1752 939 1825; x_wconf 87' lang='lat' dir='ltr'>riantibus,primum</span> <span class='ocrx_word' id='word_1_106' title='bbox 971 1769 1104 1808; x_wconf 91' lang='lat' dir='ltr'>cum</span> <span class='ocrx_word' id='word_1_107' title='bbox 1132 1753 1215 1808; x_wconf 91' lang='lat' dir='ltr'>eis</span> <span class='ocrx_word' id='word_1_108' title='bbox 1238 1751 1588 1808; x_wconf 86' lang='lat' dir='ltr'>tractavitde</span> <span class='ocrx_word' id='word_1_109' title='bbox 1605 1752 2012 1822; x_wconf 83' lang='lat' dir='ltr'>substituendo</span> 
     </span>
    </p>
   </div>
   <div class='ocr_carea' id='block_1_20' title="bbox 361 1839 2014 1915">
    <p class='ocr_par' dir='ltr' id='par_1_20' title="bbox 361 1839 2014 1915">
     <span class='ocr_line' id='line_1_20' title="bbox 361 1839 2014 1915; baseline -0.001 -18"><span class='ocrx_word' id='word_1_110' title='bbox 361 1859 466 1915; x_wconf 87' lang='lat' dir='ltr'>pro</span> <span class='ocrx_word' id='word_1_111' title='bbox 497 1858 559 1899; x_wconf 89' lang='lat' dir='ltr'>se</span> <span class='ocrx_word' id='word_1_112' title='bbox 580 1857 732 1915; x_wconf 89' lang='lat' dir='ltr'>rege.</span> <span class='ocrx_word' id='word_1_113' title='bbox 758 1841 977 1897; x_wconf 86' lang='lat' dir='ltr'>Deinde</span> <span class='ocrx_word' id='word_1_114' title='bbox 991 1845 1229 1913; x_wconf 89' lang='lat' dir='ltr'>paterne</span> <span class='ocrx_word' id='word_1_115' title='bbox 1247 1841 1477 1897; x_wconf 84' lang='lat' dir='ltr'>monuit</span> <span class='ocrx_word' id='word_1_116' title='bbox 1497 1840 1627 1896; x_wconf 90' lang='lat' dir='ltr'>illos</span> <span class='ocrx_word' id='word_1_117' title='bbox 1667 1839 2014 1896; x_wconf 88' lang='lat' dir='ltr'>catholicam</span> 
     </span>
    </p>
   </div>
   <div class='ocr_carea' id='block_1_21' title="bbox 358 1930 2013 2002">
    <p class='ocr_par' dir='ltr' id='par_1_21' title="bbox 358 1930 2013 2002">
     <span class='ocr_line' id='line_1_21' title="bbox 358 1930 2013 2002; baseline -0.001 -16"><span class='ocrx_word' id='word_1_118' title='bbox 358 1931 538 1987; x_wconf 82' lang='lat' dir='ltr'>fidem</span> <span class='ocrx_word' id='word_1_119' title='bbox 586 1930 892 1986; x_wconf 89' lang='lat' dir='ltr'>observare</span> <span class='ocrx_word' id='word_1_120' title='bbox 922 1946 1100 2001; x_wconf 90' lang='lat' dir='ltr'>quam</span> <span class='ocrx_word' id='word_1_121' title='bbox 1132 1935 1491 2002; x_wconf 87' lang='lat' dir='ltr'>acceperant,</span> <span class='ocrx_word' id='word_1_122' title='bbox 1512 1947 1706 1985; x_wconf 89' lang='lat' dir='ltr'>amare</span> <span class='ocrx_word' id='word_1_123' title='bbox 1717 1930 2013 2002; x_wconf 81' lang='lat' dir='ltr'>justitiam</span> 
     </span>
    </p>
   </div>
   <div class='ocr_carea' id='block_1_22' title="bbox 357 2016 2012 2091">
    <p class='ocr_par' dir='ltr' id='par_1_22' title="bbox 357 2016 2012 2091">
     <span class='ocr_line' id='line_1_22' title="bbox 357 2016 2012 2091; baseline -0.002 -18"><span class='ocrx_word' id='word_1_124' title='bbox 357 2018 598 2075; x_wconf 86' lang='lat' dir='ltr'>vincula</span> <span class='ocrx_word' id='word_1_125' title='bbox 624 2034 894 2091; x_wconf 65' lang='lat' dir='ltr'>superna;</span> <span class='ocrx_word' id='word_1_126' title='bbox 951 2018 1261 2074; x_wconf 91' lang='lat' dir='ltr'>charitatis</span> <span class='ocrx_word' id='word_1_127' title='bbox 1309 2018 1572 2091; x_wconf 86' lang='lat' dir='ltr'>diligere,</span> <span class='ocrx_word' id='word_1_128' title='bbox 1634 2022 1689 2073; x_wconf 90' lang='lat' dir='ltr'>et</span> <span class='ocrx_word' id='word_1_129' title='bbox 1746 2016 2012 2073; x_wconf 88' lang='lat' dir='ltr'>charitati</span> 
     </span>
    </p>
   </div>
   <div class='ocr_carea' id='block_1_23' title="bbox 359 2106 2012 2181">
    <p class='ocr_par' dir='ltr' id='par_1_23' title="bbox 359 2106 2012 2181">
     <span class='ocr_line' id='line_1_23' title="bbox 359 2106 2012 2181; baseline -0.002 -17"><span class='ocrx_word' id='word_1_130' title='bbox 359 2124 600 2181; x_wconf 88' lang='lat' dir='ltr'>operam</span> <span class='ocrx_word' id='word_1_131' title='bbox 644 2108 806 2176; x_wconf 90' lang='lat' dir='ltr'>dare,</span> <span class='ocrx_word' id='word_1_132' title='bbox 852 2106 1215 2163; x_wconf 87' lang='lat' dir='ltr'>humilitatis</span> <span class='ocrx_word' id='word_1_133' title='bbox 1257 2108 1453 2163; x_wconf 91' lang='lat' dir='ltr'>studio</span> <span class='ocrx_word' id='word_1_134' title='bbox 1510 2107 1832 2179; x_wconf 86' lang='lat' dir='ltr'>invigilare,</span> <span class='ocrx_word' id='word_1_135' title='bbox 1895 2124 2012 2179; x_wconf 73' lang='lat' dir='ltr'>prae</span> 
     </span>
    </p>
   </div>
   <div class='ocr_carea' id='block_1_24' title="bbox 357 2195 2011 2271">
    <p class='ocr_par' dir='ltr' id='par_1_24' title="bbox 357 2195 2011 2271">
     <span class='ocr_line' id='line_1_24' title="bbox 357 2195 2011 2271; baseline -0.002 -17"><span class='ocrx_word' id='word_1_136' title='bbox 357 2196 618 2271; x_wconf 72' lang='lat' dir='ltr'>[ms.pro]</span> <span class='ocrx_word' id='word_1_137' title='bbox 648 2195 926 2253; x_wconf 88' lang='lat' dir='ltr'>omnibus</span> <span class='ocrx_word' id='word_1_138' title='bbox 952 2212 1086 2252; x_wconf 88' lang='lat' dir='ltr'>vero</span> <span class='ocrx_word' id='word_1_139' title='bbox 1118 2196 1355 2253; x_wconf 77' lang='lat' dir='ltr'>novellae</span> <span class='ocrx_word' id='word_1_140' title='bbox 1372 2196 1831 2252; x_wconf 86' lang='lat' dir='ltr'>Christianitatis</span> <span class='ocrx_word' id='word_1_141' title='bbox 1844 2195 2011 2268; x_wconf 89' lang='lat' dir='ltr'>plan-</span> 
     </span>
    </p>
   </div>
   <div class='ocr_carea' id='block_1_25' title="bbox 353 2284 2009 2359">
    <p class='ocr_par' dir='ltr' id='par_1_25' title="bbox 353 2284 2009 2359">
     <span class='ocr_line' id='line_1_25' title="bbox 353 2284 2009 2359; baseline -0.002 -18"><span class='ocrx_word' id='word_1_142' title='bbox 353 2285 561 2342; x_wconf 86' lang='lat' dir='ltr'>tationi</span> <span class='ocrx_word' id='word_1_143' title='bbox 592 2284 715 2359; x_wconf 84' lang='lat' dir='ltr'>[al.,</span> <span class='ocrx_word' id='word_1_144' title='bbox 748 2284 1199 2357; x_wconf 89' lang='lat' dir='ltr'>plantationem]</span> <span class='ocrx_word' id='word_1_145' title='bbox 1231 2284 1556 2341; x_wconf 86' lang='lat' dir='ltr'>custodiam</span> <span class='ocrx_word' id='word_1_146' title='bbox 1581 2284 1875 2341; x_wconf 89' lang='lat' dir='ltr'>adhibere.</span> <span class='ocrx_word' id='word_1_147' title='bbox 1906 2284 2009 2339; x_wconf 86' lang='lat' dir='ltr'>His</span> 
     </span>
    </p>
   </div>
   <div class='ocr_carea' id='block_1_26' title="bbox 356 2373 2008 2444">
    <p class='ocr_par' dir='ltr' id='par_1_26' title="bbox 356 2373 2008 2444">
     <span class='ocr_line' id='line_1_26' title="bbox 356 2373 2008 2444; baseline -0.001 -14"><span class='ocrx_word' id='word_1_148' title='bbox 356 2374 547 2444; x_wconf 89' lang='lat' dir='ltr'>dictis,</span> <span class='ocrx_word' id='word_1_149' title='bbox 582 2390 796 2431; x_wconf 89' lang='lat' dir='ltr'>manus</span> <span class='ocrx_word' id='word_1_150' title='bbox 824 2377 881 2430; x_wconf 90' lang='lat' dir='ltr'>et</span> <span class='ocrx_word' id='word_1_151' title='bbox 911 2374 1109 2430; x_wconf 90' lang='lat' dir='ltr'>oculos</span> <span class='ocrx_word' id='word_1_152' title='bbox 1139 2373 1339 2431; x_wconf 87' lang='lat' dir='ltr'>levans</span> <span class='ocrx_word' id='word_1_153' title='bbox 1365 2374 1437 2429; x_wconf 90' lang='lat' dir='ltr'>ad</span> <span class='ocrx_word' id='word_1_154' title='bbox 1463 2374 1677 2440; x_wconf 89' lang='lat' dir='ltr'>sidera,</span> <span class='ocrx_word' id='word_1_155' title='bbox 1710 2374 1795 2429; x_wconf 92' lang='lat' dir='ltr'>sic</span> <span class='ocrx_word' id='word_1_156' title='bbox 1820 2373 2008 2429; x_wconf 88' lang='lat' dir='ltr'>excla-</span> 
     </span>
    </p>
   </div>
   <div class='ocr_carea' id='block_1_27' title="bbox 353 2462 2007 2537">
    <p class='ocr_par' dir='ltr' id='par_1_27' title="bbox 353 2462 2007 2537">
     <span class='ocr_line' id='line_1_27' title="bbox 353 2462 2007 2537; baseline -0.001 -18"><span class='ocrx_word' id='word_1_157' title='bbox 353 2463 565 2520; x_wconf 88' lang='lat' dir='ltr'>mavit:</span> <span class='ocrx_word' id='word_1_158' title='bbox 593 2463 818 2537; x_wconf 84' lang='lat' dir='ltr'>Regina</span> <span class='ocrx_word' id='word_1_159' title='bbox 848 2462 995 2531; x_wconf 73' lang='lat' dir='ltr'>cmli,</span> <span class='ocrx_word' id='word_1_160' title='bbox 1030 2462 1347 2535; x_wconf 87' lang='lat' dir='ltr'>reparatrix</span> <span class='ocrx_word' id='word_1_161' title='bbox 1379 2462 1598 2535; x_wconf 85' lang='lat' dir='ltr'>inclyta</span> <span class='ocrx_word' id='word_1_162' title='bbox 1647 2463 1853 2518; x_wconf 91' lang='lat' dir='ltr'>mundi</span> <span class='ocrx_word' id='word_1_163' title='bbox 1906 2467 2007 2518; x_wconf 92' lang='lat' dir='ltr'>tuo</span> 
     </span>
    </p>
   </div>
   <div class='ocr_carea' id='block_1_28' title="bbox 353 2550 2008 2625">
    <p class='ocr_par' dir='ltr' id='par_1_28' title="bbox 353 2550 2008 2625">
     <span class='ocr_line' id='line_1_28' title="bbox 353 2550 2008 2625; baseline -0.001 -17"><span class='ocrx_word' id='word_1_164' title='bbox 353 2552 677 2625; x_wconf 91' lang='lat' dir='ltr'>patrocinio</span> <span class='ocrx_word' id='word_1_165' title='bbox 734 2556 999 2608; x_wconf 88' lang='lat' dir='ltr'>sanctam</span> <span class='ocrx_word' id='word_1_166' title='bbox 1065 2550 1545 2617; x_wconf 87' lang='lat' dir='ltr'>Ecclesiam,eum</span> <span class='ocrx_word' id='word_1_167' title='bbox 1599 2551 1889 2623; x_wconf 82' lang='lat' dir='ltr'>episeOpis</span> <span class='ocrx_word' id='word_1_168' title='bbox 1950 2556 2008 2607; x_wconf 91' lang='lat' dir='ltr'>et</span> 
     </span>
    </p>
   </div>
   <div class='ocr_carea' id='block_1_29' title="bbox 358 2639 2044 2713">
    <p class='ocr_par' dir='ltr' id='par_1_29' title="bbox 358 2639 2044 2713">
     <span class='ocr_line' id='line_1_29' title="bbox 358 2639 2044 2713; baseline 0 -17"><span class='ocrx_word' id='word_1_169' title='bbox 358 2639 533 2708; x_wconf 89' lang='lat' dir='ltr'>clero,</span> <span class='ocrx_word' id='word_1_170' title='bbox 568 2655 813 2713; x_wconf 88' lang='lat' dir='ltr'>regnum</span> <span class='ocrx_word' id='word_1_171' title='bbox 843 2656 979 2696; x_wconf 89' lang='lat' dir='ltr'>cum</span> <span class='ocrx_word' id='word_1_172' title='bbox 1010 2639 1361 2712; x_wconf 88' lang='lat' dir='ltr'>primatibus</span> <span class='ocrx_word' id='word_1_173' title='bbox 1385 2644 1441 2696; x_wconf 91' lang='lat' dir='ltr'>et</span> <span class='ocrx_word' id='word_1_174' title='bbox 1472 2639 1685 2712; x_wconf 88' lang='lat' dir='ltr'>populo</span> <span class='ocrx_word' id='word_1_175' title='bbox 1727 2641 1837 2695; x_wconf 89' lang='lat' dir='ltr'>sub</span> <span class='ocrx_word' id='word_1_176' title='bbox 1888 2640 2006 2696; x_wconf 92' lang='lat' dir='ltr'>tuis</span> <span class='ocrx_word' id='word_1_177' title='bbox 2038 2696 2044 2707; x_wconf 73' lang='grc'><em>,</em></span> 
     </span>
    </p>
   </div>
   <div class='ocr_carea' id='block_1_30' title="bbox 352 2728 2002 2801">
    <p class='ocr_par' dir='ltr' id='par_1_30' title="bbox 352 2728 2002 2801">
     <span class='ocr_line' id='line_1_30' title="bbox 352 2728 2002 2801; baseline -0.001 -16"><span class='ocrx_word' id='word_1_178' title='bbox 352 2728 629 2800; x_wconf 89' lang='lat' dir='ltr'>precibus</span> <span class='ocrx_word' id='word_1_179' title='bbox 658 2728 1001 2784; x_wconf 88' lang='lat' dir='ltr'>committo:</span> <span class='ocrx_word' id='word_1_180' title='bbox 1052 2728 1270 2799; x_wconf 88' lang='lat' dir='ltr'>quibus</span> <span class='ocrx_word' id='word_1_181' title='bbox 1328 2728 1604 2784; x_wconf 91' lang='lat' dir='ltr'>ultimum</span> <span class='ocrx_word' id='word_1_182' title='bbox 1651 2728 2002 2801; x_wconf 88' lang='lat' dir='ltr'>valedicens,</span> 
     </span>
    </p>
   </div>
   <div class='ocr_carea' id='block_1_31' title="bbox 354 2815 1678 2873">
    <p class='ocr_par' dir='ltr' id='par_1_31' title="bbox 354 2815 1678 2873">
     <span class='ocr_line' id='line_1_31' title="bbox 354 2815 1678 2873; baseline 0.002 -2"><span class='ocrx_word' id='word_1_183' title='bbox 354 2815 630 2873; x_wconf 87' lang='lat' dir='ltr'>manibus</span> <span class='ocrx_word' id='word_1_184' title='bbox 649 2815 771 2873; x_wconf 89' lang='lat' dir='ltr'>tuis</span> <span class='ocrx_word' id='word_1_185' title='bbox 802 2816 1062 2873; x_wconf 81' lang='lat' dir='ltr'>animum</span> <span class='ocrx_word' id='word_1_186' title='bbox 1087 2833 1279 2873; x_wconf 88' lang='lat' dir='ltr'>meam</span> <span class='ocrx_word' id='word_1_187' title='bbox 1312 2819 1678 2873; x_wconf 85' lang='lat' dir='ltr'>commendo.</span> 
     </span>
    </p>
   </div>
   <div class='ocr_carea' id='block_1_32' title="bbox 422 2904 2003 2979">
    <p class='ocr_par' dir='ltr' id='par_1_32' title="bbox 422 2904 2003 2979">
     <span class='ocr_line' id='line_1_32' title="bbox 422 2904 2003 2979; baseline 0.001 -18"><span class='ocrx_word' id='word_1_188' title='bbox 422 2911 510 2961; x_wconf 88' lang='lat' dir='ltr'>3t.</span> <span class='ocrx_word' id='word_1_189' title='bbox 547 2905 810 2962; x_wconf 86' lang='lat' dir='ltr'>Instabat</span> <span class='ocrx_word' id='word_1_190' title='bbox 853 2908 994 2961; x_wconf 89' lang='lat' dir='ltr'>tunc</span> <span class='ocrx_word' id='word_1_191' title='bbox 1038 2904 1384 2962; x_wconf 89' lang='lat' dir='ltr'>solemnitas</span> <span class='ocrx_word' id='word_1_192' title='bbox 1442 2905 2003 2979; x_wconf 59' lang='lat' dir='ltr'>pracipua,celebris</span> 
     </span>
    </p>
   </div>
   <div class='ocr_carea' id='block_1_33' title="bbox 351 2993 2001 3068">
    <p class='ocr_par' dir='ltr' id='par_1_33' title="bbox 351 2993 2001 3068">
     <span class='ocr_line' id='line_1_33' title="bbox 351 2993 2001 3068; baseline 0.001 -19"><span class='ocrx_word' id='word_1_193' title='bbox 351 2993 581 3068; x_wconf 87' lang='lat' dir='ltr'>angelis</span> <span class='ocrx_word' id='word_1_194' title='bbox 610 2998 668 3050; x_wconf 89' lang='lat' dir='ltr'>et</span> <span class='ocrx_word' id='word_1_195' title='bbox 689 2993 1033 3061; x_wconf 89' lang='lat' dir='ltr'>homnibus,</span> <span class='ocrx_word' id='word_1_196' title='bbox 1067 2993 1192 3050; x_wconf 90' lang='lat' dir='ltr'>dies</span> <span class='ocrx_word' id='word_1_197' title='bbox 1222 2995 1659 3068; x_wconf 88' lang='lat' dir='ltr'>Assumptionis</span> <span class='ocrx_word' id='word_1_198' title='bbox 1692 2994 1907 3062; x_wconf 65' lang='lat' dir='ltr'>Mariae,</span> <span class='ocrx_word' id='word_1_199' title='bbox 1940 2995 2001 3051; x_wconf 92' lang='lat' dir='ltr'>in</span> 
     </span>
    </p>
   </div>
   <div class='ocr_carea' id='block_1_34' title="bbox 346 3081 2001 3157">
    <p class='ocr_par' dir='ltr' id='par_1_34' title="bbox 346 3081 2001 3157">
     <span class='ocr_line' id='line_1_34' title="bbox 346 3081 2001 3157; baseline -0.001 -17"><span class='ocrx_word' id='word_1_200' title='bbox 346 3084 522 3156; x_wconf 89' lang='lat' dir='ltr'>cujus</span> <span class='ocrx_word' id='word_1_201' title='bbox 549 3082 761 3157; x_wconf 88' lang='lat' dir='ltr'>gaudio</span> <span class='ocrx_word' id='word_1_202' title='bbox 793 3081 1099 3139; x_wconf 89' lang='lat' dir='ltr'>dissolutio</span> <span class='ocrx_word' id='word_1_203' title='bbox 1131 3084 1222 3138; x_wconf 92' lang='lat' dir='ltr'>sui</span> <span class='ocrx_word' id='word_1_204' title='bbox 1254 3084 1513 3156; x_wconf 90' lang='lat' dir='ltr'>corporis</span> <span class='ocrx_word' id='word_1_205' title='bbox 1557 3085 1737 3150; x_wconf 82' lang='lat' dir='ltr'>ﬁeret,</span> <span class='ocrx_word' id='word_1_206' title='bbox 1771 3084 2001 3140; x_wconf 89' lang='lat' dir='ltr'>miseri-</span> 
     </span>
    </p>
   </div>
   <div class='ocr_carea' id='block_1_35' title="bbox 2139 507 3788 581">
    <p class='ocr_par' dir='ltr' id='par_1_35' title="bbox 2139 507 3788 581">
     <span class='ocr_line' id='line_1_35' title="bbox 2139 507 3788 581; baseline 0.001 -19"><span class='ocrx_word' id='word_1_207' title='bbox 2139 526 2234 563; x_wconf 79' lang='lat' dir='ltr'>rex</span> <span class='ocrx_word' id='word_1_208' title='bbox 2263 508 2510 564; x_wconf 89' lang='lat' dir='ltr'>dilectus</span> <span class='ocrx_word' id='word_1_209' title='bbox 2539 508 2599 563; x_wconf 90' lang='lat' dir='ltr'>in</span> <span class='ocrx_word' id='word_1_210' title='bbox 2632 508 2821 563; x_wconf 89' lang='lat' dir='ltr'>medio</span> <span class='ocrx_word' id='word_1_211' title='bbox 2841 507 3069 578; x_wconf 87' lang='lat' dir='ltr'>jacens,</span> <span class='ocrx_word' id='word_1_212' title='bbox 3090 510 3328 579; x_wconf 90' lang='lat' dir='ltr'>accepta</span> <span class='ocrx_word' id='word_1_213' title='bbox 3350 508 3623 565; x_wconf 88' lang='lat' dir='ltr'>unctione</span> <span class='ocrx_word' id='word_1_214' title='bbox 3664 510 3788 581; x_wconf 86' lang='lat' dir='ltr'>spi—</span> 
     </span>
    </p>
   </div>
   <div class='ocr_carea' id='block_1_36' title="bbox 2136 596 3793 670">
    <p class='ocr_par' dir='ltr' id='par_1_36' title="bbox 2136 596 3793 670">
     <span class='ocr_line' id='line_1_36' title="bbox 2136 596 3793 670; baseline 0.001 -19"><span class='ocrx_word' id='word_1_215' title='bbox 2136 597 2322 653; x_wconf 87' lang='lat' dir='ltr'>ritalis</span> <span class='ocrx_word' id='word_1_216' title='bbox 2358 597 2730 660; x_wconf 89' lang='lat' dir='ltr'>sacramenti,</span> <span class='ocrx_word' id='word_1_217' title='bbox 2764 601 3025 653; x_wconf 90' lang='lat' dir='ltr'>sanctam</span> <span class='ocrx_word' id='word_1_218' title='bbox 3074 596 3356 662; x_wconf 89' lang='lat' dir='ltr'>animam,</span> <span class='ocrx_word' id='word_1_219' title='bbox 3412 598 3674 670; x_wconf 90' lang='lat' dir='ltr'>corporis</span> <span class='ocrx_word' id='word_1_220' title='bbox 3728 603 3793 654; x_wconf 87' lang='lat' dir='ltr'>et</span> 
     </span>
    </p>
   </div>
   <div class='ocr_carea' id='block_1_37' title="bbox 2135 684 3789 759">
    <p class='ocr_par' dir='ltr' id='par_1_37' title="bbox 2135 684 3789 759">
     <span class='ocr_line' id='line_1_37' title="bbox 2135 684 3789 759; baseline 0.001 -17"><span class='ocrx_word' id='word_1_221' title='bbox 2135 686 2440 759; x_wconf 86' lang='lat' dir='ltr'>sanguinis</span> <span class='ocrx_word' id='word_1_222' title='bbox 2463 685 2693 741; x_wconf 88' lang='lat' dir='ltr'>Domini</span> <span class='ocrx_word' id='word_1_223' title='bbox 2716 684 2903 742; x_wconf 89' lang='lat' dir='ltr'>nostri</span> <span class='ocrx_word' id='word_1_224' title='bbox 2933 685 3073 743; x_wconf 89' lang='lat' dir='ltr'>Jesu</span> <span class='ocrx_word' id='word_1_225' title='bbox 3098 684 3311 741; x_wconf 89' lang='lat' dir='ltr'>Christi</span> <span class='ocrx_word' id='word_1_226' title='bbox 3334 686 3541 743; x_wconf 87' lang='lat' dir='ltr'>viatico</span> <span class='ocrx_word' id='word_1_227' title='bbox 3563 703 3789 744; x_wconf 86' lang='lat' dir='ltr'>recrea-</span> 
     </span>
    </p>
   </div>
   <div class='ocr_carea' id='block_1_38' title="bbox 2129 773 3790 845">
    <p class='ocr_par' dir='ltr' id='par_1_38' title="bbox 2129 773 3790 845">
     <span class='ocr_line' id='line_1_38' title="bbox 2129 773 3790 845; baseline 0.002 -15"><span class='ocrx_word' id='word_1_228' title='bbox 2129 780 2272 845; x_wconf 86' lang='lat' dir='ltr'>tam,</span> <span class='ocrx_word' id='word_1_229' title='bbox 2306 792 2459 831; x_wconf 90' lang='lat' dir='ltr'>anno</span> <span class='ocrx_word' id='word_1_230' title='bbox 2482 773 2795 830; x_wconf 73' lang='lat' dir='ltr'>Dominica:</span> <span class='ocrx_word' id='word_1_231' title='bbox 2828 775 3253 831; x_wconf 89' lang='lat' dir='ltr'>Incarnationis</span> <span class='ocrx_word' id='word_1_232' title='bbox 3283 774 3598 832; x_wconf 89' lang='lat' dir='ltr'>millesimo</span> <span class='ocrx_word' id='word_1_233' title='bbox 3620 777 3790 833; x_wconf 86' lang='lat' dir='ltr'>trice-</span> 
     </span>
    </p>
   </div>
   <div class='ocr_carea' id='block_1_39' title="bbox 2130 864 3789 937">
    <p class='ocr_par' dir='ltr' id='par_1_39' title="bbox 2130 864 3789 937">
     <span class='ocr_line' id='line_1_39' title="bbox 2130 864 3789 937; baseline 0.002 -18"><span class='ocrx_word' id='word_1_234' title='bbox 2130 864 2280 920; x_wconf 88' lang='lat' dir='ltr'>simo</span> <span class='ocrx_word' id='word_1_235' title='bbox 2311 869 2519 936; x_wconf 89' lang='lat' dir='ltr'>quarto</span> <span class='ocrx_word' id='word_1_236' title='bbox 2542 864 2677 934; x_wconf 86' lang='grc'>(70),</span> <span class='ocrx_word' id='word_1_237' title='bbox 2711 864 2771 918; x_wconf 89' lang='lat' dir='ltr'>in</span> <span class='ocrx_word' id='word_1_238' title='bbox 2805 880 3017 920; x_wconf 89' lang='lat' dir='ltr'>manus</span> <span class='ocrx_word' id='word_1_239' title='bbox 3066 867 3357 937; x_wconf 68' lang='lat' dir='ltr'>perpetua:</span> <span class='ocrx_word' id='word_1_240' title='bbox 3409 864 3670 937; x_wconf 84' lang='lat' dir='ltr'>Virginis</span> <span class='ocrx_word' id='word_1_241' title='bbox 3725 882 3789 922; x_wconf 82' lang='lat' dir='ltr'>et.</span> 
     </span>
    </p>
   </div>
   <div class='ocr_carea' id='block_1_40' title="bbox 2130 952 3783 1025">
    <p class='ocr_par' dir='ltr' id='par_1_40' title="bbox 2130 952 3783 1025">
     <span class='ocr_line' id='line_1_40' title="bbox 2130 952 3783 1025; baseline 0.001 -17"><span class='ocrx_word' id='word_1_242' title='bbox 2130 959 2468 1009; x_wconf 83' lang='lat' dir='ltr'>sanctorum</span> <span class='ocrx_word' id='word_1_243' title='bbox 2492 952 2861 1025; x_wconf 91' lang='lat' dir='ltr'>angelorum,</span> <span class='ocrx_word' id='word_1_244' title='bbox 2897 958 3121 1008; x_wconf 71' lang='lat' dir='ltr'>mternze</span> <span class='ocrx_word' id='word_1_245' title='bbox 3180 953 3396 1025; x_wconf 88' lang='lat' dir='ltr'>quietis</span> <span class='ocrx_word' id='word_1_246' title='bbox 3434 954 3783 1011; x_wconf 88' lang='lat' dir='ltr'>beatitudini</span> 
     </span>
    </p>
   </div>
   <div class='ocr_carea' id='block_1_41' title="bbox 2125 1041 3781 1115">
    <p class='ocr_par' dir='ltr' id='par_1_41' title="bbox 2125 1041 3781 1115">
     <span class='ocr_line' id='line_1_41' title="bbox 2125 1041 3781 1115; baseline 0.003 -20"><span class='ocrx_word' id='word_1_247' title='bbox 2125 1042 2487 1098; x_wconf 80' lang='lat' dir='ltr'>inferendam</span> <span class='ocrx_word' id='word_1_248' title='bbox 2520 1041 2781 1098; x_wconf 87' lang='lat' dir='ltr'>tradidit.</span> <span class='ocrx_word' id='word_1_249' title='bbox 2818 1044 3029 1098; x_wconf 83' lang='lat' dir='ltr'>Factus</span> <span class='ocrx_word' id='word_1_250' title='bbox 3052 1046 3143 1097; x_wconf 90' lang='lat' dir='ltr'>est</span> <span class='ocrx_word' id='word_1_251' title='bbox 3181 1041 3451 1115; x_wconf 92' lang='lat' dir='ltr'>planctus</span> <span class='ocrx_word' id='word_1_252' title='bbox 3484 1044 3781 1100; x_wconf 84' lang='lat' dir='ltr'>maximus</span> 
     </span>
    </p>
   </div>
   <div class='ocr_carea' id='block_1_42' title="bbox 2127 1130 3779 1206">
    <p class='ocr_par' dir='ltr' id='par_1_42' title="bbox 2127 1130 3779 1206">
     <span class='ocr_line' id='line_1_42' title="bbox 2127 1130 3779 1206; baseline 0.003 -21"><span class='ocrx_word' id='word_1_253' title='bbox 2127 1148 2391 1199; x_wconf 90' lang='lat' dir='ltr'>suorum,</span> <span class='ocrx_word' id='word_1_254' title='bbox 2441 1130 2723 1204; x_wconf 86' lang='lat' dir='ltr'>gaudium</span> <span class='ocrx_word' id='word_1_255' title='bbox 2772 1130 3115 1204; x_wconf 88' lang='lat' dir='ltr'>angelorum</span> <span class='ocrx_word' id='word_1_256' title='bbox 3150 1132 3291 1200; x_wconf 89' lang='lat' dir='ltr'>;sed</span> <span class='ocrx_word' id='word_1_257' title='bbox 3348 1131 3443 1187; x_wconf 89' lang='lat' dir='ltr'>hic</span> <span class='ocrx_word' id='word_1_258' title='bbox 3504 1131 3779 1206; x_wconf 87' lang='lat' dir='ltr'>planctus</span> 
     </span>
    </p>
   </div>
   <div class='ocr_carea' id='block_1_43' title="bbox 2128 1218 3773 1293">
    <p class='ocr_par' dir='ltr' id='par_1_43' title="bbox 2128 1218 3773 1293">
     <span class='ocr_line' id='line_1_43' title="bbox 2128 1218 3773 1293; baseline 0.002 -19"><span class='ocrx_word' id='word_1_259' title='bbox 2128 1224 2330 1292; x_wconf 89' lang='lat' dir='ltr'>postea</span> <span class='ocrx_word' id='word_1_260' title='bbox 2361 1237 2563 1275; x_wconf 87' lang='lat' dir='ltr'>versus</span> <span class='ocrx_word' id='word_1_261' title='bbox 2608 1224 2695 1275; x_wconf 89' lang='lat' dir='ltr'>est</span> <span class='ocrx_word' id='word_1_262' title='bbox 2738 1220 2797 1275; x_wconf 89' lang='lat' dir='ltr'>in</span> <span class='ocrx_word' id='word_1_263' title='bbox 2847 1218 3109 1276; x_wconf 64' lang='lat' dir='ltr'>laetitiam</span> <span class='ocrx_word' id='word_1_264' title='bbox 3169 1220 3281 1291; x_wconf 89' lang='grc'>(71)</span> <span class='ocrx_word' id='word_1_265' title='bbox 3331 1220 3773 1293; x_wconf 87' lang='lat' dir='ltr'>sempiternam,</span> 
     </span>
    </p>
   </div>
   <div class='ocr_carea' id='block_1_44' title="bbox 2124 1308 3628 1382">
    <p class='ocr_par' dir='ltr' id='par_1_44' title="bbox 2124 1308 3628 1382">
     <span class='ocr_line' id='line_1_44' title="bbox 2124 1308 3628 1382; baseline 0.001 -18"><span class='ocrx_word' id='word_1_266' title='bbox 2124 1314 2245 1364; x_wconf 91' lang='lat' dir='ltr'>tam</span> <span class='ocrx_word' id='word_1_267' title='bbox 2269 1308 2634 1364; x_wconf 88' lang='lat' dir='ltr'>nascentium</span> <span class='ocrx_word' id='word_1_268' title='bbox 2650 1325 2826 1380; x_wconf 90' lang='lat' dir='ltr'>quam</span> <span class='ocrx_word' id='word_1_269' title='bbox 2850 1313 2907 1364; x_wconf 90' lang='lat' dir='ltr'>et</span> <span class='ocrx_word' id='word_1_270' title='bbox 2923 1308 3239 1365; x_wconf 87' lang='lat' dir='ltr'>viventium</span> <span class='ocrx_word' id='word_1_271' title='bbox 3256 1308 3628 1382; x_wconf 89' lang='lat' dir='ltr'>populorum.</span> 
     </span>
    </p>
   </div>
   <div class='ocr_carea' id='block_1_45' title="bbox 2195 1397 3772 1469">
    <p class='ocr_par' dir='ltr' id='par_1_45' title="bbox 2195 1397 3772 1469">
     <span class='ocr_line' id='line_1_45' title="bbox 2195 1397 3772 1469; baseline 0.002 -17"><span class='ocrx_word' id='word_1_272' title='bbox 2195 1399 2283 1453; x_wconf 86' lang='lat'>32.</span> <span class='ocrx_word' id='word_1_273' title='bbox 2315 1399 2399 1453; x_wconf 88' lang='lat' dir='ltr'>Ad</span> <span class='ocrx_word' id='word_1_274' title='bbox 2430 1397 2737 1469; x_wconf 82' lang='lat' dir='ltr'>exsequias</span> <span class='ocrx_word' id='word_1_275' title='bbox 2770 1397 2990 1454; x_wconf 91' lang='lat' dir='ltr'>funeris</span> <span class='ocrx_word' id='word_1_276' title='bbox 3020 1398 3149 1469; x_wconf 87' lang='lat' dir='ltr'>ejus</span> <span class='ocrx_word' id='word_1_277' title='bbox 3179 1414 3247 1454; x_wconf 79' lang='lat' dir='ltr'>ex</span> <span class='ocrx_word' id='word_1_278' title='bbox 3295 1399 3569 1455; x_wconf 91' lang='lat' dir='ltr'>omnibus</span> <span class='ocrx_word' id='word_1_279' title='bbox 3624 1400 3772 1455; x_wconf 83' lang='lat' dir='ltr'>Pan-</span> 
     </span>
    </p>
   </div>
   <div class='ocr_carea' id='block_1_46' title="bbox 2126 1486 3776 1561">
    <p class='ocr_par' dir='ltr' id='par_1_46' title="bbox 2126 1486 3776 1561">
     <span class='ocr_line' id='line_1_46' title="bbox 2126 1486 3776 1561; baseline 0.004 -21"><span class='ocrx_word' id='word_1_280' title='bbox 2126 1487 2313 1541; x_wconf 78' lang='lat' dir='ltr'>neniae</span> <span class='ocrx_word' id='word_1_281' title='bbox 2330 1486 2519 1559; x_wconf 82' lang='lat' dir='ltr'>plagis</span> <span class='ocrx_word' id='word_1_282' title='bbox 2539 1487 2925 1551; x_wconf 90' lang='lat' dir='ltr'>concurritur,</span> <span class='ocrx_word' id='word_1_283' title='bbox 2950 1503 3164 1559; x_wconf 89' lang='lat' dir='ltr'>corpus</span> <span class='ocrx_word' id='word_1_284' title='bbox 3187 1488 3258 1542; x_wconf 92' lang='lat' dir='ltr'>ad</span> <span class='ocrx_word' id='word_1_285' title='bbox 3282 1486 3480 1543; x_wconf 88' lang='lat' dir='ltr'>sedem</span> <span class='ocrx_word' id='word_1_286' title='bbox 3496 1487 3776 1561; x_wconf 87' lang='lat' dir='ltr'>regalem.</span> 
     </span>
    </p>
   </div>
   <div class='ocr_carea' id='block_1_47' title="bbox 2124 1574 3774 1649">
    <p class='ocr_par' dir='ltr' id='par_1_47' title="bbox 2124 1574 3774 1649">
     <span class='ocr_line' id='line_1_47' title="bbox 2124 1574 3774 1649; baseline 0.001 -20"><span class='ocrx_word' id='word_1_287' title='bbox 2124 1575 2329 1629; x_wconf 86' lang='lat' dir='ltr'>Albam</span> <span class='ocrx_word' id='word_1_288' title='bbox 2363 1574 2631 1629; x_wconf 84' lang='lat' dir='ltr'>videlicet</span> <span class='ocrx_word' id='word_1_289' title='bbox 2659 1574 2977 1642; x_wconf 88' lang='lat' dir='ltr'>civitatem,</span> <span class='ocrx_word' id='word_1_290' title='bbox 3010 1575 3338 1630; x_wconf 87' lang='lat' dir='ltr'>deducitur.</span> <span class='ocrx_word' id='word_1_291' title='bbox 3375 1576 3442 1630; x_wconf 89' lang='lat' dir='ltr'>Et</span> <span class='ocrx_word' id='word_1_292' title='bbox 3494 1576 3774 1649; x_wconf 89' lang='lat' dir='ltr'>quoniam</span> 
     </span>
    </p>
   </div>
   <div class='ocr_carea' id='block_1_48' title="bbox 2124 1662 3770 1736">
    <p class='ocr_par' dir='ltr' id='par_1_48' title="bbox 2124 1662 3770 1736">
     <span class='ocr_line' id='line_1_48' title="bbox 2124 1662 3770 1736; baseline 0.002 -18"><span class='ocrx_word' id='word_1_293' title='bbox 2124 1663 2367 1718; x_wconf 81' lang='lat' dir='ltr'>ecclesia</span> <span class='ocrx_word' id='word_1_294' title='bbox 2398 1662 2753 1718; x_wconf 59' lang='lat' dir='ltr'>Beatissimw</span> <span class='ocrx_word' id='word_1_295' title='bbox 2789 1663 3068 1736; x_wconf 86' lang='lat' dir='ltr'>Virginis.</span> <span class='ocrx_word' id='word_1_296' title='bbox 3110 1665 3183 1719; x_wconf 91' lang='lat' dir='ltr'>ab</span> <span class='ocrx_word' id='word_1_297' title='bbox 3234 1664 3362 1736; x_wconf 91' lang='lat' dir='ltr'>ipso</span> <span class='ocrx_word' id='word_1_298' title='bbox 3410 1669 3770 1732; x_wconf 89' lang='lat' dir='ltr'>constructa,</span> 
     </span>
    </p>
   </div>
   <div class='ocr_carea' id='block_1_49' title="bbox 2046 1752 3773 1857">
    <p class='ocr_par' dir='ltr' id='par_1_49' title="bbox 2046 1752 3773 1857">
     <span class='ocr_line' id='line_1_49' title="bbox 2046 1752 3773 1857; baseline 0.003 -52"><span class='ocrx_word' id='word_1_299' title='bbox 2046 1793 2092 1857; x_wconf 84' lang='lat' dir='ltr'><strong>B</strong></span> <span class='ocrx_word' id='word_1_300' title='bbox 2130 1754 2388 1806; x_wconf 84' lang='lat' dir='ltr'>nondum</span> <span class='ocrx_word' id='word_1_301' title='bbox 2421 1756 2544 1807; x_wconf 85' lang='lat' dir='ltr'>erat</span> <span class='ocrx_word' id='word_1_302' title='bbox 2581 1752 2865 1820; x_wconf 89' lang='lat' dir='ltr'>dedicata,</span> <span class='ocrx_word' id='word_1_303' title='bbox 2934 1753 3141 1809; x_wconf 88' lang='lat' dir='ltr'>merito</span> <span class='ocrx_word' id='word_1_304' title='bbox 3194 1753 3437 1810; x_wconf 90' lang='lat' dir='ltr'>consilio</span> <span class='ocrx_word' id='word_1_305' title='bbox 3483 1759 3773 1810; x_wconf 84' lang='lat' dir='ltr'>statutum</span> 
     </span>
    </p>
   </div>
   <div class='ocr_carea' id='block_1_50' title="bbox 2126 1840 3772 1913">
    <p class='ocr_par' dir='ltr' id='par_1_50' title="bbox 2126 1840 3772 1913">
     <span class='ocr_line' id='line_1_50' title="bbox 2126 1840 3772 1913; baseline 0.004 -19"><span class='ocrx_word' id='word_1_306' title='bbox 2126 1843 2237 1912; x_wconf 76' lang='lat'>(72)</span> <span class='ocrx_word' id='word_1_307' title='bbox 2269 1841 2594 1913; x_wconf 77' lang='lat' dir='ltr'>pontiﬁces,</span> <span class='ocrx_word' id='word_1_308' title='bbox 2626 1841 2790 1913; x_wconf 90' lang='lat' dir='ltr'>prius</span> <span class='ocrx_word' id='word_1_309' title='bbox 2824 1840 3125 1897; x_wconf 89' lang='lat' dir='ltr'>basilicam</span> <span class='ocrx_word' id='word_1_310' title='bbox 3140 1843 3526 1911; x_wconf 82' lang='lat' dir='ltr'>sanctiﬁcare,</span> <span class='ocrx_word' id='word_1_311' title='bbox 3552 1843 3772 1900; x_wconf 89' lang='lat' dir='ltr'>deinde</span> 
     </span>
    </p>
   </div>
   <div class='ocr_carea' id='block_1_51' title="bbox 2125 1931 3777 2002">
    <p class='ocr_par' dir='ltr' id='par_1_51' title="bbox 2125 1931 3777 2002">
     <span class='ocr_line' id='line_1_51' title="bbox 2125 1931 3777 2002; baseline 0.002 -17"><span class='ocrx_word' id='word_1_312' title='bbox 2125 1947 2336 2002; x_wconf 89' lang='lat' dir='ltr'>corpus</span> <span class='ocrx_word' id='word_1_313' title='bbox 2368 1936 2533 1986; x_wconf 64' lang='lat' dir='ltr'>terrae</span> <span class='ocrx_word' id='word_1_314' title='bbox 2585 1933 3016 1987; x_wconf 88' lang='lat' dir='ltr'>commendare.</span> <span class='ocrx_word' id='word_1_315' title='bbox 3080 1932 3342 1987; x_wconf 88' lang='lat' dir='ltr'>Perfecta</span> <span class='ocrx_word' id='word_1_316' title='bbox 3388 1931 3777 1989; x_wconf 80' lang='lat' dir='ltr'>dedicationis</span> 
     </span>
    </p>
   </div>
   <div class='ocr_carea' id='block_1_52' title="bbox 2124 2019 3776 2093">
    <p class='ocr_par' dir='ltr' id='par_1_52' title="bbox 2124 2019 3776 2093">
     <span class='ocr_line' id='line_1_52' title="bbox 2124 2019 3776 2093; baseline 0.002 -19"><span class='ocrx_word' id='word_1_317' title='bbox 2124 2019 2510 2089; x_wconf 79' lang='lat' dir='ltr'>solemnitate,</span> <span class='ocrx_word' id='word_1_318' title='bbox 2546 2038 2756 2093; x_wconf 90' lang='lat' dir='ltr'>corpus</span> <span class='ocrx_word' id='word_1_319' title='bbox 2772 2024 3040 2076; x_wconf 90' lang='lat' dir='ltr'>sanetum</span> <span class='ocrx_word' id='word_1_320' title='bbox 3060 2020 3118 2075; x_wconf 91' lang='lat' dir='ltr'>in</span> <span class='ocrx_word' id='word_1_321' title='bbox 3143 2020 3334 2076; x_wconf 91' lang='lat' dir='ltr'>medio</span> <span class='ocrx_word' id='word_1_322' title='bbox 3353 2021 3563 2077; x_wconf 90' lang='lat' dir='ltr'>domus</span> <span class='ocrx_word' id='word_1_323' title='bbox 3578 2038 3776 2077; x_wconf 86' lang='lat' dir='ltr'>sarco-</span> 
     </span>
    </p>
   </div>
   <div class='ocr_carea' id='block_1_53' title="bbox 2122 2108 3774 2182">
    <p class='ocr_par' dir='ltr' id='par_1_53' title="bbox 2122 2108 3774 2182">
     <span class='ocr_line' id='line_1_53' title="bbox 2122 2108 3774 2182; baseline 0.002 -19"><span class='ocrx_word' id='word_1_324' title='bbox 2122 2108 2312 2181; x_wconf 81' lang='lat' dir='ltr'>phago</span> <span class='ocrx_word' id='word_1_325' title='bbox 2343 2110 2575 2165; x_wconf 87' lang='lat' dir='ltr'>candidi</span> <span class='ocrx_word' id='word_1_326' title='bbox 2608 2108 2919 2165; x_wconf 90' lang='lat' dir='ltr'>marmoris</span> <span class='ocrx_word' id='word_1_327' title='bbox 2946 2109 3288 2181; x_wconf 87' lang='lat' dir='ltr'>imponitur,</span> <span class='ocrx_word' id='word_1_328' title='bbox 3322 2109 3420 2165; x_wconf 91' lang='lat' dir='ltr'>ubi</span> <span class='ocrx_word' id='word_1_329' title='bbox 3453 2126 3555 2182; x_wconf 87' lang='lat' dir='ltr'>per</span> <span class='ocrx_word' id='word_1_330' title='bbox 3585 2128 3774 2167; x_wconf 90' lang='lat' dir='ltr'>annos</span> 
     </span>
    </p>
   </div>
   <div class='ocr_carea' id='block_1_54' title="bbox 2121 2196 3771 2271">
    <p class='ocr_par' dir='ltr' id='par_1_54' title="bbox 2121 2196 3771 2271">
     <span class='ocr_line' id='line_1_54' title="bbox 2121 2196 3771 2271; baseline 0.003 -20"><span class='ocrx_word' id='word_1_331' title='bbox 2121 2197 2338 2269; x_wconf 83' lang='lat' dir='ltr'>plures,</span> <span class='ocrx_word' id='word_1_332' title='bbox 2374 2199 2658 2255; x_wconf 75' lang='lat' dir='ltr'>Dominus</span> <span class='ocrx_word' id='word_1_333' title='bbox 2691 2215 2792 2271; x_wconf 91' lang='lat' dir='ltr'>per</span> <span class='ocrx_word' id='word_1_334' title='bbox 2824 2199 3009 2271; x_wconf 91' lang='lat' dir='ltr'>ipsius</span> <span class='ocrx_word' id='word_1_335' title='bbox 3037 2199 3246 2255; x_wconf 87' lang='lat' dir='ltr'>merita</span> <span class='ocrx_word' id='word_1_336' title='bbox 3289 2196 3492 2255; x_wconf 86' lang='lat' dir='ltr'>multis</span> <span class='ocrx_word' id='word_1_337' title='bbox 3545 2200 3771 2256; x_wconf 85' lang='lat' dir='ltr'>incom-</span> 
     </span>
    </p>
   </div>
   <div class='ocr_carea' id='block_1_55' title="bbox 2121 2287 3773 2359">
    <p class='ocr_par' dir='ltr' id='par_1_55' title="bbox 2121 2287 3773 2359">
     <span class='ocr_line' id='line_1_55' title="bbox 2121 2287 3773 2359; baseline 0.003 -19"><span class='ocrx_word' id='word_1_338' title='bbox 2121 2287 2295 2340; x_wconf 81' lang='lat' dir='ltr'>moda</span> <span class='ocrx_word' id='word_1_339' title='bbox 2327 2288 2706 2359; x_wconf 84' lang='lat' dir='ltr'>patientibus,</span> <span class='ocrx_word' id='word_1_340' title='bbox 2755 2287 3243 2357; x_wconf 86' lang='lat' dir='ltr'>febricitantibus,</span> <span class='ocrx_word' id='word_1_341' title='bbox 3275 2287 3653 2344; x_wconf 82' lang='lat' dir='ltr'>afﬂictionem</span> <span class='ocrx_word' id='word_1_342' title='bbox 3713 2294 3773 2345; x_wconf 86' lang='lat' dir='ltr'>et</span> 
     </span>
    </p>
   </div>
   <div class='ocr_carea' id='block_1_56' title="bbox 2120 2375 3771 2449">
    <p class='ocr_par' dir='ltr' id='par_1_56' title="bbox 2120 2375 3771 2449">
     <span class='ocr_line' id='line_1_56' title="bbox 2120 2375 3771 2449; baseline 0.002 -20"><span class='ocrx_word' id='word_1_343' title='bbox 2120 2375 2417 2431; x_wconf 83' lang='lat' dir='ltr'>miseriam</span> <span class='ocrx_word' id='word_1_344' title='bbox 2449 2393 2617 2432; x_wconf 83' lang='lat' dir='ltr'>suam</span> <span class='ocrx_word' id='word_1_345' title='bbox 2647 2376 3168 2449; x_wconf 87' lang='lat' dir='ltr'>proclamantibus,</span> <span class='ocrx_word' id='word_1_346' title='bbox 3193 2376 3610 2449; x_wconf 86' lang='lat' dir='ltr'>judiciumque</span> <span class='ocrx_word' id='word_1_347' title='bbox 3639 2394 3771 2449; x_wconf 82' lang='lat' dir='ltr'>por-</span> 
     </span>
    </p>
   </div>
   <div class='ocr_carea' id='block_1_57' title="bbox 2118 2464 3768 2537">
    <p class='ocr_par' dir='ltr' id='par_1_57' title="bbox 2118 2464 3768 2537">
     <span class='ocr_line' id='line_1_57' title="bbox 2118 2464 3768 2537; baseline 0.002 -19"><span class='ocrx_word' id='word_1_348' title='bbox 2118 2464 2403 2531; x_wconf 89' lang='lat' dir='ltr'>tantibus,</span> <span class='ocrx_word' id='word_1_349' title='bbox 2437 2465 2721 2520; x_wconf 77' lang='lat' dir='ltr'>beueﬁcia</span> <span class='ocrx_word' id='word_1_350' title='bbox 2752 2464 3041 2537; x_wconf 58' lang='lat' dir='ltr'>praestitit.</span> <span class='ocrx_word' id='word_1_351' title='bbox 3097 2464 3408 2520; x_wconf 89' lang='lat' dir='ltr'>innumera</span> <span class='ocrx_word' id='word_1_352' title='bbox 3438 2466 3569 2536; x_wconf 88' lang='grc'>(73).</span> <span class='ocrx_word' id='word_1_353' title='bbox 3605 2465 3768 2537; x_wconf 67' lang='lat' dir='ltr'>Saepe</span> 
     </span>
    </p>
   </div>
   <div class='ocr_carea' id='block_1_58' title="bbox 2116 2551 3766 2625">
    <p class='ocr_par' dir='ltr' id='par_1_58' title="bbox 2116 2551 3766 2625">
     <span class='ocr_line' id='line_1_58' title="bbox 2116 2551 3766 2625; baseline 0.002 -20"><span class='ocrx_word' id='word_1_354' title='bbox 2116 2568 2218 2623; x_wconf 87' lang='lat' dir='ltr'>per</span> <span class='ocrx_word' id='word_1_355' title='bbox 2248 2556 2475 2608; x_wconf 89' lang='lat' dir='ltr'>noctem</span> <span class='ocrx_word' id='word_1_356' title='bbox 2508 2551 2778 2620; x_wconf 89' lang='lat' dir='ltr'>melodia,</span> <span class='ocrx_word' id='word_1_357' title='bbox 2814 2553 3191 2608; x_wconf 87' lang='lat' dir='ltr'>cantantibus</span> <span class='ocrx_word' id='word_1_358' title='bbox 3223 2552 3467 2625; x_wconf 87' lang='lat' dir='ltr'>angelis,</span> <span class='ocrx_word' id='word_1_359' title='bbox 3501 2570 3535 2608; x_wconf 92' lang='lat' dir='ltr'>a</span> <span class='ocrx_word' id='word_1_360' title='bbox 3560 2553 3766 2609; x_wconf 91' lang='lat' dir='ltr'>multis</span> 
     </span>
    </p>
   </div>
   <div class='ocr_carea' id='block_1_59' title="bbox 2116 2640 3761 2713">
    <p class='ocr_par' dir='ltr' id='par_1_59' title="bbox 2116 2640 3761 2713">
     <span class='ocr_line' id='line_1_59' title="bbox 2116 2640 3761 2713; baseline 0.001 -18"><span class='ocrx_word' id='word_1_361' title='bbox 2116 2640 2466 2695; x_wconf 88' lang='lat' dir='ltr'>audiebatur</span> <span class='ocrx_word' id='word_1_362' title='bbox 2499 2658 2511 2707; x_wconf 93' lang='lat'>;</span> <span class='ocrx_word' id='word_1_363' title='bbox 2547 2642 2882 2713; x_wconf 86' lang='lat' dir='ltr'>frequenter</span> <span class='ocrx_word' id='word_1_364' title='bbox 2911 2640 3103 2696; x_wconf 91' lang='lat' dir='ltr'>odoris</span> <span class='ocrx_word' id='word_1_365' title='bbox 3135 2640 3470 2697; x_wconf 90' lang='lat' dir='ltr'>suavissimi</span> <span class='ocrx_word' id='word_1_366' title='bbox 3515 2641 3761 2697; x_wconf 87' lang='lat' dir='ltr'>dulcedo</span> 
     </span>
    </p>
   </div>
   <div class='ocr_carea' id='block_1_60' title="bbox 2115 2729 3761 2803">
    <p class='ocr_par' dir='ltr' id='par_1_60' title="bbox 2115 2729 3761 2803">
     <span class='ocr_line' id='line_1_60' title="bbox 2115 2729 3761 2803; baseline 0.001 -19"><span class='ocrx_word' id='word_1_367' title='bbox 2115 2745 2218 2800; x_wconf 85' lang='lat' dir='ltr'>per</span> <span class='ocrx_word' id='word_1_368' title='bbox 2245 2729 2427 2784; x_wconf 88' lang='lat' dir='ltr'>latera</span> <span class='ocrx_word' id='word_1_369' title='bbox 2457 2729 2655 2802; x_wconf 84' lang='lat' dir='ltr'>templi</span> <span class='ocrx_word' id='word_1_370' title='bbox 2681 2729 3143 2803; x_wconf 88' lang='lat' dir='ltr'>dispergebatur.</span> <span class='ocrx_word' id='word_1_371' title='bbox 3178 2729 3284 2794; x_wconf 88' lang='lat' dir='ltr'>Qui</span> <span class='ocrx_word' id='word_1_372' title='bbox 3317 2730 3428 2802; x_wconf 80' lang='grc'>(74)</span> <span class='ocrx_word' id='word_1_373' title='bbox 3482 2747 3620 2786; x_wconf 91' lang='lat' dir='ltr'>cum</span> <span class='ocrx_word' id='word_1_374' title='bbox 3680 2731 3761 2786; x_wconf 87' lang='lat' dir='ltr'>ita</span> 
     </span>
    </p>
   </div>
   <div class='ocr_carea' id='block_1_61' title="bbox 2113 2819 3759 2892">
    <p class='ocr_par' dir='ltr' id='par_1_61' title="bbox 2113 2819 3759 2892">
     <span class='ocr_line' id='line_1_61' title="bbox 2113 2819 3759 2892; baseline 0.001 -19"><span class='ocrx_word' id='word_1_375' title='bbox 2113 2833 2329 2890; x_wconf 92' lang='lat' dir='ltr'>corpus</span> <span class='ocrx_word' id='word_1_376' title='bbox 2359 2820 2598 2873; x_wconf 88' lang='lat' dir='ltr'>beatum</span> <span class='ocrx_word' id='word_1_377' title='bbox 2625 2819 2678 2872; x_wconf 90' lang='lat' dir='ltr'>in</span> <span class='ocrx_word' id='word_1_378' title='bbox 2707 2819 2830 2874; x_wconf 91' lang='lat' dir='ltr'>loco</span> <span class='ocrx_word' id='word_1_379' title='bbox 2861 2819 3063 2875; x_wconf 88' lang='lat' dir='ltr'>eodem</span> <span class='ocrx_word' id='word_1_380' title='bbox 3084 2819 3473 2892; x_wconf 88' lang='lat' dir='ltr'>quadraginta</span> <span class='ocrx_word' id='word_1_381' title='bbox 3494 2820 3759 2891; x_wconf 88' lang='lat' dir='ltr'>quinque</span> 
     </span>
    </p>
   </div>
   <div class='ocr_carea' id='block_1_62' title="bbox 2112 2907 3759 2980">
    <p class='ocr_par' dir='ltr' id='par_1_62' title="bbox 2112 2907 3759 2980">
     <span class='ocr_line' id='line_1_62' title="bbox 2112 2907 3759 2980; baseline 0.002 -19"><span class='ocrx_word' id='word_1_382' title='bbox 2112 2907 2283 2962; x_wconf 89' lang='lat' dir='ltr'>annis</span> <span class='ocrx_word' id='word_1_383' title='bbox 2305 2907 2465 2961; x_wconf 70' lang='lat' dir='ltr'>mira:</span> <span class='ocrx_word' id='word_1_384' title='bbox 2489 2907 2889 2979; x_wconf 88' lang='lat' dir='ltr'>dispositionis</span> <span class='ocrx_word' id='word_1_385' title='bbox 2921 2914 3162 2975; x_wconf 85' lang='lat' dir='ltr'>secreto,</span> <span class='ocrx_word' id='word_1_386' title='bbox 3182 2907 3282 2980; x_wconf 89' lang='lat' dir='ltr'>qui</span> <span class='ocrx_word' id='word_1_387' title='bbox 3315 2908 3373 2963; x_wconf 91' lang='lat' dir='ltr'>in</span> <span class='ocrx_word' id='word_1_388' title='bbox 3389 2908 3610 2965; x_wconf 73' lang='lat' dir='ltr'>sanctis</span> <span class='ocrx_word' id='word_1_389' title='bbox 3634 2908 3759 2964; x_wconf 88' lang='lat' dir='ltr'>suis</span> 
     </span>
    </p>
   </div>
   <div class='ocr_carea' id='block_1_63' title="bbox 2111 2994 3758 3069">
    <p class='ocr_par' dir='ltr' id='par_1_63' title="bbox 2111 2994 3758 3069">
     <span class='ocr_line' id='line_1_63' title="bbox 2111 2994 3758 3069; baseline 0.002 -20"><span class='ocrx_word' id='word_1_390' title='bbox 2111 2994 2460 3066; x_wconf 72' lang='lat' dir='ltr'>prmdicatur</span> <span class='ocrx_word' id='word_1_391' title='bbox 2478 2996 2783 3061; x_wconf 89' lang='lat' dir='ltr'>mirabilis,</span> <span class='ocrx_word' id='word_1_392' title='bbox 2802 2996 3113 3069; x_wconf 90' lang='lat' dir='ltr'>gravedine</span> <span class='ocrx_word' id='word_1_393' title='bbox 3128 3013 3425 3069; x_wconf 87' lang='lat' dir='ltr'>pressum,</span> <span class='ocrx_word' id='word_1_394' title='bbox 3443 3001 3501 3052; x_wconf 88' lang='lat' dir='ltr'>et</span> <span class='ocrx_word' id='word_1_395' title='bbox 3523 2996 3583 3052; x_wconf 92' lang='lat' dir='ltr'>in</span> <span class='ocrx_word' id='word_1_396' title='bbox 3626 2996 3758 3069; x_wconf 88' lang='lat' dir='ltr'>pul-</span> 
     </span>
    </p>
   </div>
   <div class='ocr_carea' id='block_1_64' title="bbox 2111 3085 3763 3158">
    <p class='ocr_par' dir='ltr' id='par_1_64' title="bbox 2111 3085 3763 3158">
     <span class='ocr_line' id='line_1_64' title="bbox 2111 3085 3763 3158; baseline 0.004 -21"><span class='ocrx_word' id='word_1_397' title='bbox 2111 3100 2304 3140; x_wconf 90' lang='lat' dir='ltr'>verem</span> <span class='ocrx_word' id='word_1_398' title='bbox 2338 3086 2660 3141; x_wconf 89' lang='lat' dir='ltr'>redactum.</span> <span class='ocrx_word' id='word_1_399' title='bbox 2697 3086 2761 3140; x_wconf 83' lang='lat' dir='ltr'>Et</span> <span class='ocrx_word' id='word_1_400' title='bbox 2793 3085 2900 3141; x_wconf 89' lang='lat' dir='ltr'>hoc</span> <span class='ocrx_word' id='word_1_401' title='bbox 2930 3090 3192 3158; x_wconf 89' lang='lat' dir='ltr'>tempore</span> <span class='ocrx_word' id='word_1_402' title='bbox 3223 3086 3635 3158; x_wconf 66' lang='lat' dir='ltr'>praedestinato</span> <span class='ocrx_word' id='word_1_403' title='bbox 3662 3086 3763 3143; x_wconf 89' lang='lat' dir='ltr'>de-</span> 
     </span>
    </p>
   </div>
   <div class='ocr_carea' id='block_1_65' title="bbox 352 3162 3761 3246">
    <p class='ocr_par' dir='ltr' id='par_1_65' title="bbox 352 3162 3761 3246">
     <span class='ocr_line' id='line_1_65' title="bbox 352 3162 3761 3246; baseline 0.001 -17"><span class='ocrx_word' id='word_1_404' title='bbox 352 3172 559 3229; x_wconf 71' lang='lat' dir='ltr'>cordiaa</span> <span class='ocrx_word' id='word_1_405' title='bbox 603 3189 765 3245; x_wconf 89' lang='lat' dir='ltr'>spem</span> <span class='ocrx_word' id='word_1_406' title='bbox 792 3171 1033 3243; x_wconf 87' lang='lat' dir='ltr'>majoris</span> <span class='ocrx_word' id='word_1_407' title='bbox 1055 3172 1177 3243; x_wconf 64' lang='grc' dir='ltr'>[γης.</span> <span class='ocrx_word' id='word_1_408' title='bbox 1199 3172 1503 3246; x_wconf 87' lang='lat' dir='ltr'>majorem]</span> <span class='ocrx_word' id='word_1_409' title='bbox 1535 3190 1854 3245; x_wconf 88' lang='lat' dir='ltr'>sesperans</span> <span class='ocrx_word' id='word_1_410' title='bbox 1894 3173 1993 3228; x_wconf 93' lang='lat' dir='ltr'>ha-</span> <span class='ocrx_word' id='word_1_411' title='bbox 2022 3162 2066 3229; x_wconf 86' lang='lat' dir='ltr'><strong><em>C</em></strong></span> <span class='ocrx_word' id='word_1_412' title='bbox 2104 3171 2310 3228; x_wconf 88' lang='lat' dir='ltr'>clarari</span> <span class='ocrx_word' id='word_1_413' title='bbox 2360 3173 2597 3246; x_wconf 85' lang='lat' dir='ltr'>dignus,</span> <span class='ocrx_word' id='word_1_414' title='bbox 2630 3178 2687 3229; x_wconf 91' lang='lat' dir='ltr'>et</span> <span class='ocrx_word' id='word_1_415' title='bbox 2716 3173 2775 3229; x_wconf 89' lang='lat' dir='ltr'>in</span> <span class='ocrx_word' id='word_1_416' title='bbox 2816 3174 3261 3230; x_wconf 90' lang='lat' dir='ltr'>resurrectionis</span> <span class='ocrx_word' id='word_1_417' title='bbox 3317 3173 3410 3230; x_wconf 90' lang='lat' dir='ltr'>die</span> <span class='ocrx_word' id='word_1_418' title='bbox 3466 3174 3761 3246; x_wconf 88' lang='lat' dir='ltr'>gloriosus</span> 
     </span>
    </p>
   </div>
   <div class='ocr_carea' id='block_1_66' title="bbox 346 3260 1998 3334">
    <p class='ocr_par' dir='ltr' id='par_1_66' title="bbox 346 3260 1998 3334">
     <span class='ocr_line' id='line_1_66' title="bbox 346 3260 1998 3334; baseline 0 -16"><span class='ocrx_word' id='word_1_419' title='bbox 346 3262 612 3318; x_wconf 89' lang='lat' dir='ltr'>biturum</span> <span class='ocrx_word' id='word_1_420' title='bbox 644 3260 1077 3334; x_wconf 87' lang='lat' dir='ltr'>precibus(69);</span> <span class='ocrx_word' id='word_1_421' title='bbox 1114 3261 1235 3317; x_wconf 62' lang='lat' dir='ltr'>haec</span> <span class='ocrx_word' id='word_1_422' title='bbox 1250 3261 1659 3334; x_wconf 90' lang='lat' dir='ltr'>spiritualibus</span> <span class='ocrx_word' id='word_1_423' title='bbox 1684 3261 1998 3334; x_wconf 90' lang='lat' dir='ltr'>postulavit</span> 
     </span>
    </p>
   </div>
   <div class='ocr_carea' id='block_1_67' title="bbox 347 3349 1996 3424">
    <p class='ocr_par' dir='ltr' id='par_1_67' title="bbox 347 3349 1996 3424">
     <span class='ocr_line' id='line_1_67' title="bbox 347 3349 1996 3424; baseline -0.001 -16"><span class='ocrx_word' id='word_1_424' title='bbox 347 3351 642 3424; x_wconf 90' lang='lat' dir='ltr'>suspiriis,</span> <span class='ocrx_word' id='word_1_425' title='bbox 676 3355 733 3406; x_wconf 89' lang='lat' dir='ltr'>et</span> <span class='ocrx_word' id='word_1_426' title='bbox 756 3350 1031 3422; x_wconf 84' lang='lat' dir='ltr'>lacrymis</span> <span class='ocrx_word' id='word_1_427' title='bbox 1076 3350 1350 3407; x_wconf 89' lang='lat' dir='ltr'>obtinuit.</span> <span class='ocrx_word' id='word_1_428' title='bbox 1392 3350 1607 3406; x_wconf 84' lang='lat' dir='ltr'>Aderat</span> <span class='ocrx_word' id='word_1_429' title='bbox 1662 3367 1799 3423; x_wconf 91' lang='lat' dir='ltr'>ergo</span> <span class='ocrx_word' id='word_1_430' title='bbox 1859 3349 1996 3406; x_wconf 83' lang='lat' dir='ltr'>felix</span> 
     </span>
    </p>
   </div>
   <div class='ocr_carea' id='block_1_68' title="bbox 344 3438 1993 3510">
    <p class='ocr_par' dir='ltr' id='par_1_68' title="bbox 344 3438 1993 3510">
     <span class='ocr_line' id='line_1_68' title="bbox 344 3438 1993 3510; baseline -0.001 -15"><span class='ocrx_word' id='word_1_431' title='bbox 344 3439 447 3495; x_wconf 90' lang='lat' dir='ltr'>illa</span> <span class='ocrx_word' id='word_1_432' title='bbox 475 3439 626 3506; x_wconf 90' lang='lat' dir='ltr'>dies,</span> <span class='ocrx_word' id='word_1_433' title='bbox 659 3454 761 3510; x_wconf 90' lang='lat' dir='ltr'>per</span> <span class='ocrx_word' id='word_1_434' title='bbox 787 3439 917 3510; x_wconf 88' lang='lat' dir='ltr'>ejus</span> <span class='ocrx_word' id='word_1_435' title='bbox 948 3438 1175 3494; x_wconf 90' lang='lat' dir='ltr'>obitum</span> <span class='ocrx_word' id='word_1_436' title='bbox 1208 3438 1429 3495; x_wconf 86' lang='lat' dir='ltr'>felicior</span> <span class='ocrx_word' id='word_1_437' title='bbox 1461 3456 1594 3494; x_wconf 81' lang='lat' dir='ltr'>mox</span> <span class='ocrx_word' id='word_1_438' title='bbox 1624 3439 1840 3507; x_wconf 90' lang='lat' dir='ltr'>futura,</span> <span class='ocrx_word' id='word_1_439' title='bbox 1882 3439 1993 3494; x_wconf 88' lang='lat' dir='ltr'>cir-</span> 
     </span>
    </p>
   </div>
   <div class='ocr_carea' id='block_1_69' title="bbox 346 3525 1991 3601">
    <p class='ocr_par' dir='ltr' id='par_1_69' title="bbox 346 3525 1991 3601">
     <span class='ocr_line' id='line_1_69' title="bbox 346 3525 1991 3601; baseline -0.001 -16"><span class='ocrx_word' id='word_1_440' title='bbox 346 3527 681 3585; x_wconf 83' lang='lat' dir='ltr'>cumstabat</span> <span class='ocrx_word' id='word_1_441' title='bbox 709 3543 847 3582; x_wconf 89' lang='lat' dir='ltr'>cum</span> <span class='ocrx_word' id='word_1_442' title='bbox 867 3525 1022 3583; x_wconf 90' lang='lat' dir='ltr'>clero</span> <span class='ocrx_word' id='word_1_443' title='bbox 1054 3528 1377 3600; x_wconf 89' lang='lat' dir='ltr'>paternitas</span> <span class='ocrx_word' id='word_1_444' title='bbox 1409 3528 1837 3601; x_wconf 90' lang='lat' dir='ltr'>episcoporum,</span> <span class='ocrx_word' id='word_1_445' title='bbox 1857 3544 1991 3584; x_wconf 90' lang='lat' dir='ltr'>cum</span> 
     </span>
    </p>
   </div>
   <div class='ocr_carea' id='block_1_70' title="bbox 408 3758 1991 3834">
    <p class='ocr_par' dir='ltr' id='par_1_70' title="bbox 408 3758 1991 3834">
     <span class='ocr_line' id='line_1_70' title="bbox 408 3758 1991 3834; baseline 0.001 -16"><span class='ocrx_word' id='word_1_446' title='bbox 408 3762 521 3834; x_wconf 89' lang='lat'>(68)</span> <span class='ocrx_word' id='word_1_447' title='bbox 550 3760 785 3834; x_wconf 71' lang='lat' dir='ltr'>Rectius</span> <span class='ocrx_word' id='word_1_448' title='bbox 814 3758 1125 3834; x_wconf 86' lang='lat' dir='ltr'>diceretur,</span> <span class='ocrx_word' id='word_1_449' title='bbox 1153 3777 1519 3834; x_wconf 79' lang='lat' dir='ltr'>percussaque</span> <span class='ocrx_word' id='word_1_450' title='bbox 1564 3765 1732 3832; x_wconf 81' lang='lat' dir='ltr'>terra,</span> <span class='ocrx_word' id='word_1_451' title='bbox 1783 3763 1883 3819; x_wconf 85' lang='lat' dir='ltr'>sed</span> <span class='ocrx_word' id='word_1_452' title='bbox 1933 3767 1991 3819; x_wconf 88' lang='lat' dir='ltr'>et</span> 
     </span>
    </p>
   </div>
   <div class='ocr_carea' id='block_1_71' title="bbox 336 3832 1987 3898">
    <p class='ocr_par' dir='ltr' id='par_1_71' title="bbox 336 3832 1987 3898">
     <span class='ocr_line' id='line_1_71' title="bbox 336 3832 1987 3898; baseline -0.001 -7"><span class='ocrx_word' id='word_1_453' title='bbox 336 3832 454 3891; x_wconf 85' lang='lat' dir='ltr'>alia</span> <span class='ocrx_word' id='word_1_454' title='bbox 487 3832 687 3889; x_wconf 90' lang='lat' dir='ltr'>minus</span> <span class='ocrx_word' id='word_1_455' title='bbox 719 3834 931 3893; x_wconf 88' lang='lat' dir='ltr'>Latina</span> <span class='ocrx_word' id='word_1_456' title='bbox 962 3832 1507 3898; x_wconf 48' lang='lat' dir='ltr'>habet&#39;auctoruiec</span> <span class='ocrx_word' id='word_1_457' title='bbox 1546 3834 1745 3890; x_wconf 91' lang='lat' dir='ltr'>omnia</span> <span class='ocrx_word' id='word_1_458' title='bbox 1792 3838 1987 3891; x_wconf 84' lang='lat' dir='ltr'>tamen</span> 
     </span>
    </p>
   </div>
   <div class='ocr_carea' id='block_1_72' title="bbox 333 3904 1768 3978">
    <p class='ocr_par' dir='ltr' id='par_1_72' title="bbox 333 3904 1768 3978">
     <span class='ocr_line' id='line_1_72' title="bbox 333 3904 1768 3978; baseline -0.001 -17"><span class='ocrx_word' id='word_1_459' title='bbox 333 3905 437 3961; x_wconf 91' lang='lat' dir='ltr'>illa</span> <span class='ocrx_word' id='word_1_460' title='bbox 466 3905 723 3978; x_wconf 77' lang='lat' dir='ltr'>notanda</span> <span class='ocrx_word' id='word_1_461' title='bbox 742 3906 916 3973; x_wconf 85' lang='lat' dir='ltr'>duxi,</span> <span class='ocrx_word' id='word_1_462' title='bbox 952 3906 1127 3978; x_wconf 90' lang='lat' dir='ltr'>modo</span> <span class='ocrx_word' id='word_1_463' title='bbox 1159 3904 1768 3978; x_wconf 85' lang='lat' dir='ltr'>sensusintelligatur.</span> 
     </span>
    </p>
   </div>
   <div class='ocr_carea' id='block_1_73' title="bbox 406 3976 1987 4050">
    <p class='ocr_par' dir='ltr' id='par_1_73' title="bbox 406 3976 1987 4050">
     <span class='ocr_line' id='line_1_73' title="bbox 406 3976 1987 4050; baseline 0 -17"><span class='ocrx_word' id='word_1_464' title='bbox 406 3976 673 4050; x_wconf 63' lang='lat' dir='ltr'>(69)_Vo;</span> <span class='ocrx_word' id='word_1_465' title='bbox 698 3982 958 4050; x_wconf 69' lang='lat' dir='ltr'>precibus</span> <span class='ocrx_word' id='word_1_466' title='bbox 985 3977 1205 4034; x_wconf 85' lang='lat' dir='ltr'>omissa</span> <span class='ocrx_word' id='word_1_467' title='bbox 1234 3981 1323 4031; x_wconf 88' lang='lat' dir='ltr'>est</span> <span class='ocrx_word' id='word_1_468' title='bbox 1353 3976 1413 4031; x_wconf 91' lang='lat' dir='ltr'>in</span> <span class='ocrx_word' id='word_1_469' title='bbox 1446 3976 1840 4050; x_wconf 15' lang='lat' dir='ltr'>ms.,—necrest</span> <span class='ocrx_word' id='word_1_470' title='bbox 1884 3993 1987 4033; x_wconf 91' lang='lat' dir='ltr'>ne-</span> 
     </span>
    </p>
   </div>
   <div class='ocr_carea' id='block_1_74' title="bbox 332 4047 1988 4122">
    <p class='ocr_par' dir='ltr' id='par_1_74' title="bbox 332 4047 1988 4122">
     <span class='ocr_line' id='line_1_74' title="bbox 332 4047 1988 4122; baseline -0.001 -18"><span class='ocrx_word' id='word_1_471' title='bbox 332 4047 601 4122; x_wconf 84' lang='lat' dir='ltr'>cessaria.</span> <span class='ocrx_word' id='word_1_472' title='bbox 642 4047 864 4108; x_wconf 78' lang='lat' dir='ltr'>Ibidem</span> <span class='ocrx_word' id='word_1_473' title='bbox 898 4068 1033 4107; x_wconf 83' lang='lat' dir='ltr'>mox</span> <span class='ocrx_word' id='word_1_474' title='bbox 1063 4065 1166 4122; x_wconf 89' lang='lat' dir='ltr'>pro</span> <span class='ocrx_word' id='word_1_475' title='bbox 1197 4048 1582 4120; x_wconf 75' lang='lat' dir='ltr'>spiritualibus</span> <span class='ocrx_word' id='word_1_476' title='bbox 1625 4047 1841 4121; x_wconf 90' lang='lat' dir='ltr'>legitur</span> <span class='ocrx_word' id='word_1_477' title='bbox 1872 4064 1988 4120; x_wconf 80' lang='lat' dir='ltr'>spe-</span> 
     </span>
    </p>
   </div>
   <div class='ocr_carea' id='block_1_75' title="bbox 330 4120 1983 4264">
    <p class='ocr_par' dir='ltr' id='par_1_75' title="bbox 330 4120 1983 4264">
     <span class='ocr_line' id='line_1_75' title="bbox 330 4120 1983 4264; baseline -0.001 -18"><span class='ocrx_word' id='word_1_478' title='bbox 330 4120 773 4264; x_wconf 42' lang='lat' dir='ltr'>m??g)u_50:biisse</span> <span class='ocrx_word' id='word_1_479' title='bbox 806 4197 1076 4249; x_wconf 89' lang='lat' dir='ltr'>sanctum</span> <span class='ocrx_word' id='word_1_480' title='bbox 1111 4207 1264 4246; x_wconf 91' lang='lat' dir='ltr'>anno</span> <span class='ocrx_word' id='word_1_481' title='bbox 1294 4191 1449 4264; x_wconf 55' lang='grc' dir='ltr'>1038Δ</span> <span class='ocrx_word' id='word_1_482' title='bbox 1464 4194 1714 4264; x_wconf 72' lang='lat' dir='ltr'>constat.</span> <span class='ocrx_word' id='word_1_483' title='bbox 1762 4192 1886 4264; x_wconf 88' lang='lat' dir='ltr'>Qua</span> <span class='ocrx_word' id='word_1_484' title='bbox 1924 4190 1983 4245; x_wconf 90' lang='lat' dir='ltr'>in</span> 
     </span>
    </p>
   </div>
   <div class='ocr_carea' id='block_1_76' title="bbox 328 4260 1984 4389">
    <p class='ocr_par' dir='ltr' id='par_1_76' title="bbox 328 4260 1984 4389">
     <span class='ocr_line' id='line_1_76' title="bbox 328 4260 1984 4336; baseline 0 -19"><span class='ocrx_word' id='word_1_485' title='bbox 328 4260 473 4318; x_wconf 88' lang='lat' dir='ltr'>urbe</span> <span class='ocrx_word' id='word_1_486' title='bbox 501 4260 730 4332; x_wconf 82' lang='lat' dir='ltr'>Obierit,</span> <span class='ocrx_word' id='word_1_487' title='bbox 761 4265 917 4336; x_wconf 89' lang='lat' dir='ltr'>apud</span> <span class='ocrx_word' id='word_1_488' title='bbox 973 4264 1249 4333; x_wconf 90' lang='lat' dir='ltr'>antiquos</span> <span class='ocrx_word' id='word_1_489' title='bbox 1289 4261 1494 4316; x_wconf 90' lang='lat' dir='ltr'>nullibi</span> <span class='ocrx_word' id='word_1_490' title='bbox 1548 4260 1781 4316; x_wconf 90' lang='lat' dir='ltr'>dicitur.</span> <span class='ocrx_word' id='word_1_491' title='bbox 1818 4263 1984 4317; x_wconf 87' lang='lat' dir='ltr'>Atta-</span> 
     </span>
     <span class='ocr_line' id='line_1_77' title="bbox 329 4331 1983 4389; baseline 0 -1"><span class='ocrx_word' id='word_1_492' title='bbox 329 4349 486 4389; x_wconf 90' lang='lat' dir='ltr'>men.</span> <span class='ocrx_word' id='word_1_493' title='bbox 518 4348 653 4386; x_wconf 90' lang='lat' dir='ltr'>cum</span> <span class='ocrx_word' id='word_1_494' title='bbox 686 4349 820 4389; x_wconf 86' lang='lat' dir='ltr'>mox</span> <span class='ocrx_word' id='word_1_495' title='bbox 847 4334 1003 4389; x_wconf 91' lang='lat' dir='ltr'>dicat</span> <span class='ocrx_word' id='word_1_496' title='bbox 1032 4350 1245 4389; x_wconf 89' lang='lat' dir='ltr'>cornus</span> <span class='ocrx_word' id='word_1_497' title='bbox 1293 4332 1498 4387; x_wconf 82' lang='lat' dir='ltr'>Albam</span> <span class='ocrx_word' id='word_1_498' title='bbox 1523 4331 1798 4389; x_wconf 73' lang='lat' dir='ltr'>Regalem</span> <span class='ocrx_word' id='word_1_499' title='bbox 1855 4348 1983 4389; x_wconf 90' lang='lat' dir='ltr'>esse</span> 
     </span>
    </p>
   </div>
   <div class='ocr_carea' id='block_1_77' title="bbox 325 4336 1979 4471">
    <p class='ocr_par' dir='ltr' id='par_1_77' title="bbox 325 4336 1979 4471">
     <span class='ocr_line' id='line_1_78' title="bbox 329 4336 1979 4406; baseline 0 -18"><span class='ocrx_word' id='word_1_500' title='bbox 329 4349 486 4399; x_wconf 90' lang='lat' dir='ltr'>men,</span> <span class='ocrx_word' id='word_1_501' title='bbox 518 4348 653 4386; x_wconf 90' lang='lat' dir='ltr'>cum</span> <span class='ocrx_word' id='word_1_502' title='bbox 686 4349 820 4389; x_wconf 86' lang='lat' dir='ltr'>mox</span> <span class='ocrx_word' id='word_1_503' title='bbox 847 4336 1003 4390; x_wconf 91' lang='lat' dir='ltr'>dicat</span> <span class='ocrx_word' id='word_1_504' title='bbox 1032 4350 1245 4406; x_wconf 90' lang='lat' dir='ltr'>corpus</span> <span class='ocrx_word' id='word_1_505' title='bbox 1293 4336 1498 4387; x_wconf 77' lang='lat' dir='ltr'>Albam</span> <span class='ocrx_word' id='word_1_506' title='bbox 1523 4336 1798 4404; x_wconf 79' lang='lat' dir='ltr'>Regalem</span> <span class='ocrx_word' id='word_1_507' title='bbox 1855 4348 1979 4389; x_wconf 88' lang='lat' dir='ltr'>esse</span> 
     </span>
     <span class='ocr_line' id='line_1_79' title="bbox 325 4401 1979 4471; baseline -0.001 -12"><span class='ocrx_word' id='word_1_508' title='bbox 325 4401 704 4471; x_wconf 88' lang='lat' dir='ltr'>translatum,</span> <span class='ocrx_word' id='word_1_509' title='bbox 759 4404 1314 4461; x_wconf 76' lang='lat' dir='ltr'>videturinsinuare</span> <span class='ocrx_word' id='word_1_510' title='bbox 1346 4402 1424 4457; x_wconf 92' lang='lat' dir='ltr'>ibi</span> <span class='ocrx_word' id='word_1_511' title='bbox 1448 4419 1562 4457; x_wconf 92' lang='lat' dir='ltr'>non</span> <span class='ocrx_word' id='word_1_512' title='bbox 1596 4419 1723 4457; x_wconf 88' lang='lat' dir='ltr'>esse</span> <span class='ocrx_word' id='word_1_513' title='bbox 1772 4403 1979 4458; x_wconf 88' lang='lat' dir='ltr'>defun-</span> 
     </span>
    </p>
   </div>
   <div class='ocr_carea' id='block_1_78' title="bbox 326 4479 506 4531">
    <p class='ocr_par' dir='ltr' id='par_1_78' title="bbox 326 4479 506 4531">
     <span class='ocr_line' id='line_1_80' title="bbox 326 4479 506 4531; baseline -0.011 -1"><span class='ocrx_word' id='word_1_514' title='bbox 326 4479 506 4531; x_wconf 87' lang='lat' dir='ltr'>ctum.</span> 
     </span>
    </p>
   </div>
   <div class='ocr_carea' id='block_1_79' title="bbox 327 4626 1972 4761">
    <p class='ocr_par' dir='ltr' id='par_1_79' title="bbox 327 4626 1972 4761">
     <span class='ocr_line' id='line_1_81' title="bbox 327 4626 1972 4761; baseline 0 -17"><span class='ocrx_word' id='word_1_515' title='bbox 327 4626 714 4761; x_wconf 44' lang='lat' dir='ltr'>“Egimus</span> <span class='ocrx_word' id='word_1_516' title='bbox 749 4691 1008 4746; x_wconf 82' lang='lat' dir='ltr'>statuere.</span> <span class='ocrx_word' id='word_1_517' title='bbox 1043 4690 1123 4746; x_wconf 95' lang='lat' dir='ltr'>De</span> <span class='ocrx_word' id='word_1_518' title='bbox 1153 4689 1322 4761; x_wconf 80' lang='lat' dir='ltr'>Alba</span> <span class='ocrx_word' id='word_1_519' title='bbox 1345 4687 1543 4760; x_wconf 83' lang='lat' dir='ltr'>Regali</span> <span class='ocrx_word' id='word_1_520' title='bbox 1597 4687 1771 4761; x_wconf 82' lang='lat' dir='ltr'>variis</span> <span class='ocrx_word' id='word_1_521' title='bbox 1826 4686 1972 4744; x_wconf 91' lang='lat' dir='ltr'>locis</span> 
     </span>
    </p>
   </div>
   <div class='ocr_carea' id='block_1_80' title="bbox 322 4759 1970 4834">
    <p class='ocr_par' dir='ltr' id='par_1_80' title="bbox 322 4759 1970 4834">
     <span class='ocr_line' id='line_1_82' title="bbox 322 4759 1970 4834; baseline -0.001 -18"><span class='ocrx_word' id='word_1_522' title='bbox 322 4759 538 4827; x_wconf 89' lang='lat' dir='ltr'>actum,</span> <span class='ocrx_word' id='word_1_523' title='bbox 563 4759 633 4834; x_wconf 79' lang='lat' dir='ltr'>de</span> <span class='ocrx_word' id='word_1_524' title='bbox 661 4759 842 4834; x_wconf 82' lang='lat' dir='ltr'>hujus</span> <span class='ocrx_word' id='word_1_525' title='bbox 864 4778 1094 4834; x_wconf 90' lang='lat' dir='ltr'>quoque</span> <span class='ocrx_word' id='word_1_526' title='bbox 1123 4759 1374 4817; x_wconf 68' lang='lat' dir='ltr'>ecclesiae</span> <span class='ocrx_word' id='word_1_527' title='bbox 1397 4759 1827 4815; x_wconf 84' lang='lat' dir='ltr'>constructione</span> <span class='ocrx_word' id='word_1_528' title='bbox 1854 4777 1970 4815; x_wconf 91' lang='lat' dir='ltr'>non</span> 
     </span>
    </p>
   </div>
   <div class='ocr_carea' id='block_1_81' title="bbox 319 4830 1165 4906">
    <p class='ocr_par' dir='ltr' id='par_1_81' title="bbox 319 4830 1165 4906">
     <span class='ocr_line' id='line_1_83' title="bbox 319 4830 1165 4906; baseline -0.001 -18"><span class='ocrx_word' id='word_1_529' title='bbox 319 4849 508 4906; x_wconf 90' lang='lat' dir='ltr'>pauca</span> <span class='ocrx_word' id='word_1_530' title='bbox 534 4830 717 4906; x_wconf 64' lang='lat' dir='ltr'>videri</span> <span class='ocrx_word' id='word_1_531' title='bbox 744 4830 1047 4906; x_wconf 14' lang='lat' dir='ltr'>po‘ss&#39;un_t&#39;§</span> <span class='ocrx_word' id='word_1_532' title='bbox 1074 4834 1165 4888; x_wconf 86' lang='lat'>25.</span> 
     </span>
    </p>
   </div>
   <div class='ocr_carea' id='block_1_82' title="bbox 392 4900 1968 4976">
    <p class='ocr_par' dir='ltr' id='par_1_82' title="bbox 392 4900 1968 4976">
     <span class='ocr_line' id='line_1_84' title="bbox 392 4900 1968 4976; baseline -0.001 -18"><span class='ocrx_word' id='word_1_533' title='bbox 392 4905 504 4975; x_wconf 91' lang='lat'>(73)</span> <span class='ocrx_word' id='word_1_534' title='bbox 535 4903 599 4960; x_wconf 91' lang='lat' dir='ltr'>In</span> <span class='ocrx_word' id='word_1_535' title='bbox 629 4900 1338 4976; x_wconf 53' lang='lat' dir='ltr'>ms.__aliquahicomissa;</span> <span class='ocrx_word' id='word_1_536' title='bbox 1368 4918 1505 4976; x_wconf 81' lang='lat' dir='ltr'>nam</span> <span class='ocrx_word' id='word_1_537' title='bbox 1535 4901 1656 4976; x_wconf 70' lang='lat' dir='ltr'>haec</span> <span class='ocrx_word' id='word_1_538' title='bbox 1680 4900 1968 4976; x_wconf 83' lang='lat' dir='ltr'>solumibi</span> 
     </span>
    </p>
   </div>
   <div class='ocr_carea' id='block_1_83' title="bbox 317 4972 1965 5055">
    <p class='ocr_par' dir='ltr' id='par_1_83' title="bbox 317 4972 1965 5055">
     <span class='ocr_line' id='line_1_85' title="bbox 317 4972 1965 5055; baseline -0.003 -23"><span class='ocrx_word' id='word_1_539' title='bbox 317 4972 637 5055; x_wconf 39' lang='lat' dir='ltr'>leguntur“:</span> <span class='ocrx_word' id='word_1_540' title='bbox 674 4996 702 5023; x_wconf 85' lang='lat'><strong>«</strong></span> <span class='ocrx_word' id='word_1_541' title='bbox 741 4972 981 5055; x_wconf 36' lang='lat' dir='ltr'>Ubitper</span> <span class='ocrx_word' id='word_1_542' title='bbox 1010 4992 1194 5030; x_wconf 91' lang='lat' dir='ltr'>annos</span> <span class='ocrx_word' id='word_1_543' title='bbox 1225 4973 1426 5055; x_wconf 71' lang='lat' dir='ltr'>plures</span> <span class='ocrx_word' id='word_1_544' title='bbox 1447 4972 1731 5055; x_wconf 77' lang='lat' dir='ltr'>Dominus</span> <span class='ocrx_word' id='word_1_545' title='bbox 1764 4990 1865 5055; x_wconf 66' lang='lat' dir='ltr'>per</span> <span class='ocrx_word' id='word_1_546' title='bbox 1886 4974 1965 5055; x_wconf 89' lang='lat' dir='ltr'>ip-</span> 
     </span>
    </p>
   </div>
   <div class='ocr_carea' id='block_1_84' title="bbox 317 5044 1965 5117">
    <p class='ocr_par' dir='ltr' id='par_1_84' title="bbox 317 5044 1965 5117">
     <span class='ocr_line' id='line_1_86' title="bbox 317 5044 1965 5117; baseline -0.002 -14"><span class='ocrx_word' id='word_1_547' title='bbox 317 5044 443 5104; x_wconf 75' lang='lat' dir='ltr'>sius</span> <span class='ocrx_word' id='word_1_548' title='bbox 467 5044 678 5117; x_wconf 86' lang='lat' dir='ltr'>merita</span> <span class='ocrx_word' id='word_1_549' title='bbox 704 5044 1296 5113; x_wconf 80' lang='lat' dir='ltr'>multisincommoda</span> <span class='ocrx_word' id='word_1_550' title='bbox 1312 5044 1965 5117; x_wconf 84' lang='lat' dir='ltr'>patientibusbeneﬁcia</span> 
     </span>
    </p>
   </div>
   <div class='ocr_carea' id='block_1_85' title="bbox 316 5115 1012 5192">
    <p class='ocr_par' dir='ltr' id='par_1_85' title="bbox 316 5115 1012 5192">
     <span class='ocr_line' id='line_1_87' title="bbox 316 5115 1012 5192; baseline -0.01 -17"><span class='ocrx_word' id='word_1_551' title='bbox 316 5117 591 5192; x_wconf 69' lang='lat' dir='ltr'>praestitit</span> <span class='ocrx_word' id='word_1_552' title='bbox 621 5115 951 5192; x_wconf 81' lang='lat' dir='ltr'>innumera.</span> <span class='ocrx_word' id='word_1_553' title='bbox 983 5140 1012 5168; x_wconf 82' lang='lat'>»</span> 
     </span>
    </p>
   </div>
   <div class='ocr_carea' id='block_1_86' title="bbox 389 5186 1961 5263">
    <p class='ocr_par' dir='ltr' id='par_1_86' title="bbox 389 5186 1961 5263">
     <span class='ocr_line' id='line_1_88' title="bbox 389 5186 1961 5263; baseline -0.004 -18"><span class='ocrx_word' id='word_1_554' title='bbox 389 5191 502 5263; x_wconf 85' lang='grc'>(74)</span> <span class='ocrx_word' id='word_1_555' title='bbox 524 5188 769 5263; x_wconf 81' lang='lat' dir='ltr'>Phrasis</span> <span class='ocrx_word' id='word_1_556' title='bbox 800 5189 893 5245; x_wconf 87' lang='lat' dir='ltr'>hic</span> <span class='ocrx_word' id='word_1_557' title='bbox 926 5187 1467 5263; x_wconf 60' lang='lat' dir='ltr'>maximnmentlosa</span> <span class='ocrx_word' id='word_1_558' title='bbox 1493 5192 1722 5263; x_wconf 67' lang='lat' dir='ltr'>esttam</span> <span class='ocrx_word' id='word_1_559' title='bbox 1757 5186 1808 5263; x_wconf 72' lang='lat' dir='ltr'>iu</span> <span class='ocrx_word' id='word_1_560' title='bbox 1844 5186 1961 5239; x_wconf 71' lang='lat' dir='ltr'>ezli-</span> 
     </span>
    </p>
   </div>
   <div class='ocr_carea' id='block_1_87' title="bbox 316 5257 1960 5333">
    <p class='ocr_par' dir='ltr' id='par_1_87' title="bbox 316 5257 1960 5333">
     <span class='ocr_line' id='line_1_89' title="bbox 316 5257 1960 5333; baseline -0.002 -18"><span class='ocrx_word' id='word_1_561' title='bbox 316 5257 680 5333; x_wconf 44' lang='lat' dir='ltr'>tio&#39;ne&#39;quam</span> <span class='ocrx_word' id='word_1_562' title='bbox 697 5258 755 5316; x_wconf 90' lang='lat' dir='ltr'>in</span> <span class='ocrx_word' id='word_1_563' title='bbox 789 5279 922 5327; x_wconf 91' lang='lat' dir='ltr'>ms.,</span> <span class='ocrx_word' id='word_1_564' title='bbox 956 5260 1090 5315; x_wconf 85' lang='lat' dir='ltr'>licet</span> <span class='ocrx_word' id='word_1_565' title='bbox 1114 5261 1179 5333; x_wconf 84' lang='lat' dir='ltr'>in</span> <span class='ocrx_word' id='word_1_566' title='bbox 1205 5259 1442 5333; x_wconf 76' lang='lat' dir='ltr'>vocibus</span> <span class='ocrx_word' id='word_1_567' title='bbox 1472 5258 1719 5333; x_wconf 72' lang='lat' dir='ltr'>subinde</span> <span class='ocrx_word' id='word_1_568' title='bbox 1738 5257 1960 5333; x_wconf 78' lang='lat' dir='ltr'>dissen-</span> 
     </span>
    </p>
   </div>
   <div class='ocr_carea' id='block_1_88' title="bbox 314 5327 1959 5401">
    <p class='ocr_par' dir='ltr' id='par_1_88' title="bbox 314 5327 1959 5401">
     <span class='ocr_line' id='line_1_90' title="bbox 314 5327 1959 5401; baseline -0.002 -16"><span class='ocrx_word' id='word_1_569' title='bbox 314 5333 485 5387; x_wconf 87' lang='lat' dir='ltr'>tiant.</span> <span class='ocrx_word' id='word_1_570' title='bbox 518 5327 807 5401; x_wconf 74' lang='lat' dir='ltr'>Scriptum</span> <span class='ocrx_word' id='word_1_571' title='bbox 841 5333 996 5388; x_wconf 88' lang='lat' dir='ltr'>haud</span> <span class='ocrx_word' id='word_1_572' title='bbox 1031 5331 1205 5387; x_wconf 90' lang='lat' dir='ltr'>dubie</span> <span class='ocrx_word' id='word_1_573' title='bbox 1240 5331 1348 5384; x_wconf 88' lang='lat' dir='ltr'>fuit</span> <span class='ocrx_word' id='word_1_574' title='bbox 1380 5327 1959 5401; x_wconf 82' lang='lat' dir='ltr'>usqueadﬁnembu-</span> 
     </span>
    </p>
   </div>
   <div class='ocr_carea' id='block_1_89' title="bbox 2107 3262 3760 3336">
    <p class='ocr_par' dir='ltr' id='par_1_89' title="bbox 2107 3262 3760 3336">
     <span class='ocr_line' id='line_1_91' title="bbox 2107 3262 3760 3336; baseline 0.002 -20"><span class='ocrx_word' id='word_1_575' title='bbox 2107 3262 2369 3318; x_wconf 84' lang='lat' dir='ltr'>renovari</span> <span class='ocrx_word' id='word_1_576' title='bbox 2401 3268 2681 3330; x_wconf 86' lang='lat' dir='ltr'>meretur,</span> <span class='ocrx_word' id='word_1_577' title='bbox 2713 3262 2821 3318; x_wconf 92' lang='lat' dir='ltr'>hoc</span> <span class='ocrx_word' id='word_1_578' title='bbox 2852 3279 2950 3318; x_wconf 93' lang='lat' dir='ltr'>cor</span> <span class='ocrx_word' id='word_1_579' title='bbox 2980 3280 3156 3319; x_wconf 89' lang='lat' dir='ltr'>suum</span> <span class='ocrx_word' id='word_1_580' title='bbox 3189 3264 3454 3336; x_wconf 89' lang='lat' dir='ltr'>resipuit,</span> <span class='ocrx_word' id='word_1_581' title='bbox 3488 3263 3631 3335; x_wconf 92' lang='lat' dir='ltr'>quid</span> <span class='ocrx_word' id='word_1_582' title='bbox 3654 3264 3760 3320; x_wconf 82' lang='lat' dir='ltr'>de-</span> 
     </span>
    </p>
   </div>
   <div class='ocr_carea' id='block_1_90' title="bbox 2105 3349 3757 3425">
    <p class='ocr_par' dir='ltr' id='par_1_90' title="bbox 2105 3349 3757 3425">
     <span class='ocr_line' id='line_1_92' title="bbox 2105 3349 3757 3425; baseline 0.002 -20"><span class='ocrx_word' id='word_1_583' title='bbox 2105 3350 2296 3423; x_wconf 88' lang='lat' dir='ltr'>signet</span> <span class='ocrx_word' id='word_1_584' title='bbox 2325 3351 2511 3406; x_wconf 91' lang='lat' dir='ltr'>oculis</span> <span class='ocrx_word' id='word_1_585' title='bbox 2543 3349 2949 3424; x_wconf 89' lang='lat' dir='ltr'>spiritualibus</span> <span class='ocrx_word' id='word_1_586' title='bbox 2992 3353 3113 3424; x_wconf 85' lang='lat' dir='ltr'>[m.s.</span> <span class='ocrx_word' id='word_1_587' title='bbox 3159 3351 3710 3425; x_wconf 86' lang='lat' dir='ltr'>supernaturalibus</span> <span class='ocrx_word' id='word_1_588' title='bbox 3742 3353 3757 3424; x_wconf 92' lang='lat'>]</span> 
     </span>
    </p>
   </div>
   <div class='ocr_carea' id='block_1_91' title="bbox 2104 3438 3757 3513">
    <p class='ocr_par' dir='ltr' id='par_1_91' title="bbox 2104 3438 3757 3513">
     <span class='ocr_line' id='line_1_93' title="bbox 2104 3438 3757 3513; baseline 0.002 -20"><span class='ocrx_word' id='word_1_589' title='bbox 2104 3438 2353 3494; x_wconf 87' lang='lat' dir='ltr'>delectat</span> <span class='ocrx_word' id='word_1_590' title='bbox 2369 3440 2692 3507; x_wconf 88' lang='lat' dir='ltr'>intendere,</span> <span class='ocrx_word' id='word_1_591' title='bbox 2714 3440 2890 3511; x_wconf 92' lang='lat' dir='ltr'>quod,</span> <span class='ocrx_word' id='word_1_592' title='bbox 2911 3441 3161 3512; x_wconf 78' lang='lat' dir='ltr'>[ms.qui]</span> <span class='ocrx_word' id='word_1_593' title='bbox 3183 3440 3306 3496; x_wconf 90' lang='lat' dir='ltr'>sine</span> <span class='ocrx_word' id='word_1_594' title='bbox 3320 3440 3757 3513; x_wconf 79' lang='lat' dir='ltr'>praeordinatio-</span> 
     </span>
    </p>
   </div>
   <div class='ocr_carea' id='block_1_92' title="bbox 2103 3527 3757 3585">
    <p class='ocr_par' dir='ltr' id='par_1_92' title="bbox 2103 3527 3757 3585">
     <span class='ocr_line' id='line_1_94' title="bbox 2103 3527 3757 3585; baseline 0.001 -2"><span class='ocrx_word' id='word_1_595' title='bbox 2103 3527 2195 3583; x_wconf 88' lang='lat' dir='ltr'>nis</span> <span class='ocrx_word' id='word_1_596' title='bbox 2226 3528 2317 3583; x_wconf 91' lang='lat' dir='ltr'>die</span> <span class='ocrx_word' id='word_1_597' title='bbox 2349 3528 2560 3584; x_wconf 82' lang='lat' dir='ltr'>affectu</span> <span class='ocrx_word' id='word_1_598' title='bbox 2591 3528 2787 3584; x_wconf 91' lang='lat' dir='ltr'>divino</span> <span class='ocrx_word' id='word_1_599' title='bbox 2817 3529 3037 3584; x_wconf 90' lang='lat' dir='ltr'>factum</span> <span class='ocrx_word' id='word_1_600' title='bbox 3069 3545 3185 3585; x_wconf 92' lang='lat' dir='ltr'>non</span> <span class='ocrx_word' id='word_1_601' title='bbox 3201 3528 3585 3585; x_wconf 64' lang='lat' dir='ltr'>aestimamus.</span> <span class='ocrx_word' id='word_1_602' title='bbox 3620 3528 3757 3585; x_wconf 85' lang='lat' dir='ltr'>For-</span> 
     </span>
    </p>
   </div>
   <div class='ocr_carea' id='block_1_93' title="bbox 2100 3760 3751 3833">
    <p class='ocr_par' dir='ltr' id='par_1_93' title="bbox 2100 3760 3751 3833">
     <span class='ocr_line' id='line_1_95' title="bbox 2100 3760 3751 3833; baseline -0.001 -17"><span class='ocrx_word' id='word_1_603' title='bbox 2100 3762 2270 3833; x_wconf 67' lang='grc' dir='ltr'>(Ρεαὶ.</span> <span class='ocrx_word' id='word_1_604' title='bbox 2306 3762 2585 3828; x_wconf 83' lang='lat' dir='ltr'>van,36,</span> <span class='ocrx_word' id='word_1_605' title='bbox 2622 3760 2931 3816; x_wconf 88' lang='lat' dir='ltr'>marmoris</span> <span class='ocrx_word' id='word_1_606' title='bbox 2962 3761 3223 3832; x_wconf 87' lang='lat' dir='ltr'>pondere</span> <span class='ocrx_word' id='word_1_607' title='bbox 3264 3763 3645 3833; x_wconf 79' lang='lat' dir='ltr'>pressum__et</span> <span class='ocrx_word' id='word_1_608' title='bbox 3693 3760 3751 3815; x_wconf 88' lang='lat' dir='ltr'>in</span> 
     </span>
    </p>
   </div>
   <div class='ocr_carea' id='block_1_94' title="bbox 2098 3831 3753 3914">
    <p class='ocr_par' dir='ltr' id='par_1_94' title="bbox 2098 3831 3753 3914">
     <span class='ocr_line' id='line_1_96' title="bbox 2098 3831 3753 3914; baseline -0.001 -27"><span class='ocrx_word' id='word_1_609' title='bbox 2098 3831 2409 3914; x_wconf 76' lang='lat' dir='ltr'>pulverem</span> <span class='ocrx_word' id='word_1_610' title='bbox 2428 3833 2752 3914; x_wconf 79' lang='lat' dir='ltr'>redactum,</span> <span class='ocrx_word' id='word_1_611' title='bbox 2780 3838 2844 3886; x_wconf 92' lang='lat' dir='ltr'>ut</span> <span class='ocrx_word' id='word_1_612' title='bbox 2888 3831 3150 3914; x_wconf 78' lang='lat' dir='ltr'>tempore</span> <span class='ocrx_word' id='word_1_613' title='bbox 3197 3831 3484 3914; x_wconf 65' lang='lat' dir='ltr'>praefinito</span> <span class='ocrx_word' id='word_1_614' title='bbox 3533 3831 3753 3911; x_wconf 84' lang='lat' dir='ltr'>dignus</span> 
     </span>
    </p>
   </div>
   <div class='ocr_carea' id='block_1_95' title="bbox 2098 3901 3747 4028">
    <p class='ocr_par' dir='ltr' id='par_1_95' title="bbox 2098 3901 3747 4028">
     <span class='ocr_line' id='line_1_97' title="bbox 2098 3901 3747 4028; baseline -0.001 -70"><span class='ocrx_word' id='word_1_615' title='bbox 2098 3901 2510 3969; x_wconf 80' lang='lat' dir='ltr'>declararetur,</span> <span class='ocrx_word' id='word_1_616' title='bbox 2546 3908 2602 3958; x_wconf 91' lang='lat' dir='ltr'>et</span> <span class='ocrx_word' id='word_1_617' title='bbox 2631 3905 2687 3958; x_wconf 90' lang='lat' dir='ltr'>in</span> <span class='ocrx_word' id='word_1_618' title='bbox 2721 3901 3169 3959; x_wconf 85' lang='lat' dir='ltr'>resurrectionis</span> <span class='ocrx_word' id='word_1_619' title='bbox 3197 3901 3293 3958; x_wconf 80' lang='lat' dir='ltr'>die</span> <span class='ocrx_word' id='word_1_620' title='bbox 3309 3901 3635 4028; x_wconf 50' lang='lat' dir='ltr'>(gloriosius</span> <span class='ocrx_word' id='word_1_621' title='bbox 3655 3918 3747 3957; x_wconf 75' lang='lat' dir='ltr'>re-</span> 
     </span>
     <span class='ocr_line' id='line_1_98' title="bbox 2098 3973 3747 4028; baseline 0 0"><span class='ocrx_word' id='word_1_622' title='bbox 2098 3979 2358 4028; x_wconf 92' lang='lat' dir='ltr'>novetur.</span> <span class='ocrx_word' id='word_1_623' title='bbox 2393 3975 2453 4028; x_wconf 90' lang='lat' dir='ltr'>Id</span> <span class='ocrx_word' id='word_1_624' title='bbox 2477 3991 2608 4028; x_wconf 90' lang='lat' dir='ltr'>vero</span> <span class='ocrx_word' id='word_1_625' title='bbox 2630 3974 2768 4028; x_wconf 79' lang='lat' dir='ltr'>quid</span> <span class='ocrx_word' id='word_1_626' title='bbox 2802 3973 3114 4028; x_wconf 71' lang='lat' dir='ltr'>significet.</span> <span class='ocrx_word' id='word_1_627' title='bbox 3146 3990 3301 4028; x_wconf 81' lang='lat' dir='ltr'>quan</span> <span class='ocrx_word' id='word_1_628' title='bbox 3349 3990 3381 4028; x_wconf 95' lang='lat' dir='ltr'>o</span> <span class='ocrx_word' id='word_1_629' title='bbox 3400 3973 3523 4028; x_wconf 82' lang='lat' dir='ltr'>sine</span> <span class='ocrx_word' id='word_1_630' title='bbox 3545 3973 3747 4028; x_wconf 84' lang='lat' dir='ltr'>divina</span> 
     </span>
    </p>
   </div>
   <div class='ocr_carea' id='block_1_96' title="bbox 2098 3973 3747 4045">
    <p class='ocr_par' dir='ltr' id='par_1_96' title="bbox 2098 3973 3747 4045">
     <span class='ocr_line' id='line_1_99' title="bbox 2098 3973 3747 4045; baseline 0 -16"><span class='ocrx_word' id='word_1_631' title='bbox 2098 3979 2358 4029; x_wconf 91' lang='lat' dir='ltr'>novetur.</span> <span class='ocrx_word' id='word_1_632' title='bbox 2393 3975 2453 4029; x_wconf 90' lang='lat' dir='ltr'>Id</span> <span class='ocrx_word' id='word_1_633' title='bbox 2477 3991 2608 4029; x_wconf 89' lang='lat' dir='ltr'>vero</span> <span class='ocrx_word' id='word_1_634' title='bbox 2630 3974 2768 4045; x_wconf 90' lang='lat' dir='ltr'>quid</span> <span class='ocrx_word' id='word_1_635' title='bbox 2802 3973 3114 4045; x_wconf 80' lang='lat' dir='ltr'>significet,</span> <span class='ocrx_word' id='word_1_636' title='bbox 3146 3973 3381 4045; x_wconf 85' lang='lat' dir='ltr'>quando</span> <span class='ocrx_word' id='word_1_637' title='bbox 3400 3973 3523 4029; x_wconf 78' lang='lat' dir='ltr'>sine</span> <span class='ocrx_word' id='word_1_638' title='bbox 3545 3973 3747 4029; x_wconf 84' lang='lat' dir='ltr'>divina</span> 
     </span>
    </p>
   </div>
   <div class='ocr_carea' id='block_1_97' title="bbox 2097 4045 3743 4116">
    <p class='ocr_par' dir='ltr' id='par_1_97' title="bbox 2097 4045 3743 4116">
     <span class='ocr_line' id='line_1_100' title="bbox 2097 4045 3743 4116; baseline -0.001 -15"><span class='ocrx_word' id='word_1_639' title='bbox 2097 4046 2459 4102; x_wconf 90' lang='lat' dir='ltr'>ordinatione</span> <span class='ocrx_word' id='word_1_640' title='bbox 2490 4051 2546 4100; x_wconf 90' lang='lat' dir='ltr'>et</span> <span class='ocrx_word' id='word_1_641' title='bbox 2569 4045 2770 4116; x_wconf 85' lang='lat' dir='ltr'>divino</span> <span class='ocrx_word' id='word_1_642' title='bbox 2795 4045 3001 4101; x_wconf 81' lang='lat' dir='ltr'>affectu</span> <span class='ocrx_word' id='word_1_643' title='bbox 3036 4046 3254 4100; x_wconf 91' lang='lat' dir='ltr'>factum</span> <span class='ocrx_word' id='word_1_644' title='bbox 3287 4045 3528 4116; x_wconf 82' lang='lat' dir='ltr'>minime</span> <span class='ocrx_word' id='word_1_645' title='bbox 3568 4048 3743 4116; x_wconf 85' lang='lat' dir='ltr'>puta-</span> 
     </span>
    </p>
   </div>
   <div class='ocr_carea' id='block_1_98' title="bbox 2097 4115 3741 4188">
    <p class='ocr_par' dir='ltr' id='par_1_98' title="bbox 2097 4115 3741 4188">
     <span class='ocr_line' id='line_1_101' title="bbox 2097 4115 3741 4188; baseline -0.001 -16"><span class='ocrx_word' id='word_1_646' title='bbox 2097 4134 2251 4183; x_wconf 88' lang='lat' dir='ltr'>mus,</span> <span class='ocrx_word' id='word_1_647' title='bbox 2286 4116 2427 4188; x_wconf 91' lang='lat' dir='ltr'>libet</span> <span class='ocrx_word' id='word_1_648' title='bbox 2455 4115 3041 4188; x_wconf 87' lang='lat' dir='ltr'>oculisinterioribus</span> <span class='ocrx_word' id='word_1_649' title='bbox 3087 4116 3403 4188; x_wconf 85' lang='lat' dir='ltr'>speculari.</span> <span class='ocrx_word' id='word_1_650' title='bbox 3439 4115 3741 4188; x_wconf 78' lang='lat' dir='ltr'>Fortassis</span> 
     </span>
    </p>
   </div>
   <div class='ocr_carea' id='block_1_99' title="bbox 2094 4186 3744 4259">
    <p class='ocr_par' dir='ltr' id='par_1_99' title="bbox 2094 4186 3744 4259">
     <span class='ocr_line' id='line_1_102' title="bbox 2094 4186 3744 4259; baseline 0 -16"><span class='ocrx_word' id='word_1_651' title='bbox 2094 4187 2361 4243; x_wconf 89' lang='lat' dir='ltr'>nonnihil</span> <span class='ocrx_word' id='word_1_652' title='bbox 2394 4188 2605 4243; x_wconf 90' lang='lat' dir='ltr'>terreni</span> <span class='ocrx_word' id='word_1_653' title='bbox 2626 4186 3588 4259; x_wconf 23' lang='lat' dir='ltr'>pulveris,divinre‘examinationis</span> <span class='ocrx_word' id='word_1_654' title='bbox 3607 4187 3744 4259; x_wconf 86' lang='lat' dir='ltr'>igne</span> 
     </span>
    </p>
   </div>
   <div class='ocr_carea' id='block_1_100' title="bbox 2091 4257 3739 4331">
    <p class='ocr_par' dir='ltr' id='par_1_100' title="bbox 2091 4257 3739 4331">
     <span class='ocr_line' id='line_1_103' title="bbox 2091 4257 3739 4331; baseline 0.001 -18"><span class='ocrx_word' id='word_1_655' title='bbox 2091 4259 2487 4331; x_wconf 86' lang='lat' dir='ltr'>purgandum,</span> <span class='ocrx_word' id='word_1_656' title='bbox 2523 4259 2582 4331; x_wconf 90' lang='lat' dir='ltr'>in</span> <span class='ocrx_word' id='word_1_657' title='bbox 2613 4257 2713 4331; x_wconf 85' lang='lat' dir='ltr'>illo</span> <span class='ocrx_word' id='word_1_658' title='bbox 2746 4264 3141 4331; x_wconf 87' lang='lat' dir='ltr'>remanserat,</span> <span class='ocrx_word' id='word_1_659' title='bbox 3186 4257 3312 4314; x_wconf 89' lang='lat' dir='ltr'>sine</span> <span class='ocrx_word' id='word_1_660' title='bbox 3371 4274 3486 4331; x_wconf 85' lang='lat' dir='ltr'>quo</span> <span class='ocrx_word' id='word_1_661' title='bbox 3547 4257 3739 4330; x_wconf 78' lang='lat' dir='ltr'>reges,</span> 
     </span>
    </p>
   </div>
   <div class='ocr_carea' id='block_1_101' title="bbox 2092 4328 3742 4403">
    <p class='ocr_par' dir='ltr' id='par_1_101' title="bbox 2092 4328 3742 4403">
     <span class='ocr_line' id='line_1_104' title="bbox 2092 4328 3742 4403; baseline 0 -18"><span class='ocrx_word' id='word_1_662' title='bbox 2092 4328 2306 4403; x_wconf 80' lang='lat' dir='ltr'>magna</span> <span class='ocrx_word' id='word_1_663' title='bbox 2336 4330 2593 4403; x_wconf 88' lang='lat' dir='ltr'>potentia</span> <span class='ocrx_word' id='word_1_664' title='bbox 2625 4329 2776 4403; x_wconf 88' lang='lat' dir='ltr'>fulti,</span> <span class='ocrx_word' id='word_1_665' title='bbox 2811 4331 2991 4385; x_wconf 85' lang='lat' dir='ltr'>vitam</span> <span class='ocrx_word' id='word_1_666' title='bbox 3023 4333 3369 4401; x_wconf 67' lang='lat' dir='ltr'>praesentem</span> <span class='ocrx_word' id='word_1_667' title='bbox 3398 4328 3516 4397; x_wconf 77' lang='lat' dir='ltr'>vix,</span> <span class='ocrx_word' id='word_1_668' title='bbox 3542 4328 3649 4403; x_wconf 74' lang='lat' dir='ltr'>aut</span> <span class='ocrx_word' id='word_1_669' title='bbox 3671 4345 3742 4403; x_wconf 81' lang='lat' dir='ltr'>ne</span> 
     </span>
    </p>
   </div>
   <div class='ocr_carea' id='block_1_102' title="bbox 2090 4400 3735 4474">
    <p class='ocr_par' dir='ltr' id='par_1_102' title="bbox 2090 4400 3735 4474">
     <span class='ocr_line' id='line_1_105' title="bbox 2090 4400 3735 4474; baseline 0.001 -20"><span class='ocrx_word' id='word_1_670' title='bbox 2090 4400 2450 4474; x_wconf 61' lang='lat' dir='ltr'>vix&#39;quidem</span> <span class='ocrx_word' id='word_1_671' title='bbox 2482 4402 2803 4474; x_wconf 85' lang='lat' dir='ltr'>transigere</span> <span class='ocrx_word' id='word_1_672' title='bbox 2837 4400 3103 4472; x_wconf 88' lang='lat' dir='ltr'>possunt.</span> <span class='ocrx_word' id='word_1_673' title='bbox 3124 4425 3165 4474; x_wconf 14' lang='lat' dir='ltr'>Au</span> <span class='ocrx_word' id='word_1_674' title='bbox 3198 4406 3448 4474; x_wconf 75' lang='lat' dir='ltr'>Sensum</span> <span class='ocrx_word' id='word_1_675' title='bbox 3484 4418 3518 4455; x_wconf 91' lang='lat' dir='ltr'>a</span> <span class='ocrx_word' id='word_1_676' title='bbox 3564 4400 3735 4474; x_wconf 78' lang='lat' dir='ltr'>Suric</span> 
     </span>
    </p>
   </div>
   <div class='ocr_carea' id='block_1_103' title="bbox 2090 4470 3737 4544">
    <p class='ocr_par' dir='ltr' id='par_1_103' title="bbox 2090 4470 3737 4544">
     <span class='ocr_line' id='line_1_106' title="bbox 2090 4470 3737 4544; baseline -0.001 -17"><span class='ocrx_word' id='word_1_677' title='bbox 2090 4470 2248 4529; x_wconf 78' lang='lat' dir='ltr'>recte</span> <span class='ocrx_word' id='word_1_678' title='bbox 2272 4474 2475 4529; x_wconf 91' lang='lat' dir='ltr'>datum</span> <span class='ocrx_word' id='word_1_679' title='bbox 2502 4470 2795 4539; x_wconf 73' lang='lat' dir='ltr'>existimo,</span> <span class='ocrx_word' id='word_1_680' title='bbox 2828 4470 2886 4528; x_wconf 83' lang='lat' dir='ltr'>at</span> <span class='ocrx_word' id='word_1_681' title='bbox 2916 4472 3137 4528; x_wconf 87' lang='lat' dir='ltr'>auctori</span> <span class='ocrx_word' id='word_1_682' title='bbox 3164 4470 3600 4544; x_wconf 86' lang='lat' dir='ltr'>philosophanti</span> <span class='ocrx_word' id='word_1_683' title='bbox 3634 4472 3737 4527; x_wconf 81' lang='lat' dir='ltr'>mi-</span> 
     </span>
    </p>
   </div>
   <div class='ocr_carea' id='block_1_104' title="bbox 400 4528 3736 4629">
    <p class='ocr_par' dir='ltr' id='par_1_104' title="bbox 400 4528 3736 4629">
     <span class='ocr_line' id='line_1_107' title="bbox 400 4528 3736 4629; baseline -0.001 -30"><span class='ocrx_word' id='word_1_684' title='bbox 557 4541 642 4600; x_wconf 88' lang='lat' dir='ltr'>Ob</span> <span class='ocrx_word' id='word_1_685' title='bbox 692 4544 976 4604; x_wconf 88' lang='lat' dir='ltr'>miracula</span> <span class='ocrx_word' id='word_1_686' title='bbox 1021 4551 1243 4615; x_wconf 88' lang='lat' dir='ltr'>secuta,</span> <span class='ocrx_word' id='word_1_687' title='bbox 1294 4544 1521 4618; x_wconf 88' lang='lat' dir='ltr'>opinor,</span> <span class='ocrx_word' id='word_1_688' title='bbox 1582 4548 1639 4601; x_wconf 90' lang='lat' dir='ltr'>et</span> <span class='ocrx_word' id='word_1_689' title='bbox 1724 4544 1974 4617; x_wconf 91' lang='lat' dir='ltr'>gloriam</span> <span class='ocrx_word' id='word_1_690' title='bbox 2006 4528 2054 4593; x_wconf 85' lang='lat' dir='ltr'>D</span> <span class='ocrx_word' id='word_1_691' title='bbox 2086 4545 2246 4629; x_wconf 79' lang='lat' dir='ltr'>nime</span> <span class='ocrx_word' id='word_1_692' title='bbox 2276 4528 2951 4629; x_wconf 41' lang='lat' dir='ltr'>a&#39;s‘se.n.tior;nam’quod</span> <span class='ocrx_word' id='word_1_693' title='bbox 2973 4528 3209 4629; x_wconf 66' lang='lat' dir='ltr'>corpus=</span> <span class='ocrx_word' id='word_1_694' title='bbox 3266 4528 3504 4629; x_wconf 68' lang='lat' dir='ltr'>excepta</span> <span class='ocrx_word' id='word_1_695' title='bbox 3540 4542 3736 4629; x_wconf 70' lang='lat' dir='ltr'>dexte-</span> 
     </span>
    </p>
   </div>
   <div class='ocr_carea' id='block_1_105' title="bbox 2084 4613 3731 4687">
    <p class='ocr_par' dir='ltr' id='par_1_105' title="bbox 2084 4613 3731 4687">
     <span class='ocr_line' id='line_1_108' title="bbox 2084 4613 3731 4687; baseline 0.001 -17"><span class='ocrx_word' id='word_1_696' title='bbox 2084 4633 2171 4683; x_wconf 91' lang='lat' dir='ltr'>ra,</span> <span class='ocrx_word' id='word_1_697' title='bbox 2190 4615 2617 4687; x_wconf 86' lang='lat' dir='ltr'>utvidebimus,</span> <span class='ocrx_word' id='word_1_698' title='bbox 2633 4614 2691 4669; x_wconf 92' lang='lat' dir='ltr'>in</span> <span class='ocrx_word' id='word_1_699' title='bbox 2708 4613 3005 4687; x_wconf 77' lang='lat' dir='ltr'>pulverem</span> <span class='ocrx_word' id='word_1_700' title='bbox 3023 4613 3101 4670; x_wconf 80' lang='lat' dir='ltr'>sit</span> <span class='ocrx_word' id='word_1_701' title='bbox 3114 4613 3436 4687; x_wconf 76' lang='lat' dir='ltr'>redactum,</span> <span class='ocrx_word' id='word_1_702' title='bbox 3458 4615 3731 4687; x_wconf 81' lang='lat' dir='ltr'>quodque</span> 
     </span>
    </p>
   </div>
   <div class='ocr_carea' id='block_1_106' title="bbox 2082 4685 3733 4758">
    <p class='ocr_par' dir='ltr' id='par_1_106' title="bbox 2082 4685 3733 4758">
     <span class='ocr_line' id='line_1_109' title="bbox 2082 4685 3733 4758; baseline -0.002 -15"><span class='ocrx_word' id='word_1_703' title='bbox 2082 4704 2185 4758; x_wconf 92' lang='lat' dir='ltr'>per</span> <span class='ocrx_word' id='word_1_704' title='bbox 2214 4704 2399 4742; x_wconf 86' lang='lat' dir='ltr'>annos</span> <span class='ocrx_word' id='word_1_705' title='bbox 2426 4685 2816 4758; x_wconf 75' lang='lat' dir='ltr'>quadraginta</span> <span class='ocrx_word' id='word_1_706' title='bbox 2846 4686 3109 4758; x_wconf 90' lang='lat' dir='ltr'>quinque</span> <span class='ocrx_word' id='word_1_707' title='bbox 3129 4685 3362 4758; x_wconf 91' lang='lat' dir='ltr'>publico</span> <span class='ocrx_word' id='word_1_708' title='bbox 3421 4685 3585 4758; x_wconf 80' lang='lat' dir='ltr'>cultu</span> <span class='ocrx_word' id='word_1_709' title='bbox 3636 4685 3733 4758; x_wconf 76' lang='lat' dir='ltr'>ca-</span> 
     </span>
    </p>
   </div>
   <div class='ocr_carea' id='block_1_107' title="bbox 2080 4756 3727 4828">
    <p class='ocr_par' dir='ltr' id='par_1_107' title="bbox 2080 4756 3727 4828">
     <span class='ocr_line' id='line_1_110' title="bbox 2080 4756 3727 4828; baseline -0.001 -17"><span class='ocrx_word' id='word_1_710' title='bbox 2080 4756 2285 4823; x_wconf 79' lang='lat' dir='ltr'>ruerit,</span> <span class='ocrx_word' id='word_1_711' title='bbox 2316 4756 2691 4828; x_wconf 41' lang='lat' dir='ltr'>non—praebet</span> <span class='ocrx_word' id='word_1_712' title='bbox 2733 4756 3029 4828; x_wconf 50' lang='lat' dir='ltr'>idon&#39;eam&#39;</span> <span class='ocrx_word' id='word_1_713' title='bbox 3056 4756 3344 4812; x_wconf 79' lang='lat' dir='ltr'>rationem</span> <span class='ocrx_word' id='word_1_714' title='bbox 3394 4756 3727 4828; x_wconf 88' lang='lat' dir='ltr'>judicandi,</span> 
     </span>
    </p>
   </div>
   <div class='ocr_carea' id='block_1_108' title="bbox 2079 4826 3730 4901">
    <p class='ocr_par' dir='ltr' id='par_1_108' title="bbox 2079 4826 3730 4901">
     <span class='ocr_line' id='line_1_111' title="bbox 2079 4826 3730 4901; baseline -0.002 -16"><span class='ocrx_word' id='word_1_715' title='bbox 2079 4834 2210 4900; x_wconf 91' lang='lat' dir='ltr'>post</span> <span class='ocrx_word' id='word_1_716' title='bbox 2244 4826 2489 4901; x_wconf 75' lang='lat' dir='ltr'>mortem</span> <span class='ocrx_word' id='word_1_717' title='bbox 2519 4828 2705 4901; x_wconf 81' lang='lat' dir='ltr'>sancti</span> <span class='ocrx_word' id='word_1_718' title='bbox 2737 4826 2961 4901; x_wconf 81' lang='lat' dir='ltr'>aliquid</span> <span class='ocrx_word' id='word_1_719' title='bbox 2994 4827 3054 4883; x_wconf 89' lang='lat' dir='ltr'>in</span> <span class='ocrx_word' id='word_1_720' title='bbox 3087 4830 3215 4898; x_wconf 88' lang='lat' dir='ltr'>ejus</span> <span class='ocrx_word' id='word_1_721' title='bbox 3230 4826 3428 4901; x_wconf 82' lang='lat' dir='ltr'>anima</span> <span class='ocrx_word' id='word_1_722' title='bbox 3449 4827 3730 4901; x_wconf 85' lang='lat' dir='ltr'>fuisseig-</span> 
     </span>
    </p>
   </div>
   <div class='ocr_carea' id='block_1_109' title="bbox 2077 4898 3729 4971">
    <p class='ocr_par' dir='ltr' id='par_1_109' title="bbox 2077 4898 3729 4971">
     <span class='ocr_line' id='line_1_112' title="bbox 2077 4898 3729 4971; baseline -0.001 -16"><span class='ocrx_word' id='word_1_723' title='bbox 2077 4898 2252 4956; x_wconf 77' lang='lat' dir='ltr'>hibus</span> <span class='ocrx_word' id='word_1_724' title='bbox 2284 4898 2679 4971; x_wconf 85' lang='lat' dir='ltr'>piacularibus</span> <span class='ocrx_word' id='word_1_725' title='bbox 2701 4898 3086 4971; x_wconf 70' lang='lat' dir='ltr'>expiandum;</span> <span class='ocrx_word' id='word_1_726' title='bbox 3114 4916 3251 4971; x_wconf 88' lang='lat' dir='ltr'>cum</span> <span class='ocrx_word' id='word_1_727' title='bbox 3311 4898 3729 4971; x_wconf 74' lang='lat' dir='ltr'>plerarumque</span> 
     </span>
    </p>
   </div>
   <div class='ocr_carea' id='block_1_110' title="bbox 2075 4969 3728 5043">
    <p class='ocr_par' dir='ltr' id='par_1_110' title="bbox 2075 4969 3728 5043">
     <span class='ocr_line' id='line_1_113' title="bbox 2075 4969 3728 5043; baseline 0 -18"><span class='ocrx_word' id='word_1_728' title='bbox 2075 4969 2411 5043; x_wconf 77' lang='lat' dir='ltr'>sanctorum</span> <span class='ocrx_word' id='word_1_729' title='bbox 2444 4986 2684 5043; x_wconf 89' lang='lat' dir='ltr'>corpora</span> <span class='ocrx_word' id='word_1_730' title='bbox 2704 4969 3085 5043; x_wconf 81' lang='lat' dir='ltr'>inpulverem</span> <span class='ocrx_word' id='word_1_731' title='bbox 3125 4969 3728 5043; x_wconf 45' lang='lat' dir='ltr'>rediganturuseeun-</span> 
     </span>
    </p>
   </div>
   <div class='ocr_carea' id='block_1_111' title="bbox 2073 5040 3727 5115">
    <p class='ocr_par' dir='ltr' id='par_1_111' title="bbox 2073 5040 3727 5115">
     <span class='ocr_line' id='line_1_114' title="bbox 2073 5040 3727 5115; baseline 0 -18"><span class='ocrx_word' id='word_1_732' title='bbox 2073 5043 2215 5115; x_wconf 82' lang='lat' dir='ltr'>dum</span> <span class='ocrx_word' id='word_1_733' title='bbox 2240 5040 3014 5115; x_wconf 68' lang='lat' dir='ltr'>ordinariasnaturzeleges,</span> <span class='ocrx_word' id='word_1_734' title='bbox 3049 5040 3337 5115; x_wconf 73' lang='lat' dir='ltr'>multique</span> <span class='ocrx_word' id='word_1_735' title='bbox 3361 5057 3432 5115; x_wconf 78' lang='lat' dir='ltr'>ex</span> <span class='ocrx_word' id='word_1_736' title='bbox 3455 5040 3574 5115; x_wconf 78' lang='lat' dir='ltr'>illis</span> <span class='ocrx_word' id='word_1_737' title='bbox 3608 5041 3727 5097; x_wconf 83' lang='lat' dir='ltr'>lon-</span> 
     </span>
    </p>
   </div>
   <div class='ocr_carea' id='block_1_112' title="bbox 2071 5112 3722 5185">
    <p class='ocr_par' dir='ltr' id='par_1_112' title="bbox 2071 5112 3722 5185">
     <span class='ocr_line' id='line_1_115' title="bbox 2071 5112 3722 5185; baseline 0 -18"><span class='ocrx_word' id='word_1_738' title='bbox 2071 5113 2218 5185; x_wconf 84' lang='lat' dir='ltr'>giori</span> <span class='ocrx_word' id='word_1_739' title='bbox 2246 5120 2507 5185; x_wconf 87' lang='lat' dir='ltr'>tempore</span> <span class='ocrx_word' id='word_1_740' title='bbox 2538 5113 2664 5168; x_wconf 91' lang='lat' dir='ltr'>sine</span> <span class='ocrx_word' id='word_1_741' title='bbox 2691 5112 2925 5185; x_wconf 82' lang='lat' dir='ltr'>publica</span> <span class='ocrx_word' id='word_1_742' title='bbox 2951 5112 3320 5185; x_wconf 82' lang='lat' dir='ltr'>veneratione</span> <span class='ocrx_word' id='word_1_743' title='bbox 3352 5112 3591 5185; x_wconf 79' lang='lat' dir='ltr'>fuerint,</span> <span class='ocrx_word' id='word_1_744' title='bbox 3623 5130 3722 5169; x_wconf 82' lang='lat' dir='ltr'>ne-</span> 
     </span>
    </p>
   </div>
   <div class='ocr_carea' id='block_1_113' title="bbox 2071 5182 3723 5256">
    <p class='ocr_par' dir='ltr' id='par_1_113' title="bbox 2071 5182 3723 5256">
     <span class='ocr_line' id='line_1_116' title="bbox 2071 5182 3723 5256; baseline 0.001 -19"><span class='ocrx_word' id='word_1_745' title='bbox 2071 5182 2181 5256; x_wconf 75' lang='lat' dir='ltr'>que</span> <span class='ocrx_word' id='word_1_746' title='bbox 2216 5182 2405 5239; x_wconf 72' lang='lat' dir='ltr'>tamen</span> <span class='ocrx_word' id='word_1_747' title='bbox 2430 5184 2563 5239; x_wconf 86' lang='lat' dir='ltr'>inde</span> <span class='ocrx_word' id='word_1_748' title='bbox 2584 5182 2781 5256; x_wconf 78' lang='lat' dir='ltr'>inferri</span> <span class='ocrx_word' id='word_1_749' title='bbox 2802 5186 3006 5256; x_wconf 89' lang='lat' dir='ltr'>possit,</span> <span class='ocrx_word' id='word_1_750' title='bbox 3024 5184 3247 5256; x_wconf 90' lang='lat' dir='ltr'>aliquid</span> <span class='ocrx_word' id='word_1_751' title='bbox 3280 5184 3336 5256; x_wconf 82' lang='lat' dir='ltr'>in</span> <span class='ocrx_word' id='word_1_752' title='bbox 3357 5182 3503 5255; x_wconf 90' lang='lat' dir='ltr'>ipsis</span> <span class='ocrx_word' id='word_1_753' title='bbox 3517 5200 3723 5256; x_wconf 84' lang='lat' dir='ltr'>super-</span> 
     </span>
    </p>
   </div>
   <div class='ocr_carea' id='block_1_114' title="bbox 2068 5254 3720 5328">
    <p class='ocr_par' dir='ltr' id='par_1_114' title="bbox 2068 5254 3720 5328">
     <span class='ocr_line' id='line_1_117' title="bbox 2068 5254 3720 5328; baseline 0.001 -19"><span class='ocrx_word' id='word_1_754' title='bbox 2068 5254 2252 5311; x_wconf 80' lang='lat' dir='ltr'>fuisse</span> <span class='ocrx_word' id='word_1_755' title='bbox 2284 5257 2494 5311; x_wconf 88' lang='lat' dir='ltr'>terreni</span> <span class='ocrx_word' id='word_1_756' title='bbox 2520 5254 2776 5328; x_wconf 84' lang='lat' dir='ltr'>pulveris</span> <span class='ocrx_word' id='word_1_757' title='bbox 2802 5254 2941 5328; x_wconf 83' lang='lat' dir='ltr'>post</span> <span class='ocrx_word' id='word_1_758' title='bbox 2964 5254 3191 5328; x_wconf 79' lang='lat' dir='ltr'>felicem</span> <span class='ocrx_word' id='word_1_759' title='bbox 3222 5254 3470 5328; x_wconf 71' lang='lat' dir='ltr'>obitum.</span> <span class='ocrx_word' id='word_1_760' title='bbox 3513 5254 3720 5328; x_wconf 15' lang='lat' dir='ltr'>i&#39;I‘anto</span> 
     </span>
    </p>
   </div>
   <div class='ocr_carea' id='block_1_115' title="bbox 2068 5325 3721 5399">
    <p class='ocr_par' dir='ltr' id='par_1_115' title="bbox 2068 5325 3721 5399">
     <span class='ocr_line' id='line_1_118' title="bbox 2068 5325 3721 5399; baseline 0 -17"><span class='ocrx_word' id='word_1_761' title='bbox 2068 5333 2263 5382; x_wconf 89' lang='lat' dir='ltr'>autem</span> <span class='ocrx_word' id='word_1_762' title='bbox 2300 5328 2487 5399; x_wconf 89' lang='lat' dir='ltr'>magis</span> <span class='ocrx_word' id='word_1_763' title='bbox 2519 5325 2596 5399; x_wconf 73' lang='lat' dir='ltr'>ab</span> <span class='ocrx_word' id='word_1_764' title='bbox 2623 5327 2733 5399; x_wconf 84' lang='lat' dir='ltr'>hac</span> <span class='ocrx_word' id='word_1_765' title='bbox 2759 5325 3091 5399; x_wconf 80' lang='lat' dir='ltr'>suspicione</span> <span class='ocrx_word' id='word_1_766' title='bbox 3122 5325 3721 5399; x_wconf 13' lang='lat' dir='ltr'>abstinere‘debuerat</span> 
     </span>
    </p>
   </div>
   <div class='ocr_carea' id='block_1_116' title="bbox 305 5396 3717 5472">
    <p class='ocr_par' dir='ltr' id='par_1_116' title="bbox 305 5396 3717 5472">
     <span class='ocr_line' id='line_1_119' title="bbox 305 5396 3717 5472; baseline -0.001 -16"><span class='ocrx_word' id='word_1_767' title='bbox 305 5403 410 5472; x_wconf 88' lang='lat' dir='ltr'>jus</span> <span class='ocrx_word' id='word_1_768' title='bbox 442 5396 667 5459; x_wconf 79' lang='lat' dir='ltr'>numeri</span> <span class='ocrx_word' id='word_1_769' title='bbox 699 5403 809 5460; x_wconf 91' lang='lat' dir='ltr'>hoc</span> <span class='ocrx_word' id='word_1_770' title='bbox 844 5406 958 5461; x_wconf 82' lang='lat' dir='ltr'>fere</span> <span class='ocrx_word' id='word_1_771' title='bbox 1000 5403 1208 5470; x_wconf 89' lang='lat' dir='ltr'>modo;</span> <span class='ocrx_word' id='word_1_772' title='bbox 1255 5418 1369 5472; x_wconf 90' lang='lat' dir='ltr'>quo</span> <span class='ocrx_word' id='word_1_773' title='bbox 1427 5396 1619 5455; x_wconf 80' lang='lat' dir='ltr'>locum</span> <span class='ocrx_word' id='word_1_774' title='bbox 1671 5399 1959 5472; x_wconf 80' lang='lat' dir='ltr'>expressit</span> <span class='ocrx_word' id='word_1_775' title='bbox 2066 5403 2270 5472; x_wconf 80' lang='lat' dir='ltr'>auctor</span> <span class='ocrx_word' id='word_1_776' title='bbox 2300 5396 2520 5472; x_wconf 73' lang='lat' dir='ltr'>quanto</span> <span class='ocrx_word' id='word_1_777' title='bbox 2551 5397 2799 5472; x_wconf 85' lang='lat' dir='ltr'>clariora</span> <span class='ocrx_word' id='word_1_778' title='bbox 2815 5396 2966 5472; x_wconf 76' lang='lat' dir='ltr'>sunt</span> <span class='ocrx_word' id='word_1_779' title='bbox 2996 5397 3323 5472; x_wconf 80' lang='lat' dir='ltr'>sanctitatis</span> <span class='ocrx_word' id='word_1_780' title='bbox 3339 5396 3717 5472; x_wconf 53' lang='lat' dir='ltr'>iudiciaque:</span> 
     </span>
    </p>
   </div>
   <div class='ocr_carea' id='block_1_117' title="bbox 315 5467 3717 5545">
    <p class='ocr_par' dir='ltr' id='par_1_117' title="bbox 315 5467 3717 5545">
     <span class='ocr_line' id='line_1_120' title="bbox 315 5467 3717 5545; baseline -0.001 -16"><span class='ocrx_word' id='word_1_781' title='bbox 315 5467 557 5530; x_wconf 81' lang='lat' dir='ltr'>Surius:</span> <span class='ocrx_word' id='word_1_782' title='bbox 596 5495 622 5528; x_wconf 76' lang='grc' dir='ltr'><strong><em>α</em></strong></span> <span class='ocrx_word' id='word_1_783' title='bbox 649 5476 845 5533; x_wconf 86' lang='lat' dir='ltr'>Jacuit</span> <span class='ocrx_word' id='word_1_784' title='bbox 873 5475 932 5530; x_wconf 90' lang='lat' dir='ltr'>in</span> <span class='ocrx_word' id='word_1_785' title='bbox 965 5491 1030 5531; x_wconf 92' lang='lat' dir='ltr'>eo</span> <span class='ocrx_word' id='word_1_786' title='bbox 1062 5467 1203 5545; x_wconf 82' lang='lat' dir='ltr'>loco</span> <span class='ocrx_word' id='word_1_787' title='bbox 1238 5467 1472 5545; x_wconf 81' lang='lat' dir='ltr'>sacrum</span> <span class='ocrx_word' id='word_1_788' title='bbox 1518 5467 1761 5545; x_wconf 51' lang='lat' dir='ltr'>corpus‘</span> <span class='ocrx_word' id='word_1_789' title='bbox 1785 5470 1955 5545; x_wconf 77' lang='lat' dir='ltr'>annis</span> <span class='ocrx_word' id='word_1_790' title='bbox 2063 5467 2428 5545; x_wconf 67' lang='lat' dir='ltr'>praemiserat</span> <span class='ocrx_word' id='word_1_791' title='bbox 2455 5469 2525 5545; x_wconf 81' lang='lat' dir='ltr'>de</span> <span class='ocrx_word' id='word_1_792' title='bbox 2584 5469 2907 5538; x_wconf 89' lang='lat' dir='ltr'>miraculis,</span> <span class='ocrx_word' id='word_1_793' title='bbox 2962 5468 3209 5527; x_wconf 81' lang='lat' dir='ltr'>melodia</span> <span class='ocrx_word' id='word_1_794' title='bbox 3269 5467 3486 5526; x_wconf 70' lang='lat' dir='ltr'>cmlesti</span> <span class='ocrx_word' id='word_1_795' title='bbox 3537 5467 3717 5545; x_wconf 77' lang='lat' dir='ltr'>atque</span> 
     </span>
    </p>
   </div>
   <div class='ocr_carea' id='block_1_118' title="bbox 396 5540 2636 5618">
    <p class='ocr_par' dir='ltr' id='par_1_118' title="bbox 396 5540 2636 5618">
     <span class='ocr_line' id='line_1_121' title="bbox 396 5540 2636 5618; baseline -0.002 -18"><span class='ocrx_word' id='word_1_796' title='bbox 396 5545 703 5618; x_wconf 80' lang='lat' dir='ltr'>adraginta</span> <span class='ocrx_word' id='word_1_797' title='bbox 734 5547 995 5618; x_wconf 88' lang='lat' dir='ltr'>quinque</span> <span class='ocrx_word' id='word_1_798' title='bbox 1015 5543 1244 5618; x_wconf 76' lang='lat' dir='ltr'>occulta</span> <span class='ocrx_word' id='word_1_799' title='bbox 1260 5543 1516 5618; x_wconf 75' lang='lat' dir='ltr'>quadam</span> <span class='ocrx_word' id='word_1_800' title='bbox 1535 5540 1953 5618; x_wconf 80' lang='lat' dir='ltr'>omnipotentis</span> <span class='ocrx_word' id='word_1_801' title='bbox 2061 5540 2238 5598; x_wconf 84' lang='lat' dir='ltr'>odore</span> <span class='ocrx_word' id='word_1_802' title='bbox 2263 5540 2636 5598; x_wconf 90' lang='lat' dir='ltr'>suavissimo.</span> 
     </span>
    </p>
   </div>
   <div class='ocr_carea' id='block_1_119' title="bbox 311 5559 1953 5694">
    <p class='ocr_par' dir='ltr' id='par_1_119' title="bbox 311 5559 1953 5694">
     <span class='ocr_line' id='line_1_122' title="bbox 356 5559 1953 5618; baseline -0.001 -19"><span class='ocrx_word' id='word_1_803' title='bbox 356 5559 703 5618; x_wconf 82' lang='lat' dir='ltr'>uaaraglnta</span> <span class='ocrx_word' id='word_1_804' title='bbox 734 5562 995 5618; x_wconf 81' lang='lat' dir='ltr'>quinque</span> <span class='ocrx_word' id='word_1_805' title='bbox 1015 5559 1244 5602; x_wconf 65' lang='grc' dir='ltr'>000111ῐᾶ</span> <span class='ocrx_word' id='word_1_806' title='bbox 1261 5559 1516 5615; x_wconf 80' lang='lat' dir='ltr'>quadam</span> <span class='ocrx_word' id='word_1_807' title='bbox 1535 5559 1953 5613; x_wconf 79' lang='lat' dir='ltr'>omnIpOtenus</span> 
     </span>
     <span class='ocr_line' id='line_1_123' title="bbox 311 5559 1953 5694; baseline -0.004 -15"><span class='ocrx_word' id='word_1_808' title='bbox 311 5559 414 5679; x_wconf 61' lang='lat' dir='ltr'>Boi</span> <span class='ocrx_word' id='word_1_809' title='bbox 444 5616 845 5693; x_wconf 86' lang='lat' dir='ltr'>dispositione,</span> <span class='ocrx_word' id='word_1_810' title='bbox 870 5616 1087 5694; x_wconf 88' lang='lat' dir='ltr'>quiest</span> <span class='ocrx_word' id='word_1_811' title='bbox 1112 5613 1397 5675; x_wconf 88' lang='lat' dir='ltr'>mirabilis</span> <span class='ocrx_word' id='word_1_812' title='bbox 1443 5613 1504 5673; x_wconf 87' lang='lat' dir='ltr'>in</span> <span class='ocrx_word' id='word_1_813' title='bbox 1553 5612 1773 5673; x_wconf 87' lang='lat' dir='ltr'>sanctis</span> <span class='ocrx_word' id='word_1_814' title='bbox 1827 5612 1953 5673; x_wconf 90' lang='lat' dir='ltr'>suis</span> 
     </span>
    </p>
   </div>
  </div>
