3968 6158
200 365 358 438 i929

1799 379 2007 449 'VI'I‘A.

3451 389 3610 454 1230

198 511 352 565 sitan
392 509 660 581 quaedam
685 511 808 582 (ms.
836 513 1175 584 quemdam}
1200 514 1257 569 in
1291 515 1438 587 ipso,
1473 518 1683 571 terreni
1720 518 1849 588 pul-
1882 522 1925 586 Α
1966 521 2096 591 {80).
2149 519 2384 574 nomine
2433 519 2713 587 Charitas,
2776 523 2948 594 cujus
2995 523 3123 578 vita:
3179 523 3426 580 celebris
3466 528 3605 579 tunc

196 598 348 654 veris
380 599 740 671 aspersione,
775 601 908 673 igne
966 603 1175 658 divinae
1234 604 1684 661 examinationis
1725 609 1844 677 (ms.

197 688 843 760 excommunicationis]
875 691 1308 762 puriﬁcandum
1335 696 1848 762 remanserat,sine

196 794 313 849 qua
343 778 465 848 (ms.
499 779 636 850 quo]
672 784 1002 851 regnantes,
1057 781 1226 852 quasi
1269 782 1522 854 quodam
1575 783 1710 853 jure
1741 800 1846 855 p0-

193 865 432 922 tentiale
453 866 630 922 vitam
659 873 1004 939 prmsentem
1028 869 1118 924 vix
1139 875 1240 925 aut
1268 869 1605 927 nullatenus
1635 872 1848 927 ducere

197 959 433 1027 queant.

266 1044 354 1099 34.
408 1045 732 1116 lnterjectis
785 1048 896 1117 (75)
931 1047 1127 1118 itaque
1157 1049 1549 1121 quadraginta
1587 1050 1846 1121 quinque

194 1133 386 1201 annis,
421 1149 556 1188 cum
588 1133 700 1205 (76)
735 1135 804 1189 ad
837 1136 1168 1206 praestanda
1200 1153 1302 1207 per
1331 1153 1465 1192 eum
1497 1137 1844 1194 mortalibus

195 1221 606 1278 misericordiae
637 1239 755 1277 ευῖθ
787 1224 1089 1289 beneﬁcia,
1123 1225 1320 1280 Sancti
1363 1227 1453 1279 sui
1497 1226 1623 1296 jam
1673 1225 1846 1282 vellet

193 1315 345 1368 Deus
367 1311 576 1368 merita
596 1311 911 1380 declarare,
947 1313 1219 1368 Romanze
1253 1315 1408 1370 sedis
1453 1315 1839 1383 institutione,

193 1400 529 1471 apostolicis
552 1400 760 1456 litteris
806 1401 1099 1457 sancitum
1150 1409 1242 1459 est
1273 1407 1336 1458 ut
1365 1421 1567 1460 eorum
1600 1421 1844 1476 corpora

193 1488 402 1545 elevari
439 1489 740 1556 deberent,
774 1489 874 1561 qui
907 1491 964 1544 in
999 1491 1296 1548 Pannonia
1329 1492 1674 1549 Christianas
1706 1493 1841 1549 ﬁdei

185 1577 452 1648 jacentes
483 1578 616 1650 [ad.,
667 1579 919 1634 mendose
968 1580 1256 1652 jacentes)
1289 1581 1538 1648 semina,
1574 1598 1681 1637 sua
1711 1599 1840 1638 eam

194 1666 624 1736 praedicatione,
651 1667 737 1722 vel
767 1668 1134 1724 institutione
1164 1670 1234 1724 ad
1259 1669 1573 1726 Dominum
1605 1687 1839 1726 conver-

192 1754 781 1811 tissent.Adveniente
802 1773 935 1812 vero
959 1762 1217 1829 tempore
1239 1758 1649 1815 declarationis
1688 1761 1837 1830 ejus,

192 1850 250 1900 et
268 1844 756 1917 laudibusgratiae
779 1848 928 1916 ejus,
963 1863 1139 1919 quam
1172 1849 1486 1919 peripsum
1505 1865 1648 1921 gens
1682 1849 1836 1903 Hun-

190 1932 388 2004 garica
409 1935 750 2006 promeruit,
773 1935 832 1988 in
869 1937 1089 1990 mundo
1131 1936 1519 2008 divulgandaa,
1555 1953 1654 1992 rex
1682 1938 1841 1993 Ladi-

189 2022 349 2078 slaus
400 2023 533 2094 ('77),
583 2024 680 2095 qui
728 2028 867 2079 tunc
899 2024 1326 2096 rempublicam
1361 2025 1838 2095 administrabat,

192 2111 463 2167 universa
492 2129 723 2167 morum
758 2113 1060 2168 honestate
1119 2113 1439 2185 praeclarus
1496 2114 1754 2180 habitus,
1787 2119 1844 2168 et

190 2201 475 2256 virtutum
523 2200 747 2274 fulgore
797 2203 1170 2274 conspicuus,
1206 2202 1481 2258 laudibus
1509 2206 1566 2258 et
1606 2202 1840 2258 servitio

190 2289 292 2345 Dei
315 2291 564 2363 perfecte
611 2291 866 2356 deditus,
917 2291 1167 2364 Spiritus
1203 2291 1484 2346 Paracleti
1521 2291 1842 2363 perlustra-

191 2379 347 2435 tione
368 2378 788 2447 tactus,habito
805 2379 1046 2436 consilio
1073 2397 1207 2435 cum
1231 2379 1520 2452 episcopis
1543 2385 1599 2434 et
1624 2379 1840 2450 prima-

191 2468 370 2532 tibus,
403 2473 459 2522 ct
490 2469 674 2524 totius
707 2469 1017 2524 Pannoniae
1050 2468 1438 2541 sapientibus,
1498 2468 1840 2522 triduanum

190 2557 964 2629 cunctisindixitjejunium,
1003 2563 1064 2612 ut
1102 2558 1256 2629 quod
1303 2557 1600 2613 communi
1635 2556 1839 2612 Catho-

187 2644 432 2700 licorum
467 2645 724 2712 utilitati,
757 2647 1008 2718 Spiritus
1025 2647 1210 2701 sancti
1235 2646 1403 2701 donis
1422 2646 1752 2700 animarum
1785 2650 1841 2700 et

190 2750 502 2805 corporum
535 2734 785 2790 salutem
831 2735 1231 2806 operantibus,
1255 2735 1484 2790 videtur
1513 2736 1631 2789 fore
1665 2734 1839 2806 proﬁ-

189 2837 368 2876 cuum
393 2823 691 2879 communi
723 2829 1069 2879 cunctorum
1090 2822 1762 2895 deprecationejejuniis
1783 2827 1840 2879 et

188 2911 1518 2984 eleemosynisfundata,permanifestationem
1533 2912 1835 2984 signorum

189 3000 425 3055 deberet
455 3016 582 3056 esse
614 3002 1017 3073 quazrendum.

259 3089 348 3143 34.
397 3090 508 3145 Sed
560 3095 622 3145 ut
673 3091 1006 3145 ostenderet
1032 3091 1313 3146 Dominus
1345 3095 1576 3162 quantae
1610 3090 1838 3146 miseri-

189 3179 396 3233 cordiae
447 3195 542 3233 rex
567 3183 806 3234 sanctus
833 3179 1026 3247 fuerit,
1057 3180 1248 3234 adhuc
1280 3177 1513 3233 mortali
1546 3179 1744 3234 vivens
1777 3181 1834 3235 in

1959 609 2238 679 temporis
2263 609 2459 680 opinio
2493 611 2804 677 ferebatur,
2853 612 3200 669 revelatione
3232 613 3345 668 sibi
3376 611 3609 668 coalitus

1958 699 2130 764 facta,
2165 698 2284 770 regi
2314 699 2611 753 mandavit
2637 715 2736 754 eos
2757 699 3053 756 incassum
3092 702 3197 758 niti
3217 705 3276 758 et
3292 719 3406 758 non
3430 719 3603 774 posse

1956 787 2273 842 transferre
2295 788 2477 843 sancti
2519 788 2672 860 regis
2707 789 2972 862 pignora,
3022 791 3203 846 donec
3243 790 3540 848 Salomoni
3574 808 3609 846 a

1957 874 2231 930 carcerali
2259 874 2530 931 absoluto
2550 878 2840 943 custodia,
2874 877 3056 934 libera
3077 878 3439 951 indulgentia
3461 896 3602 952 prae-

1956 961 2212 1017 beretur.
2248 963 2351 1018 Illo
2379 963 2576 1036 itaque
2597 982 2626 1020 e
2649 981 2877 1021 carcere
2907 967 3212 1037 producto,
3243 972 3300 1023 et
3327 967 3602 1024 triduano

1956 1050 2164 1107 iterato
2171 1053 2420 1124 jejunio,
2455 1070 2589 1108 cum
2614 1055 2686 1109 ad
2711 1055 3147 1111 transferendae
3191 1055 3470 1128 reliquias
3509 1073 3601 1113 sa-

1955 1155 2086 1194 cras
2113 1140 2286 1196 tertia
2309 1141 2403 1196 die
2423 1146 2661 1198 ventum
2675 1142 2904 1212 fuisset,
2919 1143 3068 1215 lapis
3094 1144 3302 1215 ingens
3323 1160 3606 1218 superpo-

1954 1227 2104 1284 situs
2128 1231 2367 1295 tumba,
2399 1235 2562 1286 tanta
2578 1231 2852 1288 facilitate
2873 1231 3147 1288 sublatus
3166 1236 3276 1301 est,
3297 1249 3363 1288 ac
3383 1231 3432 1288 si
3460 1231 3607 1288 nihil

1953 1322 2089 1372 ante
2119 1319 2396 1389 ponderis
2427 1317 2748 1376 habuisset.

2593 1426 2824 1482 CAPUT
2858 1426 2952 1482 VI.

1950 1514 2193 1568 Elevatio
2213 1516 2455 1585 corporis
2502 1519 2554 1570 et
2574 1516 3046 1642 ﬂii-actutmwmim
3075 1515 3316 1574 dexterae
3361 1518 3605 1575 inventio

2582 1603 2610 1641 θ
2678 1603 2738 1641 ιη
2791 1604 2875 1642 αντ
2901 1604 2980 1642 αδ.

2582 1603 2634 1641 et
2678 1603 2980 1658 integritas.

2020 1673 2109 1728 35.
2143 1672 2441 1744 Completo
2471 1689 2608 1745 ergo
2644 1675 2824 1730 tertia:
2847 1675 2959 1730 diei
2991 1675 3366 1748 vespertinali
3389 1676 3600 1742 officio,

1950 1762 2176 1817 cunctis
2202 1761 2405 1816 divinae
2423 1762 2819 1820 miserationis
2855 1764 3135 1820 beneficia
3173 1781 3276 1837 per
3310 1765 3466 1821 beati
3493 1765 3604 1820 viri

1951 1850 2226 1904 meritum
2254 1849 2748 1921 praestolantibus,
2782 1853 2977 1907 subito
3011 1853 3132 1923 [αι.,
3194 1852 3427 1908 subdito
3454 1870 3602 1910 men-

1951 1938 2096 2008 dose]
2131 1937 2358 2009 plebem
2383 1955 2552 1994 suam
2592 1939 2823 1995 Christo
2854 1940 3144 2008 visitante,
3180 1940 3600 1998 miraculorum

1953 2026 2206 2098 insignia
2222 2042 2324 2098 per
2347 2028 2793 2099 amplitudinem
2815 2029 3028 2085 domus
3043 2035 3257 2086 sanctis
3272 2031 3602 2088 funduntur

1953 2114 2204 2181 coalitus,
2245 2132 2494 2187 quorum
2527 2115 2855 2188 pluralitas,
2917 2118 3199 2188 quoniam
3256 2119 3386 2190 ipsa
3435 2124 3601 2176 nocte

1951 2218 2264 2258 numerum
2298 2207 2623 2259 excesserat
2655 2203 2949 2274 (81),illud
2981 2206 3380 2278 evangelicum
3411 2207 3507 2263 hic
3529 2207 3598 2263 li—

1952 2291 2050 2347 bet
2070 2291 2438 2347 introducere
2465 2292 2620 2363 quod
2670 2291 2935 2348 Salvator
2955 2292 3192 2362 Joanni,
3226 2310 3331 2366 per
3360 2295 3600 2352 nuntios

1951 2378 2268 2435 sciscitanti
2319 2397 2394 2436 an
2425 2379 2550 2450 ipse
2595 2380 2673 2434 sit
2702 2381 2802 2451 qui
2828 2385 3110 2437 venturus
3139 2385 3229 2438 est
3251 2399 3599 2454 responsum

1953 2468 2330 2523 mandaverat
2358 2485 2370 2523 :
2402 2468 2545 2524 Caeci
2577 2468 2776 2524 vident
2810 2468 2922 2539 (82)
2954 2472 3011 2524 et
3039 2468 3234 2525 claudi
3269 2470 3595 2536 ambulant,

1950 2558 2113 2612 surdi
2137 2555 2622 2628 audiunt,leprosi
2643 2557 3171 2624 mundantur,mali
3201 2559 3598 2632 corriguntur,

1949 2644 2249 2716 paralytici
2282 2649 2601 2701 curantur:
2654 2662 2908 2716 quorum
2955 2651 3153 2702 tamen
3187 2646 3404 2719 aliqua,
3439 2649 3596 2720 quod

1948 2738 2158 2789 cuncta
2215 2749 2329 2788 non
2388 2750 2724 2804 possumus,
2805 2737 3165 2791 innotescere
3235 2740 3594 2809 satagemus.

1947 2823 2188 2878 Juvenis
2212 2821 2451 2894 quidam
2475 2823 2749 2879 omnibus
2762 2823 3043 2880 membris
3061 2823 3406 2894 dissolutus,
3423 2826 3596 2882 annis

1945 2929 2020 2966 xu
2069 2910 2384 2983 paralysim
2441 2927 2674 2982 passus,
2733 2929 3017 2967 manuum
3076 2916 3134 2968 et
3176 2913 3393 2984 pedum
3433 2931 3594 2971 care-

1947 3001 2046 3054 bat
2077 2999 2287 3065 ofﬁcio,
2323 2999 2422 3070 qui
2473 3003 2780 3071 parentum
2815 3000 3154 3071 adjumento
3199 3005 3400 3057 vectus
3433 3001 3591 3071 illuc,

1949 3093 2179 3160 recepta
2226 3087 2405 3143 totius
2451 3086 2710 3159 corporis
2749 3088 3053 3159 sospitate,
3113 3088 3418 3160 signorum
3458 3090 3595 3146 fecit

1946 3177 2199 3244 initium,
2235 3180 2406 3246 atque
2437 3175 2506 3230 ad
2568 3173 2750 3231 altare
2803 3176 2959 3231 haud
3019 3176 3275 3247 segniter
3326 3193 3590 3246 currens,

188 3281 448 3339 corpore,
479 3284 657 3339 quam
702 3269 825 3338 jam
879 3283 1009 3322 cum
1056 3267 1285 3322 Christo
1352 3283 1628 3339 regnasse
1677 3269 1837 3338 [forte
1867 3251 1908 3317 C
1948 3266 2212 3322 omnium
2243 3263 2471 3319 Christo
2501 3263 2706 3319 laudes
2755 3264 3135 3320 clamantium
3195 3266 3594 3337 augmentavit

188 3357 462 3428 regnans]
483 3355 944 3423 demonstrabat,
968 3355 1039 3410 ad
1056 3354 1162 3410 hoc
1185 3372 1303 3427 prae
1324 3355 1548 3410 caeteris
1560 3356 1835 3426 operibus

187 3446 510 3517 approbare
530 3444 664 3516 (78),
689 3461 822 3501 cum
845 3445 1038 3499 triduo
1060 3445 1188 3515 ejus
1209 3461 1420 3520 corpus
1447 3444 1583 3500 totis
1614 3443 1834 3500 viribus

186 3534 409 3589 elevare
440 3538 790 3604 satagerent,
825 3531 991 3588 nulla
1050 3533 1121 3588 de
1153 3533 1276 3588 loco
1317 3550 1424 3587 suo
1468 3533 1657 3603 potuit
1712 3535 1835 3586 arte

188 3623 426 3678 moveri.
461 3624 583 3688 Quo
631 3639 884 3694 namque
913 3626 1191 3695 tempore,
1227 3621 1592 3694 exigentibus
1623 3619 1831 3692 culpis,

189 3710 342 3766 inter
372 3711 712 3783 przedictum
746 3727 940 3783 regem
975 3709 1313 3767 Ladislaum
1345 3715 1403 3765 et
1435 3710 1670 3764 fratrem
1721 3709 1832 3780 (79)

189 3801 318 3872 ejus
335 3799 703 3856 Salomonem
722 3799 915 3872 gravis
938 3804 1061 3855 orta
1084 3798 1293 3855 seditio
1317 3800 1525 3865 fuerat,
1559 3797 1631 3853 ob
1655 3813 1832 3868 quam

187 3889 458 3945 Salomon
491 3892 698 3961 captus
729 3889 786 3943 in
831 3904 1061 3944 carcere
1116 3887 1441 3944 tenebatur.
1502 3887 1646 3941 Cum
1697 3901 1832 3958 ergo

170 3995 284 4050 pro
315 3977 595 4034 elevando
653 3994 888 4050 corpore
935 3978 1151 4033 frustra
1181 3981 1510 4043 conaretur,
1563 3974 1830 4047 quaedam

161 4067 407 4123 inclusa
429 4069 599 4139 juxta
629 4066 933 4122 ecclesiam
995 4066 1194 4122 Sancti
1253 4063 1564 4121 Salvatoris
1614 4062 1829 4120 sumlui

234 4193 347 4262 (75)
376 4192 706 4263 Legebatur
735 4192 1162 4263 interjectiones,
1197 4191 1351 4262 quod
1384 4193 1446 4244 ut
1477 4189 1630 4263 clare
1662 4205 1828 4244 men-

160 4261 374 4318 dasum
406 4261 648 4316 correxi.
689 4261 888 4315 Plura
934 4261 1264 4332 sequuntUr
1322 4262 1534 4316 menda
1584 4261 1641 4332 in
1691 4276 1828 4328 ms.,

162 4340 218 4389 et
249 4332 530 4388 nonnulla
561 4333 740 4403 etiam
790 4332 844 4386 in
911 4331 1186 4387 editione.
1246 4333 1449 4403 Priora
1495 4331 1826 4403 negligam;

164 4405 280 4460 alia
308 4421 464 4472 vero,
493 4403 591 4458 ubi
625 4402 782 4458 clara
816 4409 975 4472 sunt,
1009 4403 1322 4473 corrigam,
1355 4402 1453 4457 sed
1499 4401 1716 4456 monito
1749 4401 1827 4456 le-

172 4480 360 4634 aliis.)
383 4563 528 4620 Illud
560 4580 684 4618 cum
711 4563 976 4636 supplevi
1011 4581 1077 4618 ex
1105 4561 1292 4618 Surio.

248 4663 356 4733 (77)
393 4661 471 4716 De
492 4663 551 4717 S.
587 4661 852 4717 Ladislao
884 4677 1016 4732 rege
1039 4660 1192 4733 apud
1217 4675 1320 4733 nos
1357 4662 1666 4733 actum_e_st
1688 4662 1828 4712 tom.

276 4683 356 4733 ll)
393 4683 471 4716 U8
493 4683 551 4717 ὕ.
587 4683 852 4717 ωωδιᾶο
884 4683 1016 4732 rege
1039 4683 1192 4732 apuu
1218 4683 1320 4714 [105
1357 4683 1552 4713 διυιυιιι
1577 4683 1666 4713 υδι
1691 4683 1828 4712 ιυιιι.

169 4683 580 4811 Yluni_i_,_pag.
607 4734 714 4788 315
731 4731 1219 4811 exsequentibus.
1253 4731 1333 4786 De
1363 4747 1429 4811 e_o
1459 4729 1681 4811 in'Vita
1708 4746 1828 4811 an-

172 4806 342 4876 tiqua
362 4799 603 4871 ibidem,
640 4821 770 4876 pag.
797 4799 936 4859 319':
964 4827 982 4852 ι
1037 4803 1180 4858 Nam
1204 4818 1356 4876 anno
1383 4799 1611 4856 Domini
1641 4799 1828 4856 mille-

173 4873 325 4932 simo
356 4873 682 4931 centesimo
701 4873 1080 4947 nonagesimo
1127 4873 1690 4947 secundosanctum
1714 4888 1833 4947 c_or-

173 4965 287 5020 pus
319 4950 446 5020 ejus
480 4942 1026 5020 canouizatuiﬁgest.
1054 4946 1373 5020 nAdquem
1397 4942 1711 5020 locum.sic_
1733 4943 1832 5020 Pe—

175 4965 287 5020 pus
319 4965 446 5018 ejus
480 4963 888 5003 canomzatum
919 4963 1026 5001 est.
1054 4963 1179 4999 »Λα
1200 4963 1373 5068 quem
1397 4963 1589 4999 locum
1621 4963 1703 4998 sw
1735 4963 1832 4997 re—

175 5019 612 5092 ρθὺῐνοοὴίιιεεμ
640 5017 1142 5092 Phrasishaaccst
1173 5017 1211 5070 il
1242 5017 1332 5070 ius
1363 5013 1667 5092 temporis,
1689 5013 1834 5092 inde

177 5085 420 5162 sumpta
436 5091 591 5162 quod
616 5087 1083 5162 canonizationis
1099 5088 1396 5162 decretum
1429 5085 1593 5157 sequi
1621 5085 1830 5162 soleret

177 5155 438 5232 corporis
456 5155 528 5216 de
545 5165 697 5215 terra
717 5157 1258 5232 elevatio.»_Ead_em
1291 5157 1362 5211 de
1420 5155 1628 5232 ca_usa_
1648 5155 1836 5232 elevat-

176 5227 305 5287 tum
332 5233 514 5287 fuisse
548 5248 759 5303 corpus
788 5235 843 5303 S.
885 5228 1186 5303 Stephani,
1222 5235 1395 5298 atque
1429 5228 1582 5303 adeo
1605 5227 1833 5282 formali

179 5304 622 5359 cauonizatione
645 5299 862 5357 sanctis
885 5300 1208 5371 ascriptum
1232 5315 1382 5368 esse,
1412 5299 1680 5369 pluribus
1713 5316 1840 5371 pro-

178 5376 312 5430 bavi
339 5377 396 5429 in
437 5377 760 5429 Comment.
793 5371 822 5445 §
855 5374 944 5426 38.

253 5471 438 5547 (78)ln
452 5487 569 5547 ms_.
593 5468 957 5547 approbutmj;
978 5471 1036 5522 at
1057 5483 1128 5521 ne
1152 5466 1237 5547 sic
1257 5465 1499 5547 quidem
1523 5483 1734 5547 sensus
1754 5470 1842 5520 est

182 5539 746 5617 perfectus._Surius
777 5539 1008 5617 videtur
1039 5539 1393 5617 sententiam
1441 5542 1595 5617 recte
1619 5553 1844 5617 expres-

184 5607 362 5681 sisse,
393 5613 478 5668 sic
507 5611 766 5666 habens:
794 5679 802 5681 _
833 5633 860 5659 ‹‹
893 5609 1003 5664 Sed
1064 5613 1129 5664 ut
1186 5608 1518 5681 ostenderet
1557 5607 1844 5662 Dominus

183 5679 408 5761 quanta
440 5679 847 5761 misericordia
877 5697 988 5761 rex
1002 5681 1197 5761 adhuc
1229 5695 1476 5736 manens
1506 5679 1565 5761 in
1608 5695 1846 5761 corpore

185 5749 470 5842 preditus
502 5753 698 5824 fuerit,
731 5768 909 5830 quam
940 5751 1116 5813 etiam
1140 5753 1268 5828 jam
1309 5766 1446 5812 cum
1503 5749 1732 5818 Christo
1763 5767 1850 5811 re-

1944 3355 2244 3427 gaudium.

2015 3444 2102 3499 36.
2153 3443 2319 3498 Alius
2379 3457 2610 3513 quoque
2666 3457 2812 3512 puer
2866 3441 3184 3512 septennia,
3221 3459 3254 3498 a
3295 3441 3592 3500 nativitate

1945 3532 2254 3588 contractis
2276 3530 2468 3586 nervis
2489 3531 2736 3601 genibus
2774 3535 2830 3586 et
2851 3529 3148 3597 manibus,
3184 3531 3593 3603 reportabatur

1945 3621 2055 3693 (83)
2083 3639 2095 3688 ;
2127 3637 2303 3692 quem
2337 3621 2451 3675 fide
2494 3618 2646 3690 pleni
2681 3622 2969 3692 parentes,
3005 3619 3158 3675 beati
3181 3620 3287 3674 viri
3310 3620 3588 3694 suffragio

1943 3712 2330 3775 conferentes,
2367 3709 2640 3780 prostrati
2663 3709 2834 3778 juxta
2864 3708 3201 3780 sepulcrum
3252 3725 3452 3766 secum
3484 3727 3588 3782 po-

1944 3803 2208 3865 suerunt,
2223 3798 2472 3870 gratiam
2487 3796 2744 3869 petituri,
2771 3813 2950 3869 quam
2965 3814 3099 3853 mox
3119 3799 3436 3866 consecuti,
3456 3815 3590 3855 con-

1941 3885 2284 3941 tractionem
2321 3901 2630 3941 nervorum
2669 3885 2729 3939 in
2761 3884 2880 3940 filio
2910 3884 3164 3941 distendi
3197 3885 3584 3954 mirabantur,

1942 3979 1999 4031 et
2017 3972 2392 4030 consolidatis
2417 3973 2666 4045 genibus
2688 3976 2744 4028 et
2764 3972 3005 4044 plantis,
3035 3989 3240 4030 omnes
3270 3989 3405 4029 eum
3436 3974 3590 4030 ince-

1941 4065 2173 4120 dentem
2207 4062 2318 4133 (84)
2351 4061 2633 4126 videntes,
2667 4060 2882 4117 Christi
2913 4077 3124 4116 nomen
3182 4061 3242 4116 in
3292 4062 3445 4118 beati
3480 4063 3588 4118 viri

1940 4204 2129 4261 gnans
2152 4203 2267 4258 pra:
2314 4184 2536 4240 caeteris
2564 4185 2840 4257 operibus
2871 4201 2933 4240 se
2975 4185 3298 4258 approbare
3327 4183 3587 4240 declara-

2034 4302 2044 4313 .
2081 4282 2109 4309 ))
2143 4264 2252 4312 etc.

1941 4265 2429 4402 rcl73)§§lcmon
2462 4344 2603 4402 n‘on‘
2632 4331 2757 4402 erat
2806 4327 2985 4382 frater
3036 4325 3309 4402 Ladislai,
3340 4327 3456 4402 sed
3488 4343 3589 4402 pa:

1937 4397 2164 4458 trueli's.
2228 4400 2446 4455 Forsan
2502 4397 2695 4453 latiori
2749 4413 2924 4454 sensu
2974 4401 3214 4452 vocatur
3245 4398 3440 4468 frater,
3475 4397 3590 4454 nisi

1939 4490 2100 4528 error
2151 4470 2454 4543 irrepserit
2508 4469 2646 4524 vitio
2705 4469 3416 4543 transcribentium,_aut
3466 4470 3591 4543 ipse

1940 4539 2301 4599 Carthuitius
2346 4541 2404 4595 in
2437 4557 2502 4595 eo
2550 4541 2845 4596 erraverit.
2892 4541 2971 4596 Dc
3002 4557 3231 4596 carcere
3260 4539 3591 4597 Solomonis

1863 4619 1908 4684 D
1941 4630 2235 4684 causaque
2269 4611 2535 4684 carceris
2557 4617 2752 4684 actum
2777 4617 2867 4684 est
2899 4612 2957 4667 in
2988 4612 3238 4678 Comm.,
3265 4629 3426 4668 num.
3462 4614 3588 4680 439,

1943 4686 2040 4741 ubi
2066 4682 2237 4739 etiam
2265 4683 2384 4737 haec
2408 4682 2594 4752 ipsius
2615 4682 2881 4738 liberatio
2903 4684 3303 4738 conﬁrmatur.

2013 4757 2124 4825 (80)
2157 4755 2301 4835 Quid
2337 4753 2471 4808 velit
2497 4769 2605 4835 vox
2629 4753 2730 4835 illa
2749 4753 2974 4835 sumtu-2',
2999 4753 3172 4835 plane
3211 4753 3434 4825 ignoro,
3473 4753 3588 4808 nisi

1941 4823 2134 4883 forsan
2160 4827 2238 4880 sit
2257 4841 2466 4880 nomen
2497 4823 2626 4878 loci.
2657 4823 2958 4879 Bonﬁnius
3004 4823 3163 4880 idem
3201 4823 3466 4891 narrans,
3501 4840 3592 4879 vo-

1942 4915 2066 4954 cem
2099 4898 2271 4952 istam
2304 4895 2520 4964 omisit,
2556 4895 2640 4949 uti
2673 4900 2730 4949 et
2755 4894 2983 4950 Surius.

2014 4969 2124 5087 (8ql)
2156 4969 2389 5051 Editum
2414 4971 2536 5022 erat
2562 4966 2839 5021 mendose
2882 4974 3160 5034 messerat,
3186 4966 3342 5036 quod
3374 4965 3593 5021 correxi

2043 5075 2056 5087 ι
2087 5056 2235 5087 111⁵10-

1943 5058 2012 5097 8X
2041 5056 2235 5094 δυῐἿΟ.

2019 5112 2129 5181 (82)
2157 5109 2377 5165 [ndicat
2410 5113 2613 5181 auctor
2633 5107 2809 5181 verba
2839 5106 3052 5181 Christi
3087 5105 3290 5181 Matth.
3323 5123 3403 5181 x1,
3436 5108 3488 5176 Ῡ.
3520 5108 3593 5163 5:

1949 5177 2336 5247 Caici'vident,
2386 5179 2572 5234 claudi
2620 5179 2925 5244 ambulant,
2978 5179 3176 5250 ἱερνοδί
3233 5177 3594 5233 mandantur.

1945 5253 2102 5309 surdi
2131 5251 2382 5314 audiunt,
2410 5252 2616 5306 mortui
2666 5253 2980 5319 resurgunt,
3011 5264 3278 5321 pauperes
3322 5250 3597 5320 evangeli-

1947 5328 2164 5380 z-antur.
2215 5325 2286 5377 At
2336 5323 2463 5394 ipsa
2515 5323 2689 5378 verba
2716 5327 2915 5377 exacte
2947 5319 3060 5394 non
3095 5319 3274 5394 dedit,
3311 5319 3596 5392 quianon

1950 5395 2149 5475 omnia
2173 5392 2592 5475 congruebant,
2626 5399 2913 5475 quantum
2945 5392 3234 5475 existimo.

2023 5467 2134 5537 (83)
2188 5462 2597 5536 Repbrtabatur,
2642 5462 2704 5537 id
2765 5469 2853 5520 est
2880 5465 3175 5536 ferebatur.
3225 5462 3434 5537 Surius
3472 5479 3599 5519 sen-

1953 5554 2087 5592 sum
2118 5535 2384 5603 mutavit,
2419 5537 2559 5590 dum
2590 5536 2792 5602 edidit,
2813 5535 3040 5606 genibus
3067 5543 3118 5590 et
3146 5535 3403 5604 manibus
3423 5539 3599 5607 repta-

1955 5610 2062 5664 bat.

1954 5753 1991 5810 8
2026 5679 2138 5762 (84)
2170 5678 2297 5736 Alia
2355 5677 2632 5735 mendose
2682 5678 3008 5750 incedentes,
3063 5677 3219 5754 quod
3267 5676 3485 5736 correxi
3531 5692 3601 5741 ex

1996 5766 2141 5810 uno.

1996 5766 2141 5814 uno.
