3968 6158
340 342 491 406 1⁷231

1336 346 1402 408 S.
1450 344 1840 407 STEPHANI
1880 341 2443 415 HUNGA-RORUM
2486 341 2738 408 REGIS.

3579 341 3763 421 49.33..

334 476 580 546 meritis,
611 475 894 534 laudabili
933 476 1189 536 clamore
1243 478 1730 551 glorificaverunt.
1793 481 1974 544 Quem
2007 480 2060 546 Α
2091 480 2390 550 cmperunt
2417 477 2661 551 quidam
2679 476 2857 548 jussu
2915 474 3067 549 regis
3127 489 3342 546 aquam
3389 472 3452 530 in
3482 473 3740 532 caldaria

334 584 431 624 rex
454 572 567 624 Deo
588 567 851 635 devotus,
873 585 989 641 prae
1009 568 1190 625 nimio
1218 568 1434 640 gaudio
1453 567 1832 640 lacrymatus,
1863 585 1982 624 ma-

330 656 735 714 nibusaterra
750 657 1025 726 levatum,
1045 658 1115 714 ad
1148 656 1334 715 altare
1362 657 1632 730 portavit,
1667 657 1767 714 ubi
1798 657 1979 713 nimio

330 744 443 817 (85)
469 743 663 802 laudis
704 745 951 818 prolato,
983 746 1203 820 gratias
1242 747 1359 803 Deo
1382 763 1484 819 pro
1507 746 1807 802 beneﬁciis
1832 763 1977 818 prae-

328 832 505 905 stitis,
528 834 589 890 in
615 834 869 892 sanitate
908 835 1098 908 pueri,
1129 851 1265 893 cum
1297 836 1574 892 omnibus
1605 834 1706 907 qui
1736 836 1977 891 aderant

326 921 723 979 favorabiliter
777 924 915 997 egit.
948 924 1043 981 Sic
1090 928 1277 981 totam
1307 927 1539 980 noctem
1569 929 1722 980 Deus
1755 940 1857 996 pro
1888 925 1971 979 fa-

328 1009 473 1066 muli
494 1011 587 1068 sui
617 1013 996 1070 veneratione
1025 1013 1138 1085 (86)
1170 1016 1489 1069 multorum
1520 1011 1745 1085 fulgore
1776 1012 1971 1084 signo-

323 1115 456 1156 rum
513 1099 860 1159 mirabiliter
915 1100 1338 1174 perlustravit;
1396 1100 1650 1174 populus
1710 1118 1842 1158 vero
1887 1101 1967 1156 vi-

321 1186 476 1260 giliis
487 1192 546 1246 et
559 1190 925 1247 orationibus
946 1189 1207 1247 intentus
1229 1189 1583 1246 miraculum
1602 1191 1969 1261 unumquod-

321 1292 436 1347 que
464 1276 709 1335 laudum
753 1278 1110 1338 clamoribus
1166 1279 1545 1336 manifestum
1604 1278 1792 1336 facere
1850 1295 1966 1334 non

319 1367 608 1424 cessabat.

390 1456 483 1513 37.
516 1456 620 1514 His
648 1456 1028 1526 inserendum
1084 1457 1316 1516 videtur
1372 1462 1429 1514 et
1484 1456 1628 1513 illud
1661 1458 1818 1531 quod
1849 1475 1964 1513 non

319 1544 512 1602 solum
527 1544 608 1601 ibi
631 1552 969 1618 praesentes,
1002 1548 1104 1604 sed
1143 1546 1313 1619 longe
1352 1563 1585 1619 quoque
1617 1546 1811 1619 positi,
1846 1547 1963 1602 suf-

319 1634 689 1708 fragantibus
719 1636 848 1707 ejus
876 1636 1125 1705 meritis,
1158 1636 1443 1693 celebrem
1496 1637 1793 1692 consecuti
1824 1640 1963 1691 sunt

316 1723 1013 1782 salutis‘etl'ectum.Nam
1043 1742 1177 1782 cum
1208 1724 1544 1782 elevationis
1574 1724 1762 1797 ipsius
1795 1725 1960 1780 undi-

316 1829 432 1884 que
481 1812 750 1885 cmpisset
808 1814 968 1870 fama
1022 1813 1452 1881 celebrescere;
1502 1813 1678 1870 variis
1735 1813 1958 1870 obsessi

315 1900 704 1975 languoribus
725 1918 794 1958 ex
832 1903 1110 1959 omnibus
1140 1903 1448 1976 Hungariaa
1471 1903 1689 1958 finibus
1721 1903 1792 1958 ad
1825 1919 1959 1958 san-

314 1993 475 2046 ctum
504 1989 822 2061 tumulum,
858 2008 975 2064 quo
1021 1992 1240 2064 quique
1268 1995 1538 2064 poterant
1563 1991 1757 2060 modo,
1804 1991 1964 2047 festi-

314 2094 455 2135 nare
484 2080 807 2153 cmperunt.
842 2081 955 2138 Sed
986 2097 1121 2136 cum
1175 2080 1307 2137 aliis
1350 2080 1834 2153 praecedentibus,
1865 2079 1963 2135 alii

311 2166 562 2241 graviori
586 2168 890 2226 debilitate
948 2168 1246 2242 prohibiti,
1307 2169 1485 2226 simul
1526 2169 1823 2241 pervenire
1862 2186 1962 2224 ne-

316 2254 569 2328 quirent,
618 2256 798 2314 simili
819 2262 1017 2314 tamen
1039 2258 1441 2315 misericordia
1468 2257 1529 2313 in
1548 2258 1644 2314 via
1666 2256 1963 2314 innumeri

314 2345 506 2402 sanati
537 2349 695 2403 sunt.
716 2346 879 2403 Unde
910 2347 970 2402 in
1016 2363 1464 2420 permansuram
1512 2348 1623 2420 (87)
1660 2346 1959 2403 beneﬁciis

312 2430 505 2491 sancti
524 2432 682 2508 regis
712 2432 1079 2504 memeriam,
1125 2435 1506 2509 quamplures
1549 2452 1653 2508 per
1681 2453 1815 2492 eum
1863 2453 1955 2492 sa-

317 2524 461 2595 nati,
493 2523 705 2581 redditi
724 2525 784 2579 in
808 2526 1034 2594 eodem,
1067 2525 1167 2581 ubi
1198 2526 1387 2582 sanati
1418 2530 1576 2594 sunt,
1608 2525 1833 2581 itineris
1872 2524 1955 2581 lo-

310 2628 399 2680 co,
429 2613 681 2685 grandes
711 2618 1173 2686 aggregaveruut
1214 2630 1448 2671 acervos
1506 2612 1792 2686 lapidum,
1854 2615 1953 2686 qui

310 2699 485 2773 longo
507 2700 591 2756 ibi
626 2704 890 2773 tempore
920 2706 1054 2773 post
1082 2702 1336 2758 multum
1370 2703 1529 2774 νοντα
1553 2704 1953 2774 postmodum]

306 2784 568 2844 fuerunt.
601 2789 715 2845 Sed
744 2793 803 2846 et
831 2790 1043 2845 mulier
1070 2791 1364 2862 quaedam,
1395 2807 1531 2846 cum
1568 2790 1723 2846 inter
1751 2791 1949 2846 biseti-

305 2874 423 2932 lius
443 2877 573 2948 ejus
622 2877 955 2935 exhalasset
996 2878 1292 2951 spiritum,
1326 2879 1427 2951 qui
1458 2879 1569 2935 sibi
1600 2880 1789 2935 fuerat
1817 2879 1947 2935 uni-

306 2965 753 3031 cus,exanimati
766 2967 1157 3039 corpusjuxta
1167 2968 1321 3041 regis
1336 2967 1634 3024 tumulum
1653 2969 1945 3041 deposuit,

302 3050 405 3109 Dei
434 3057 492 3110 et
528 3055 716 3112 sancti
762 3056 913 3129 ejus.
935 3072 1112 3129 super
1139 3072 1205 3114 eo
1234 3056 1620 3130 imploratura
1658 3057 1941 3114 solamen.

300 3143 449 3199 Mira
476 3145 714 3217 quidem
745 3161 858 3213 res,
889 3149 947 3202 et
983 3147 1200 3203 nostris
1238 3147 1526 3219 stupenda
1554 3146 1941 3219 temporibus,

2088 572 2362 639 argentea
2409 573 2467 622 et
2520 565 2677 622 dolia
2731 564 3047 631 effundere,
3107 565 3196 636 [ut
3240 564 3398 636 (89)]
3457 568 3736 620 evacuato

2087 656 2447 729 sarcophago
2478 655 2691 712 certior
2720 655 2883 711 fieret
2912 653 3115 710 annuli
3167 652 3445 710 inventio.
3478 654 3587 709 Sed
3619 654 3735 709 mi-

2086 762 2218 800 rum
2250 745 2308 799 in
2342 745 2605 812 modum,
2630 748 2850 816 quanto
2873 742 3064 817 magis
3085 741 3277 814 liquor
3302 742 3732 798 effundebatur.

2087 837 2246 889 tanto
2270 833 2403 905 plus
2426 850 2491 890 eo
2513 838 2808 890 crescente
2833 833 3041 889 tumba
3068 831 3420 905 replebatur.
3455 833 3577 898 Quo
3606 830 3733 888 viso

2084 921 2386 990 miraculo,
2428 923 2704 979 haustam
2735 938 2949 994 aquam
2994 921 3121 977 loco
3160 937 3267 976 suo
3299 919 3727 977 restituerunt:

2081 1028 2187 1067 nec
2209 1016 2424 1079 tamen,
2455 1028 2523 1067 ea
2543 1011 2759 1082 refusa,
2812 1009 3002 1085 magis
3031 1010 3105 1066 ob
3135 1008 3247 1066 hoc
3277 1009 3481 1066 tumba
3510 1008 3733 1083 repleta

2078 1100 2207 1155 fuit.

2147 1192 2236 1244 39.
2298 1191 2483 1258 Tunc,
2531 1193 2801 1262 cooperto
2852 1188 3141 1262 sepulcro,
3183 1186 3391 1244 laudes
3419 1191 3478 1244 et
3502 1187 3726 1260 gratias

2076 1279 2286 1333 divinae
2320 1279 2519 1351 pietati
2551 1278 3000 1352 proclamantes,
3058 1294 3194 1333 cum
3226 1278 3298 1333 de
3326 1276 3559 1333 invento
3597 1277 3724 1333 the-

2075 1384 2249 1423 sauro
2276 1368 2628 1424 heatissimae
2651 1366 2852 1424 Matris
2874 1366 2975 1423 Dei
2999 1365 3300 1440 genitricis
3332 1370 3390 1422 et
3436 1370 3728 1439 perpetua:

2069 1456 2315 1528 virginis
2341 1457 2519 1513 altare
2548 1460 2982 1530 reparaverunt,
3041 1455 3274 1513 interim
3298 1455 3473 1523 Deus,
3507 1455 3607 1527 qui
3635 1458 3727 1512 est

2072 1545 2357 1601 mirabilis
2411 1546 2471 1601 in
2529 1546 2749 1602 sanctis
2801 1546 2926 1601 suis
2967 1546 3140 1617 (Psat.
3175 1562 3342 1613 vau,
3370 1545 3485 1615 36),
3521 1545 3719 1602 effusis

2071 1634 2194 1690 suis
2245 1634 2534 1706 largitatis
2564 1635 2885 1703 beneﬁciis,
2938 1633 3270 1708 petentibus
3301 1632 3723 1690 miraculorum

2070 1741 2310 1778 suorum
2339 1723 2526 1796 signis
2547 1741 2609 1780 se
2631 1729 2975 1797 praesentem
3009 1739 3137 1780 esse
3170 1722 3492 1781 notiﬁcavit
3515 1722 3629 1794 (90)
3664 1723 3724 1778 in

2067 1816 2319 1880 tantum,
2357 1819 2419 1867 ut
2448 1817 2681 1885 tempus
2706 1812 2854 1868 illud
2905 1810 3726 1876 Dominiczeronversationis

2078 1901 2231 1957 inter
2252 1901 2521 1958 homines
2544 1902 2836 1958 videretur
2853 1900 3202 1969 revolutum,
3221 1902 3295 1957 de
3324 1918 3439 1973 quo
3468 1900 3721 1974 legitur:

2074 1992 2280 2046 Omnes
2307 1992 2440 2062 (91),
2464 1991 2565 2062 qui
2599 1990 2892 2047 habebant
2921 1991 3188 2047 inﬁrmos
3217 1990 3393 2046 variis
3421 1989 3722 2063 languori-

2072 2080 2206 2146 bus,
2235 2080 2528 2136 ducebant
2556 2079 2688 2136 illos
2720 2081 2791 2136 ad
2821 2081 3024 2136 Jesum
3057 2083 3116 2136 et
3167 2079 3542 2136 curabantur.
3588 2078 3721 2134 Haec

2073 2170 2271 2224 omnia
2313 2169 2496 2225 virtus
2549 2169 2747 2225 divina
2774 2186 2893 2226 non
2921 2168 3111 2226 solum
3144 2169 3273 2241 ipsa
3304 2168 3418 2234 die,
3451 2168 3553 2224 sed
3585 2171 3723 2240 post

2070 2260 2330 2329 tempore
2351 2259 2462 2330 (92)
2492 2257 2697 2327 multo,
2731 2274 2835 2330 per
2878 2258 3084 2314 merita
3113 2256 3320 2314 famuli
3350 2256 3445 2312 sui
3474 2256 3719 2329 dignata

2068 2350 2157 2401 est
2178 2347 2425 2418 operari,
2460 2347 2611 2419 quod
2632 2347 2810 2413 etiam
2842 2347 2912 2402 de
2943 2346 3075 2403 aliis
3125 2345 3482 2420 regionibus,
3515 2345 3721 2402 audita

2066 2435 2481 2491 beneficiorum
2516 2436 2616 2491 Dei
2646 2436 2823 2504 fama,
2856 2453 2959 2508 pro
3008 2434 3407 2508 recuperanda
3444 2434 3716 2503 sanitate,

2066 2523 2429 2580 diversarum
2445 2523 2850 2581 valetudinum
2872 2525 2983 2596 (93)
3002 2524 3223 2581 morbis
3251 2523 3604 2590 laborantes,
3639 2523 3715 2579 ad

2064 2613 2343 2685 suffragia
2359 2614 2512 2669 beati
2526 2613 2629 2669 viri
2645 2630 2776 2669 cum
2793 2630 3005 2687 magno
3019 2612 3306 2669 desiderio
3320 2611 3715 2670 convolarent.

2063 2701 2375 2758 Comitissa
2394 2720 2525 2759 vero
2543 2703 2810 2775 quaadam
2830 2702 3156 2759 nobilitatis
3168 2701 3716 2769 eximiae,matrona,

2060 2790 2296 2847 nomine
2325 2792 2582 2863 Mat-bide
2616 2793 2749 2863 (94),
2782 2791 2973 2847 tribus
3002 2791 3299 2847 continuis
3329 2790 3500 2847 annis
3526 2790 3714 2846 visce-

2058 2896 2189 2934 rum
2221 2879 2418 2936 dolore
2449 2886 2707 2952 gravata,
2732 2881 2862 2951 jam
2901 2880 3076 2936 morti
3116 2879 3383 2952 proxima
3411 2879 3540 2935 fuit.
3573 2879 3714 2944 Quae

2056 2984 2090 3022 a
2113 2968 2239 3023 suis
2271 2968 2330 3022 in
2366 2969 2578 3024 feretro
2609 2968 2822 3038 delata,
2857 2985 2992 3025 mox
3021 2968 3153 3041 ipsa
3208 2968 3300 3025 die
3356 2985 3475 3041 qua
3520 2968 3716 3024 sancti

2050 3055 2157 3111 viri
2214 3056 2513 3114 tumulum
2542 3058 2735 3130 attigit
2762 3057 3047 3130 paulatim
3076 3074 3138 3115 se
3156 3056 3469 3114 melioriari
3499 3056 3712 3126 sensit,

2052 3161 2119 3200 ac
2150 3144 2211 3201 in
2242 3146 2401 3202 brevi
2431 3146 2560 3202 vita:
2591 3146 2802 3218 prioris
2831 3145 3115 3219 sospitate
3152 3150 3400 3219 recepta,
3461 3161 3709 3218 magna-

300 3230 417 3289 non
448 3232 612 3306 prius
636 3248 803 3291 orare
832 3234 1045 3291 mulier
1063 3235 1290 3292 destitit
1312 3253 1491 3308 quam
1523 3236 1734 3304 filium,
1769 3253 1944 3309 quem
1974 3221 2018 3289 C
2054 3232 2135 3289 lia
2166 3233 2262 3290 Dei
2289 3251 2391 3307 per
2419 3234 2623 3291 famuli
2653 3235 2745 3291 sui
2777 3234 2988 3293 merita
3015 3234 3075 3290 in
3107 3250 3170 3292 se
3209 3237 3585 3290 remunerate
3614 3233 3710 3288 di-

298 3321 642 3379 defunctum
668 3322 1063 3394 collocaverat,
1096 3325 1382 3382 viventem
1414 3326 1654 3399 accepit.

365 3410 651 3484 38.Manej
678 3412 850 3482 facto,
882 3412 975 3469 die
1006 3418 1139 3485 post
1182 3415 1663 3488 Assumptionem
1693 3414 1938 3472 sanctis-

293 3498 460 3556 simis
487 3499 730 3572 virginis
750 3501 948 3558 Marias
985 3502 1211 3573 quinto,
1245 3503 1722 3560 convenientibus
1754 3503 1814 3558 in
1845 3520 1938 3560 ec-

291 3578 529 3645 clesiam
561 3584 694 3645 cum
725 3604 860 3661 rege
890 3590 1276 3662 principibus,
1299 3608 1434 3647 cum
1465 3592 1617 3648 clero
1650 3590 1935 3664 pontiﬁci-

291 3676 425 3745 bus,
460 3676 720 3750 primum
750 3677 935 3735 missa
963 3695 1069 3752 pro
1126 3679 1417 3736 defunctis
1474 3680 1763 3738 celebrata
1797 3685 1886 3737 est
1920 3700 1933 3748 ;

290 3765 502 3823 deinde
532 3766 767 3824 sublata
790 3767 992 3824 tabula
1035 3785 1382 3837 marmorea,
1436 3785 1563 3841 quae
1603 3769 1933 3842 pavimento

287 3845 687 3928 prteminebat.
711 3855 1027 3930 Postquam
1048 3861 1392 3931 perventum
1419 3863 1508 3915 est
1544 3859 1616 3914 ad
1643 3859 1929 3929 tumbam,

286 3947 452 4001 tanta
471 3944 794 4019 fragrantia
815 3961 992 4003 suave
1019 3945 1335 4002 redolentis
1382 3947 1577 4003 odoris
1605 3946 1666 4003 in
1698 3948 1929 4021 appari-

286 4022 444 4089 tione
467 4033 656 4106 ipsius
686 4048 891 4091 omnes
921 4034 1023 4108 qui
1070 4036 1314 4092 aderant
1337 4035 1740 4103 circumdedit,
1774 4038 1930 4109 quod

283 4119 344 4176 in
375 4121 923 4197 mediumparadisi
952 4122 1298 4181 deliciarum
1346 4124 1567 4181 donum
1625 4142 1688 4181 se
1732 4130 1927 4200 raptos

283 4210 685 4283 opinarentur.
719 4212 853 4284 Ipsa
899 4229 1132 4285 quoque
1161 4214 1368 4269 tumba
1416 4213 1588 4285 plena
1636 4213 1747 4269 fuit
1775 4231 1929 4286 aqua

282 4292 497 4369 parum
512 4301 768 4367 rubenti,
801 4301 971 4372 quasi
1001 4300 1127 4358 oleo
1176 4303 1476 4373 permista,
1511 4302 1569 4356 in
1601 4319 1737 4373 qua,
1768 4302 1929 4358 velut

278 4384 339 4438 in
352 4385 633 4455 balsamo
650 4387 1336 4461 liquefacto,quieverunt
1364 4407 1498 4445 ossa
1516 4390 1925 4462 pretiosa.Qui-

278 4472 393 4529 bus
439 4473 500 4530 in
543 4476 939 4533 mundissimo
988 4477 1326 4533 linteamine
1376 4477 1653 4547 collectis,
1703 4478 1762 4533 in
1793 4480 1922 4552 ipso

2049 3323 2327 3396 vulgavit.

2120 3414 2208 3467 40.
2240 3416 2455 3469 Caetera
2501 3430 2634 3470 vero
2682 3413 3102 3470 miraculorum
3134 3412 3234 3470 Dei
3266 3413 3561 3486 prodigia,
3592 3430 3705 3486 pro

2047 3500 2358 3557 dilectione
2378 3501 2585 3557 famuli
2613 3502 2702 3559 sui
2731 3501 2960 3558 coalitus
2990 3507 3371 3572 ostensa,non
3394 3502 3523 3559 ideo
3537 3502 3702 3574 quod

2046 3590 2488 3659 fastidiam,non
2513 3590 2731 3664 scripta
2751 3590 3165 3664 dereliqui,sed
3192 3591 3332 3663 quia
3362 3608 3478 3647 non
3499 3590 3696 3648 solum

2045 3679 2190 3734 mihi
2221 3679 2440 3751 placuit
2470 3679 2776 3749 Dominus,
2810 3680 2910 3753 qui
2941 3697 3119 3753 super
3164 3681 3348 3737 bonos
3401 3686 3458 3736 et
3504 3679 3696 3736 malos

2044 3768 2224 3824 solem
2253 3785 2427 3824 suum
2477 3769 2794 3825 clarescere
2826 3770 2963 3825 facit
3007 3771 3215 3841 (Matth.
3238 3788 3294 3838 v,
3328 3771 3438 3841 45),
3473 3769 3694 3825 beneﬁ-

2042 3856 2267 3912 ciorum
2292 3856 2482 3929 ipsius
2515 3856 2945 3930 multiplicitate
2987 3859 3123 3929 [lege
3173 3857 3691 3930 multiplicitatem]

2040 3951 2385 4000 cunctorum
2437 3945 2675 4017 proficio
2734 3948 2845 4017 (95)
2898 3946 3325 4013 consulentem,
3361 3946 3688 4002 innumeris

2038 4033 2404 4106 sapientibus
2434 4051 2582 4106 quos
2612 4034 2909 4107 Hungaria
2967 4035 3118 4092 fovet
3178 4040 3235 4091 et
3290 4033 3686 4107 amplectitur,

2038 4121 2186 4194 stylo
2218 4120 2628 4178 declarandam
2660 4123 3085 4179 commendavi.
3118 4123 3271 4183 Illud
3311 4140 3446 4179 vero
3475 4124 3536 4179 in
3566 4124 3687 4180 ﬁne

2037 4210 2251 4266 codicis
2282 4215 2513 4266 tantum
2543 4211 2836 4268 adhaerere
2881 4212 3130 4282 decrevi,
3190 4213 3468 4285 quoniam
3528 4212 3683 4268 miro

2033 4299 2269 4371 pietatis
2296 4300 2399 4356 Dei
2430 4317 2671 4357 munere
2704 4301 2807 4356 diu
2845 4302 3126 4374 quaesitus
3177 4306 3233 4358 et
3262 4319 3379 4358 non
3411 4302 3685 4359 inventus

2033 4387 2310 4457 annulus,
2335 4406 2469 4445 cum
2501 4390 2630 4462 ipsa
2655 4390 2809 4446 beati
2838 4390 2947 4446 viri
2977 4391 3233 4458 dextera,
3264 4395 3397 4464 post
3424 4390 3682 4447 transla-

2030 4476 2208 4533 tionis
2236 4479 2364 4550 ejus
2395 4479 2714 4535 terminum
2744 4484 2834 4535 est
2863 4478 3291 4536 manifestatus.
3354 4478 3682 4537 Monachus

275 4561 505 4634 liquore
534 4562 868 4621 diutissime
896 4568 986 4622 est
1004 4566 1284 4637 quaesitus
1315 4565 1590 4634 annulus,
1636 4568 1735 4640 qui
1769 4568 1922 4625 beati
1950 4590 1998 4654 Β
2030 4566 2537 4637 quidam,nomine
2558 4568 2903 4637 Mercurius,
2928 4569 3029 4641 qui
3050 4568 3110 4624 in
3133 4568 3335 4625 ordine
3357 4567 3676 4625 clericatus

273 4650 383 4708 viri
405 4651 651 4731 dexterae
674 4652 786 4725 (88)
808 4653 996 4710 fuerat
1016 4653 1345 4728 impositus.
1380 4658 1502 4723 Quo
1523 4673 1639 4714 non
1660 4657 1914 4728 invento,

367 4883 458 4960 89)
488 4883 695 4960 I_n_ims.
728 4883 960 4960 legitur,
987 4903 1089 4959 per
1126 4883 1331 4959 famuli
1365 4890 1455 4943 sui
1494 4883 1915 4947 venerationem.

365 4954 458 5030 87)
492 4955 729 5030 Editum
761 4954 885 5030 e'rat
901 4954 1002 5029 pe;
1017 4954 1356 5030 mensuram,
1376 4960 1477 5015 sed
1501 4961 1780 5016 mendum
1797 4978 1917 5018 cor-

269 5029 483 5112 rosis};
500 5028 689 5112 §urio,
715 5029 816 5100 qui
839 5028 1259 5112 sensumrecte
1289 5028 1593 5112 capressit.

341 5097 458 5171 (88)
503 5097 749 5155 Editum_
794 5104 919 5156 erat
969 5100 1214 5166 dextera,
1249 5108 1308 5156 at
1361 5097 1419 5156 in
1454 5103 1621 5156 Surin
1652 5102 1910 5158 dat-(mw.

267 5170 539 5245 Annulus
571 5176 765 5245 autem
796 5172 1040 5245 dexterae
1063 5171 1503 5245 fuitimpositus
1529 5179 1788 5245 tempore
1821 5192 1910 5230 se-

266 5240 536 5315 pulturae.
571 5242 843 5307 Quesitus
872 5242 971 5297 ille
1007 5247 1097 5299 est
1132 5240 1557 5315 sine—dextera,
1602 5240 1756 5315 quod
1790 5245 1910 5302 haec

266 5314 600 5386 crederetur
618 5319 894 5386 corrupta
911 5331 1045 5370 cum
1069 5313 1294 5386 reliquo
1316 5331 1572 5386 corpore.

304 5383 551 5504 ἐξ)υὲ
583 5383 912 5458 appositum
945 5390 1036 5442 est
1082 5383 1364 5460 GXJSLll‘lO
1408 5383 1481 5441 ad
1527 5402 1767 5442 sensum
1810 5403 1906 5443 ex-

262 5467 569 5522 piendum.

354 5522 447 5600 99)
464 5523 633 5600 N198
662 5529 960 5600 mendose,
990 5528 1308 5600 notiﬁcabz't.

454 5593 700 5721 ἐὲἶᾴᾖᾳαι
717 5598 915 5655 locum
947 5593 1114 5656 ’Lucf
1141 5617 1219 5671 1v,
1243 5600 1331 5669 40,
1365 5599 1423 5654 in
1451 5599 1579 5671 linef
1595 5598 1903 5671 paululum

258 5676 585 5721 mutatum;
604 5676 611 5683 “

330 5736 445 5820 (92)
485 5735 725 5797 Editum
754 5741 880 5798 erat
898 5742 1193 5817 temporis;
1223 5745 1285 5802 at
1313 5741 1597 5803 mendum
1634 5757 1704 5803 ex
1731 5741 1902 5806 Surio

365 4812 456 4884 85)
489 4812 819 4885 Legendum
850 4814 1074 4887 opinor,
1108 4815 1310 4888 hymno
1361 4816 1542 4873 laudis
1576 4820 1810 4889 prolato.

343 4811 458 5026 £86)
488 4883 554 4940 In
584 4902 695 4966 _ms.
728 4884 960 4960 legitur,
987 4903 1089 4959 per
1126 4890 1331 4959 famuli
1365 4890 1455 4943 sui
1494 4893 1810 4945 veneration

365 4954 435 5009 87
492 4955 729 5011 Editum
761 4962 885 5013 erat
901 4975 1002 5026 per
1017 4974 1356 5026 mensuram,
1376 4960 1477 5015 sed
1501 4961 1810 5017 mendumi

2027 4654 2291 4712 thesauri
2322 4660 2613 4730 perpetua:
2643 4656 2903 4729 Virginis
2961 4660 3159 4714 custos
3215 4657 3425 4725 fuerat,
3467 4661 3527 4713 et
3547 4658 3674 4730 jam

2029 4816 2350 4873 sublatum.

2256 4888 2319 4942 In
2353 4905 2463 4944 ms.
2488 4886 2927 4946 invalctudinum
2945 4906 2967 4953 ;
2999 4889 3101 4947 sed
3133 4889 3288 4947 idem
3318 4894 3408 4947 est
3437 4908 3670 4948 sensus.

2108 4890 2189 4944 ’93
2256 4890 2319 4942 In
2353 4905 2463 4944 ms.
2488 4890 2927 4946 invalctudinum
2945 4906 2967 4953 ;
2999 4890 3101 4947 sed
3133 4890 3288 4947 idem
3318 4894 3408 4947 est
3437 4908 3670 4948 sensus.

2097 4890 2209 5030 (94;
2245 4961 2414 5031 Apud
2465 4959 2702 5015 Surium
2761 4962 3063 5027 Mathz’ldz’s,
3117 4962 3201 5017 uti
3262 4962 3438 5018 etiam
3495 4963 3672 5019 habet

2024 5029 2326 5085 Bonﬁnius
2352 5031 2410 5085 in
2442 5032 2870 5087 Commentario
2901 5032 3175 5089 laudatus
3201 5050 3365 5090 num.
3401 5035 3524 5091 446.

2095 5101 2205 5169 (95)
2240 5102 2409 5176 Forte
2464 5101 2775 5176 legendum
2830 5105 3107 5176 pro/imm,
3150 5104 3206 5160 id
3257 5110 3347 5176 est
3401 5105 3666 5174 utilitati,

2023 5173 2969 5248 postmodo.Tota'periodus'hzec
3000 5180 3297 5248 utcunque
3326 5174 3527 5232 luxata
3558 5173 3666 5244 est,

2022 5241 2185 5316 Illam
2219 5244 2426 5299 Surius
2458 5241 2743 5316 expressit
2773 5245 2883 5301 hoc
2914 5247 3085 5303 modo
3116 5264 3182 5302 :«
3202 5241 3332 5302 Alia
3376 5241 3667 5303 miracula

2019 5313 2240 5391 caelitus
2261 5313 2589 5391 perpetrata
2614 5334 2731 5373 non
2766 5316 2980 5391 idcirco
3007 5318 3381 5391 praetermisi,
3411 5320 3567 5391 quod
3600 5335 3669 5375 ea

2017 5385 2315 5456 fastidiam
2337 5385 2485 5455 {sed
2515 5403 2649 5442 cum
2682 5404 2796 5443 non
2821 5387 2964 5443 mihi
2993 5385 3095 5444 uni
3141 5390 3307 5456 pluat
3352 5385 3664 5456 Dominus,

2016 5455 2333 5532 quisolem
2366 5475 2540 5532 suum
2572 5458 2710 5514 oriri
2740 5459 2880 5532 facit
2932 5475 3110 5532 super
3141 5455 3334 5517 bonos
3364 5464 3422 5516 et
3450 5455 3664 5526 malos,

2014 5529 2239 5604 tantam
2261 5529 2677 5604 beneﬁciorum
2699 5530 2829 5603 ejus
2845 5529 3094 5604 copiam,
3122 5532 3388 5604 omnium
3423 5532 3666 5589 utilitati

2013 5597 2317 5675 consulere
2331 5597 2936 5675 cupiens,inn1imeris
2948 5597 3313 5675 sapientibus
3333 5604 3496 5671 viris,
3513 5620 3667 5675 quos

2012 5669 2311 5757 Hiupgaria
2328 5669 2480 5729 fovet
2501 5676 2557 5731 et
2576 5672 3000 5751 complectitur,
3017 5669 3169 5757 style
3187 5669 3664 5757 prosequendam

2011 5724 2308 5822 relinuquo.
2328 5724 2377 5798 ;.‘
2401 5724 2409 5729 ’
2429 5724 2478 5729 ’⁷
2506 5724 2555 5731 ’⁷
2581 5724 2999 5751 """""'"v
3018 5724 3163 5757 *ἀν*
3187 5724 3679 5765 ruﬁ—“-7”
