3968 6158
312 274 471 338 {235

1314 273 1377 335 S.
1427 265 1817 333 STEPHANI
1862 259 2419 326 HUNGARORUM
2463 261 2721 325 REGIS.

3564 255 3727 321 1236

305 429 488 486 gnum
519 412 792 487 praeclare
823 410 1376 468 administrandum.
1411 406 1515 460 Illa
1547 408 1742 460 autem
1770 402 1884 458 huc
1915 397 2231 455 tranieram
2264 413 2332 453 ex
2362 399 2614 454 editione
2645 401 2988 462 memorata,
3021 399 3195 468 prout
3244 394 3435 487 divisa
3484 399 3628 451 sunt
3659 395 3722 451 in

309 483 709 574 praefationem
741 507 798 558 et
826 503 1024 558 decem
1056 499 1272 571 capita;
1304 497 1700 566 lectionesque
1730 490 2020 546 variantes
2048 487 2199 543 dabo
2250 488 2319 542 ad
2373 487 2698 560 marginem
2747 504 2815 542 ex
2857 486 3111 542 editione
3145 483 3388 541 Joannis
3419 483 3724 552 Sambuci,

306 573 408 662 qui
439 592 644 648 eadem
673 592 835 646 dedit
869 595 999 662 post
1029 587 1274 645 Bonfinii
1308 585 1674 656 aliorumque
1705 582 1912 654 Opera.
1946 579 2004 633 Si
2039 593 2170 649 quae
2200 593 2330 633 vero
2361 577 2703 633 obscuriora
2748 576 3120 642 videbuntur,
3155 574 3214 630 in
3266 573 3418 630 notis
3472 574 3730 630 breviter

309 679 596 754 explicare
627 681 895 737 conabor.

1826 762 2225 778 μ

945 847 1334 904 PRIEFATIO.

314 940 379 995 In
407 955 515 1010 qua
570 955 670 995 rex
711 939 961 994 hortatur
1007 938 1197 993 ducem
1246 937 1316 991 ad
1363 934 1687 1010 capessenda
1734 935 1965 1005 paterna

755 1011 965 1065 monita
992 1012 1044 1064 et
1067 1011 1337 1081 praecepta
1369 1007 1537 1078 (102).

385 1120 452 1172 In
484 1116 720 1172 nomine
739 1119 953 1172 sanctas
985 1113 1289 1170 Trinitatis
1320 1118 1375 1169 et
1403 1112 1718 1167 individua;
1767 1111 1962 1166 Unita-

315 1205 414 1262 tis.

388 1295 533 1351 Cum
566 1300 778 1351 cuncta
806 1294 902 1350 Dei
938 1297 1084 1349 nutu
1116 1293 1369 1361 condita,
1405 1308 1628 1363 suaque
1660 1290 1966 1346 evidentis-

317 1383 471 1440 sima
497 1383 983 1455 praeordinalione
1013 1380 1316 1452 disposita,
1334 1385 1454 1434 tam
1489 1380 1543 1433 in
1577 1377 1964 1450 amplitudine

317 1472 446 1529 caeli
479 1489 655 1545 quam
688 1473 747 1527 in
781 1473 911 1528 istis
943 1470 1328 1542 amplissimis
1363 1471 1480 1535 [al.,
1509 1466 1967 1540 aptissimis]ter-

318 1578 518 1618 rarum
574 1561 931 1628 climatibus,
981 1559 1204 1616 ratione
1255 1557 1648 1630 intelligentia
1701 1554 1966 1610 funditus

319 1650 573 1707 sentiam
600 1653 793 1723 vigere
823 1654 999 1721 atque
1031 1648 1349 1704 subsistere
1399 1665 1411 1702 :
1463 1662 1715 1716 eumque
1745 1643 1964 1699 affatim

323 1739 597 1794 universa
624 1738 942 1808 hujusvitae
958 1736 1193 1792 utilitati
1217 1735 1637 1807 dignitatisque
1658 1733 1846 1806 gratia
1866 1732 1968 1788 Dei

324 1843 620 1892 concessa,
653 1827 874 1883 scilicet
903 1842 1100 1898 regna,
1135 1823 1496 1890 consulatus,
1522 1821 1970 1890 ducatus,comi-

326 1920 506 1984 tatus,
563 1916 958 1989 pontiﬁcatus,
991 1919 1344 1985 caeterasque
1384 1912 1720 1984 dignitates,
1754 1910 1967 1982 partim

327 2004 540 2062 divinis
570 2003 1076 2077 praeceptis,atque
1099 2000 1626 2072 institutis,partim
1656 1999 1966 2072 legalibus,

324 2092 828 2165 partimjuridicis
859 2093 980 2163 [al.,
1002 2089 1438 2162 juridicialibus
1469 2090 1587 2145 sive
1609 2089 1765 2159 juris
1804 2088 1966 2144 ictio-

322 2181 542 2252 nibus],
593 2181 805 2253 partim
856 2180 1121 2234 civilibus
1175 2194 1240 2234 ac
1289 2178 1655 2268 nobiliorum
1685 2180 1968 2268 azrtateque
1997 2204 2042 2268 Β

321 2273 723 2343 provectorum
775 2268 1057 2334 consiliis,
1085 2267 1485 2334 suasionibus,
1542 2267 1660 2339 regi
1709 2267 1963 2335 defendi,

321 2359 524 2427 dividi,
558 2357 876 2416 coadunari
905 2357 1132 2414 videam
1161 2374 1172 2423 ;
1206 2360 1262 2410 et
1291 2373 1424 2410 cum
1479 2371 1683 2410 omnes
1732 2355 1966 2411 ordines

320 2448 540 2520 ubique
569 2452 880 2513 terrarum,
913 2447 1319 2517 cujuscunque
1350 2445 1468 2500 sint
1497 2443 1825 2516 dignitatis,
1850 2461 1962 2498 non

320 2537 512 2592 solum
541 2535 912 2600 satellitibus,
945 2533 1169 2601 amicis,
1205 2532 1966 2604 servis,praeeipcre,consu-

317 2625 436 2680 lere
484 2626 606 2695 [at.,
640 2623 940 2680 consiliari
987 2621 1106 2678 sive
1154 2620 1497 2690 consulere],
1544 2621 1810 2685 suadere,
1864 2621 1964 2675 sed

318 2712 499 2769 etiam
531 2712 670 2768 ﬁliis
700 2728 804 2783 pro
830 2714 984 2766 certo
1016 2711 1229 2776 sciam;
1263 2713 1400 2764 tunc
1433 2726 1525 2765 me
1547 2726 1660 2764 non
1685 2708 1963 2781 pigel{al.,

319 2818 392 2857 ne
420 2799 658 2873 pigeat],
691 2798 773 2854 ﬁli
823 2797 1264 2860 amabilissime,
1302 2797 1410 2852 hac
1439 2797 1557 2852 vita
1594 2797 1824 2864 comite,
1859 2797 1963 2852 tibi

317 2890 690 2953 documenta,
723 2891 1032 2960 prazcepta,
1065 2884 1310 2941 consilia
1341 2890 1397 2940 et
1427 2886 1732 2942 suasiones
1763 2903 1966 2958 parare

313 2979 438 3050 (aL,
479 2976 844 3049 proponere],
891 2975 1111 3047 quibus
1159 2977 1272 3028 tua:
1315 2973 1445 3029 vita:
1495 2991 1706 3042 mores,
1742 2975 1964 3046 tibique

314 3067 718 3138 subjectorum
744 3063 1300 3135 exornes,~quando,
1335 3079 1569 3118 summa
1615 3065 1965 3120 concedente

308 3155 594 3223 Potentia,
628 3159 761 3226 post
791 3171 885 3209 me
915 3152 1209 3225 regnabis.

385 3245 466 3299 Te
512 3247 709 3298 autem
765 3242 1044 3310 studiose,
1098 3241 1360 3296 adhibita
1407 3241 1724 3309 audientia,
1781 3243 1964 3313 patris

311 3333 787 3404 praacepta,juxta
817 3330 1027 3386 divinae
1053 3330 1353 3402 sapientiae
1384 3347 1647 3395 suasum,
1687 3331 1966 3386 concedet

312 3419 893 3486 observare,dicentis
925 3435 1028 3490 per
1057 3435 1122 3472 os
1148 3417 1480 3474 Salomonis
1515 3435 1526 3471 :
1561 3419 1722 3481 Audi,
1754 3419 1840 3488 ﬁli
1863 3420 1962 3483 mi,

1987 839 2043 904 Α
2073 837 2332 894 minatus
2380 841 2470 894 est
2516 837 2731 910 populo
2751 835 3158 910 percussiones
3200 835 3430 890 frameae
3462 851 3566 906 pro
3597 851 3728 890 ma-

2073 925 2262 998 stigiis
2293 927 2475 998 patris
2523 928 2645 998 (aL,
2696 925 2880 998 patris
2931 924 3249 998 omittitur],
3285 923 3499 979 idcirco
3534 923 3730 978 multa

2073 1014 2229 1070 mala
2260 1032 2470 1088 passus
2501 1020 2590 1072 est
2617 1015 2675 1071 in
2709 1032 2909 1088 regno,
2943 1019 3000 1070 et
3037 1015 3110 1070 ad
3155 1013 3428 1069 ultimum
3460 1013 3728 1084 dejectus

2074 1107 2162 1159 est
2195 1104 2289 1175 (III
2328 1107 2451 1175 Reg.
2503 1122 2578 1170 χι,
2627 1105 2736 1176 11).
2787 1105 2905 1160 Hoc
2951 1103 3058 1158 tibi
3112 1120 3184 1159 ne
3233 1102 3475 1167 accidat,
3527 1101 3725 1170 obedi,

2074 1192 2177 1257 ﬁli,
2212 1193 2384 1260 mihi;
2418 1210 2562 1264 puer
2585 1192 3018 1263 es,deliciarum
3052 1192 3172 1262 (aL,
3218 1188 3578 1262 divitiarum]
3599 1205 3726 1245 ver-

2073 1280 2231 1347 nula,
2264 1282 2587 1354 pulvinaris
2618 1281 2831 1348 accola,
2889 1282 3043 1336 fotus
3096 1280 3496 1350 educatusque
3537 1277 3596 1332 in
3623 1278 3722 1333 de-

2074 1370 2225 1425 liciis
2277 1370 2526 1439 cunctis,
2570 1370 3028 1442 expeditionum,
3099 1368 3316 1424 laboris
3368 1368 3491 1438 (aL,
3543 1367 3725 1423 totius

2075 1458 2506 1530 expeditionum
2541 1459 2802 1530 laboris),
2838 1464 3012 1530 atque
3059 1457 3424 1513 diversarum
3460 1455 3724 1528 gentium

2076 1547 2428 1604 incursionis
2459 1565 2684 1620 expers,
2716 1548 2774 1602 in
2825 1547 3041 1618 quibus
3090 1563 3196 1618 ego
3239 1546 3365 1616 jam
3397 1545 3516 1600 fere
3541 1547 3725 1599 totam

2077 1653 2271 1691 meam
2302 1637 2542 1692 contrivi
2575 1641 2824 1692 aetatem.
2855 1640 2988 1692 Jam
3017 1639 3253 1707 tempus
3297 1634 3480 1699 adest,
3515 1633 3574 1688 in
3610 1650 3728 1705 quo

2077 1724 2178 1779 tibi
2211 1742 2325 1779 non
2359 1741 2591 1797 semper
2612 1724 3009 1797 pulvinarium
3034 1721 3437 1794 mollities[ut.,
3457 1721 3730 1794 pulvinar

2078 1813 2388 1885 mollitiei],
2423 1831 2550 1885 quae
2594 1818 2650 1869 te
2697 1813 2967 1870 hebetem
2999 1816 3056 1868 et
3092 1811 3407 1867 delicatum
3455 1810 3726 1876 reddant,

2079 1902 2423 1958 adhibendae
2452 1907 2609 1970 sunt,
2640 1903 2795 1974 quod
2845 1906 2934 1957 est
2981 1900 3285 1972 dissipatio
3335 1899 3618 1954 virtutum
3671 1903 3731 1954 et

2078 1991 2351 2046 vitiorum
2377 1989 3274 2062 fomentum,atquecontemptio
3289 1987 3725 2043 mandatorum:

2078 2079 2178 2133 sed
2219 2079 2514 2135 interdum
2563 2080 2847 2152 asperitas
2899 2079 3213 2134 tribuenda
3257 2082 3368 2144 est,
3398 2093 3530 2148 quae
3560 2080 3727 2131 tuam

2079 2166 2522 2240 intelligentiam
2557 2170 2628 2224 ad
2659 2185 2745 2236 ea,
2779 2185 2907 2240 qua:
2933 2167 3224 2239 praecipio,
3259 2166 3504 2221 reddant
3541 2168 3730 2220 atten-

2077 2261 2215 2312 tam.
2262 2257 2363 2312 His
2413 2257 2609 2329 itaque
2656 2256 2934 2329 praafatis,
2984 2257 3294 2312 redeamus
3341 2256 3412 2310 ad
3459 2255 3727 2326 proposi-

2075 2350 2224 2401 tum.

2147 2434 2278 2489 CAP.
2313 2439 2337 2488 Ι
2345 2477 2356 2490 .
2390 2437 2464 2490 De
2491 2437 2824 2491 observanda
2853 2436 3122 2491 catholica
3171 2436 3296 2506 ﬁde.
3333 2434 3617 2500 Quoniam
3650 2433 3722 2488 ad

2077 2522 2294 2595 regulis
2325 2524 2629 2597 dignitatis
2660 2524 2922 2581 ordinem
2955 2541 3069 2580 non
3101 2527 3371 2596 opportet
3390 2522 3500 2579 nisi
3524 2522 3726 2577 ﬁdeles

2074 2617 2130 2666 et
2169 2612 2457 2667 catholica
2481 2614 2596 2668 ﬁde
2625 2615 2885 2670 imbutos
2919 2613 3211 2678 accedere,
3245 2613 3459 2667 idcirco
3509 2615 3724 2667 saneta:

2075 2700 2209 2756 ﬁdei
2241 2701 2299 2756 in
2322 2703 2540 2758 nostris
2563 2703 2856 2759 mandatis
2877 2702 3134 2774 primum
3159 2703 3372 2757 damus
3389 2701 3726 2757 locum.lm-

2075 2789 2281 2860 primis
2330 2790 2619 2863 przecipio,
2653 2790 2918 2855 consulo,
2950 2792 3188 2859 suadeo,
3224 2791 3303 2845 ﬁli
3353 2789 3720 2858 charissime,

2075 2879 2123 2933 si
2158 2878 2410 2950 regalem
2443 2880 2608 2952 cupis
2640 2880 2949 2935 honestare
2979 2896 3255 2935 coronam
3287 2880 3409 2951 (aL,
3453 2878 3720 2948 curiam],

2074 2971 2139 3022 ut
2170 2967 2345 3023 ﬁdem
2402 2968 2748 3025 catholicam
2809 2973 2866 3024 et
2893 2966 3726 3041 apostolicam,ta1idiligentia

2073 3059 2132 3110 et
2161 3057 2427 3112 custodia
2455 3074 2783 3124 conserves,
2817 3062 2882 3112 ut
2910 3057 3188 3113 omnibus
3238 3056 3339 3111 tibi
3370 3074 3403 3110 a
3433 3056 3548 3111 Deo
3580 3056 3721 3111 sub-

2067 3145 2236 3215 jectis
2277 3145 2607 3218 exemplum
2656 3147 2933 3218 praebeas,
2985 3146 3299 3217 cunctique
3343 3143 3723 3200 ecclesiastici

2073 3233 2180 3287 viri
2212 3235 2333 3304 (aL,
2369 3233 2496 3305 ﬁlii]
2530 3234 2737 3290 merito
2762 3239 2817 3290 te
2871 3251 3073 3290 verum
3107 3234 3451 3289 Christiana:
3499 3234 3722 3305 profes-

2073 3323 2257 3377 sionis
2289 3323 2592 3379 nominent
2619 3323 2829 3389 virum,
2865 3324 2990 3379 sine
3042 3340 3178 3395 qua,
3215 3339 3318 3395 pro
3351 3327 3508 3378 certo
3541 3323 3720 3388 scias,

2073 3410 2442 3467 Christianus
2493 3430 2604 3467 non
2657 3412 2890 3480 diceris,
2923 3412 3010 3467 vel
3063 3411 3328 3466 Ecclesiae
3381 3411 3560 3466 ﬁlius.
3612 3410 3722 3474 Qui

306 3511 488 3580 patris
516 3509 598 3563 tui
634 3507 1005 3578 disciplinam,
1055 3514 1106 3560 et
1151 3523 1222 3560 ne
1269 3506 1508 3562 dimittas
1556 3508 1728 3576 legem
1772 3508 1964 3562 matris
1999 3567 2036 3580 Α
2073 3500 2228 3554 enim
2263 3500 2407 3556 false
2437 3502 2705 3566 credunt,
2719 3500 2808 3556 vel
2841 3501 3015 3556 ﬁdem
3047 3501 3106 3555 in
3137 3500 3308 3555 bonis
3333 3517 3446 3555 non
3478 3499 3728 3571 implent

313 3567 427 3652 tua?
455 3597 636 3668 (Prov.
671 3597 726 3666 1,
759 3567 833 3664 ἑ),
868 3601 933 3649 ut
984 3567 1236 3650 addatur
1285 3595 1473 3664 gratia
1520 3567 1694 3666 capiti
1743 3600 1863 3664 tuo,
1907 3599 1962 3651 et
1993 3567 2038 3634 (ἶ
2074 3592 2132 3643 et
2161 3594 2370 3644 ornant
2399 3590 2673 3662 operibus
2703 3589 2866 3662 (quia
2895 3591 3039 3646 ﬁdes
3072 3589 3198 3644 sine
3245 3605 3415 3660 opere
3457 3567 3728 3657 moritur)

318 3682 787 3756 multiplicantur
831 3683 934 3738 tibi
968 3683 1104 3737 anni
1136 3683 1261 3737 vita:
1293 3684 1516 3738 tuaeEx
1538 3683 1644 3739 hac
1666 3701 1802 3756 ergo
1835 3702 1962 3741 sen-

311 3772 496 3828 tentia
537 3773 1000 3828 animadvertere
1052 3771 1290 3843 poteris,
1324 3771 1372 3825 si
1427 3787 1494 3826 ea
1545 3789 1671 3843 quae
1719 3779 1962 3844 paterna

312 3861 526 3934 pietate
569 3861 673 3916 tibi
721 3860 994 3933 praecipio
1044 3861 1467 3932 contempseris
1511 3862 1688 3931 (quod
1745 3863 1959 3935 adsit!)

311 3951 467 4022 quod
495 3950 749 4022 amplius
781 3951 902 4022 (aL,
937 3951 1089 4022 quod
1117 3951 1245 4021 jam
1276 3950 1557 4022 amplius]
1602 3951 1829 4007 amicus
1863 3954 1958 4009 Dei

309 4042 367 4094 et
398 4039 704 4095 hominum
739 4056 852 4094 non
885 4039 1174 4095 eris.Audi
1203 4055 1336 4094 vero
1367 4039 1955 4112 inobedientium[al.,

308 4129 559 4184 mendose
600 4128 1078 4198 inobedientiam]
1128 4128 1635 4197 praevaricatorum
1686 4130 1957 4202 praecepti

308 4216 512 4273 casum
543 4221 598 4271 et
630 4216 1227 4287 precipitiumAdam
1261 4215 1523 4286 quidem,
1560 4232 1733 4287 quem
1763 4217 1959 4273 Domi-

308 4321 422 4361 nus
450 4303 715 4358 conditor
730 4303 1312 4374 totiusQueereaturce
1341 4303 1757 4373 plasmator,ad
1787 4323 1953 4360 suam

307 4391 579 4446 formavit
608 4390 1056 4445 similitudinem
1087 4391 1240 4458 (Gen.
1284 4408 1321 4456 ι,
1371 4391 1486 4459 26),
1520 4408 1772 4462 eumque
1825 4394 1954 4448 uni-

306 4477 548 4534 versalis
581 4476 713 4532 fecit
754 4477 1045 4533 haaredem
1095 4478 1416 4550 dignitatis,
1450 4478 1746 4535 vinculum
1783 4481 1955 4555 fregit

305 4570 746 4639 praceptorum,
772 4565 1093 4638 statimque
1118 4566 1470 4639 dignitatum
1506 4567 1950 4638 sublimitatem,

305 4672 371 4711 ac
403 4655 770 4712 mansionem
799 4656 1056 4728 paradisi
1084 4656 1334 4728 perdidit
1364 4657 1514 4727 (Gen.
1548 4657 1952 4730 m).Antiquus

305 4759 538 4816 quoque
569 4743 820 4816 populus
850 4762 883 4799 a
915 4749 1027 4799 Deo
1059 4745 1277 4800 electus
1306 4750 1363 4799 et
1392 4743 1659 4812 dilectus,
1695 4748 1834 4817 quia
1876 4747 1953 4802 le-

301 4832 541 4907 gamina
593 4831 717 4905 (aL,
767 4832 1071 4904 ligamina]
1117 4833 1553 4899 mandatorum,
1606 4834 1808 4905 digitis
1849 4836 1950 4889 Dei

2073 3694 2175 3734 nec
2208 3679 2302 3732 hic
2350 3678 2590 3735 honeste
2622 3684 2889 3751 regnant,
2924 3695 3027 3734 nec
3074 3679 3132 3732 in
3188 3683 3403 3733 aeterno
3429 3693 3607 3749 regno
3636 3677 3723 3732 vel

2071 3782 2283 3820 corona
2306 3767 2654 3838 participant
2683 3768 2805 3838 [al.,
2840 3767 3381 3838 participantur].Si
3415 3783 3548 3821 vero
3594 3782 3725 3820 scu-

2069 3860 2195 3909 tum
2225 3856 2345 3926 (aL,
2382 3861 2620 3922 statum]
2656 3856 2870 3912 retines
2901 3855 3255 3922 ﬁdei,habes
3285 3854 3458 3910 etiam
3491 3854 3721 3927 galeam

2070 3943 2298 4000 salutis.
2333 3945 2434 4000 l-lis
2466 3945 2703 4016 quidem
2738 3943 3120 4000 armamentis
3171 3943 3721 3998 contrainvisibiles

2067 4036 2123 4088 et
2150 4032 2408 4088 visibiles
2440 4032 2696 4104 legitime
2725 4031 3003 4088 dimicare
3026 4031 3243 4104 poteris
3273 4031 3718 4087 inimicos.Nam

2068 4121 2148 4175 ait
2179 4121 2490 4191 Apostolus
2525 4138 2536 4175 :
2570 4121 2694 4176 Non
2727 4121 3120 4187 eoronabitur,
3157 4120 3268 4175 nisi
3310 4120 3406 4191 qui
3456 4118 3720 4191 legitime

2067 4210 2372 4265 certaverit
2402 4210 2474 4279 (II
2503 4211 2636 4265 Tim.
2682 4228 2740 4278 ιι,
2794 4211 2871 4272 5).
2927 4210 3091 4264 Fides
3140 4225 3302 4282 ergo,
3355 4209 3425 4263 de
3471 4224 3590 4279 qua
3638 4207 3722 4263 lo-

2067 4315 2234 4368 quor,
2278 4299 2397 4354 hac
2443 4304 2575 4354 est:
2613 4304 2676 4352 ut
2719 4284 2946 4353 Patrem
2999 4299 3182 4353 Dcum
3231 4297 3714 4368 omnipotentem,

2067 4391 2343 4444 factorem
2374 4389 2556 4444 totius
2586 4391 2858 4442 creatura:
2905 4387 3025 4460 [al.,
3082 4388 3358 4455 tacturi-ej,
3406 4390 3462 4441 et
3509 4387 3714 4458 unige-

2067 4476 2254 4532 nitum
2288 4478 2414 4547 ejus
2451 4475 2680 4544 Filium,
2719 4475 3028 4531 Dominum
3072 4481 3335 4531 nostrum
3384 4475 3612 4541 Jesum,
3645 4474 3718 4530 de

2065 4565 2249 4622 Maria
2273 4566 2518 4638 virgine,
2552 4563 2757 4636 angelo
2789 4563 3195 4629 annuntiante,
3241 4569 3467 4629 natum,
3520 4566 3577 4618 et
3608 4579 3714 4634 pro

2062 4655 2244 4710 totius
2276 4655 2480 4709 mundi
2512 4653 2700 4708 salute
2733 4654 2791 4707 in
2822 4653 3014 4709 crucis
3053 4651 3316 4724 patibulo
3355 4667 3627 4724 passum,
3659 4654 3718 4705 et

2062 4744 2342 4814 Spiritum
2378 4743 2774 4813 sanctum,qui
2797 4759 2900 4812 per
2920 4741 3235 4814 prophetas
3261 4745 3316 4796 et
3337 4739 3635 4813 apostolos
3657 4743 3716 4794 et

2059 4831 2444 4902 evangelistas
2476 4828 2707 4885 locutus
2739 4835 3032 4897 est,unam
3065 4829 3339 4886 deitatem
3371 4829 3710 4900 perfectam,

301 4921 552 4988 condita,
587 4921 835 4991 disjecit,
886 4920 1100 4976 idcirco
1145 4921 1388 4976 diversis
1439 4921 1661 4976 interiit
1707 4925 1897 4978 modis
1932 4941 1944 4980 :
1980 4930 2026 4994 Ι)
2058 4917 2524 4973 ἰηᾱίεδοιιιιιίιοω
2565 4918 3088 4974 incontaminatam
3133 4935 3261 4973 esse
3314 4916 3564 4971 ﬁrmiter
3594 4931 3714 4970 cre-

298 5014 523 5082 partem
576 5009 814 5080 quidem
864 5013 1020 5065 terra
1069 5008 1375 5080 deglutivit
1427 5011 1606 5079 (Num.
1662 5027 1797 5077 xvu,
1831 5013 1942 5084 35),

298 5101 524 5169 partem
556 5112 789 5169 quoque
833 5096 1247 5152 exterminator
1299 5097 1692 5163 mortiﬁcavit,
1724 5103 1780 5153 et
1810 5116 1945 5170 pars

299 5183 547 5241 invicem
607 5203 668 5242 se
710 5185 1016 5240 interfecit.
1071 5184 1252 5241 Filius
1302 5203 1534 5257 quoque
1589 5185 1943 5257 Solomonis,

300 5272 581 5342 abjiciens
612 5274 853 5345 paciﬁca
880 5273 1056 5328 verba
1087 5274 1289 5344 patris,
1320 5291 1384 5330 ac
1433 5273 1707 5346 superbia
1755 5273 1946 5331 elatus

370 5396 515 5468 (t02)
573 5396 674 5451 Hic
718 5397 1074 5468 prmfationis
1123 5396 1329 5452 titulus
1380 5397 1532 5468 apud
1584 5397 1940 5454 Sambucum

299 5465 607 5548 omittitur,
665 5465 921 5548 etlcerto
976 5472 1228 5548 non-est
1275 5465 1688 5548 S.”Stephani_;
1721 5469 1942 5548 omissa

300 5535 516 5592 ibidem
558 5535 828 5593 similiter
877 5539 1156 5594 invocatio
1205 5535 1587 5595 sanctissimae
1635 5539 1938 5596 Trinitatis

2056 5008 2182 5074 das,
2215 5013 2269 5062 et
2301 5006 2426 5062 sine
2458 5009 2615 5062 omni
2647 5008 3030 5080 ambiguitate
3061 5006 3417 5063 teneas.H:ec
3441 5009 3531 5061 est
3560 5005 3712 5060 ﬁdes

2057 5095 2361 5163 catholica,
2423 5112 2600 5168 quam
2637 5097 2813 5168 (sicut
2841 5097 2962 5167 [al.,
3010 5096 3113 5162 sic]
3159 5094 3518 5151 Athanasius
3565 5092 3711 5148 dicit

2057 5184 2167 5239 nisi
2199 5185 2333 5256 quis
2364 5184 2613 5240 ﬁdeliter
2645 5184 3003 5256 tirmiterque
3027 5181 3564 5250 crediderit,salvns
3580 5197 3711 5237 esse

2056 5291 2169 5328 non
2203 5273 2432 5344 poterit.
2467 5273 2524 5329 Si
2557 5273 2871 5346 aliquando
2922 5272 3072 5327 infra
3118 5277 3281 5327 tuam
3331 5270 3713 5326 inveniantur

2054 5416 2181 5470 quae
2211 5397 2608 5454 verisimiliter
2643 5397 2794 5469 regis
2844 5403 2953 5465 est,
3007 5398 3180 5468 cujus
3225 5398 3401 5454 verba
3444 5413 3704 5468 sequun-

2055 5476 2166 5526 tur.
