3948 6168
365 265 536 351 me

1377 272 1442 335 S.
1488 269 2478 366 STEPHANlﬁUNGARORUM
2527 271 2782 336 REGIS.

3631 269 3789 340 ω

373 403 638 482 gnitatis,
667 419 738 470 ac
769 402 948 468 divini
994 405 1354 468 Sacramenti
1402 405 1836 478 dispensatores
1895 406 2017 477 [al.,
2048 405 2106 473 Α
2209 403 2341 461 CAP.
2375 404 2444 459 V.
2478 410 2557 462 De
2583 404 2849 461 servanda
2882 403 3788 478 virtutevpatierttimmthdbuende

375 493 781 572 dispositores]
814 498 873 550 et
901 493 1153 552 datores.
1188 495 1322 550 Sine
1355 494 1512 549 enim
1542 493 1658 550 illis
1680 510 1792 549 non
1817 494 2027 550 consti-

373 586 624 648 tuuntur
655 599 821 656 reges
854 601 958 641 nec
988 583 1350 656 principatus
1398 583 1521 654 [al.,
1573 583 2020 656 principantur].

374 671 484 730 Per
513 671 1151 736 illoruminterventum
1166 670 1375 728 delicta
1405 671 1674 728 delentur
1691 673 2018 728 hominum.

375 760 434 818 Si
469 760 599 818 illos
630 761 881 834 perfecte
912 775 1096 828 amas,
1132 765 1186 815 te
1219 760 1415 832 ipsum
1447 760 1574 818 sine
1613 761 1791 817 dubio
1825 779 2018 828 sanas,

2123 493 2356 565 judicio.
2393 493 2684 548 Patientia
2734 493 3020 565 etjudicii
3080 494 3406 552 observatio
3439 492 3682 566 quinta
3711 511 3789 550 re-

2133 580 2283 655 galis
2331 599 2554 638 corona:
2608 588 2699 638 est
2743 583 2990 639 ornatio.
3034 582 3209 639 David
3259 599 3368 639 rex
3419 587 3606 656 atque
3665 600 3790 655 pro-

2133 669 2309 742 pheta
2339 671 2522 726 dixit:
2585 673 2742 738 Deus,
2787 673 3066 744 judicium
3125 680 3279 730 tuum
3336 674 3454 743 regi
3507 671 3586 730 da
3621 673 3790 742 (Pent.

2131 776 2282 825 cxx1,
2313 761 2390 830 2).
2420 760 2487 815 Et
2517 760 2672 818 idem
2722 759 2898 818 alibi:
2961 763 3144 818 Honor
3174 778 3313 832 regis
3353 759 3650 832 judicium
3706 760 3791 818 di-

371 853 659 921 tuumque
690 864 935 922 regnum
969 849 1286 906 honoriﬁce
1325 851 1639 923 gubernas.
1699 851 1759 905 In
1810 868 2020 908 manus
2131 849 2256 921 Iigit
2285 849 2458 920 (Psal.
2491 865 2686 917 xcvm,
2720 849 2898 917 4)..De
2919 850 3203 923 patientia
3231 849 3449 908 Paulus
3479 849 3794 922 apostolus

371 937 526 996 enim
557 935 792 996 illorum
825 937 1136 1008 positaest
1167 942 1426 1011 potestas
1447 937 1667 1012 ligandi
1692 956 1796 995 nos
1816 940 1872 994 in
1893 957 2019 1012 pec-

367 1025 534 1093 catis,
569 1029 628 1080 et
659 1043 692 1081 a
727 1027 981 1098 peccatis
1038 1027 1320 1084 solvendi.
1370 1029 1810 1085 Testamentum
1859 1028 2016 1084 enim

369 1114 492 1186 [al.,
526 1120 678 1183 vero]
715 1116 1141 1188 sempiternum
1176 1118 1384 1172 statuit
1415 1116 1533 1173 illis
1585 1118 1760 1186 Deus,
1799 1134 2016 1190 eosque

359 1203 696 1282 segregavit
726 1205 796 1262 ab
829 1205 1254 1274 hominibus,et
1284 1207 1375 1262 sui
1407 1206 1663 1263 nominis
1684 1211 1860 1279 atque
1890 1225 2017 1263 san-

364 1292 582 1352 ctitatis
613 1293 748 1356 fecit
778 1295 1112 1366 participes,
1153 1300 1209 1350 et
1256 1295 1328 1350 ab
1385 1293 1726 1350 hominibus
1779 1298 1895 1368 [al.,
1943 1298 2014 1352 ab

363 1381 623 1438 humano
647 1381 768 1454 die]
813 1382 1108 1438 interdixit
1157 1383 1662 1454 reprehendendos
1709 1401 1856 1452 esse,
1914 1402 2016 1456 per

367 1469 549 1528 David
582 1471 856 1529 deiﬁcum
890 1489 1083 1545 regem
1110 1491 1122 1528 :
1158 1473 1332 1528 Nolite
1361 1477 1586 1541 tangere
1615 1475 1841 1530 christos
1869 1491 2012 1530 meos

362 1559 534 1632 (Psal.
567 1560 824 1632 crv,45),
858 1565 965 1616 etc.
1026 1560 1127 1617 Ille
1183 1565 1380 1616 autem
1440 1561 1562 1634 [al.,
1613 1563 1790 1633 cnim]
1826 1564 2013 1636 tangit

359 1647 609 1706 christos
642 1650 763 1715 Dei,
797 1651 897 1721 qui
929 1655 1130 1706 contra
1185 1650 1447 1706 divinum
1497 1656 1671 1723 atque
1718 1669 2009 1708 canonum

357 1736 694 1794 institutum
726 1739 876 1794 sacri
907 1738 1132 1794 ordinis
1160 1738 1315 1795 viros
1346 1739 1510 1796 falsis
1532 1739 1880 1796 criminibus
1903 1741 2002 1796 fa:-

357 1825 460 1882 dat
488 1829 662 1897 atque
689 1826 1076 1898 inpublicum
1107 1827 1416 1900 protrahit.
1450 1829 1611 1892 Quod
1653 1835 1707 1884 te
1738 1829 1999 1895 omnino,

365 1912 448 1968 ﬁli
509 1915 610 1982 mi,
657 1931 830 1989 agere
851 1916 1148 1988 prohibeo,
1211 1916 1258 1971 si
1317 1916 1405 1972 vis
1458 1918 1663 1974 beatus
1707 1917 1914 1985 vivere,
1948 1923 2004 1976 et

365 2007 800 2078 tuumregnum
813 2005 1138 2061 honestare.
1174 2005 1318 2070 Quia
1334 2006 1392 2060 in
1412 2005 1504 2062 his
1523 2007 2003 2080 rebusimprimis

362 2093 679 2150 offenditur
707 2098 878 2151 Deus.
909 2095 966 2148 Si
1001 2094 1296 2150 accidente
1326 2111 1466 2151 casu
1498 2094 1670 2167 culpa
1693 2095 2004 2168 reprehen-

356 2183 522 2242 sione
551 2184 732 2257 digna
762 2200 941 2257 super
969 2183 1224 2256 aliquem
1248 2183 1559 2252 horum,de
1579 2184 1791 2256 quibus
1814 2202 2004 2241 sermo

355 2275 464 2337 est.
499 2271 792 2338 ceciderit,
826 2273 1003 2344 (quod
1038 2271 1252 2341 absit!)
1295 2272 1522 2346 corripe
1553 2290 1688 2329 eum
1720 2277 1829 2342 ter,
1861 2290 2007 2345 qua-

355 2361 622 2430 ter,inter
646 2365 704 2418 te
731 2365 790 2418 et
821 2361 1015 2434 ipsum
1039 2359 1424 2432 solum,juxta
1444 2366 1796 2434 praeceptum
1822 2364 2007 2418 Evan-

355 2451 494 2524 gelii
526 2451 732 2522 (Matth.
768 2468 926 2517 xvm,
964 2452 1070 2521 15).
1104 2450 1160 2505 Si
1193 2454 1334 2507 tunc
1365 2455 1582 2507 secrete
1613 2451 1874 2507 renuerit
1904 2469 2005 2506 au-

358 2538 483 2596 dire
511 2540 754 2608 monita,
779 2539 1112 2596 adhibenda
1132 2538 1234 2595 tibi
1263 2538 2005 2610 suntpublica,secundum

349 2627 519 2690 haec:
553 2627 611 2684 Si
647 2632 704 2684 te
734 2645 850 2684 non
883 2627 1154 2696 audierit,
1207 2627 1302 2683 dic
1352 2627 1618 2684 Ecclesiae
1666 2629 1845 2694 (Ibid.,
1896 2629 2006 2698 t7).

359 2716 505 2790 Nam
539 2715 588 2776 si
617 2720 681 2773 tu
713 2716 871 2774 hunc
901 2716 1166 2774 ordinem
1200 2717 1812 2789 servabis,gloriosam
1846 2722 2006 2773 tuam

359 2804 598 2877 penitus
619 2803 910 2862 exultabis
945 2821 1242 2862 coronam.

433 2892 580 2954 Car.
605 2893 698 2948 IV.
730 2897 812 2950 De
839 2895 1031 2952 merito
1063 2895 1266 2950 honore
1285 2895 1602 2966 principum
1642 2903 1693 2951 et
1722 2897 2007 2951 baronum.

361 2983 615 3047 Quartus
647 2983 821 3044 decor
848 2981 1151 3052 regiminis
1182 2987 1240 3039 et
1271 2982 1854 3051 ﬁdelitas,fortitudo,
1889 2981 2009 3056 agi-

279 3087 282 3089 λ
362 3070 1158 3139 1ἱῐαβ,οο,ωἱῖαε,οοη[ὶάθῐιιὶθ.
1188 3071 1519 3144 principum
1547 3072 2010 3146 [al.,principum

361 3162 529 3228 abest,
561 3169 613 3217 et
637 3177 766 3216 mox
798 3159 1129 3231 nobilium],
1162 3159 1474 3226 baronum,
1518 3161 1824 3228 comitum,
1858 3159 2010 3215 mili-

363 3254 513 3319 tum,
549 3248 856 3308 nobilium.
891 3247 986 3304 illi
1019 3247 1176 3305 enim
1199 3252 1338 3304 sunt
1366 3249 1524 3322 regni
1551 3253 2014 3321 prepugnatores

363 3341 484 3414 [al.,
517 3337 1074 3413 propugnaculum].
1105 3337 1442 3394 defensores
1491 3337 1895 3405 imbecillium,
1917 3355 2013 3393 ex-

364 3433 724 3502 pugnatores
753 3427 1244 3491 adversariorum,
1277 3430 1753 3499 augmentatores
1782 3443 2013 3481 monar-

365 3517 659 3573 ehiarum.
695 3514 780 3570 Illi
814 3514 940 3582 tibi,
975 3513 1058 3569 ﬁli
1093 3514 1194 3581 mi,
1223 3515 1342 3570 sint
1364 3520 1556 3586 patres
1586 3519 1642 3569 et
1673 3515 1904 3571 fratres.
1937 3515 2016 3570 Ex

365 3604 463 3661 bis
484 3617 618 3660 vero
648 3602 942 3662 neminem
975 3603 1034 3657 in
1058 3602 1394 3658 servitutem
1416 3603 1760 3675 redigas,vel
1784 3620 2014 3658 servum

367 3692 637 3750 nomines
662 3709 674 3760 ;
709 3690 791 3746 illi
825 3690 952 3757 tibi,
973 3689 1368 3757 militent,non
1391 3691 1874 3759 serviant,eorum
1898 3708 2018 3747 om-

370 3780 546 3840 nibus
573 3779 702 3840 sine
723 3779 809 3835 ira
838 3783 898 3835 et
916 3779 1190 3850 superbia
1211 3782 1386 3851 atque
1403 3779 1621 3835 invidia
1641 3780 2016 3852 paciﬁce,hu-

370 3868 918 3938 militer,mansuete
947 3868 1560 3938 dominare,memoria
1585 3869 1843 3925 retinens
1875 3885 2021 3925 sem-

370 3975 493 4032 per,
525 3959 680 4032 quod
711 3974 916 4015 omnes
948 3957 1217 4016 homines
1248 3957 1424 4012 unius
1457 3961 1595 4013 sunt
1624 3957 1976 4013 conditionis
2003 3976 2015 4013 :

369 4052 427 4105 et
451 4049 606 4123 quod
637 4046 720 4104 nil
753 4047 958 4114 elevat,
991 4046 1102 4102 nisi
1137 4045 1442 4102 humilitas
1469 4065 1481 4102 :
1515 4050 1570 4102 et
1618 4046 1764 4102 nihil
1797 4045 2017 4118 dejicit,

369 4137 485 4198 nisi
515 4135 792 4210 superbia
810 4140 869 4194 et
896 4135 1135 4192 invidia.
1169 4136 1225 4192 Si
1256 4135 1371 4192 eris
1425 4135 1726 4208 pacificus,
1759 4138 1900 4192 tunc
1930 4136 2017 4191 di-

370 4225 519 4283 ceris
547 4242 646 4282 rex
673 4230 730 4282 et
761 4225 914 4298 regis
944 4224 1122 4290 ﬁlius,
1157 4228 1333 4297 atque
1383 4224 1674 4280 amaberis
1710 4242 1743 4279 a
1791 4224 2020 4280 cunctis

371 4314 684 4389 militibus.
717 4313 776 4368 8i
807 4313 1144 4380 iracundus,
1177 4313 1490 4384 superbus,
1514 4311 2018 4382 invidus,impaci-

371 4403 540 4468 ﬁcus,
572 4417 638 4458 ac
668 4402 794 4472 [al.,
826 4417 892 4460 ac
923 4402 1092 4472 abest]
1118 4417 1296 4473 super
1325 4401 1567 4456 comites
1624 4405 1681 4456 et
1727 4400 2019 4473 principes

373 4490 654 4554 cervicem
686 4489 957 4554 erexeris,
1007 4488 1134 4545 sine
1187 4488 1367 4544 dubio
1411 4488 1688 4544 fortitudo
1741 4488 2016 4558 militum,
2047 4510 2097 4576 Ι)

373 4578 666 4636 hebetudo
695 4577 805 4633 erit
833 4575 1119 4648 regalium
1163 4577 1538 4650 dignitatum,
1572 4581 1629 4632 et
1659 4576 1867 4634 alienis
1897 4583 2021 4634 tra-

373 4669 514 4728 dent
569 4681 816 4740 regnum
875 4670 1066 4721 tuum.
1147 4667 1261 4722 Hoc
1319 4665 1553 4734 timens,
1625 4683 1758 4721 cum
1821 4667 2024 4740 regula

372 4757 657 4815 virtutum
687 4754 870 4829 dirige
902 4755 1081 4810 vitam
1136 4753 1440 4822 comitum,
1494 4759 1560 4810 ut
1589 4757 1688 4809 tua
1715 4755 2023 4812 dilectione

373 4844 657 4920 angulati,
711 4859 941 4917 semper
996 4843 1174 4917 regali
1226 4843 1511 4916 dignitate
1569 4843 1904 4899 adhzereant
1932 4843 2020 4900 in-

372 4935 663 5004 oﬂ'ensi,et
693 4938 758 4990 ut
783 4937 950 4989 tuum
974 4949 1220 5006 regnum
1237 4949 1340 5005 per
1363 4932 1563 4988 omnia
1579 4931 1657 4988 sit
1686 4931 2019 5003 paciﬁcum.

371 5113 482 5175 sua
507 5096 784 5175 dogmata
812 5092 1617 5175 conentur_pertrahere,licet
1647 5111 1715 5150 ex
1744 5094 2021 5175 omnibus

371 5168 561 5247 ipsius
589 5165 771 5241 gestis
803 5167 1032 5247 abunde
1061 5165 1284 5221 discere
1298 5165 1664 5247 possinthsea
1692 5165 2019 5247 primorum

428 5237 784 5311 ungarorum
807 5239 920 5294 ﬁde
950 5237 1120 5310 longe
1163 5237 1492 5292 recessisse.
1527 5237 1811 5292 Caeterum
1861 5237 2020 5309 quod

428 5326 447 5363 δ
477 5310 827 5363 etvmolocia
854 5311 1082 5363 Auousti
1109 5308 1168 5362 in
1200 5308 1315 5363 ﬁne
1345 5307 1580 5363 dicitur.
1612 5324 1769 5362 mere
1800 5324 2023 5363 accom-

376 5310 447 5364 de
477 5310 827 5382 etymologia
854 5311 1082 5378 Augusti
1109 5310 1168 5362 in
1200 5310 1315 5363 ﬁne
1345 5310 1580 5373 dicitur,
1612 5324 1769 5362 mere
1800 5324 2022 5363 accom-

377 5379 749 5450 modatitium
780 5385 900 5436 est:
933 5397 1070 5436 nam
1101 5379 1479 5450 imperatores
1511 5379 1649 5433 dicti
1682 5383 1820 5434 sunt
1845 5379 2022 5450 Augu-

373 5449 554 5525 sti_ab_
582 5449 928 5525 imperatore
964 5449 1246 5525 Augusto,
1275 5451 1448 5505 sicuti
1482 5453 1720 5506 Caesares
1747 5449 2022 5506 dicuntur

380 5539 413 5576 a
438 5517 594 5572 Julio
624 5517 864 5577 Caesare.

450 5588 622 5657 (103')
654 5587 769 5644 Hoc
799 5589 924 5646 loco
981 5592 1157 5647 editio
1203 5590 1478 5648 Sambuci
1525 5593 1596 5649 ab
1645 5590 1762 5648 illis
1791 5592 2014 5649 verbis:

2114 936 2424 1010 loquitur:
2457 939 2736 995 Patientes
2782 944 2946 996 estote
2991 939 3062 996 ad
3108 955 3292 996 omnes
3339 939 3386 1012 (1
3412 939 3594 996 Thess.
3624 957 3684 1006 v,
3713 941 3789 1004 4).

2128 1025 2198 1080 Et
2227 1025 2512 1082 Dominus
2544 1027 2602 1081 in
2635 1028 2960 1102 Evangelio.
2987 1029 3059 1086 .In
3093 1027 3375 1101 patientia
3421 1033 3626 1084 vestra
3655 1045 3784 1101 pos-

2131 1113 2396 1170 sidebitis
2450 1115 2678 1172 animas
2721 1122 2943 1174 vestras
3001 1119 3152 1188 (Luc.
3205 1135 3322 1185 xxx,
3385 1117 3494 1188 19).
3543 1118 3634 1172 Ad
3683 1117 3783 1173 hoc

2129 1203 2322 1270 tende,
2360 1203 2441 1259 fili
2475 1203 2586 1260 mi:
2622 1204 2671 1260 si
2702 1204 2788 1261 vis
2817 1206 2982 1279 regni
3014 1205 3225 1263 habere
3257 1205 3567 1272 honorem,
3610 1205 3784 1282 dilige

2117 1291 2457 1362 judicium:
2513 1295 2562 1348 si
2614 1294 2872 1350 animam
2923 1298 3084 1350 tuam
3143 1295 3443 1367 possidere
3492 1296 3609 1362 vis,
3663 1301 3780 1351 esto

2125 1381 2372 1452 patiens.
2408 1382 2902 1456 Quotiescunque,
2937 1383 3016 1438 ﬁli
3049 1383 3412 1452 charissime,
3459 1383 3553 1439 vel
3607 1399 3774 1438 causa

2123 1468 2301 1541 digna
2321 1469 2574 1540 judicari
2607 1471 2677 1526 ad
2709 1475 2765 1527 te
2814 1472 3055 1540 venerit,
3096 1469 3184 1527 vel
3236 1471 3454 1544 aliquis
3504 1459 3770 1544 capitalis

2123 1559 2420 1634 sententiae
2451 1576 2606 1625 reus,
2640 1558 2759 1615 noli
2791 1559 3162 1632 impatienter
3191 1563 3445 1633 portare,
3493 1560 3590 1616 vel
3629 1577 3773 1618 cum

2113 1646 2448 1717 juramento
2480 1648 2713 1704 ﬁrmare
2744 1648 2909 1706 illum
2941 1650 3190 1722 punire;
3221 1651 3377 1722 quod
3409 1648 3700 1706 instabile
3729 1657 3780 1706 et

2124 1734 2336 1807 fragile
2367 1737 2538 1792 debet
2566 1739 2859 1810 esse,quia
2888 1737 3068 1794 stulta
3096 1742 3228 1796 vota
3257 1738 3588 1811 frangenda
3617 1743 3756 1795 sunt

2110 1823 2200 1879 vel
2229 1841 2333 1896 per
2363 1828 2416 1879 te
2447 1825 2640 1898 ipsum
2663 1826 3003 1898 dijudicare,
3029 1844 3100 1883 ne
3125 1831 3226 1884 tua
3255 1827 3469 1900 regalis
3498 1827 3765 1900 dignitas

2111 1913 2492 1986 usurpatione
2537 1915 2879 1972 inferiorum
2929 1917 3292 1990 negotiorum
3343 1915 3623 1985 fcedetur,
3661 1917 3768 1972 sed

2112 2003 2308 2075 potius
2329 2001 2670 2075 hujusmodi
2685 2005 2983 2078 negotium
3004 2006 3075 2062 ad
3090 2005 3324 2077 judices
3347 2005 3774 2078 mitte,quibus

2114 2091 2222 2146 hoc
2254 2092 2637 2149 commissum
2669 2099 2776 2160 est,
2797 2095 2951 2165 quod
2974 2095 3084 2167 ipsi
3109 2095 3637 2174 secundumsuam
3655 2094 3778 2150 hoc

2115 2182 2409 2238 discernat
2438 2179 2647 2254 legem.
2682 2183 2847 2240 Time
2877 2200 3006 2240 esse
3026 2185 3231 2256 judex,
3278 2185 3470 2258 gaude
3500 2201 3644 2240 vero
3677 2201 3780 2240 rex

2115 2288 2244 2327 esse
2275 2275 2332 2326 et
2360 2271 2674 2327 nominari.
2710 2272 2896 2345 Reges
2939 2273 3225 2346 patientes
3275 2277 3547 2346 regnant,
3585 2273 3778 2344 impa-

2117 2360 2327 2416 tientes
2373 2377 2506 2416 vero
2555 2361 2942 2433 tyrannizant.
3005 2362 3248 2426 Quando
3298 2367 3498 2418 autem
3545 2360 3778 2433 aliquid

2118 2451 2272 2520 quod
2305 2454 2417 2504 ture
2449 2449 2720 2506 convenit
2768 2450 2840 2505 ad
2877 2449 3270 2522 judicandum
3321 2450 3622 2523 dignitati,
3671 2451 3780 2505 tibi

2116 2537 2357 2604 venerit,
2392 2554 2527 2593 cum
2558 2537 2840 2610 patientia
2869 2541 2924 2594 et
2953 2539 3375 2605 misericordia,
3431 2539 3552 2596 sive
3597 2539 3780 2595 mise-

2119 2627 2330 2686 rantia.
2361 2627 2469 2682 hoc
2495 2626 2720 2698 judice,
2771 2631 2837 2682 ut
2883 2632 2984 2684 tua
3013 2643 3227 2685 corona
3260 2627 3580 2685 laudabilis
3612 2627 3696 2684 sit
3725 2634 3780 2683 et

2118 2715 2329 2772 decora
2355 2716 2550 2787 (103‘).

2187 2867 2324 2924 CAP.
2382 2867 2476 2921 VI.
2511 2871 2590 2923 De
2646 2869 2955 2938 acceptione
2986 2876 3300 2923 exterarum
3326 2875 3378 2923 et
3431 2868 3785 2923 nutrimenta

2120 2955 2410 3028 hospitum.
2447 2959 2510 3010 In
2544 2956 2876 3028 hospitibus
2918 2961 2976 3011 et
3023 2955 3360 3012 adventitiis
3417 2955 3566 3012 viris
3615 2960 3788 3012 tanta

2119 3044 2273 3101 inest
2303 3043 2552 3111 utilitas,
2602 3049 2666 3100 ut
2705 3044 2881 3117 digne
2911 3050 3071 3101 sexto
3114 3045 3174 3100 in
3215 3044 3428 3119 regalis
3460 3044 3782 3118 dignitatis

2041 3144 2085 3211 ί)
2121 3133 2249 3190 loco
2280 3133 2465 3205 possit
2495 3134 2716 3190 haberi.
2739 3133 2902 3190 Unde
2925 3133 3216 3205 imprimis
3238 3134 3572 3189 Romanum
3605 3135 3792 3189 crevit

2123 3222 2461 3296 imperium,
2495 3222 2860 3295 Romanique
2891 3238 3056 3295 reges
3095 3222 3397 3278 sublimati
3433 3223 3706 3290 fuerunt,
3735 3231 3790 3278 et

2125 3310 2386 3384 gloriosi,
2421 3311 2534 3368 nisi
2568 3311 2724 3383 quod
2757 3309 2925 3367 multi
2979 3311 3207 3368 nobiles
3256 3317 3313 3368 et
3364 3312 3672 3384 sapientes
3717 3327 3788 3366 ex

2125 3399 2369 3457 diversis
2392 3401 2527 3456 illuc
2539 3401 2912 3457 conﬂuebant
2929 3401 3415 3473 partibus‘moma
3433 3417 3572 3456 vero
3596 3417 3788 3474 usque

2128 3488 2299 3545 hodie
2325 3492 2481 3546 esset
2523 3488 2756 3554 ancilla,
2807 3487 2921 3545 nisi
2969 3488 3251 3546 )Eneades
3298 3489 3489 3562 ipsam
3547 3489 3788 3546 fecisset

2125 3577 2392 3634 liberam.
2427 3578 2589 3634 Sicut
2617 3578 2773 3634 enim
2823 3594 2892 3634 ex
2929 3577 3179 3634 diversis
3227 3579 3494 3650 partibus
3543 3577 3788 3650 provin-

2129 3667 2352 3722 ciarum
2382 3665 2624 3722 veniunt
2671 3665 2952 3738 hospites,
2995 3667 3082 3722 ita
3130 3667 3389 3722 diversas
3437 3665 3682 3738 linguas
3727 3671 3792 3721 ut

2127 3755 2958 3828 consuetudines,diversaque
2971 3755 3319 3811 documenta
3329 3760 3386 3812 et
3395 3771 3566 3810 arma
3580 3773 3793 3812 secum

2129 3844 2372 3910 ducunt,
2406 3863 2533 3917 qua:
2565 3843 2766 3900 omnia
2787 3844 3008 3917 regiam
3049 3850 3264 3900 ornant
3299 3849 3358 3900 et
3395 3844 3790 3917 magniﬁcam

2129 3929 2348 4000 aulam,
2377 3938 2435 3990 et
2464 3935 2839 4005 perterritant
2859 3934 3789 4005 exterorumarrogantiamﬁam

2129 4023 2307 4078 unius
2338 4022 2574 4095 linguae,
2605 4022 2902 4095 uniusque
2951 4021 3131 4078 moris
3189 4023 3312 4094 [al.,
3368 4021 3664 4093 mortalis]
3701 4041 3796 4078 re—

2128 4128 2310 4184 gnum
2343 4111 2631 4167 imbecille
2661 4115 2719 4167 et
2749 4109 2952 4184 fragile
2983 4115 3092 4166 est.
3133 4109 3440 4183 Propterea
3480 4110 3672 4180 jubeo
3710 4116 3790 4174 te,

2132 4201 2212 4257 ﬁli
2246 4201 2347 4266 mi,
2381 4204 2446 4256 ut
2475 4200 2629 4256 bona
2657 4199 2953 4257 voluntate
2984 4197 3116 4255 illos
3164 4199 3411 4268 nutrias,
3444 4203 3503 4254 et
3533 4197 3796 4256 honeste

2127 4294 2349 4354 teneas,
2382 4293 2448 4345 ut
2469 4292 2662 4345 tecum
2720 4288 3000 4344 libentius
3048 4289 3284 4360 degant,
3329 4303 3511 4359 quam
3563 4287 3791 4344 alicubi

2128 4379 2248 4450 [al.,
2282 4377 2437 4446 alibi]
2472 4378 2756 4434 habitent.
2791 4377 2850 4434 Si
2882 4377 3038 4433 enim
3068 4381 3133 4432 tu
3156 4376 3454 4432 destruere
3481 4377 3650 4447 quod
3681 4393 3794 4450 ego

2125 4467 2428 4535 aediﬁcavi,
2460 4472 2564 4523 aut
2592 4465 2879 4539 dissipare
2901 4465 3056 4538 quod
3077 4463 3420 4538 congregavi
3461 4456 3792 4522 studueris.

2131 4557 2256 4614 sine
2289 4556 2465 4612 dubio
2496 4556 2819 4612 maximum
2858 4553 3276 4610 detrimentum
3322 4558 3495 4609 tuum
3527 4555 3795 4626 patietur

2131 4645 2566 4718 regnum.Quod
2607 4661 2679 4700 ne
2707 4643 3004 4714 ﬁat,tuum
3035 4641 3297 4715 quotidie
3325 4657 3475 4714 auge
3507 4658 3791 4715 regnum,

2132 4739 2196 4790 ut
2225 4739 2326 4790 tua
2355 4751 2569 4791 corona
2598 4734 2670 4789 ab
2700 4734 2976 4789 omnibus
3027 4736 3280 4805 augusta
3331 4732 3454 4803 [al.,
3492 4731 3654 4788 abest
3681 4749 3792 4788 au—

2131 4825 2325 4896 gusta]
2357 4823 2641 4879 habeatur
2669 4823 2686 4894 (
2701 4823 2842 4894 101i).

2201 4930 2334 4985 CAP.
2370 4930 2490 4985 VII.
2523 4934 2604 4985 De
2631 4929 3012 5001 magnitudine
3037 4929 3278 4985 consilii.
3299 4928 3361 4984 In
3386 4926 3796 4985 tribunalibus

2132 5092 2276 5146 1ime
2305 5106 2416 5146 esse
2435 5090 2628 5156 judex,
2661 5089 2822 5144 varia
2879 5087 3053 5144 habet
3081 5088 3314 5154 menda,
3357 5088 3442 5144 uti
3476 5088 3796 5145 studiosus

2131 5161 2310 5217 lector
2339 5151 2506 5242 facile
2537 5151 2813 5216 advertat.
2868 5159 2974 5217 Illa
3013 5159 3194 5233 igitur
3235 5151 3470 5233 singula
3517 5163 3794 5217 notanda

2131 5251 2245 5288 non
2277 5249 2500 5288 CGHSUI.

2225 5304 2347 5376 104)
2367 5305 2534 5386 “Quae
2591 5301 2663 5358 de
2707 5301 3028 5386 multorum
3063 5303 3378 5386 hospitum
3422 5301 3684 5386 adventu
3707 5302 3796 5386 in

2129 5373 2692 5447 urbem’ﬁomanam
2724 5373 3210 5447 dicuntur,videri
3241 5377 3488 5447 possunt
3517 5374 3680 5444 apud
3707 5375 3798 5429 Li-

2128 5447 2310 5514 vium,
2343 5445 2444 5501 lib.
2478 5463 2516 5512 ι,
2551 5445 2651 5499 ubi
2684 5451 2959 5500 narratur
2985 5446 3203 5510 quibus
3243 5445 3473 5501 artibus
3522 5462 3676 5500 usus
3713 5448 3796 5501 sit

2132 5516 2437 5598 Romulus,
2469 5533 2650 5598 supra
2677 5517 2959 5598 @neades
2988 5517 3270 5586 dictus,ut
3300 5517 3546 5573 Romam
3583 5515 3794 5573 mulli-

2127 5589 2330 5646 tudine
2358 5587 2561 5661 populi
2592 5587 2882 5661 impleret.
