3968 6158
162 352 325 424 esu

1480 346 1784 424 ΜὉΝῙΨᾸ
1810 346 1934 422 ‘AD
1956 342 2281 424 ’Πηλιϋῇ

3419 335 3459 420 ι
3469 342 3587 421 αξη

172 502 377 567 regum
420 480 733 550 comitium
784 492 895 551 sibi
942 480 1261 568 Septimum
1309 491 1567 551 vindicat
1613 493 1832 557 locum.
1867 495 1916 563 Α
1948 507 2131 561 meas,
2165 496 2229 549 ut
2265 480 2421 549 inter
2455 495 2591 550 tuos
2633 492 2905 553 babearis
2952 493 3304 568 praecipuus,
3336 496 3393 551 et
3434 493 3588 549 inter

168 572 428 638 Consilio
475 583 634 640 enim
689 573 1130 640 constituuntur
1184 599 1371 657 reges,
1424 584 1831 657 gubernantur

172 686 369 743 regna,
401 671 739 729 defenditur
771 674 980 746 patria,
1013 677 1448 745 componuntur
1476 672 1696 746 praelia,
1731 690 1829 728 su-

172 760 354 817 mitur
397 760 659 831 victoria,
710 762 1119 835 propelluntur
1165 762 1410 828 inimici,
1461 761 1834 835 appellantur

160 849 371 919 amici,
395 850 659 908 civitates
688 855 1135 919 construuntur,
1157 857 1217 907 et
1243 854 1433 908 cast‘ra
1464 850 1828 908 adversario-

171 954 301 995 rum
335 939 743 996 destruuntur.
768 942 1010 1007 Quando
1039 958 1172 997 vero
1203 940 1464 997 consiliis
1494 942 1647 997 inest
1676 938 1833 995 utili-

170 1030 287 1083 tas.
327 1028 474 1084 Nam
526 1030 648 1102 [al.,
673 1031 821 1101 jam]
853 1047 887 1085 a
935 1031 1156 1101 st'vtis,
1201 1034 1257 1086 et
1301 1030 1733 1104 arrogantibus,
1765 1045 1833 1085 ac

181 1116 577 1174 mediocribus
607 1119 696 1191 (ut
726 1119 872 1175 mihi
913 1118 982 1170 νίς
1013 1121 1163 1193 etur)
1194 1138 1310 1176 non
1341 1119 1535 1176 valent
1559 1123 1831 1190 componi

163 1204 295 1274 viri,
318 1207 419 1263 sed
452 1224 486 1262 a
519 1208 845 1279 majoribus
880 1213 937 1263 et
968 1209 1330 1277 melioribus,
1356 1207 1836 1282 sapientioribus-

162 1306 276 1366 que
304 1311 374 1351 ac
406 1295 847 1354 honestissimis
877 1297 1231 1367 senioribus,
1255 1297 1498 1370 exprimi
1526 1297 1746 1352 debent
1774 1291 1835 1351 et

158 1382 353 1455 poliri.
407 1386 646 1455 Idcirco,
679 1386 761 1442 fili
818 1387 920 1453 n_i,
953 1403 1088 1442 cum
1138 1387 1458 1459 juvenibus
1509 1390 1567 1443 et
1632 1389 1832 1448 minus

150 1471 525 1545 sapientibus
564 1475 683 1531 noli
728 1476 1044 1545 consiliari,
1079 1481 1180 1532 aut
1227 1477 1298 1532 de
1366 1475 1483 1534 illis
1513 1475 1826 1534 consilium

161 1577 420 1632 querere
450 1565 574 1636 [al.,
596 1567 840 1638 quaere];
873 1571 973 1623 sed
996 1585 1032 1623 a
1052 1566 1404 1634 senioribus,
1440 1567 1654 1640 quibus
1684 1566 1830 1622 illud

166 1651 469 1724 negotium
500 1658 737 1727 propter
766 1660 995 1712 aetatem
1036 1660 1093 1712 et
1122 1656 1469 1729 sapientiam
1504 1655 1579 1712 sit
1604 1660 1828 1728 aptum,

160 1736 314 1794 Nam
333 1738 575 1798 consilia
595 1758 799 1816 regum
820 1742 879 1798 in
904 1761 1089 1818 prisco
1108 1744 1250 1799 rdiis
1269 1743 1600 1817 sapientum
1616 1745 1831 1819 debent

1939 580 2160 639 alienos
2188 581 2525 638 laudabilis.
2748 656 2751 657 ν

2011 674 2142 726 CAP.
2190 672 2280 727 IX.
2334 671 2617 728 Orandam
2662 688 2774 728 esse
2829 681 2879 729 et
2935 673 3214 744 quomodo.
3249 671 3584 730 Observatio

1939 759 2221 815 orationis
2252 762 2509 817 maxima
2555 760 2862 834 acquisitio
2888 765 2976 816 est
3007 760 3217 834 regalis
3263 760 3495 828 salutis,
3529 764 3586 816 et

1939 848 2071 905 ideo
2113 866 2333 905 nonum
2379 849 2443 924 [Γ.
2486 851 2608 905 add.
2657 851 2880 907 obtinet
2932 850 3178 919 locum];
3230 854 3286 906 et
3342 851 3585 907 nonaria

1940 938 2111 1011 regiae
2142 938 2443 1012 dignitatis
2495 940 2654 995 canit
2699 939 2920 1014 regula.
2953 940 3242 998 Continua
3271 938 3452 995 oratio
3497 943 3587 995 est

1938 1031 2310 1100 peccatorum
2351 1027 2571 1101 ablutio
2615 1030 2735 1101 [al.,
2770 1027 3022 1096 abolitio]
3077 1032 3134 1084 et
3180 1027 3466 1084 remissio.
3497 1028 3583 1082 Tu

1941 1121 2157 1187 autem,
2183 1116 2263 1171 ﬁli
2298 1117 2394 1183 mi,
2416 1117 2879 1191 quotiescunque
2910 1118 2983 1172 ad
3014 1116 3297 1190 templum
3319 1116 3421 1172 Dei
3454 1132 3584 1170 cur-

1940 1205 2043 1272 ris,
2069 1210 2130 1260 ut
2159 1206 2342 1261 Deum
2387 1206 2615 1276 adores,
2642 1223 2776 1263 cum
2807 1206 3117 1263 Salomone
3164 1204 3283 1261 filio
3332 1204 3508 1276 regis,
3530 1209 3588 1262 et

1938 1294 2065 1367 ipse
2096 1312 2193 1352 rex
2223 1311 2455 1369 semper
2491 1297 2653 1353 dicas
2686 1313 2698 1352 :
2732 1298 2946 1364 Emitte,
2981 1297 3224 1361 Domine,
3257 1294 3584 1366 sapientiam

1938 1384 2003 1441 de
2029 1385 2150 1441 sede
2178 1386 2579 1458 magnitudinis
2608 1391 2740 1453 tuae,
2762 1394 2823 1441 ut
2851 1401 3063 1441 mecum
3090 1386 3180 1451 sit,
3205 1392 3257 1439 et
3275 1399 3486 1439 mecum
3503 1382 3584 1439 ἰα-

1941 1473 2107 1540 boret,
2132 1479 2191 1529 ut
2217 1477 2388 1531 sciam
2417 1476 2549 1547 quid
2574 1480 2853 1548 acceptum
2878 1477 2949 1530 sit
2975 1490 3164 1529 coram
3195 1477 3246 1528 te
3273 1473 3427 1539 omni
3456 1475 3587 1527 tem-

1935 1562 2236 1635 pore(Sap.
2263 1581 2338 1629 Ix,
2364 1565 2473 1636 10).
2498 1565 2563 1619 Et
2600 1564 2811 1620 iterum
2847 1582 2859 1620 :
2894 1564 3119 1619 Domini
3149 1564 3314 1617 Pater
3351 1563 3404 1616 et
3444 1562 3585 1616 Deus

1938 1654 2064 1707 vitm
2093 1667 2250 1721 meae,
2272 1669 2342 1707 ne
2360 1654 2715 1724 derelinquas
2732 1670 2819 1709 me
2844 1655 2907 1708 in
2935 1654 3171 1723 cogitatu
3190 1652 3456 1722 maligno,
3489 1666 3586 1706 ea:-

1939 1742 2242 1797 tollentiam
2273 1743 2556 1798 oculorum
2583 1759 2829 1798 meorum
2856 1760 2925 1799 ne
2953 1742 3164 1798 dederis
3190 1741 3352 1806 mihi,
3373 1743 3425 1795 et
3443 1738 3585 1795 desi-

161 1826 385 1927 olaudi,
445 1846 561 1888 non
617 1834 963 1889 ventositate
1022 1832 1345 1890 stultorum
1395 1833 1723 1907 propagari.
1769 1835 1828 1919 Si
1858 1830 2152 1927 Bderz'um
2189 1832 2498 1903 malignum
2543 1841 2727 1888 αυενιθ
2753 1849 2787 1888 α
2813 1847 2918 1897 ἠερ
2964 1832 3222 1892 υθνηίηεὶ
3250 1834 3411 1901 “ul”
3437 1844 3476 1927 at
3498 1843 3587 1927 ’δῖε

162 1916 321 1975 enim
351 1920 637 1992 gradieris
670 1939 805 1979 cum
836 1923 1223 1996 sapientibus,
1251 1922 1490 1994 sapiens
1513 1916 1822 1987 efficierisi

161 2004 212 2062 si
243 2009 496 2063 versaris
528 2026 662 2066 cum
693 2011 912 2080 stultis,
937 2012 1275 2082 sociaberis,
1300 2011 1438 2080 illis,
1465 2012 1679 2067 fatente
1701 2011 1828 2085 Spi-

160 2092 278 2150 ritu
312 2101 513 2155 sancto
552 2115 659 2172 per
709 2100 1080 2157 Salomonem
1118 2119 1131 2157 :
1166 2102 1271 2171 Qui
1316 2117 1437 2157 cum
1483 2101 1824 2173 sapientibus

156 2184 432 2256 graditur,
462 2191 778 2261 sapientum
802 2192 911 2246 erit
943 2184 1151 2246 amicus
1177 2207 1277 2246 nec
1302 2191 1596 2246 stultorum
1622 2192 1727 2245 erit
1756 2191 1827 2245 si-

157 2274 312 2330 milis
340 2275 536 2349 (Prav.
562 2295 688 2347 xm,
720 2280 835 2352 20).
859 2280 931 2334 Et
969 2279 1151 2335 David
1194 2277 1394 2351 psallit
1425 2295 1439 2335 :
1479 2279 1615 2334 Cum
1643 2281 1827 2335 sancto

157 2371 383 2427 sanctus
412 2368 541 2433 eris,
569 2372 621 2423 et
666 2384 790 2423 cum
827 2370 944 2423 viro
973 2370 1255 2424 innocente
1302 2369 1561 2424 innocens
1610 2371 1740 2438 eris,
1772 2384 1829 2456 αδ

157 2468 283 2507 cum
321 2454 488 2511 electo
531 2456 732 2512 electus
782 2459 910 2519 eris,
943 2461 993 2513 et
1020 2474 1145 2513 cum
1188 2472 1448 2529 perverso
1496 2460 1801 2529 perverteri

157 2541 335 2613 (Psat.
367 2559 505 2610 XVII,
536 2540 628 2612 2B,
657 2544 773 2616 27).
804 2546 888 2600 Ad
934 2544 1043 2600 hoc
1087 2543 1375 2618 quidquid
1428 2544 1645 2620 negotii
1694 2546 1825 2601 uni-

158 2629 374 2702 cuique
431 2632 735 2689 conveniat
792 2633 971 2701 aetati,
1003 2633 1062 2688 in
1113 2633 1224 2690 hoc
1285 2650 1348 2689 se
1404 2639 1669 2691 exerceat
1698 2636 1821 2707 [al.,

154 2721 506 2793 exerceant],
538 2720 763 2777 scilicet
802 2722 1056 2793 juvenes
1087 2722 1145 2777 in
1179 2724 1383 2789 armis,
1417 2728 1715 2793 senatores
1762 2725 1822 2780 in

156 2808 441 2878 consiliis,
461 2810 701 2867 omnino
728 2814 926 2867 tamen
951 2811 1200 2883 juvenes
1227 2828 1342 2868 non
1370 2817 1510 2869 sunt
1538 2812 1823 2885 expellen-

157 2898 218 2955 di
247 2915 283 2956 a
304 2898 593 2956 consiliis.
618 2899 860 2967 Quoties
885 2917 1024 2957 vero
1054 2917 1189 2957 cum
1220 2900 1338 2957 illis
1366 2901 1676 2958 consilium
1708 2901 1819 2957 ini-

158 2985 272 3055 bis,
296 2987 529 3045 etiamsi
570 2988 786 3058 habile,
818 2993 1018 3046 tamen
1062 3007 1294 3062 semper
1322 2992 1395 3046 ad
1440 2993 1690 3064 majores
1721 2992 1820 3048 de-

155 3074 313 3131 feras
344 3074 465 3149 [al.,
494 3077 775 3149 differas],
803 3082 872 3134 ut
900 3094 1104 3135 omnes
1135 3083 1301 3136 actus
1330 3084 1464 3136 tuos
1496 3097 1704 3136 norma
1731 3096 1823 3137 sa-

156 3162 395 3237 pientiae
426 3181 755 3222 measures.

232 3256 362 3310 an».
393 3253 543 3312 VIII.
586 3254 739 3324 Quod
773 3256 1009 3328 majores
1055 3258 1270 3313 imitari
1315 3256 1562 3325 debeant,
1609 3267 1660 3315 et
1704 3259 1818 3330 ﬁlii
1845 3224 1888 3291 (ἶ

150 3341 375 3400 obedire
398 3344 738 3415 parentibus.
768 3344 1024 3401 Imitatio
1056 3347 1178 3418 [al.,
1210 3346 1494 3421 executio]
1521 3348 1814 3418 majorum

154 3431 218 3486 in
248 3430 431 3505 regali
462 3430 747 3504 dignitate
769 3436 1040 3489 octavum
1072 3435 1334 3507 possidet
1360 3434 1577 3499 locum.
1604 3437 1817 3510 Regale

154 3510 573 3577 ornamentum
594 3520 741 3576 scito
766 3536 900 3578 esse
923 3523 1272 3591 maximum,
1296 3523 1462 3596 sequi
1494 3528 1819 3581 antecesso-

155 3623 253 3664 res
283 3623 472 3681 reges,
505 3612 563 3664 et
585 3608 872 3666 honestos
918 3608 1140 3667 imitari
1188 3616 1479 3684 parentes.
1503 3612 1611 3679 Qui
1653 3613 1814 3670 enim

146 3700 599 3757 antecessorum
631 3699 866 3757 decreta
894 3700 1120 3773 spernit
1163 3704 1416 3773 patrum,
1448 3718 1556 3758 nec
1586 3702 1814 3759 divinas

151 3790 437 3858 procurat
466 3784 644 3860 leges,
677 3788 911 3860 peribit.
935 3788 1136 3845 Patres
1160 3788 1315 3844 enim
1346 3789 1530 3846 idirco
1551 3794 1691 3846 sunt
1720 3808 1817 3863 pa-

153 3876 298 3942 tres,
321 3878 389 3929 ut
430 3875 695 3931 nutriant
741 3875 914 3945 filios,
947 3877 1193 3951 ideoque
1224 3882 1363 3934 sunt
1408 3878 1534 3948 ﬁlii,
1567 3887 1631 3935 ul
1678 3880 1812 3937 obe-

153 3962 323 4019 diant
351 3963 636 4036 patribus.
660 3963 768 4029 Qui
798 3966 951 4038 patri
992 3984 1101 4023 suo
1131 3967 1369 4033 resistit,
1401 3966 1679 4024 inimicus
1710 3969 1811 4025 Dei

153 4049 355 4106 existit
404 4052 527 4123 [al.,
566 4052 876 4124 consistit].
911 4053 1126 4110 Omnes
1177 4055 1335 4111 enim
1386 4055 1811 4124 inobedientes,

153 4142 272 4194 Deo
318 4143 458 4195 sunt
501 4140 866 4197 resistentes.
902 4142 1156 4215 Spiritus
1195 4144 1353 4199 enim
1401 4145 1810 4201 inobedientiie

152 4226 442 4300 dispergit
487 4227 659 4284 ﬂores
701 4244 945 4284 coronis.
981 4230 1380 4288 lnobedientia
1426 4233 1581 4290 enim
1632 4234 1811 4291 totius

151 4314 321 4390 regni
350 4319 442 4373 est
464 4315 818 4388 pestilentia.
841 4317 1173 4391 Propterea,
1194 4318 1279 4374 illi
1304 4319 1668 4391 charissime,
1693 4324 1810 4380 edi-

149 4408 249 4463 ctu
277 4404 461 4477 patris
490 4403 575 4460 tui
601 4420 835 4477 semper
863 4405 971 4462 tibi
1002 4406 1124 4463 sint
1154 4413 1557 4481 promptuosa,
1582 4414 1647 4466 ut
1676 4429 1806 4484 pro-

150 4492 405 4566 speritas
430 4495 537 4549 tua
587 4492 807 4566 ubique
854 4493 1150 4568 regalibus
1199 4495 1486 4570 dirigatur
1537 4499 1801 4556 habenis.

1933 1922 2445 1991 concupiscentiam,
2465 1929 2517 1976 et
2546 1922 2731 1976 animo
2756 1922 3079 1976 irreverenti
3097 1926 3148 1975 et
3168 1919 3438 1990 infrunito
3458 1914 3582 1989 [al.,

1936 2009 2232 2082 infrenato]
2276 2025 2345 2064 ne
2391 2009 2575 2065 tradas
2621 2026 2708 2065 me
2737 2010 2935 2080 (Eccli.
2969 2026 3127 2077 χχιιι,
3163 2009 3301 2076 4-6),
3331 2007 3580 2063 Domine.

1936 2096 2067 2152 Haec
2098 2098 2296 2169 itaque
2334 2099 2593 2155 oratione
2638 2098 2863 2170 antiqui
2912 2099 3229 2154 utebantur
3274 2112 3459 2170 reges.
3493 2096 3582 2151 Tu

1936 2202 2168 2257 quoque
2197 2186 2305 2242 hac
2334 2187 2539 2243 eadem
2575 2191 2754 2257 utere,
2778 2190 2844 2243 ut
2873 2187 3026 2243 Deus
3058 2188 3269 2241 cuncta
3294 2184 3438 2240 vitia
3466 2200 3503 2240 a
3527 2187 3586 2240 te

1937 2275 2165 2330 auferre
2194 2276 2486 2348 dignetur,
2511 2280 2574 2331 ut
2600 2275 3026 2331 invictissimus
3045 2291 3147 2331 rex
3175 2291 3211 2330 a
3230 2273 3459 2333 cunctis
3480 2291 3583 2329 no-

1939 2364 2199 2420 mineris.
2220 2365 2334 2420 Ora
2375 2365 2572 2431 etiam,
2599 2368 2664 2420 ut
2700 2365 2989 2421 desidiam
3019 2368 3076 2420 et
3102 2363 3517 2419 hebetudinem
3551 2380 3585 2419 a

1937 2457 1993 2509 te
2022 2452 2294 2525 depellat,
2328 2458 2385 2510 et
2414 2452 2887 2527 supplementum
2930 2454 3193 2509 omnium
3227 2451 3334 2509 tibi
3360 2452 3584 2508 tribuat

1935 2542 2238 2610 virtutum,
2264 2543 2480 2615 quibus
2522 2542 2782 2599 visibiles
2809 2547 2867 2598 et
2894 2542 3218 2600 invisibiles
3246 2542 3444 2598 vincas
3470 2541 3580 2596 ini-

1937 2632 2140 2699 micos,
2166 2637 2230 2688 ut
2262 2649 2505 2689 securus
2536 2636 2593 2688 et
2623 2632 2926 2704 expeditus
2955 2632 3028 2688 ab
3058 2631 3219 2688 omni
3250 2630 3582 2687 incursione

1933 2720 2421 2788 adversariorum,
2441 2738 2574 2777 cum
2599 2721 2874 2778 omnibus
2895 2721 3000 2778 tibi
3022 2720 3324 2793 subjectis,
3341 2736 3581 2777 cursum

1933 2810 2118 2866 aetatis
2147 2815 2260 2866 tuae
2289 2811 2418 2867 vitae
2449 2827 2584 2867 cum
2614 2828 2753 2884 pace
2784 2810 2974 2884 possis
3009 2810 3194 2866 ﬁnire.

2002 2899 2129 2957 CAP.
2164 2904 2233 2954 X.
2266 2901 2342 2956 De
2364 2902 2564 2973 pietate
2606 2905 2657 2957 et
2696 2901 3093 2969 misericordia,
3121 2902 3438 2972 exterisque
3467 2901 3577 2955 vir-

1930 2990 2157 3044 tutibus.
2191 2989 2400 3045 Modus
2432 2989 2715 3045 virtutum
2745 2994 2916 3046 ornat
2943 3005 3219 3045 coronam
3258 3000 3489 3062 regum,
3521 2992 3581 3044 et

1928 3076 1989 3133 in
2021 3078 2322 3150 praeceptis
2360 3077 2598 3151 ponitur
2634 3077 2900 3133 decimus
2932 3095 2946 3133 :
2980 3093 3118 3133 nam
3148 3076 3436 3132 Dominus
3462 3076 3578 3132 vir-

1928 3169 2124 3221 tutum
2171 3165 2297 3238 ipse
2326 3170 2415 3222 est
2444 3167 2563 3222 Rex
2608 3180 2836 3238 regum.
2869 3166 3031 3222 Sicut
3076 3181 3214 3238 ergo
3265 3164 3358 3220 sui
3412 3180 3577 3221 exer-

1928 3254 2082 3312 citus
2123 3253 2374 3312 ccclesiis
2423 3254 2727 3327 plenitudo
2759 3254 2820 3309 in
2851 3254 3019 3310 denis
3067 3254 3338 3310 consistit
3384 3253 3578 3311 choris

1925 3345 2123 3413 (104'),
2149 3344 2233 3400 sic
2260 3348 2374 3399 tuae
2402 3345 2532 3399 vita
2576 3344 2937 3400 conversatio
2966 3342 3025 3397 in
3050 3343 3250 3399 decem
3300 3341 3577 3415 persistat

1926 3432 2243 3488 mandatis.
2270 3432 2505 3504 Oportet
2527 3446 2721 3506 regem
2753 3447 2882 3489 esse
2904 3430 3088 3503 pium,
3114 3430 3574 3497 misericordem,

1925 3523 1981 3576 et
2025 3521 2250 3576 caeteris
2297 3519 2611 3576 virtutibus
2668 3520 2963 3575 imbutum
3009 3524 3068 3576 et
3115 3521 3409 3575 ornatum.
3458 3519 3577 3575 Rex

1925 3609 2082 3665 enim
2135 3609 2435 3682 impietate
2475 3614 2533 3666 et
2580 3606 2920 3665 crudelitate
2969 3608 3241 3674 fcedatus,
3273 3606 3573 3663 incassum

1924 3697 2037 3753 sibi
2067 3698 2337 3755 vendicat
2365 3714 2577 3754 nomen
2609 3698 2785 3771 regis,
2811 3697 2948 3771 quia
2971 3700 3254 3770 tyrannus
3277 3700 3366 3753 est
3384 3696 3576 3753 dicen-

1922 3786 2055 3842 dus.
2089 3787 2174 3842 0b
2215 3787 2322 3843 hoc
2366 3802 2502 3859 ergo
2532 3788 2654 3859 [al.,
2687 3786 2836 3861 ego],
2862 3786 2945 3841 fili
3001 3786 3077 3841 mi
3127 3784 3570 3853 amabilissime,

1923 3875 2170 3932 dulcedo
2202 3876 2396 3932 cordis
2448 3877 2582 3944 mei,
2626 3892 2759 3949 spes
2813 3876 3022 3931 futura:
3077 3873 3315 3940 sobolis,
3348 3890 3570 3946 precor,

1914 3967 2116 4039 jubeo,
2151 3970 2218 4021 ut
2247 3982 2349 4039 per
2376 3964 2575 4021 omnia
2617 3969 2674 4021 et
2703 3965 2764 4020 in
2794 3963 3071 4021 omnibus
3102 3963 3315 4035 pietate
3364 3961 3569 4031 fultus,

1923 4072 2038 4111 non
2068 4053 2261 4110 solum
2293 4052 2605 4127 parentalia
2626 4056 2685 4109 et
2703 4051 3057 4127 cognationi,
3073 4051 3160 4107 vel
3184 4051 3568 4124 principibus,

1921 4144 2042 4200 sive
2068 4144 2339 4212 ducibus,
2373 4142 2492 4199 sive
2538 4141 2840 4210 divitibus,
2870 4159 2974 4198 seu
3004 4140 3212 4197 vicinis
3260 4145 3318 4196 et
3363 4139 3572 4197 incolis

1920 4232 2003 4289 sis
2034 4232 2352 4305 propitius;
2384 4246 2586 4287 verum
2617 4230 2791 4288 etiam
2834 4230 3123 4286 extraneis
3153 4234 3209 4286 et
3238 4229 3466 4286 cunctis
3496 4230 3568 4285 ad

1919 4326 1975 4377 te
2004 4320 2394 4376 venientibus.
2427 4320 2574 4376 Nam
2618 4336 2764 4391 opus
2785 4318 3029 4392 pietatis
3059 4320 3133 4375 ad
3181 4334 3479 4375 summam
3512 4323 3570 4374 te

1918 4409 2081 4466 ducit
2128 4403 2571 4466 beatitudinem.
2606 4409 2701 4466 Sis
2748 4408 3080 4466 misericors
3128 4408 3403 4464 omnibus
3449 4408 3567 4464 vim

1918 4499 2297 4571 patientibus,
2321 4515 2552 4571 semper
2579 4496 2724 4554 illud
2750 4498 2973 4554 Domini
3004 4497 3065 4554 in
3087 4497 3204 4554 tuis
3232 4498 3567 4570 praecordiis

150 4581 346 4638 Mores
389 4579 628 4654 quidem
679 4599 863 4653 meos,
893 4600 1041 4657 quos
1086 4584 1267 4659 regali
1294 4585 1456 4643 vides
1503 4589 1810 4646 convenire
1837 4587 1886 4653 D
1917 4587 2140 4643 habens
2170 4585 2499 4660 exemplum
2527 4605 2537 4643 :
2563 4587 2991 4645 Misericordiam
3018 4588 3157 4655 volo,
3181 4591 3231 4643 et
3259 4604 3368 4645 non
3389 4588 3567 4644 sacri-

149 4668 449 4745 dignitati,
473 4669 602 4730 sine
629 4669 860 4730 vinculo
889 4674 1071 4730 totius
1101 4674 1506 4748 ambiguitatis
1537 4693 1801 4750 sequere.

149 4760 335 4816 Grave
361 4759 519 4821 enim
548 4759 657 4817 tibi
687 4764 778 4818 est
801 4762 983 4834 hujus
1014 4762 1268 4820 climatis
1311 4768 1508 4822 tenere
1536 4782 1803 4839 regnum,

146 4846 265 4905 nisi
296 4847 554 4907 imitator
582 4851 1022 4908 consuetudinis
1060 4856 1194 4910 ante
1222 4855 1595 4928 regnantium
1626 4857 1799 4913 exsti-

142 4936 291 4994 teris
338 4953 565 5013 regum.
598 4941 641 5006 Q
717 4956 747 4997 s
788 4943 1021 4997 Graecus
1052 4947 1276 5016 regeret
1322 4943 1555 5000 Latinos
1585 4944 1799 5002 Graecis

143 5024 457 5085 moribus?
486 5031 628 5084 aut:
705 5027 756 5084 is
793 5028 1033 5085 Latinus
1065 5030 1291 5087 Graecos
1324 5031 1540 5089 Latinis
1577 5038 1801 5107 regeret

143 5115 457 5172 moribus?
504 5114 607 5171 nul
681 5132 730 5171 s.
784 5116 1002 5172 Idcirco
1050 5119 1507 5176 consuetudines
1558 5138 1798 5193 sequere

189 5221 588 5304 ,(104³),οιιοά
620 5221 1047 5350 summitur
1077 5223 1331 5281 cmlestis
1361 5226 1657 5283 exercitus
1675 5227 1797 5301 ple-

189 5291 455 5350 Itudo,m
496 5291 653 5349 denis
810 5296 820 5306 '
892 5293 1230 5350 consistere.
1263 5295 1481 5350 mirum
1539 5304 1794 5350 sonaret.

141 5291 455 5353 nitudo,in
693 5291 844 5350 horis
892 5293 1230 5371 consistere,
1263 5295 1481 5371 mirum
1539 5291 1795 5371 apparet,

140 5379 281 5421 cum
313 5377 521 5437 novem
546 5367 775 5421 tantum
798 5364 1139 5437 angelorum
1161 5366 1320 5423 chori
1343 5364 1795 5427 enumer'e'nturi

142 5439 207 5490 at
231 5434 530 5506 suspicior
556 5439 824 5490 sanctum
858 5434 960 5506 per
989 5437 1232 5493 chorum
1265 5438 1557 5495 decimum
1586 5440 1798 5497 intelli-

144 5521 285 5631 gere
314 5505 520 5588 omnes
558 5505 827 5588 homines
857 5505 1085 5590 Caelesti
1121 5508 1306 5592 gloria
1353 5510 1653 5568 exaltatos.
1686 5513 1797 5569 Ha-

188 5592 253 5631 es
283 5575 400 5631 hic.
428 5575 630 5631 lector.
654 5576 874 5631 Monita
902 5583 1089 5631 sancti
1118 5596 1292 5631 P8218.
1316 5598 1443 5631 cum
1474 5581 1797 5631 luculenter

188 5575 400 5653 es_hic,
428 5575 632 5653 lector,
654 5576 874 5653 Monita
902 5579 1089 5653 sancti
1118 5575 1292 5653 regis,
1316 5598 1443 5653 quia
1474 5581 1801 5648 luculenter

147 5646 404 5706 tendunt
458 5651 715 5719 quantus
795 5649 990 5717 fuerit,
1038 5666 1155 5708 non
1183 5646 1375 5708 'mod'o
1450 5646 1797 5713 Christianis

1913 4676 2102 4747 ﬁcium
2138 4676 2347 4749 (Matth.
2378 4693 2458 4746 Ix,
2484 4677 2589 4749 13).
2620 4676 2853 4733 Patiens
2901 4681 3021 4734 esto
3070 4677 3141 4732 ad
3186 4692 3412 4743 omnes,
3447 4692 3564 4731 non

1918 4769 2148 4821 tantum
2179 4768 2464 4837 potentes,
2491 4766 2592 4821 sed
2621 4764 2797 4821 etiam
2837 4768 3121 4838 potestate
3151 4768 3436 4820 carentes.
3473 4763 3565 4819 Sis

1908 4852 2159 4926 denique
2187 4854 2374 4921 fortis,
2399 4871 2470 4910 ne
2499 4859 2555 4910 te
2586 4854 2942 4927 prosperitas
2992 4852 3169 4910 nimis
3227 4852 3428 4918 elevet,
3461 4855 3564 4907 aut

1905 4942 2229 5001 adversitas
2258 4944 2510 5016 dejiciat.
2528 4944 2622 5000 Sis
2663 4959 2896 5015 quoque
2944 4941 3206 5013 humilis,
3233 4947 3297 4997 ut
3324 4940 3479 4997 Deus
3509 4945 3566 4997 to

1907 5032 2094 5089 altum
2126 5033 2319 5100 faciat,
2342 5033 2437 5089 hic
2481 5036 2538 5088 et
2586 5033 2645 5087 in
2694 5033 2911 5088 futuro.
2946 5031 3039 5088 Sis
3067 5048 3199 5087 vero
3232 5029 3559 5099 modestus,

1908 5126 1965 5176 et
1997 5121 2150 5178 ultra
2180 5121 2419 5176 modum
2468 5119 2765 5176 neminem
2806 5120 3017 5193 punias
3047 5108 3431 5175 vel'damnes.
3465 5118 3560 5174 Sis

1907 5228 2244 5307 virtutibus,
2291 5227 2394 5283 sed
2443 5226 2619 5307 etiam
2669 5230 2791 5282 arte
2825 5225 3151 5307 regnandi.
3190 5224 3375 5307 Digna
3419 5241 3561 5281 sane

1909 5300 2030 5355 haec
2060 5303 2200 5381 sunt
2228 5315 2356 5372 quae
2388 5298 2721 5381 principum
2744 5295 2959 5381 animis
2983 5296 3097 5353 alte
3125 5295 3421 5381 insculpta
3442 5312 3559 5352 ma-

1908 5375 2104 5426 neant.
2138 5368 2303 5426 Nunc
2357 5368 2629 5425 similiter
2679 5369 2830 5425 dabo
2885 5368 3062 5440 leges,
3087 5384 3234 5440 quas
3265 5368 3420 5423 idem
3460 5385 3559 5424 rex

1908 5441 2166 5513 subditis
2209 5442 2332 5497 suis
2380 5441 2757 5513 praescripsit,
2784 5444 2849 5495 ut
2905 5439 2974 5495 ex
3031 5439 3308 5497 omnibus
3366 5444 3560 5513 pateat

1908 5512 2101 5586 qualis
2133 5510 2399 5585 quantus
2433 5531 2503 5569 ue
2534 5510 2727 5580 fuerit,
2761 5531 2780 5567 c
2803 5516 3166 5583 uantumque
3198 5510 3458 5594 apostolo
3490 5528 3556 5568 ac

1908 5584 2226 5643 leaislatori
2262 5601 2368 5642 suo
2391 5531 2730 5643 Ehristiana
2760 5533 2967 5641 debeat
2998 5582 3312 5643 Hungana.

1906 5582 2226 5658 legislatori
2262 5601 2368 5642 suo
2398 5582 2730 5643 Christiana
2760 5582 2967 5641 debeat
2998 5582 3312 5656 Hungaria.
