3968 6158
169 299 327 366 1243

1732 302 2010 369 LEGES.

3418 301 3577 370 1246

169 436 394 494 fensam
415 436 697 494 ducerent
713 437 915 505 vitam,
934 441 1000 494 ut
1015 437 1398 496 sicutdivinis
1419 436 1648 511 legibus
1676 442 1815 495 sunt
1842 438 1896 504 Α
1932 458 1935 459 ν
1996 441 2129 493 CAP.
2165 438 2258 495 IIl.
2294 438 2490 509 Quales
2518 439 2743 497 debeant
2772 457 2883 498 esse
2909 444 3253 498 accusatores
3281 448 3333 497 et
3393 444 3573 510 testes,

169 525 357 594 ditati,
390 526 664 583 similiter
695 528 871 583 etiam
902 526 1268 584 secularibus
1301 527 1420 583 sint
1466 527 1703 592 addicti,
1752 532 1817 583 ut

167 620 455 688 quantum
484 616 622 672 boni
655 616 716 671 in
746 615 961 672 divinis
989 615 1367 690 ampliantur,
1401 620 1633 672 tantum
1677 614 1816 671 mali

165 707 223 760 et
250 704 331 760 rei
364 704 426 759 in
455 703 588 762 istis
619 704 937 761 vilitentur.
964 706 1099 770 Quae
1124 710 1321 762 autem
1344 704 1731 772 decrevimus,
1755 705 1814 760 in

166 791 555 864 sequentibus
583 793 1031 850 subnotavimus
1053 795 1096 866 (Ι
1109 795 1220 867 05).

237 881 372 938 CAP.
405 882 448 938 Ι.
481 883 556 938 De
582 884 727 939 statu
754 884 1115 941 ecclesiastico
1141 891 1192 940 et
1219 886 1567 940 veneratione
1623 883 1815 939 domus

161 970 281 1026 Dei.
313 969 592 1043 Quisquis
621 971 778 1028 fastu
817 971 1105 1044 superbiae
1149 970 1361 1039 elatus,
1415 973 1662 1029 domum
1711 970 1813 1027 Dei

163 1057 327 1115 ducit
350 1059 873 1133 contemptibilem,
893 1064 951 1117 et
970 1061 1371 1133 possessiones
1385 1066 1813 1118 Deoconseera-

160 1150 273 1216 tas,
306 1151 483 1220 atque
513 1150 587 1206 ad
618 1150 902 1205 honorem
934 1150 1036 1206 Dei
1070 1150 1181 1207 sub
1210 1152 1371 1224 regia
1417 1150 1813 1207 immanitatis

160 1235 495 1294 defensione
527 1238 902 1303 constitutas,
935 1237 1244 1296 inhoneste
1274 1240 1561 1307 tractarit,
1592 1239 1678 1295 vel
1722 1238 1810 1294 in-

160 1324 413 1399 fringere
435 1328 899 1400 praesumpserit,
939 1329 1107 1401 quasi
1124 1329 1359 1386 invaser
1379 1334 1436 1385 et
1451 1329 1697 1387 violator
1717 1330 1813 1386 do-

158 1428 294 1470 mus
324 1414 426 1471 Dei
450 1417 1011 1473 excommunicetur.
1043 1417 1217 1475 Decet
1246 1418 1403 1474 enirn
1438 1424 1503 1475 ut
1538 1419 1807 1493 indigna-

157 1502 381 1559 tionem
405 1504 591 1576 ipsius
608 1505 830 1562 domini
850 1507 1006 1580 regis
1028 1508 1261 1575 sentiat,
1287 1525 1354 1564 cn
1357 1510 1456 1578 jus
1469 1509 1811 1566 benevolen-

156 1590 254 1647 tias
282 1596 648 1665 contemptor
670 1599 729 1650 et
754 1596 1193 1653 constitutionis
1211 1599 1616 1670 praevaricator
1630 1598 1807 1655 exsti-

156 1678 248 1736 tit.
272 1679 671 1740 Nihilominus
691 1687 887 1741 tamen
913 1702 1005 1741 rex
1035 1703 1155 1742 suae
1175 1688 1568 1745 concessionis
1588 1688 1804 1744 immu-

1924 531 2033 583 ete.
2065 528 2270 585 Testes
2302 535 2525 598 autem,
2556 533 2613 585 et
2642 533 3009 587 accusatores
3038 531 3164 587 sine
3222 529 3427 602 aliqua
3456 530 3575 585 sint

1922 615 2184 688 infamia,
2212 623 2488 677 uxoreset
2506 617 2657 674 filios
2689 618 2991 689 habentes,
3024 625 3078 674 et
3104 620 3343 676 omnnio
3375 618 3569 676 Chris-

1886 718 1891 721 ‘
1924 709 2083 761 stum
2111 707 2520 778 praedicantes.
2554 707 2982 764 Testimonium
3007 707 3137 764 laici
3163 710 3442 765 adversus
3463 708 3573 764 ele-

1922 794 2108 850 ricum
2140 812 2310 851 nemo
2340 796 2622 870 recipiat:
2651 812 2822 853 nemo
2853 796 3028 853 etiam
3053 796 3373 869 quemlibet
3403 796 3570 852 cleri-

1923 899 2057 939 cum
2090 882 2149 938 in
2181 883 2434 955 publico,
2468 884 2670 959 nisiin
2700 885 2950 942 ecclesia
2979 884 3311 941 examinare
3333 885 3454 955 [al.,
3478 902 3569 941 ex-

1922 973 2359 1029 communicare
2382 974 2401 1047 ]
2433 979 2770 1047 praesumat.

1992 1060 2127 1116 CAP.
2162 1061 2256 1116 IV.
2290 1063 2365 1117 De
2401 1064 2621 1119 assiduo
2649 1072 2702 1120 et
2752 1064 2912 1135 gravi
2966 1063 3152 1118 labore
3206 1061 3562 1118 sacerdotum.

1920 1148 2154 1214 Scitote,
2188 1150 2398 1208 fratres
2426 1153 2620 1208 cuncti
2655 1153 2811 1225 quod
2843 1169 3022 1224 supra
3053 1167 3255 1207 omnes
3298 1150 3567 1207 laborant

1894 1239 2268 1307 .sacerdotes,
2302 1240 2711 1313 unusquisque
2740 1240 2897 1298 enim
2934 1245 3193 1296 vestrum
3225 1257 3400 1296 suum
3458 1240 3568 1295 fert

1919 1325 2174 1383 laborem
2208 1330 2509 1401 proprium
2538 1348 2551 1399 ;
2585 1330 2668 1386 illi
2702 1332 2823 1403 [at.,
2879 1329 2974 1385 ille
3002 1331 3087 1407 uti
3138 1332 3187 1384 et
3215 1330 3387 1402 infra]
3431 1346 3564 1386 vero

1917 1418 1975 1470 et
2006 1433 2202 1485 suum,
2235 1422 2293 1473 et
2314 1418 2702 1490 singulorum.
2730 1420 2862 1475 Ideo
2886 1418 3134 1475 sicutilli
3169 1435 3273 1491 pro
3290 1417 3565 1474 omnibus

1917 1504 2103 1571 vobis,
2137 1506 2217 1561 ita
2246 1512 2303 1561 et
2319 1525 2417 1564 vos
2439 1525 2641 1564 omnes
2668 1526 2771 1581 pro
2793 1509 2877 1564 eis
2902 1524 3274 1579 summopere
3294 1506 3565 1562 laborare

1917 1593 2163 1662 debetis,
2197 1595 2256 1650 in
2288 1601 2545 1665 tantum,
2580 1602 2641 1652 ut
2671 1598 2719 1652 si
2747 1597 3065 1653 necessitas
3095 1597 3288 1664 fuerit,
3334 1595 3566 1652 animas

1913 1686 2135 1738 vestras
2170 1701 2272 1755 pro
2301 1685 2386 1741 eis
2419 1686 2670 1758 ponatis.

156 1768 404 1826 nitatem
434 1771 508 1870 ab
530 1771 869 1871 hominibus
891 1774 1095 1830 ditioni
1118 1792 1236 1830 suae
1258 1776 1801 1847 subjectisillazsam
1837 1806 1883 1871 Β
1985 1771 2117 1828 CAP.
2262 1774 2411 1871 (1οᾘ
2468 1776 2544 1830 De
2596 1777 2934 1871 concessioue
2980 1775 3157 1871 regali
3184 1865 3192 1871 ι
3205 1776 3563 1871 propriarum

154 1859 484 1914 conservari
522 1861 823 1933 praecipiat
851 1880 864 1929 ;
898 1879 1208 1919 assensum
1239 1880 1373 1919 vero
1406 1881 1520 1920 non
1551 1867 1806 1937 praebeat

153 1944 479 2019 improvide
499 1949 935 2006 afﬁrmantibus
961 1968 1072 2008 non
1097 1952 1304 2008 debere
1325 1957 1480 2009 esset
1501 1970 1592 2010 res
1613 1954 1805 2010 Domi-

153 2033 336 2105 nicas,
369 2034 429 2092 id
461 2042 549 2094 est
576 2038 821 2095 Domino
851 2040 1283 2096 dominantium
1317 2042 1580 2097 traditas.
1603 2045 1803 2115 Itaque

151 2121 264 2178 sub
294 2123 631 2182 defensione
649 2127 804 2201 regis
828 2127 925 2196 sit,
943 2133 1001 2184 et
1021 2128 1194 2184 sicuti
1214 2146 1333 2184 suae
1366 2131 1610 2202 proprias
1630 2131 1800 2188 haere-

150 2210 344 2279 ditati,
370 2214 697 2287 magisque,
727 2217 990 2273 advertat
1036 2218 1183 2285 Quia
1208 2222 1428 2290 quanto
1446 2219 1599 2275 Deus
1622 2219 1803 2276 excel-

150 2298 366 2357 lentior
402 2306 491 2358 est
530 2303 787 2371 homine,
842 2308 1004 2361 tanto
1055 2307 1425 2378 praestantior
1469 2312 1560 2364 est
1604 2309 1802 2363 divina

148 2404 329 2446 causa
356 2391 689 2448 mortalium
716 2393 1108 2465 possessione.
1170 2396 1453 2460 Quocirca
1510 2397 1801 2469 decipitur

150 2477 424 2550 quisquis
454 2478 588 2553 plus
616 2481 676 2537 in
709 2483 962 2555 prepriis
993 2501 1170 2556 quam
1198 2485 1257 2539 in
1281 2485 1600 2541 Dominicis
1622 2487 1799 2542 rebus

148 2565 474 2639 gloriatur:
506 2586 756 2642 quarum
792 2573 911 2639 [at.,
946 2572 1170 2628 additur
1199 2571 1530 2630 divinarum
1576 2573 1800 2650 rerum]

145 2654 440 2725 defensor,
472 2662 528 2713 et
543 2663 742 2715 custos
758 2660 1080 2717 divinitatis
1098 2663 1116 2735 [
1132 2663 1244 2733 lege
1256 2662 1556 2735 divinitus]
1579 2664 1794 2719 consti-

146 2746 336 2813 tutus,
371 2744 637 2819 diligenti
669 2765 809 2803 cura
838 2766 953 2805 non
1003 2748 1197 2806 solum
1254 2767 1354 2806 eas
1406 2768 1655 2818 servare,
1693 2752 1792 2808 sed

147 2831 330 2890 etiam
361 2834 750 2907 multiplicare
779 2838 969 2908 debet,
1003 2839 1310 2912 magisque
1340 2839 1459 2910 illa,
1493 2858 1621 2913 qua;
1647 2841 1791 2896 dixi-

147 2938 284 2978 mus
314 2925 737 2994 praastantiora,
763 2944 942 3000 quam
969 2944 1078 2984 sua
1099 2929 1419 2985 defendere
1468 2935 1714 3002 oportet,
1737 2935 1793 2986 et

145 3015 548 3083 augmentare.
578 3014 633 3070 Si
670 3016 804 3087 quis
835 3016 1014 3089 igitur
1043 3017 1308 3086 insanus,
1351 3018 1791 3090 importunitate

143 3097 638 3173 improbitateque
659 3120 767 3159 sua
797 3121 991 3177 regem
1012 3122 1046 3160 a
1067 3110 1220 3161 recte
1241 3107 1539 3179 proposito
1557 3124 1758 3180 perver
1781 3141 1786 3146 -

1914 1874 2119 1914 rerum.
2155 1860 2526 1918 Deerevimus
2550 1862 2729 1936 regali
2753 1866 2956 1918 nostra
2981 1861 3261 1935 potientia
3289 1864 3352 1915 ut
3373 1877 3562 1916 unus-

1915 1947 2163 2020 quisque
2192 1949 2404 2006 habeat
2434 1951 2769 2007 facultatem
2794 1969 2902 2007 sua
2922 1950 3237 2016 dividendi,
3260 1948 3561 2006 tribuendi

1913 2037 2100 2102 uxori,
2162 2039 2318 2103 filiis,
2372 2040 2723 2112 tiliabusque
2783 2045 2957 2113 atque
3012 2039 3375 2113 parentibus,
3441 2039 3559 2094 sive

1912 2125 2202 2195 Ecclesiae,
2238 2144 2342 2183 nec
2373 2133 2505 2200 post
2535 2130 2663 2200 ejus
2694 2129 2923 2185 obitum
2957 2128 3089 2201 quis
3122 2128 3230 2183 hoc
3260 2128 3561 2183 destruere

1912 2214 2142 2269 audeat

1981 2304 2114 2359 CAP.
2152 2304 2244 2359 Vl.
2276 2307 2503 2375 Regalia
2532 2310 2583 2361 et
2610 2307 2730 2376 ﬁsci
2750 2322 2835 2361 res
2863 2307 2976 2361 sin!
3000 2308 3235 2361 intacta.
3270 2303 3557 2361 Volumus

1910 2390 2172 2463 quidem,
2203 2398 2265 2447 ut
2283 2393 2437 2450 sicut
2460 2394 2683 2451 caeteris
2707 2393 3042 2450 facultatem
3065 2393 3335 2449 dedimus
3366 2391 3555 2448 domi-

1909 2479 2086 2533 nandi
2119 2498 2361 2539 suarum
2394 2500 2614 2545 rerum.
2645 2484 2726 2539 ita
2755 2483 2939 2557 etiam,
2962 2499 3074 2549 res,
3110 2480 3348 2547 milites,
3381 2478 3553 2548 servi,

1905 2579 1961 2628 et
1991 2571 2283 2647 quidquid
2313 2573 2389 2628 ad
2423 2577 2685 2629 nostram
2717 2570 2970 2645 regalem
3001 2570 3345 2641 dignitatem
3377 2568 3553 2641 perti-

1906 2670 2022 2731 net,
2057 2678 2397 2737 permanere
2415 2663 2619 2717 debeat
2649 2661 2970 2727 immobile,
2994 2665 3051 2715 et
3079 2678 3110 2716 a
3136 2657 3388 2714 nemime
3410 2657 3552 2729 quid

1904 2753 2040 2810 inde
2072 2753 2354 2826 rapiatur,
2375 2756 2476 2807 aut
2500 2750 2902 2819 subtrahatur,
2923 2766 3026 2805 nec
3043 2749 3357 2821 quisquam
3382 2748 3439 2802 in
3460 2746 3553 2803 his

1890 2843 2197 2916 praedictis
2227 2842 2343 2899 sibi
2374 2842 2630 2897 favorem
2661 2840 2960 2912 acquirere
2990 2838 3221 2895 audeat.

1973 2933 2106 2988 CAP.
2141 2932 2260 2986 VII.
2312 2932 2386 2986 De
2434 2930 2804 2986 observatione
2834 2929 3143 2984 Dominica?
3161 2927 3294 2997 diei,
3341 2929 3452 2981 etc.
3486 2924 3547 2981 Si

1900 3021 2035 3093 quis
2066 3021 2245 3092 igitur
2272 3020 2588 3092 presbyter,
2648 3016 2737 3072 vel
2770 3034 2987 3084 eomes,
3045 3015 3166 3071 sive
3197 3015 3395 3086 aliqua
3433 3012 3549 3069 alia

1901 3126 2150 3182 persona
2198 3107 2407 3174 fidelis,
2466 3107 2559 3162 die
2589 3105 2892 3161 Dominica
2918 3103 3197 3159 invenerit
3226 3100 3548 3175 quemlibet

142 3188 266 3243 tere
294 3190 618 3259 tentaverit,
655 3173 952 3265 nullisque
980 3173 1261 3250 remediis
1305 3173 1576 3268 mitigari
1619 3213 1788 3268 posse
1819 3173 1863 3240 (οἶ
1898 3173 2283 3261 laborantem,
2315 3195 2602 3269 abigatur.
2637 3196 2696 3251 Si
2726 3210 2859 3249 vero
2903 3210 3036 3248 eum
3069 3173 3276 3258 bobus,
3306 3191 3545 3248 tollatur

141 3274 306 3332 visus
336 3276 530 3344 fuerit,
564 3277 700 3336 licet
719 3280 1015 3353 obsequiis
1037 3281 1334 3354 aliquibus
1359 3287 1414 3339 et
1436 3284 1790 3341 transitoriis

142 3362 224 3419 sit
253 3366 640 3433 necessarius,
688 3368 1053 3440 abjiciendus
1110 3373 1182 3427 ab
1239 3389 1306 3427 eo
1363 3372 1787 3444 projieiendus-

142 3467 260 3523 que
288 3456 399 3522 est,
422 3454 596 3525 juxta
624 3455 765 3512 illud
799 3458 1176 3531 Evangelium
1205 3477 1217 3515 :
1251 3461 1309 3517 Si
1369 3478 1490 3533 pes,
1552 3480 1786 3530 manus,

140 3544 247 3596 aut
278 3541 482 3599 oculus
511 3547 653 3601 tuus
677 3546 1035 3603 scandalizat
1063 3551 1119 3604 te
1148 3565 1283 3605 erue
1310 3566 1466 3619 eum,
1486 3554 1542 3607 et
1574 3553 1789 3624 projice

138 3628 248 3687 abs
278 3632 335 3685 te
363 3631 570 3701 (Matth.
602 3651 762 3699 xvm,
793 3635 847 3705 8)
880 3636 1072 3707 (105').

210 3716 345 3773 CAP.
381 3719 450 3775 ll.
481 3723 558 3776 De
606 3727 871 3794 potestate
896 3726 1269 3796 episcoporum
1297 3743 1462 3799 super
1490 3746 1574 3785 res
1618 3732 1785 3786 eccle-

130 3806 405 3863 siasticas.
441 3807 513 3863 Ut
543 3811 801 3882 episcopi
833 3811 1088 3868 habeant
1117 3818 1461 3883 potestatem
1493 3835 1585 3874 res
1605 3818 1784 3875 eccle-

132 3892 404 3951 siasticas
429 3897 755 3969 providere,
790 3916 989 3972 regere
1009 3905 1065 3957 et
1088 3903 1438 3974 gubernare,
1464 3910 1638 3978 atque
1664 3907 1782 3963 dis-

130 3998 378 4055 pensare
407 3985 732 4041 secundum
786 4004 1076 4044 canonum
1137 3992 1565 4061 auctoritatem,
1626 3994 1783 4051 volu~

131 4086 266 4127 mus
296 4077 363 4127 ut
391 4071 522 4129 laici
550 4074 567 4144 (
601 4074 724 4141 406)
764 4092 966 4132 eorum
999 4078 1328 4137 ministerio
1360 4083 1653 4150 obediant,
1708 4086 1779 4140 ad

128 4160 417 4233 regendas
446 4161 747 4229 ecclesias,
786 4164 996 4220 viduas
1028 4170 1085 4221 et
1143 4168 1439 4239 orphanos
1470 4172 1779 4229 defensan-

126 4249 294 4315 dum,
329 4252 387 4305 et
418 4252 482 4304 ut
511 4250 847 4308 obedientes
869 4252 989 4309 sint
1010 4255 1095 4309 eis
1123 4256 1195 4311 ad
1220 4274 1424 4314 eorum
1442 4259 1780 4317 Christiani-

125 4340 306 4393 tatem
341 4338 711 4407 servandam,
740 4342 1291 4416 consentientesque
1316 4346 1436 4402 sint
1460 4349 1701 4406 comites
1723 4358 1779 4407 et

111 4422 351 4495 judices
382 4426 732 4498 prasulibus
752 4429 880 4485 suis
902 4430 973 4485 ad
985 4430 1248 4502 justitias
1271 4433 1587 4501 faciendas,
1607 4437 1777 4508 juxta

1900 3288 2009 3343 sibi
2046 3288 2170 3354 bos,
2204 3291 2261 3341 et
2294 3285 2519 3341 civibus
2574 3285 2646 3340 ad
2697 3282 3175 3338 manducandum
3232 3282 3422 3335 detur.
3486 3280 3546 3335 Si

1899 3380 2096 3432 autem
2121 3391 2253 3430 eum
2287 3374 2475 3446 equis,
2510 3372 2749 3428 tollatur
2792 3386 2999 3443 equus,
3036 3386 3210 3441 quem
3267 3367 3546 3425 dominus

1897 3466 2042 3521 bove
2065 3464 2333 3533 redimat,
2367 3463 2414 3518 si
2449 3461 2585 3518 velit
2612 3479 2625 3530 ;
2652 3465 2709 3516 et
2740 3461 2893 3515 idem
2917 3460 3022 3515 bos
3049 3459 3454 3525 manducetur,
3481 3464 3546 3515 ut

1898 3554 2120 3610 dictum
2152 3558 2259 3609 est.
2294 3552 2352 3609 Si
2384 3551 2482 3624 qui
2515 3550 2645 3607 aliis
2676 3549 3106 3610 instrumentis.
3137 3547 3419 3604 tollantur
3462 3547 3545 3603 in-

1897 3649 2244 3713 strumenta,
2277 3646 2334 3698 et
2363 3640 2735 3696 vestimenta:
2768 3655 2893 3711 quae
2925 3638 2975 3695 si
3028 3636 3184 3706 velit,
3243 3654 3377 3693 cum
3410 3641 3540 3695 cute

1897 3734 2280 3877 1‘62?“an
2317 3822 2378 3877 Ut
2407 3820 2591 3875 eodem
2619 3818 2707 3873 die
2737 3818 3046 3885 Dominica,
3080 3821 3187 3871 etc.
3206 3815 3538 3871 Asacerdo-

1894 3911 2054 3966 tibus
2085 3925 2217 3964 vero
2248 3913 2305 3964 et
2335 3907 2654 3964 comitibus
2672 3905 3116 3960 commendetur
3138 3902 3417 3958 omnibus
3438 3902 3538 3957 vil-

1892 3997 2041 4066 licis,
2064 3997 2147 4052 ita
2175 4000 2241 4051 ut
2271 3997 2528 4069 ipsorum
2564 3996 2762 4066 jussu,
2804 4010 3006 4049 omnes
3063 3994 3415 4047 concurrant
3444 3991 3537 4046 die

1892 4086 2197 4144 Dominica
2228 4086 2299 4141 ad
2331 4083 2660 4151 ecclesiam,
2695 4083 2947 4153 majores
2979 4079 3328 4145 etminores,
3356 4079 3537 4135 viriet

1892 4176 2187 4243 mulieres,
2222 4174 2478 4247 exceptis
2508 4172 2626 4229 illis
2658 4171 2756 4244 qui
2816 4172 2981 4244 ignes
3033 4168 3372 4224 custodiunt
3403 4167 3532 4239 [at.,

1888 4265 2261 4333 custodiant].
2300 4263 2359 4319 Si
2391 4262 2524 4334 quis
2548 4279 2682 4318 vero
2715 4260 3048 4317 obstinatus
3071 4256 3411 4324 remanebit,
3434 4274 3532 4311 va-

1887 4355 2048 4428 pulet
2075 4358 2133 4410 et
2151 4351 2441 4425 depiletur
2465 4352 2636 4424 (108).

1956 4444 2089 4499 CAP.
2128 4442 2213 4497 IX.
2266 4442 2462 4497 Diebus
2514 4444 2747 4512 quatuor
2797 4442 3104 4510 temporum
3164 4453 3356 4492 carnes
3419 4452 3531 4491 non

120 4517 416 4604 pracepta
443 4514 591 4604 legis
620 4516 849 4591 divinae,
872 4524 930 4575 et
950 4519 1294 4591 nullatenus
1314 4523 1416 4596 per
1437 4523 1768 4596 aliquorum
1800 4539 1846 4604 D
1879 4530 2248 4589 comedantur.
2280 4530 2337 4584 Si
2370 4529 2503 4601 quis
2558 4530 2817 4592 Quatuor
2870 4528 3225 4599 Temporum
3276 4526 3529 4595 jejunia,

119 4602 451 4675 mendacia,
468 4603 556 4661 vel
575 4605 790 4662 falsum
807 4608 1232 4679 testimonium,
1258 4628 1447 4684 neque
1458 4629 1561 4684 per
1576 4615 1698 4686 perj
1708 4632 1768 4670 u-

118 4690 411 4760 rium,aut
419 4709 523 4765 per
533 4696 841 4766 praemium
855 4696 1183 4769 lexjustain
1197 4699 1394 4772 aliquo
1409 4702 1717 4774 depravetu
1727 4721 1772 4758 r.

152 4870 352 4952 .(105)_
397 4869 619 4952 Sensus
676 4874 856 4952 hujus
912 4878 1272 4952 praefationis
1331 4879 1496 4952 initio
1555 4882 1771 4937 obscu-

117 4945 380 5031 riorjest,
412 4945 773 5031 quioa‘varie
819 4945 1162 5031 interpungi
1209 4956 1436 5031 potest.
1488 4951 1627 5031 Mihi
1689 4953 1769 5031 le-

1876 4621 2102 4679 cunctis
2136 4618 2392 4692 cognit,a
2420 4634 2653 4672 carnem
2678 4617 3061 4683 manducans,
3085 4613 3402 4679 violaverit,
3428 4629 3530 4684 per

1885 4708 2142 4783 spatium
2174 4707 2352 4763 unius
2383 4706 2761 4762 hebdomade:
2794 4704 3060 4759 inclusus
3080 4704 3328 4775 jejunet.

1880 4886 1990 4942 col.
2027 4888 2111 4942 44.
2148 4886 2229 4941 Ex
2258 4901 2324 4941 eo
2357 4883 2666 4957 corrigitur
2698 4883 2977 4957 mendum
3009 4881 3151 4957 illud
3173 4897 3397 4957 Lsupra
3437 4881 3521 4936 uti

1877 4959 2189 5014 divinitatis
2220 4957 2276 5011 in
2312 4953 2586 5012 omnibus
2618 4954 2831 5028 legitur
2854 4972 2958 5027 pro
2998 4953 3290 5018 divinitus,
3342 4955 3407 5007 ut
3437 4957 3526 5008 est

115 5012 381 5139 gendum
415 5012 474 5071 et
504 5012 1040 5099 interpungendu'm
1071 5012 1319 5102 videtur,
1380 5027 1445 5077 ut
1501 5023 1767 5094 phrasim
1877 5012 2382 5102 apudLabbeum.

156 5084 274 5139 edi.
316 5084 454 5139 licet
481 5085 649 5139 aliter
688 5093 1155 5139 Internunxermt
1211 5091 1329 5139 aln-
1385 5092 1607 5139 Sensum
1637 5102 1725 5139 ent
1749 5114 1761 5126 -
1951 5102 2098 5139 (mm
2133 5099 2367 5139 Dor-tina

156 5084 274 5151 edi,
316 5084 454 5142 licet
481 5084 1155 5152 aliter—interpunxerint
1211 5091 1329 5146 alii.
1385 5084 1607 5150 Sensus
1637 5102 1761 5152 est:

1951 5102 2098 5172 (106)
2132 5099 2367 5172 Rectius
2397 5098 2456 5152 in
2488 5095 2846 5172 Moguntina
2882 5096 3058 5172 verba
3113 5096 3523 5172 superio_ra._ut

114 5155 280 5227 Opus
312 5155 489 5242 regis,
524 5155 912 5242 qued‘alendo
937 5160 1283 5242 catholicam
1314 5163 1491 5242 ﬁdem
1516 5166 1762 5242 solidius
1874 5155 2026 5239 laici,
2060 5155 2193 5240 etc.,
2227 5170 2311 5225 sic
2331 5155 2639 5242 leguntur:
2664 5171 2727 5225 Et
2750 5172 2808 5223 ut
2830 5168 2963 5223 laici
2982 5169 3043 5223 in
3063 5155 3251 5223 eoruTm
3272 5167 3520 5222 ministe-

112 5232 437 5307 promovet,
480 5228 627 5285 solet
647 5228 779 5285 aliis
791 5232 1169 5302 operantibus
1181 5234 1250 5289 ad
1275 5235 1547 5291 eumdem
1561 5237 1760 5307 ﬁnem,

113 5297 325 5354 adesse
355 5316 457 5355 seu
494 5297 853 5359 succurrere.

185 5370 363 5441 (195')
389 5372 615 5456 "l‘otum
648 5369 757 5456 hoc
788 5377 981 5456 caput,
1013 5374 1098 5456 uti
1126 5377 1181 5428 et
1208 5390 1484 5456 sequens,
1518 5378 1761 5456 de_su_m-

155 5443 287 5496 tum
318 5444 507 5517 estex
537 5442 779 5498 concilio
810 5442 1149 5517 M’oguntino
1180 5442 1316 5501 anni
1349 5442 1477 5515 8&7,
1507 5450 1617 5503 sub
1651 5450 1760 5506 Ra-

156 5529 294 5590 a_no,
322 5512 425 5569 ubi
447 5512 563 5590 hoc
584 5517 686 5590 _est_
719 5512 1153 5590 canon'sextus,
1193 5512 1467 5590 sequens
1497 5536 1631 5575 vero
1670 5538 1759 5577 se-

113 5582 363 5653 ptimus,
400 5583 483 5640 uti
507 5583 690 5640 videri
722 5590 913 5658 potest
941 5588 1095 5661 apud
1124 5582 1422 5647 Labbeum
1444 5594 1586 5647 tom.
1611 5591 1757 5650 VIII.

1871 5386 2006 5455 poni
2042 5401 2075 5455 p

1870 5245 1955 5299 rio
1983 5243 2525 5313 obediantepiscopis.

1946 5314 2093 5385 (107)
2123 5308 2356 5369 Titulus
2388 5308 2458 5367 ad
2483 5312 2809 5385 marginem
2843 5310 3073 5385 positus
3107 5308 3323 5366 clarius
3345 5308 3427 5366 sic
3451 5326 3520 5366 ex

2081 5382 2269 5439 etest:
2305 5385 2380 5438 De
2406 5382 2747 5439 concessione
2778 5382 3060 5437 tribuendi
3089 5398 3174 5437 res
3202 5398 3349 5437 suas.

1945 5453 2090 5525 (108)
2162 5457 2222 5511 In
2283 5455 2396 5510 alia
2453 5456 2707 5510 editione
2770 5466 2943 5526 pmna‘
2995 5454 3078 5509 sic
3131 5453 3513 5526 exprimitur:

1868 5527 2101 5600 Propter
2132 5527 2358 5583 illorum
2387 5524 2787 5603 negligentiam?
2830 5526 3086 5599 reputent
3116 5532 3167 5581 et
3186 5524 3512 5598 depilentur.
