3948 6168
477 371 648 450 *1247

1490 378 1555 441 S.
1601 376 1995 442 STEPHANI
2021 368 2590 442 ~HUNGARORUM
2635 375 2891 440 REGIS.

3754 366 3875 430 ωε

561 519 698 576 CAP.
729 517 793 575 X.
830 516 994 574 Sexta
1039 517 1184 590 feria
1209 529 1396 570 carnes
1450 529 1563 568 non
1618 511 1868 568 edantur.
1906 511 1967 567 Si
1999 511 2132 584 quis
2162 516 2217 584 Α
2246 511 2540 586 punietur,
2573 515 2676 567 aut
2703 506 3010 566 duodecim
3033 503 3303 580 juvencis
3334 501 3686 570 redimetur,
3720 505 3784 556 et
3811 501 3875 572 je-

489 607 550 664 in
582 611 744 664 sexta
784 608 947 673 feria,
1007 606 1078 662 ab
1125 603 1285 662 omni
1333 601 1765 658 Christianitate
1808 603 2130 665 observata,

491 714 726 755 carnem
759 693 1215 758 manducaverit,
1249 709 1350 764 per
1381 708 1561 746 unam
1587 691 2016 746 hebdomadam
2041 689 2132 744 in-

487 787 689 844 clusus
710 787 939 857 jejunet
969 784 1134 854 {alias
1153 781 1293 838 lucze
1318 783 1433 852 (aut
1461 780 1743 850 tenebris)
1766 779 2133 849 inclususje-

481 876 696 948 junet.]

559 965 691 1019 CAP.
723 962 814 1018 XI.
848 963 920 1017 De
948 964 1051 1028 his,
1085 965 1182 1035 qui
1225 964 1346 1017 sine
1399 962 1734 1032 confessione
1789 959 2128 1013 moriuntur.

487 1054 545 1110 Si
568 1052 700 1125 quis
718 1055 836 1108 tam
856 1052 1190 1108 obstinatus
1211 1055 1299 1106 est
1323 1051 1502 1122 (quod
1525 1048 1680 1104 absit
1701 1048 1773 1103 ab
1792 1047 1951 1102 omni
1973 1044 2131 1099 Chri-

485 1142 696 1213 stiano)
729 1146 794 1196 ut
819 1140 964 1196 nolit
993 1139 1255 1195 conﬁteri
1296 1156 1404 1195 sua
1460 1138 1738 1202 facinora,
1801 1135 2128 1191 secundum

485 1247 730 1286 suasum
761 1229 1104 1302 presbyteri,
1138 1227 1231 1283 hic
1263 1227 1388 1284 sine
1418 1226 1577 1282 omni
1610 1225 1801 1281 divino
1834 1223 2025 1279 ofﬁcio
2073 1225 2130 1276 et

483 1319 868 1392 elcemosynis
881 1319 1075 1390 jaceat
1107 1316 1604 1388 quemadmodum
1631 1313 1912 1369 inﬁdeles.
1943 1312 1998 1367 Si
2029 1328 2129 1366 au-

482 1414 602 1464 tem
630 1412 902 1480 parentes
931 1410 986 1462 et
1016 1406 1264 1478 proximi
1284 1404 1642 1478 neglexerint
1662 1418 1867 1459 vocare
1889 1401 2126 1474 presby-

482 1501 663 1569 teros,
693 1497 776 1551 ita
806 1495 1106 1567 subiaceat
1137 1496 1362 1566 absque
1400 1492 1762 1549 confessione
1812 1490 2005 1558 morti,
2039 1489 2125 1544 di-

475 1591 637 1643 ‘tetur
665 1584 1029 1641 orationibus
1056 1588 1111 1639 et
1142 1582 1478 1639 consoletur
1534 1581 1920 1654 eleemosynis
1948 1598 1960 1644 ;
2023 1577 2124 1633 sed

481 1679 753 1750 parentes
783 1673 952 1730 luant
973 1671 1669 1745 negligentiamjejuniis,
1693 1670 2018 1726 secundum
2043 1686 2129 1724 ar-

479 1765 724 1821 bitrium
758 1764 1251 1836 presbyterorum.
1286 1763 1393 1829 Qui
1415 1777 1548 1816 vero
1573 1760 1882 1815 subitanea
1903 1757 2129 1830 pericli-

480 1856 683 1908 tantur
712 1855 918 1917 morte,
951 1867 1083 1905 cum
1119 1851 1276 1905 omni
1327 1849 1717 1906 ecclesiastico
1771 1847 2125 1920 sepeliantur

480 1940 719 1997 honore.
753 1941 900 1997 Nam
931 1939 1156 1996 occulta
1189 1944 1245 1996 et
1273 1939 1470 1995 divina
1491 1937 1718 2010 judicia
1765 1937 1956 1993 nobis'
1989 1940 2127 1992 sunt

479 2029 795 2102 incognita.

552 2118 685 2174 CAP.
720 2118 842 2174 XII.
875 2121 952 2174 De
991 2117 1326 2174 observanda
1385 2117 1812 2172 Christianitate.
1875 2115 1932 2170 Si
1992 2114 2124 2186 quis

479 2208 882 2264 observatione
903 2205 1356 2264 Christianitatis
1379 2205 1660 2278 neglecta,
1683 2209 1739 2260 et
1758 2203 2124 2277 negligentiae

478 2295 798 2354 stoliditate
829 2296 1041 2367 elatus,
1070 2295 1210 2370 quid
1244 2296 1302 2350 in
1335 2312 1465 2351 eam
1522 2294 1904 2359 commiserit,
1955 2294 2126 2365 juxta

479 2385 824 2459 qualitatem
856 2384 1196 2442 offensionis
1227 2385 1299 2440 ab
1329 2385 1601 2456 episcopo
1634 2399 1737 2456 per
1781 2382 2124 2454 disciplinas

477 2475 599 2547 [al.,
631 2475 1025 2548 disciplinam]
1053 2490 1344 2529 canonum
1359 2472 1679 2544 judicetur.
1712 2471 1769 2526 Si
1791 2487 1923 2526 vero
1947 2470 2127 2526 rebel-

475 2563 636 2622 litate
667 2565 1007 2632 instinctus,
1041 2563 1302 2619 renuerit
1331 2561 1443 2618 sibi
1493 2561 1833 2634 impositam
1891 2578 2122 2633 pmnam

478 2653 603 2724 [al.,
634 2653 977 2725 impositum
1010 2654 1192 2724 aeque]
1227 2651 1461 2721 suﬂ‘ere,
1521 2650 1732 2706 iterum
1780 2648 1900 2722 [al.,
1961 2650 2122 2721 item]

477 2742 680 2797 eodem
705 2741 932 2812 judicio
963 2741 1366 2813 restringatur,
1401 2740 1579 2796 etiam
1641 2755 1827 2810 usque
1883 2738 2118 2811 septies.

477 2829 762 2896 Tandem,
794 2830 843 2886 si
868 2846 970 2901 per
994 2829 1193 2884 omnia
1211 2828 1489 2884 resistens
1511 2833 1567 2884 et
1587 2828 1851 2884 abnuens
1873 2827 2122 2884 invenie-

477 2921 592 2984 tur,
621 2917 802 2991 regali
815 2918 1062 2991 judicio,
1090 2917 1311 2975 scilicet
1331 2917 1620 2974 defensori
1641 2916 2116 2983 Christianitatis,

476 3007 761 3063 tradatur.

549 3097 684 3152 CAP.
715 3096 856 3152 XIII.
891 3101 970 3153 De
999 3097 1306 3163 homicidis,
1338 3103 1392 3153 et
1413 3098 1594 3168 primo
1621 3096 1852 3152 casuali.
1883 3095 1942 3151 Si
1987 3095 2120 3167 quis

475 3190 672 3240 autem
693 3202 832 3242 casu
851 3186 1127 3242 occiderit
1139 3185 1416 3257 aliquem,
1438 3185 1744 3242 duodecim
1763 3201 1976 3257 pensas
1992 3183 2119 3239 auri

2235 604 2428 674 junet,
2462 607 2525 656 ut
2545 597 2797 657 canones
2828 599 3128 654 mandant.

2311 697 2443 747 CAP.
2476 691 2617 747 XVI.
2655 692 2726 746 De
2753 687 3064 746 homicidiis
3094 685 3442 742 voluntariis.
3504 681 3566 738 Si
3634 678 3782 752 quis
3811 697 3874 733 ac-

2239 798 2454 837 census
2481 781 2587 848 ira,
2615 796 2680 835 ac
2701 777 2978 851 superbia
2997 775 3206 843 elatus,
3231 775 3628 846 spontaneum
3652 770 3877 825 commi-

2239 871 2381 926 serit
2411 869 2819 936 homicidium,
2838 868 2983 923 sciat
2999 883 3061 922 se
3083 863 3407 921 secundum
3438 863 3694 916 senatus
3719 859 3876 912 nostri

2239 961 2558 1026 decretum,
2592 963 2829 1014 centum
2861 961 2918 1012 et
2949 955 3150 1010 decem
3184 953 3458 1008 daturum
3491 948 3626 1004 auri
3657 963 3880 1020 pensas.

2237 1050 2317 1105 Ex
2339 1049 2554 1120 quibus
2572 1046 3003 1120 quinquaginta
3020 1043 3089 1099 ad
3116 1043 3326 1098 ﬁscum
3351 1038 3503 1110 regis
3523 1037 3882 1097 deferantur,

2237 1136 2363 1193 aliae
2391 1154 2526 1193 vero
2558 1134 2989 1208 quinquaginta
3017 1130 3361 1205 parentibus
3390 1128 3632 1192 dentur,
3697 1124 3886 1180 decem

2238 1231 2434 1282 autem
2464 1218 2700 1281 arbritis
2731 1229 2788 1280 et
2819 1220 3241 1278 mediatcribus
3299 1217 3737 1273 condonentur.
3773 1213 3888 1284 Ipse

2239 1316 2476 1387 quidem
2495 1313 2789 1371 homicida
2808 1309 3132 1368 secundum
3151 1307 3586 1365 institutionem
3601 1318 3884 1359 canonum

2228 1407 2491 1478 jeujenet
2509 1409 2554 1473 (1
2573 1406 2677 1467 ll).

2306 1496 2440 1550 CAP.
2473 1494 2640 1550 XVII.
2679 1495 2751 1550 De
2779 1493 3028 1548 libertate
3057 1505 3355 1546 servorum.
3382 1487 3443 1541 Si
3477 1484 3620 1557 quis
3669 1482 3888 1538 miseri-

2237 1586 2435 1641 cordia
2465 1585 2697 1650 ductus,
2728 1581 2995 1656 proprios
3025 1594 3222 1635 servos
3253 1581 3312 1633 et
3341 1573 3882 1632 ancillas’libertatr

2237 1674 2541 1730 donaverit
2571 1689 2705 1729 cum
2755 1670 3132 1728 testimonio:
3194 1665 3590 1728 decrevimus,
3651 1666 3723 1716 ut
3773 1667 3882 1733 post

2236 1764 2458 1819 obitum
2488 1764 2638 1834 ejus,
2664 1777 2835 1816 nemo
2863 1759 3086 1814 invidia
3109 1760 3303 1814 tactus
3333 1755 3394 1810 in
3424 1751 3782 1810 servitutem
3804 1763 3881 1803 eos

2237 1853 2449 1930 audeat
2479 1852 2774 1908 inducere.
2807 1850 2864 1906 Si
2899 1851 3095 1905 autem
3121 1846 3456 1902 libertatem
3516 1837 3878 1930 promigrit

2235 1927 2292 1999 et
2322 1946 2506 1998 morte
2550 1939 2904 2012 impediente
2941 1939 3193 1994 testatus
3251 1951 3367 1990 non
3425 1931 3635 1994 fuerit,
3687 1927 3881 1984 habeat

2236 2029 2645 2102 mulieripsius
2657 2029 2832 2084 vidua
2846 2027 3019 2083 etﬁlii
3053 2027 3402 2098 potestatem
3422 2021 3715 2078 eumdem
3731 2016 3881 2072 liber-

2235 2124 2411 2176 tatem
2445 2119 2646 2175 testari
2680 2123 2736 2174 et
2765 2133 2947 2190 agape
2979 2115 3165 2170 facere
3213 2130 3317 2186 pro
3372 2111 3586 2168 anima:
3664 2112 3879 2168 redem-

2234 2210 2430 2282 ptione
2459 2208 2553 2264 sui
2582 2209 2801 2275 mariti,
2833 2205 3316 2279 qualitercunque
3345 2201 3487 2257 velit
3515 2199 3702 2271 (H2).

2306 2299 2439 2354 CAP.
2475 2297 2671 2353 XVIII.
2705 2299 2780 2353 De
2801 2299 3065 2352 conventu
3119 2293 3190 2348 ad
3245 2292 3526 2348 ecclesiam
3585 2293 3643 2344 et
3687 2289 3876 2346 dehis.

2233 2390 2330 2460 qui
2342 2391 2693 2442 murmurant
2711 2387 2845 2442 hora
2864 2387 3070 2452 missae,
3095 2386 3204 2438 etc.
3230 2381 3290 2436 Si
3313 2380 3454 2453 quid
3471 2377 3557 2433 ad
3577 2378 3874 2434 ecclesiam

2229 2476 2528 2532 venientes
2557 2476 2628 2532 ad
2653 2474 3016 2532 audiendum
3045 2471 3311 2528 divinum
3345 2468 3641 2534 ofﬁcium,
3669 2467 3872 2523 ibidem

2231 2565 2376 2621 hora
2407 2565 2797 2622 solemnitatis
2823 2563 3138 2619 missarum
3171 2560 3322 2615 inter
3370 2573 3433 2613 se
3480 2565 3877 2618 murmurant,

2231 2658 2287 2710 et
2318 2658 2555 2711 caeteros
2585 2653 2936 2726 iuquietant,
2969 2653 3321 2722 exponentes
3371 2644 3612 2701 fabulas
3647 2645 3876 2708 otiosas,

2232 2747 2288 2800 et
2319 2761 2434 2800 non
2466 2744 2836 2798 intendentes
2867 2741 2938 2797 ad
2984 2740 3211 2796 divinas
3240 2736 3520 2793 lectiones
3542 2750 3690 2790 cum
3716 2735 3878 2790 eccle-

2231 2833 2464 2890 siastico
2506 2831 2906 2888 nutrimento:
2955 2829 3004 2886 si
3061 2829 3314 2898 majores
3375 2829 3536 2893 sunt,
3600 2824 3881 2898 increpar;

2230 2938 2366 2978 cum
2395 2922 2676 2978 dedecore
2696 2917 3060 2992 expellantur
3089 2917 3159 2972 de
3189 2909 3469 2972 ecclesia:
3504 2909 3554 2968 si
3589 2927 3736 2968 vero
3785 2913 3880 2966 mi-

2231 3027 2402 3068 nores
2429 3016 2486 3067 et
2504 3009 2796 3084 vulgares,
2830 3009 2887 3062 in
2923 3006 3070 3064 atrio
3095 3004 3375 3072 ecclesiae,
3410 3000 3516 3075 pro
3579 3003 3762 3056 tanta
3813 3007 3882 3055 te-

2231 3102 2517 3168 meritate,
2550 3114 2746 3156 coram
2779 3096 3055 3153 omnibus
3086 3093 3362 3167 ligentur,
3397 3096 3457 3147 et
3486 3089 3884 3162 corripiantur

2230 3188 2496 3262 ﬂagellis.

477 3275 792 3346 Ρθνεοινᾶῐν
824 3279 880 3332 et
910 3275 1064 3332 Sicut
1095 3291 1346 3330 canones
1403 3274 1706 3346 mandant,
1752 3275 1999 3346 jejunet.
2059 3273 2120 3328 Si
2150 3257 2193 3324 Ο
2301 3257 2434 3334 CAP.
2467 3278 2613 3334 XIX.
2643 3279 2718 3332 De
2746 3293 2851 3332 non
2885 3274 3212 3347 recipiendis
3241 3272 3410 3328 servis
3531 3271 3600 3323 in
3650 3271 3889 3325 testium-

471 3381 607 3420 vero
637 3363 787 3420 liber
813 3365 1068 3437 alicujus
1097 3364 1374 3420 occiderit
1403 3379 1655 3430 servum,
1689 3363 1896 3419 reddat
1933 3362 2116 3419 alium

473 3469 728 3518 servum,
759 3452 846 3509 vel
880 3454 1062 3525 pretio
1093 3455 1442 3525 componat:
1477 3457 1534 3508 et
1562 3453 1889 3509 secundum
1938 3469 2123 3508 cano-

473 3557 580 3597 nes
601 3542 830 3613 jejunet
852 3542 1016 3613 (109).

544 3629 677 3684 CAP.
710 3629 852 3685 XIV.
883 3632 959 3686 De
990 3630 1076 3684 his
1104 3633 1199 3702 qui
1221 3647 1351 3686 suas
1381 3631 1634 3686 occidunt
1663 3647 1877 3686 uxores.
1900 3630 1957 3686 Si
1980 3631 2118 3702 quis

473 3716 756 3774 comitum
781 3718 1105 3775 obduratus
1119 3720 1311 3784 corde,
1337 3719 1638 3792 negligens
1661 3719 1917 3775 animam
1941 3721 2120 3792 (quod

473 3805 676 3878 procul
708 3807 785 3862 sit
815 3824 850 3863 a
877 3807 1151 3863 cordibus
1170 3807 1513 3863 ﬁdelitatem
1535 3807 1974 3864 observantium
1997 3810 2118 3881 [al.,

472 3895 965 3967 obscrvantibus])
999 3896 1199 3952 uxoris
1230 3895 1546 3952 homicidio
1577 3896 1887 3968 polluetur,
1922 3915 2124 3954 secun-

473 3983 611 4040 dum
647 3985 946 4041 decretum
981 3985 1196 4058 regalis
1225 3990 1485 4054 senatus,
1521 4002 1654 4041 cum
1689 3986 2124 4060 quinquaginta

465 4073 754 4144 juvencis,
788 4074 1132 4146 parentibus
1164 4074 1438 4131 mulieris
1495 4075 1916 4145 reconcilietur,
1949 4081 2004 4133 et
2033 4093 2122 4132 se-

477 4164 740 4219 cundum
774 4164 1053 4219 mandata
1074 4181 1367 4220 canonum
1386 4165 1636 4236 jejunet.
1662 4163 1720 4220 Si
1743 4169 1938 4221 autem
1956 4165 2124 4222 miles

470 4251 721 4322 alicujus
742 4253 1195 4325 virtutis[al.,vir
1213 4253 1585 4325 ubertatis]in
1607 4253 1872 4310 eamdem
1891 4253 2121 4326 culpam

470 4339 759 4408 inciderit,
784 4341 956 4411 juxta
985 4342 1256 4397 eumdem
1280 4341 1761 4408 senatum,solvat
1781 4343 2122 4414 parentibus

471 4427 674 4482 decem
699 4429 1002 4499 juvencos,
1029 4430 1396 4501 jejunetque,
1429 4435 1492 4484 ut
1522 4429 1745 4485 dictum
1774 4436 1882 4486 est.
1907 4431 1965 4486 Si
1987 4449 2120 4488 vero

470 4516 730 4588 vulgaris
753 4516 811 4570 in
835 4517 1040 4572 eodem
1063 4518 1307 4574 crimine
1328 4517 1676 4584 invenietur,
1699 4535 1832 4574 cum
1861 4520 2123 4593 quinque

2227 3370 2388 3423 nium
2416 3371 2606 3423 contra
2633 3366 2900 3432 dominos,
2933 3368 3041 3420 etc.
3066 3363 3140 3419 Ut
3157 3379 3302 3436 gens
3319 3357 3691 3415 monarchiae
3718 3357 3890 3428 hujus

2231 3458 2303 3513 ab
2325 3457 2485 3512 omni
2515 3456 2758 3511 incursu
2789 3459 2845 3510 et
2874 3453 3245 3510 accusatione
3275 3463 3584 3506 servorum
3621 3451 3684 3503 et
3717 3445 3886 3502 ancil-

2230 3546 2419 3602 larum
2452 3548 2675 3601 remota
2702 3547 2759 3600 et
2785 3542 2983 3616 quieta
3013 3544 3268 3608 maneat,
3301 3537 3642 3595 secundum
3679 3533 3885 3608 regalis

2230 3635 2351 3706 [al.,
2384 3633 2596 3706 regale]
2627 3633 2925 3690 decretum
2957 3629 3184 3687 concilii
3208 3629 3442 3702 penitus
3493 3625 3884 3681 interdictum

2230 3728 2318 3780 est
2331 3727 2396 3778 ut
2418 3722 2637 3778 nullius
2653 3739 2832 3778 causa
2848 3719 3050 3793 eulpae,
3079 3719 3340 3790 aliquam
3360 3713 3651 3772 servilem
3692 3729 3884 3786 perso-

2232 3829 2390 3882 nam,
2424 3815 2627 3866 contra
2656 3810 2925 3866 dominos
2943 3807 3030 3864 vel
3052 3808 3323 3864 dominas
3355 3806 3412 3859 in
3444 3800 3888 3859 accusationem

2231 3905 2287 3957 et
2309 3900 2718 3955 testimonium
2745 3897 3052 3971 recipiant.

2302 3991 2431 4045 CAP.
2465 3993 2588 4043 XX.
2622 3990 2880 4044 Liberum
2935 4003 3091 4043 nemo
3149 3988 3209 4040 in
3265 3985 3589 4041 servitutem
3651 3979 3886 4049 redigat.

2233 4079 2516 4145 Quoniam
2549 4078 2729 4153 igitur
2757 4078 2871 4134 Dec
2902 4076 3147 4148 dignum
3179 4079 3268 4130 est
3287 4079 3344 4129 et
3365 4069 3728 4127 hominibus
3751 4067 3884 4141 opif-

2233 4184 2398 4223 mum
2423 4181 2903 4238 unumquemque
2922 4165 2983 4220 in
3008 4181 3125 4220 suae
3147 4161 3450 4219 industria:
3471 4153 3762 4215 libertate
3775 4157 3878 4210 vita

2233 4273 2472 4313 cursum
2503 4257 2715 4311 ducere
2745 4255 3066 4312 secundum
3094 4253 3287 4326 regale
3329 4251 3642 4306 decretum
3709 4249 3885 4302 statu-

2231 4350 2357 4401 tum
2388 4351 2497 4412 est,
2531 4349 2597 4400 ut
2627 4362 2798 4401 nemo
2815 4344 3097 4400 comitum
3119 4342 3207 4398 vel
3225 4340 3483 4398 militum
3505 4336 3774 4410 posthac
3796 4336 3884 4391 ali-

2231 4451 2407 4507 quam
2438 4434 2683 4490 liberam
2715 4448 3024 4507 personam
3055 4432 3318 4490 servituti
3345 4429 3603 4487 subdere
3653 4429 3882 4484 audeat.

2231 4525 2393 4590 Quod
2427 4524 2477 4580 si
2509 4523 2778 4580 elationis
2809 4531 2928 4594 [al.,
2957 4522 3316 4594 elevaticnis]
3349 4521 3604 4579 audacia
3633 4539 3767 4578 sua:
3796 4521 3880 4577 sti-

462 4604 735 4695 jnvencis
763 4605 1030 4678 cognatis
1061 4606 1422 4676 concilietur,
1447 4613 1504 4664 et
1520 4608 1808 4664 subdatur
1829 4610 2121 4680 praedictis
2152 4629 2199 4695 D
2230 4613 2492 4670 mulatus
2524 4612 2984 4685 praesumpserit,
3016 4613 3164 4668 sciat
3192 4627 3254 4667 se
3283 4611 3526 4666 totidem
3559 4612 3874 4684 expropric

462 4692 710 4765 jejuniis
731 4695 905 4765 (110).

543 4785 674 4840 CAP.
691 4783 810 4839 XV.
831 4786 905 4840 De
915 4785 1203 4856 perjuriis.
1223 4785 1282 4842 Si
1297 4787 1430 4859 quis
1450 4787 1771 4844 valentium
1785 4789 1908 4861 [al.,
1926 4790 2121 4845 melius

470 4870 844 4944 fallentium],
879 4874 990 4929 ﬁde
1020 4875 1506 4940 commaculatus,
1531 4877 1702 4932 corde
1722 4877 2001 4950 pollutus,
2017 4879 2123 4951 ju-

471 4963 737 5017 ramento
767 4961 1120 5032 confractus,
1156 4964 1410 5036 perjurio
1443 4965 1715 5022 addictus
1769 4967 2119 5035 invenietur,

469 5050 701 5122 perdita
717 5067 894 5107 manu
913 5051 1032 5122 [al.,
1053 5052 1310 5124 perditas
1333 5055 1566 5125 manus]
1620 5055 1942 5127 perjurium
1973 5056 2118 5124 luat,

470 5144 574 5194 aut
631 5139 1062 5213 quinquaginta
1111 5142 1382 5212 juvencis
1437 5160 1678 5199 manum
1731 5145 1998 5200 redimat.
2061 5146 2120 5201 Si

469 5243 606 5284 vero
630 5229 891 5302 vulgaris
921 5229 1195 5302 perjurus
1225 5231 1531 5300 exstiterit,
1562 5250 1741 5290 manu
1779 5239 2120 5307 amputatus

521 5390 694 5471 ,
725 5391 936 5471 Rensa
957 5390 1086 5448 auri
1117 5396 1209 5471 est
1235 5409 1543 5471 nummus,
1594 5395 1667 5450 de
1719 5395 1890 5467 cujus
1927 5395 2121 5453 valere

475 5459 624 5535 nihil
649 5462 798 5535 satis
823 5468 979 5518 certo
1011 5464 1322 5535 probatum
1353 5459 1567 5519 inveni.

543 5531 891 5609 (ll0)_Le§'is
923 5531 1043 5609 haec
1076 5541 1165 5591 est
1193 5553 1364 5609 pmna
1395 5536 1765 5609 procrimine
1800 5542 1918 5594 tam
1951 5557 2121 5595 enor-

475 5603 596 5662 mi;
630 5603 729 5680 sed
772 5605 903 5680 vide
945 5607 1004 5660 in
1065 5603 1286 5680 monito
1343 5603 1596 5680 prmvio:
1654 5625 1781 5680 qua)
1830 5610 1968 5666 item
2018 5612 2122 5668 ob-

477 5675 708 5730 servata
734 5672 889 5729 volui
922 5691 1026 5746 pro
1055 5678 1233 5734 variis
1264 5672 1492 5751 legibus
1524 5672 1930 5752 sequentibus.

2230 4702 2694 4775 compositurum
2719 4719 2894 4778 {quae
2925 4699 3271 4774 compositio
3302 4701 3456 4756 inter
3479 4715 3690 4773 regem
3725 4705 3786 4757 et
3802 4717 3876 4755 cc-

2231 4792 2434 4848 mitem
2464 4792 2589 4863 [al.,
2620 4791 2885 4862 comites]
2923 4789 3237 4859 dividatur,
3270 4795 3327 4844 et
3383 4791 3616 4846 caetera.
3667 4789 3792 4847 Sed
3843 4789 3874 4844 εἷ
3915 4799 3919 4806 ‘

2231 4881 2366 4952 quis
2398 4880 2682 4936 hactenus
2712 4880 2772 4934 in
2804 4879 3078 4936 servitute
3109 4882 3392 4945 retentus,
3449 4895 3556 4951 pro
3616 4878 3877 4937 libertate

2233 4986 2340 5025 sua
2363 4969 2579 5026 tuenda
2608 4969 2729 5038 [al.,
2767 4969 3033 5040 emenda]
3057 4967 3351 5040 judicium
3389 4966 3588 5040 regale
3642 4967 3876 5024 faciens.

2231 5075 2473 5115 securus
2539 5058 2846 5124 exstiterit,
2913 5058 3322 5114 tantummodo
3397 5055 3674 5113 libertate
3751 5059 3878 5113 frua-

2231 5153 2346 5216 tur,
2381 5153 2438 5204 et
2464 5147 2581 5216 ille,
2616 5164 2651 5203 a
2681 5165 2794 5221 quo
2825 5147 2884 5202 in
2911 5147 3188 5203 servitute
3226 5139 3560 5216 tenebatur,
3618 5147 3714 5202 nil
3769 5146 3876 5203 red-

2229 5238 2349 5293 dat.

2301 5398 2471 5471 (Hi).
2505 5399 2782 5454 Observat
2811 5397 3002 5456 editor
3029 5399 3182 5456 hanc
3207 5398 3394 5472 legem
3426 5414 3558 5456 esse
3611 5403 3878 5476 antiqua-

2233 5474 2465 5616 “13.12)
2478 5542 2614 5616 Haec
2645 5542 2735 5597 lex
2780 5541 3060 5599 mendose
3088 5543 3408 5616 admodum
3440 5544 3605 5616 apud
3636 5546 3858 5600 suum

2233 5629 2366 5668 cum
2399 5613 2690 5688 edita_est_.
2721 5615 2902 5688 Agape
2928 5616 3110 5685 facere
3139 5614 3233 5671 hic
3263 5613 3498 5670 videtur
3522 5615 3873 5688 signiﬁcare.

2232 5701 2380 5760 opus
2413 5683 2716 5742 charitatis
2739 5683 3021 5742 exercere.
