3968 6158
134 259 160 319 Ι
174 256 298 320 240

1710 244 1987 312 LEGES.

3388 234 3557 319 me

206 391 350 447 CAP.
380 386 522 445 XXI.
554 387 629 447 De
658 386 764 455 his,
798 387 895 458 qui
922 384 1153 442 alterius
1178 383 1384 439 milites
1410 387 1510 438 aut
1564 383 1785 454 servile)
1814 385 1868 449 Α
1898 380 2193 453 imprimis
2215 374 2501 435 decalvari
2529 380 2587 434 et
2614 373 2856 450 depilari
2888 373 3012 447 [al.,
3042 388 3147 446 pro
3177 372 3382 430 eodem
3427 344 3542 427 eri;

131 496 217 535 res
248 480 499 534 avocant.
534 476 823 533 Volumus
849 478 915 531 ut
964 472 1373 546 unusquisque
1420 470 1616 527 senior
1661 472 1786 541 (seu

130 566 431 639 dominus)
458 582 637 623 suum
668 565 884 621 habeat
912 562 1159 619 militem
1190 562 1273 635 (id
1303 564 1392 618 est
1416 559 1786 629 servientem)

130 674 239 714 nec
269 656 488 731 aliquis
520 654 667 711 alter
697 653 784 709 illi
814 654 1063 710 suadeat
1079 651 1389 724 antiquum
1411 650 1675 706 deserere
1695 665 1786 704 se-

130 746 380 813 niorem,
411 749 469 802 et
495 743 570 801 ad
600 760 664 801 se
692 743 910 800 venire.
947 742 1088 798 Inde
1121 740 1279 797 enim
1310 738 1564 813 litigium
1614 737 1791 794 habet

128 834 389 891 initium.

199 924 335 980 CAP.
364 922 526 979 XXII.
560 923 632 978 Dc
661 920 991 993 recipiendis
1020 919 1343 991 hospitibus.
1372 918 1431 974 Si
1474 916 1608 989 quis
1649 916 1783 972 hos-

126 1011 317 1085 pitem
342 1028 479 1068 cum
508 1010 909 1068 benevolentia
965 1009 1195 1081 accipit,
1254 1011 1312 1063 et
1352 1000 1784 1062 nutrimentum

126 1100 244 1156 sibi
274 1100 519 1157 honeste
546 1097 857 1172 impendit,
885 1098 1150 1169 quandiu
1198 1096 1524 1153 secundum
1574 1111 1783 1168 propo-

126 1188 314 1245 situm
344 1188 628 1255 nutritur,
690 1204 807 1242 non
866 1186 1100 1243 deserat
1157 1202 1331 1241 suum
1391 1184 1780 1249 nutritorem,

126 1281 187 1333 et
214 1293 322 1334 nec
352 1277 425 1334 ad
457 1276 717 1348 aliquem
744 1273 940 1348 [alium
986 1291 1157 1330 suam
1207 1273 1430 1330 deferat
1477 1271 1783 1346 hospitali-

125 1370 329 1423 tatem.

199 1456 335 1512 Csp.
361 1455 552 1511 XXIII.
586 1455 659 1513 De
678 1453 764 1510 his
793 1456 890 1526 qui
916 1454 1273 1524 ﬂagellanlur
1302 1469 1404 1509 sua
1450 1457 1780 1525 quaerentes.

124 1544 188 1601 Si
219 1546 391 1617 cujus
421 1543 593 1600 miles
621 1542 709 1599 vel
741 1559 944 1599 servus
973 1542 1045 1599 ad
1070 1541 1254 1599 alium
1306 1542 1541 1614 fugerit,
1599 1545 1658 1597 et
1706 1541 1781 1608 is,

123 1636 299 1706 cujus
328 1633 497 1690 miles
525 1632 615 1689 vel
648 1648 849 1689 servus
871 1632 1007 1705 fuga
1036 1635 1123 1688 est
1152 1631 1409 1705 elapsus,
1444 1649 1619 1687 suum
1672 1631 1780 1686 mi-

122 1720 660 1825 seritlegatu‘m‘ad
713 1720 1111 1776 reducendum
1158 1736 1292 1775 eum
1347 1722 1467 1789 [al.,
1524 1721 1668 1791 eos],
1722 1725 1856 1825 etB

122 1809 178 1867 is
206 1809 437 1883 legatus
467 1807 685 1865 ibidem
717 1825 752 1864 a
782 1823 1132 1880 quocunque
1180 1824 1497 1880 percussus
1550 1825 1617 1863 ac
1675 1808 1777 1864 ila-

120 1897 710 1973 gellatusexstiterit,
744 1897 1108 1953 decrevimus
1166 1900 1502 1953 nostrorum
1561 1897 1779 1968 prima-

119 1991 251 2043 tum
281 1985 588 2058 conventu,
620 1994 685 2043 ut
709 1985 806 2042 ille
837 2001 1149 2058 percussor
1187 1984 1387 2041 decem
1445 1984 1630 2041 solvat
1676 1986 1776 2057 ju-

116 2092 352 2132 VCHCOS.

198 2164 334 2221 CAP.
367 2164 554 2222 XXIV.
586 2165 662 2220 De
684 2164 864 2220 viduis
893 2171 946 2220 et
981 2163 1261 2236 orphanis.
1312 2163 1599 2219 Volumus
1645 2164 1774 2236 qui-

125 2244 293 2322 dem,
318 2258 384 2310 ut
410 2254 597 2310 vidua:
618 2257 676 2309 et
712 2253 958 2326 orphani
992 2252 1110 2309 sint
1153 2257 1364 2310 nostris
1417 2253 1538 2325 [al.,
1599 2254 1775 2324 nunc]

118 2341 273 2417 legis
301 2342 636 2416 participes,
664 2340 765 2397 tali
804 2347 1027 2409 tenore,
1058 2345 1123 2397 ut
1150 2340 1201 2398 si
1223 2359 1349 2414 quae
1404 2341 1582 2398 vidua
1639 2359 1773 2399 cum

119 2430 262 2488 ﬁliis
291 2436 349 2488 et
377 2431 614 2489 ﬁliabus
644 2430 1011 2501 remanserit,
1055 2435 1230 2503 atque
1278 2431 1500 2487 nutrire
1542 2448 1664 2498 eos,
1717 2436 1775 2487 et

119 2537 360 2578 manere
402 2537 538 2577 cum
600 2519 738 2588 illis,
800 2519 1058 2592 quandiu
1115 2519 1342 2590 vixerit,
1393 2520 1770 2593 promiserit;

116 2610 337 2667 habeat
367 2612 715 2683 potestatem
738 2625 772 2664 a
792 2609 962 2665 nobis
985 2609 1097 2665 sibi
1119 2625 1457 2665 concessam
1481 2609 1540 2664 id
1562 2610 1774 2665 facien-

115 2699 200 2767 di,
232 2704 290 2756 et
319 2716 354 2755 a
384 2698 619 2755 nemine
658 2699 871 2755 iterum
912 2703 1154 2771 cogatur
1189 2697 1247 2753 in
1298 2697 1658 2771 conjugium.
1710 2698 1771 2755 Si

115 2787 298 2857 enim,
328 2791 555 2844 mutato
585 2792 739 2857 voto,
771 2788 985 2843 iterum
1016 2787 1233 2843 nubere
1262 2786 1528 2855 voluerit,
1579 2792 1638 2843 et
1678 2805 1771 2843 or-

115 2876 349 2949 phanos
381 2876 667 2944 deserere,
701 2877 770 2932 de
799 2877 972 2932 rebus
1011 2878 1405 2949 orphanorum
1465 2875 1612 2931 nihil
1652 2894 1771 2932 om-

114 2966 262 3022 nino
295 2964 404 3021 sibi
426 2964 713 3034 vendicet,
746 2964 858 3020 nisi
892 2969 1123 3020 tantum
1158 2965 1268 3020 sibi
1299 2981 1558 3037 congrua
1593 2965 1768 3021 vesti-

115 3058 317 3110 menta
341 3054 613 3126 accipiat.
645 3054 707 3109 Si
739 3058 935 3109 autem
964 3053 1140 3108 vidua
1172 3052 1296 3109 sine
1326 3053 1487 3126 prole
1547 3071 1772 3111 remano

113 3143 281 3211 serit,
313 3147 371 3199 et
390 3160 454 3199 se
471 3125 795 3215 innuptam
836 3142 896 3196 in
947 3158 1054 3198 sua
1100 3125 1380 3199 viduitate
1427 3160 1769 3215 permanere
1804 3125 1847 3192 C-

113 3230 473 3305 promiserit,
501 3230 775 3287 volumus
806 3235 871 3285 ut
900 3234 1245 3302 potestatem
1269 3231 1481 3288 habeat
1501 3232 1766 3288 omnium

115 3322 403 3377 bonorum
434 3337 701 3388 suorum,
735 3324 793 3376 et
822 3318 1109 3392 quidquid
1172 3320 1307 3377 inde
1366 3322 1555 3377 facere
1604 3320 1766 3390 velit,

112 3410 309 3466 faciat.
344 3410 413 3465 Et
436 3413 569 3483 post
596 3409 821 3465 obitum
862 3409 1012 3480 ejus,
1075 3408 1278 3465 eadem
1336 3408 1491 3464 bona
1547 3412 1620 3465 ad
1671 3409 1762 3465 sui

111 3499 355 3555 redeant
381 3502 651 3571 parentes
685 3497 899 3566 mariti,
920 3497 968 3552 si
994 3502 1263 3570 parentes
1284 3498 1399 3565 [al.,
1423 3500 1763 3571 praesentes]

110 3588 321 3645 habet:
355 3586 446 3644 sin
478 3592 674 3644 autem
704 3604 841 3655 non,
878 3604 975 3642 rex
996 3587 1071 3643 sit
1091 3586 1295 3642 haeres.

183 3676 320 3732 CAP.
352 3675 511 3732 XXV.
535 3677 609 3731 De
638 3684 799 3748 raptu
824 3678 1158 3748 puellarum.
1210 3675 1268 3732 Si
1318 3677 1451 3749 quis
1509 3676 1759 3734 militum

110 3764 486 3838 impudicitia
502 3765 773 3833 fmdatus,
799 3764 1057 3838 puellam
1080 3764 1500 3837 aliquam,sine
1522 3784 1764 3823 conces-

109 3854 276 3910 sione
292 3859 599 3926 parentum
621 3854 733 3910 sibi
754 3854 812 3909 in
828 3870 1068 3910 uxorem
1088 3855 1367 3927 rapuerit,
1388 3856 1761 3914 decernimus

110 3943 367 4016 puellam
400 3943 745 4016 parentibus
776 3942 960 4011 reddi,
996 3943 1231 4001 etiamsi
1278 3945 1352 4000 ab
1410 3944 1508 4002 illo
1566 3946 1765 4021 aliqua

106 4035 196 4090 vis
217 4032 333 4090 sibi
362 4031 528 4089 illata
557 4032 656 4098 sit,
691 4036 747 4087 et
778 4036 978 4104 raptor
1007 4033 1207 4089 decem
1238 4033 1426 4090 solvat
1478 4036 1761 4107 juvencos

118 4139 226 4195 pro
271 4126 466 4193 raptu,
512 4120 647 4177 licet
692 4124 892 4192 postea
943 4120 1349 4178 reconcilietur
1419 4126 1762 4195 parentibus

107 4210 337 4285 puellae.
373 4210 434 4266 Si
461 4226 595 4265 vero
613 4225 833 4280 pauper
856 4209 1011 4280 quis,
1038 4214 1145 4265 aut
1160 4210 1417 4283 vulgaris
1434 4213 1541 4269 hoc
1564 4231 1762 4287 aggre-

108 4301 304 4356 diatur
334 4314 523 4372 agere,
545 4302 1178 4370 componaturraptum
1204 4300 1757 4373 [Legendumopinor,

107 4391 423 4459 componat
449 4388 706 4459 raptum]
738 4388 1001 4459 quinque
1032 4388 1240 4444 bobus.

1900 470 2059 525 mine
2090 467 2420 539 decoriari].
2453 467 2513 524 Si
2542 482 2677 522 vero
2700 464 2955 522 secundo
2981 479 3116 520 cum
3137 461 3343 518 eadem
3370 458 3544 516 forni-

1898 564 2064 615 catus
2095 558 2270 614 fuerit
2301 558 2511 613 iterum
2543 553 2874 612 decalvetur
2919 555 3041 625 [al.,
3095 551 3442 622 decorieturJ
3486 552 3543 604 et

1896 647 2204 722 depiletur.
2237 647 2294 702 Si
2329 649 2525 701 autem
2557 644 2747 708 tertio,
2782 644 2857 698 sit
2888 659 3092 698 servus
3145 639 3361 712 pariter
3407 653 3541 693 cum

1896 736 2125 805 ancilla,
2157 740 2259 793 aut
2289 735 2539 793 redimat
2568 750 2649 789 se.
2682 732 2740 787 Si
2772 736 2966 788 autem
2985 729 3195 785 ancilla
3215 726 3543 800 conceperit

1895 829 1967 885 de
1996 844 2084 898 eo,
2117 830 2175 882 et
2203 840 2406 897 parere
2435 840 2552 879 non
2586 821 2819 894 poterit,
2840 821 2941 876 sed
2965 819 3024 874 in
3043 821 3212 889 partu
3234 815 3537 885 morietur,

1895 918 2207 989 componat
2235 913 2499 970 eamdem
2532 928 2666 968 cum
2683 910 2800 967 alia
2821 908 3051 965 ancilla.
3074 907 3286 979 Servus
3310 920 3543 977 quoque

1893 1006 2166 1077 alicujus,
2199 1004 2248 1061 si
2279 1019 2416 1060 cum
2449 1000 2662 1057 ancilla
2692 999 2932 1055 alterius
2965 995 3306 1057 fornicatur.
3348 991 3541 1050 decal-

1891 1100 2059 1152 vetur
2088 1095 2209 1166 [al.,
2241 1092 2587 1161 decorieturj
2619 1092 2676 1145 et
2730 1086 3050 1161 depiletur:
3107 1090 3165 1140 et
3220 1083 3268 1140 si
3330 1081 3543 1138 ancilla

1891 1186 1962 1241 de
1991 1202 2057 1241 eo
2097 1180 2445 1255 conceperit,
2504 1186 2563 1236 et
2622 1180 2680 1234 in
2736 1180 2907 1250 portu
2971 1173 3275 1242 moriatur,
3336 1187 3538 1228 servus

1890 1274 2280 1344 venundetur,
2338 1289 2404 1327 ac
2459 1268 2704 1326 dimidia
2750 1283 2885 1340 pars
2940 1263 3107 1338 pretii
3167 1260 3384 1318 seniori
3435 1277 3541 1315 an-

1893 1364 2039 1420 cillas
2071 1364 2271 1420 detur:
2307 1361 2490 1417 altera
2521 1375 2656 1432 pars
2687 1372 2820 1414 vero
2853 1352 3070 1410 seniori
3102 1351 3249 1408 servi
3307 1364 3543 1423 semper

1894 1456 2216 1509 ramaneat.

1964 1543 2095 1599 CAP.
2128 1541 2341 1597 XXVII.
2372 1542 2447 1596 De
2476 1540 2562 1594 his
2592 1538 2687 1607 qui
2703 1539 2892 1608 petunt
2921 1534 3133 1588 alienas
3189 1529 3424 1585 ancillas
3479 1528 3539 1582 in

1891 1649 2108 1709 uxores.
2142 1630 2214 1687 Ut
2245 1646 2417 1687 nemo
2438 1644 2661 1693 eorum,
2711 1626 2810 1697 qui
2870 1623 3052 1679 libero
3111 1619 3348 1676 nomine
3404 1631 3537 1673 cen-

1892 1728 2121 1790 sentur,
2152 1722 2339 1777 facere
2369 1718 2644 1790 cuiquam
2678 1713 2956 1787 iniuriam
2988 1710 3219 1779 audeat,
3252 1711 3536 1764 terrorem

1888 1817 1944 1868 et
1971 1811 2303 1867 cautionem
2341 1806 2757 1881 imposuimus.
2792 1802 2938 1868 Quia
2969 1801 3029 1857 in
3060 1800 3171 1857 hoc
3188 1795 3367 1871 regali
3398 1812 3534 1852 con-

1886 1900 2018 1957 cilio
2050 1901 2349 1955 decretum
2381 1902 2490 1964 est,
2552 1899 2616 1951 ut
2673 1893 2722 1950 si
2777 1890 2911 1964 quis
2971 1890 3120 1946 liber
3174 1884 3535 1943 connubium

1886 1987 2109 2046 ancilla:
2140 1988 2406 2055 alterius,
2439 1984 2657 2040 sciente
2691 1980 2928 2037 domino
2981 1976 3225 2044 ancillas,
3274 1973 3533 2047 elegerit,

1886 2079 2114 2153 perdita
2143 2095 2260 2134 suae
2276 2075 2566 2133 libertatis
2583 2070 2891 2136 industria,
2910 2071 3228 2142 perpetuus
3246 2063 3537 2120 efficiatur

1883 2186 2106 2225 servus.

1953 2256 2351 2314 CAP.XXVIH.
2389 2255 2494 2323 Qui
2524 2261 2680 2309 extra
2708 2266 2937 2322 regnum
2994 2266 3028 2304 a
3072 2246 3189 2302 suis
3234 2246 3537 2317 aufugiunt

1885 2347 2170 2404 uxoribus.
2206 2345 2279 2401 Ut
2308 2360 2496 2417 genus
2525 2342 2833 2412 utriusque
2864 2354 3060 2403 sexus,
3092 2339 3250 2392 certa
3273 2334 3421 2407 lege,
3479 2337 3537 2390 et

1883 2438 2106 2509 absque
2137 2433 2370 2508 injuriis
2402 2434 2634 2488 maneat
2661 2434 2719 2486 et
2746 2428 2958 2501 vigeat,
2989 2427 3049 2481 in
3080 2425 3189 2482 hoc
3221 2422 3403 2498 regali
3433 2423 3533 2480 de-
3596 2478 3605 2483 κ

1883 2532 2040 2583 creto
2072 2527 2358 2581 statutum
2389 2526 2498 2587 est,
2523 2522 2587 2575 ut
2602 2519 2651 2576 si
2675 2518 2810 2590 quis
2834 2512 3530 2589 protervitatelprazditus,

1882 2620 2119 2689 propter
2137 2610 2632 2670 abominationem
2682 2606 2880 2663 uxoris
2934 2604 3186 2677 patriam
3242 2602 3529 2676 ell'ugerit,

1882 2722 2026 2759 uxor
2054 2707 2285 2770 cuncta,
2320 2718 2447 2773 quas
2479 2699 2539 2753 in
2570 2700 2855 2771 potestate
2886 2694 3078 2750 mariti
3136 2692 3528 2758 habebantur,

1882 2792 2198 2865 possideat,
2232 2791 2373 2846 dum
2403 2787 2544 2844 velit
2572 2789 2905 2859 exspectare
2932 2783 3123 2839 virum
3149 2800 3163 2851 ;
3194 2786 3251 2839 et
3272 2782 3396 2853 [al.,
3443 2780 3528 2852 ut]

1880 2898 2051 2937 nemo
2073 2880 2132 2934 in
2154 2878 2309 2935 aliud
2329 2876 2670 2951 conjugium
2689 2892 2817 2931 eam
2833 2889 3040 2946 cogere
3057 2874 3392 2945 praesumat.
3416 2870 3528 2939 Sed

1880 2971 2002 3042 [al.,
2037 2969 2115 3039 et]
2148 2968 2194 3024 si
2228 2970 2436 3041 sponte
2465 2966 2687 3021 nubere
2716 2963 2871 3029 velit,
2904 2961 3077 3018 liceat
3106 2960 3251 3027 sibi,’
3274 2958 3530 3030 sumptis

1879 3057 2157 3131 congruis
2207 3053 2592 3123 vestimentis,
2638 3056 2695 3108 et
2738 3050 3002 3107 dimissis
3047 3048 3270 3105 caeteris
3335 3046 3529 3117 bonis,

1880 3149 1949 3204 ad
1980 3144 2341 3203 connubium
2370 3144 2474 3200 ire.
2500 3142 2641 3197 Etsi
2685 3141 2791 3209 vir,
2845 3140 2955 3195 hoc
2999 3137 3219 3205 audito,
3268 3134 3525 3202 redierit,

1879 3255 1953 3293 ne
1983 3236 2154 3292 liceat
2184 3233 2297 3291 sibi
2329 3232 2507 3289 aliam
2533 3232 2765 3296 ducere,
2798 3232 3034 3301 propter
3058 3242 3231 3285 suam
3292 3223 3527 3297 culpam

1881 3327 2003 3397 [al.,
2037 3328 2245 3396 praater
2274 3322 2487 3392 suam],
2514 3320 2630 3376 nisi
2660 3336 2795 3375 cum
2814 3316 3051 3373 licentia
3074 3314 3331 3388 episcopi
3355 3313 3525 3386 (113).

1952 3418 2084 3470 CAP.
2113 3412 2297 3468 XXIX.
2327 3413 2400 3467 De
2429 3411 2581 3482 furto
2610 3409 2915 3465 mulierum
2941 3403 3527 3472 maritatarum.',Cum

1879 3504 2059 3577 igitur
2082 3501 2310 3560 cunctis
2342 3500 2719 3567 horrendum,
2750 3502 2806 3554 et
2836 3495 3112 3552 omnibus
3135 3492 3527 3551 abominabile

1875 3593 1971 3661 sit,
2002 3591 2228 3647 virilem
2263 3606 2465 3647 sexum
2501 3592 2793 3661 repertum
2827 3585 3032 3642 fecisse
3049 3586 3291 3651 furtum,
3317 3586 3374 3639 et
3407 3599 3528 3641 mae

1871 3682 1963 3755 gis
1986 3680 2291 3753 magisque
2321 3695 2525 3735 sexum
2557 3677 2872 3734 femineum
2892 3694 2905 3732 :
2926 3674 3250 3731 secundum
3265 3672 3522 3746 regalem

1874 3773 2143 3827 senatum
2176 3769 2476 3824 decretum
2508 3770 2617 3833 est,
2652 3770 2717 3822 ut
2737 3765 2785 3822 si
2803 3764 3004 3836 aliqua
3018 3761 3231 3819 mulier
3250 3760 3526 3817 maritate.

1873 3859 2095 3913 furtum
2129 3854 2509 3922 commiserit,
2544 3872 2577 3909 a
2607 3852 2817 3909 marito
2847 3852 3171 3907 redimatur
3193 3868 3212 3903 :
3242 3851 3301 3904 et
3328 3848 3380 3904 si
3438 3864 3524 3903 se-

1873 3947 2065 4002 cundo
2093 3946 2150 4000 in
2182 3944 2449 4000 eamdem
2480 3943 2715 4014 culpam
2746 3939 3035 4007 inciderit,
3068 3936 3342 3994 similiter
3372 3936 3524 3993 redi-

1873 4041 2102 4092 matur:
2139 4034 2190 4088 si
2220 4050 2376 4101 vere,
2412 4032 2601 4098 tertio,
2634 4030 3020 4086 venundetur.

1944 4127 2077 4182 CAP.
2110 4123 2270 4178 XXX.
2304 4124 2380 4178 De
2403 4120 2674 4177 incendiis
2704 4119 3071 4174 mansionum.
3122 4116 3185 4173 Si
3231 4114 3365 4187 quis
3422 4130 3525 4187 per

1872 4214 2212 4269 inimicitias
2242 4211 2485 4268 alterius
2515 4208 2762 4265 aedificia
2786 4206 3131 4263 cremaverit
3150 4206 3306 4278 igne,
3329 4204 3526 4260 decre-

1868 4304 2084 4370 vimus,
2117 4294 3120 4368 utaediﬁciarestituat,'etquicquid
3141 4291 3524 4367 supellectilis

1868 4408 2066 4447 arsum
2100 4390 2295 4459 fuerit,
2330 4388 2638 4462 persolvat,
2673 4392 2731 4444 et
2760 4386 3002 4459 insuper
3031 4384 3284 4442 sedecim
3306 4383 3521 4456 juven-

174 4480 306 4531 CAP.
341 4475 541 4546 XXVI,
571 4476 645 4531 De
677 4476 868 4530 liberis
895 4478 1305 4548 [emicantibus
1351 4495 1478 4534 cum
1534 4482 1756 4537 ancillis
1784 4495 1831 4560 Β
1866 4481 1971 4549 eis,
2005 4481 2105 4552 qui
2136 4479 2331 4534 valent
2351 4477 2650 4551 sexaginta
2672 4476 2908 4533 solidos.

102 4564 336 4622 alterius
390 4564 624 4622 domini.
655 4563 730 4621 Ut
752 4563 920 4622 liberi
942 4582 1111 4622 suam
1153 4567 1487 4623 custodiant
1527 4567 1758 4626 liberta-

98 4659 220 4709 tem
251 4652 800 4722 incontaminatam,
826 4654 1097 4712 volumus
1127 4655 1247 4713 illis
1266 4672 1481 4729 ponere
1531 4658 1754 4715 cautio-

103 4757 258 4808 nem,
291 4758 363 4797 ne
393 4757 528 4803 cum
557 4742 765 4799 alienis
796 4743 1157 4801 fornicentur
1186 4744 1437 4802 ancillis.
1499 4747 1557 4802 Si
1621 4747 1754 4820 quis

98 4834 296 4885 autem
325 4830 693 4903 improvidus
723 4832 872 4888 hanc
906 4833 1241 4890 cautionem
1286 4836 1749 4909 transgrediens,

100 4919 488 4976 fornicaretur
518 4922 641 4991 [al.,
673 4921 1020 4993 fornicatur]
1054 4940 1188 4978 cum
1221 4924 1435 4980 ancilla
1482 4924 1748 4994 alterius,

100 5008 248 5083 sciat
279 5026 341 5065 se
372 5026 538 5065 reum
570 5025 698 5065 esse
720 5009 1005 5085 criminis,
1047 5016 1105 5065 et
1135 5029 1239 5083 pro
1275 5013 1478 5068 eodem
1502 5013 1747 5070 crimine

171 5116 318 5188 (113)
335 5116 465 5172 Haec
481 5115 573 5172 lex
585 5119 752 5171 caute
770 5115 1153 5188 intelligenda
1174 5121 1263 5173 est
1284 5118 1354 5173 de
1372 5120 1744 5176 matrimonio

98 5186 427 5259 gentilium,
461 5189 631 5260 cujus
652 5186 951 5260 vinculum
970 5186 1118 5243 solvi
1141 5193 1349 5260 potest,
1374 5189 1422 5244 si
1444 5207 1588 5246 uxor
1606 5207 1745 5246 con-

96 5256 375 5333 vertatur,
400 5263 456 5333 et
470 5256 559 5312 vir
577 5256 707 5313 ideo
731 5258 989 5333 discedat
1009 5256 1341 5333 secundum
1356 5261 1698 5333 Apostolum
1722 5264 1743 5318 Ι

97 5329 223 5385 Cor.
255 5346 358 5396 vn,
392 5330 515 5385 45.:
547 5345 661 5385 non
718 5346 852 5385 vero
906 5330 976 5384 de
1032 5329 1423 5386 matrimonio
1462 5332 1741 5389 Christia-

98 5417 311 5474 norum
336 5400 524 5474 valide
555 5403 852 5474 contracto
882 5404 939 5456 et
966 5402 1572 5474 consummato,quod
1598 5404 1741 5460 solvi

97 5472 180 5529 sic
211 5471 434 5544 nequit,
462 5475 540 5545 ut
554 5475 688 5527 ante
708 5472 975 5545 conjugis
998 5476 1244 5545 mortem
1269 5475 1339 5529 ad
1364 5471 1523 5529 aliud
1546 5475 1743 5531 matri-

96 5541 361 5603 monium
391 5541 580 5601 valide
608 5541 974 5619 procedatur.
1008 5544 1139 5604 Haec
1186 5544 1390 5621 paucis
1437 5546 1741 5605 observata

1937 4569 2067 4624 (Συ).
2121 4568 2307 4624 XXXI.
2369 4573 2447 4623 De
2502 4567 2785 4637 strigibus.
2839 4566 2897 4621 Si
2956 4582 3073 4639 qua
3129 4564 3315 4637 striga
3370 4564 3521 4636 (114)

1864 4656 2097 4713 inventa
2123 4657 2316 4724 fuerit,
2350 4656 2677 4712 secundum
2699 4654 3044 4726 judicialem
3060 4653 3249 4726 legem
3273 4653 3523 4709 ducatur

1864 4748 1990 4818 [al.,
2024 4746 2266 4817 ducant]
2297 4745 2368 4801 ad
2399 4743 2731 4812 ecclesiam,
2765 4748 2823 4799 et
2850 4743 3297 4799 commendetur
3327 4758 3519 4798 sacer-

1863 4836 1983 4892 doti
2015 4836 2086 4891 ad
2110 4834 2528 4907 jejunandum,
2562 4833 2855 4905 fidemque
2876 4831 3222 4887 discendum
3246 4847 3259 4885 :
3283 4834 3415 4903 post
3428 4830 3519 4901 je-

1855 4925 2093 4997 junium
2129 4940 2260 4979 vero
2294 4922 2533 4977 domum
2568 4920 2786 4976 redeat.
2808 4919 2868 4975 Si
2888 4918 3285 4975 secundumin
3312 4919 3513 4974 eodem

1860 5014 2106 5069 crimine
2136 5012 2486 5080 invenietur,
2520 5009 2700 5066 simili
2720 5008 2949 5082 jejunio
3000 5008 3330 5080 subjaceat:
3389 5010 3521 5079 post

1853 5119 2108 5204 oportuit
2129 5136 2144 5201 ξ
2180 5122 2239 5202 at
2265 5118 2438 5201 plura
2467 5118 2538 5174 de
2558 5117 2719 5172 hisce
2748 5117 2975 5173 dabunt
2992 5114 3245 5188 theologi
3266 5119 3323 5171 et
3346 5131 3518 5172 cano-

1854 5197 2044 5247 nistze.
2081 5192 2230 5246 Fieri
2258 5197 2435 5246 etiam
2493 5193 2685 5247 notest
2740 5193 2807 5245 ut
2864 5188 3077 5244 menda
3131 5188 3400 5247 dumdum
3457 5188 3518 5244 in

1854 5204 2044 5248 mstze.
2081 5204 2435 5274 suamsuam
2493 5204 2685 5273 potest
2740 5204 2807 5245 ut
2864 5204 3077 5244 menda
3131 5204 3400 5259 quamam
3457 5204 3518 5244 in

1852 5263 2607 5346 Veib9.ieﬁ‘3‘riepsert‘.‘t'
2720 5335 2784 5346 ,.
2854 5332 2909 5346 ..
3023 5332 3038 5346 .
3114 5330 3125 5342 .
3255 5334 3265 5346 .
3452 5330 3481 5346 η

1924 5334 2076 5405 (114)
2105 5330 2229 5389 Vox
2271 5330 2447 5405 striga
2476 5332 2625 5388 alias
2679 5335 2826 5389 strix
2854 5332 2949 5387 hic
3005 5330 3274 5458 designat
3302 5330 3517 5386 veneﬁ-

1926 5422 1982 5458 m
2009 5410 2149 5458 sunt
2175 5404 2522 5458 maleﬁcam.
2556 5404 2727 5458 Hisce
2752 5405 2975 5458 maiora
2996 5403 3129 5458 dein
3174 5419 3204 5458 e
3227 5402 3517 5458 sunnlicia

1850 5402 1982 5461 eam
2009 5402 2149 5461 sunt
2175 5402 2522 5477 maleﬁcam.
2556 5404 2727 5477 Hisce
2752 5405 2975 5477 majora
2996 5402 3204 5477 deinde
3227 5402 3518 5477 supplicia

1852 5481 2077 5534 statuta
2107 5482 2270 5546 aunt,
2306 5476 2392 5533 uti
2416 5480 2474 5533 et
2503 5493 2610 5551 pro
2631 5476 2765 5533 aliis
2793 5473 3159 5534 criminibus.
