3968 6158
347 226 352 235 δ
399 266 549 330 1251

1399 263 1465 327 S.
1512 264 1906 328 STEPHANI
1950 260 2504 329 HUNGARORUM
2550 262 2802 329 REGIS.

3654 265 3825 327 1252

388 400 683 471 jejunium
713 411 848 456 vero
878 394 938 454 in
971 397 1213 455 modum
1243 396 1430 453 crucis
1464 398 1522 452 in
1584 402 1812 470 pectore
1868 404 1927 453 et
1980 398 2038 453 in
2075 402 2125 467 Α
2159 404 2253 453 tur
2284 399 2437 470 quis,
2470 399 2583 455 nisi
2617 396 2959 455 consiliatus
2991 399 3237 452 mortem
3272 396 3446 471 regis,
3478 400 3581 456 aut
3626 400 3821 456 tradi-

396 490 607 554 fronte,
641 492 817 561 atque
849 488 1002 544 inter
1031 485 1322 559 scapulas,
1360 486 1603 543 incensa
1659 487 1803 542 clavi
1865 487 2045 542 eccle-

399 578 657 646 siastica,
691 578 934 634 domum
966 577 1182 633 redeat.
1215 575 1275 630 Si
1314 592 1446 632 vero
1500 576 1693 643 tertio,
1743 576 2045 647 judicibus

400 668 691 724 tradatur.

468 757 602 813 CAP.
635 756 843 812 XXXII.
878 758 949 810 De
978 756 1241 825 maleﬁcis
1266 759 1317 810 et
1346 756 1641 825 sortilegis.
1690 754 1762 811 Ut
1783 760 2048 811 creatura

408 846 511 902 Dei
543 845 615 901 ab
645 844 910 900 omnium
942 842 1178 900 laesione
1208 844 1601 917 malignorum
1634 848 1875 909 remota,
1926 849 1984 899 et
2014 861 2047 899 a

393 933 554 990 nullo
584 933 1003 989 detrimentum
1034 932 1125 988 sui
1157 949 1407 1004 passura
1437 932 1813 1003 maneat,nisi
1845 949 1879 987 a
1907 932 2043 1000 Deo,

397 1040 432 1079 a
462 1039 577 1095 quo
609 1024 728 1094 [at.,
760 1022 982 1078 additur
1011 1022 1087 1094 et]
1121 1025 1567 1094 augmentatur:
1602 1022 1927 1077 secundum
1947 1022 2044 1077 de-

389 1115 613 1168 cretum
648 1116 889 1167 senatus
920 1111 1239 1166 statuimus
1270 1111 1339 1166 ad
1361 1110 1559 1183 magni
1579 1110 1909 1166 cautionem
1930 1115 2047 1166 ter-

394 1200 565 1270 roris,
596 1201 872 1256 veneﬁcis
905 1204 961 1255 et
991 1199 1275 1256 maleﬁcis
1304 1201 1424 1266 [at.,
1457 1199 1752 1255 veneﬁciis
1773 1204 1831 1255 et
1866 1198 2045 1256 male-

389 1288 586 1363 ﬁciis],
615 1294 682 1345 ut
734 1289 896 1345 nulla
952 1306 1226 1361 persona,
1278 1287 1563 1344 maleﬁcio
1621 1292 1722 1344 aut
1769 1289 2045 1345 veneﬁcio

392 1395 752 1451 quemquam
766 1377 1075 1434 hominum
1092 1378 1432 1434 subvertere
1455 1395 1490 1433 a
1515 1381 1670 1434 statu
1688 1377 1921 1445 mentis,
1947 1382 2050 1434 aut

389 1466 716 1524 interﬁcere
748 1468 979 1523 audeat.
1012 1469 1117 1523 Ast
1147 1467 1197 1522 si
1229 1467 1383 1539 quis,
1406 1465 1494 1522 vel
1518 1484 1643 1538 qua
1667 1466 1908 1538 posthac
1925 1467 2045 1521 haec

389 1557 854 1628 praesumpserit,
889 1557 1158 1611 tradatur
1189 1556 1249 1610 in
1284 1573 1496 1611 manus
1554 1554 1842 1611 maleﬁcio
1899 1554 2042 1621 lmsi,

390 1651 492 1701 aut
509 1646 568 1700 in
591 1662 803 1701 manus
826 1648 1134 1717 parentum
1153 1645 1303 1716 ejus,
1319 1645 1644 1700 secundum
1665 1660 1864 1699 eorum
1877 1643 2042 1709 velle,

389 1735 888 1806 adjudicandum.
923 1734 984 1789 Si
1015 1751 1148 1790 vero
1173 1733 1472 1806 sortilegio
1532 1736 1761 1789 utentes
1819 1732 2041 1788 inveni-

387 1827 591 1879 rentur
647 1824 765 1894 [al.,
826 1824 975 1878 abest
1035 1823 1477 1893 invenirentur],
1538 1826 1604 1877 ut
1666 1822 1887 1878 faciunt
1971 1822 2029 1876 in

388 1912 608 1978 cinere,
630 1917 687 1967 et
709 1912 802 1967 bis
834 1911 1231 1979 similibu,sab
1252 1910 1540 1983 episcopis
1570 1910 1814 1983 flagellis
1845 1926 2046 1967 cmen-

389 2000 618 2057 dentur.

459 2090 594 2147 CAP.
627 2091 868 2146 XXXIII.
907 2092 978 2147 De
1034 2092 1315 2146 inuasione
1369 2089 1675 2156 domorum,
1735 2089 1800 2144 de
1851 2106 2041 2161 pugna

386 2180 587 2236 ibidem
608 2189 812 2236 secuta.
844 2180 1132 2236 Volumus
1168 2185 1235 2235 ut
1266 2180 1439 2235 ﬁrma
1458 2179 2042 2252 pax,etunanimitas

386 2268 464 2323 sit
494 2268 979 2341 intermajoreset
998 2269 1274 2335 minores,
1301 2269 1628 2324 secundum
1664 2267 2036 2341 apostolum:

386 2356 602 2413 Omnes
634 2358 941 2413 unanimes
972 2362 1155 2413 estote
1187 2359 1235 2428 (Ι
1259 2360 1405 2413 Petr.
1431 2375 1521 2425 III,
1581 2358 1659 2429 8),
1719 2374 1825 2413 nec
1856 2356 2038 2411 alium

385 2444 600 2517 aliquis
658 2446 931 2502 invadere
989 2447 1200 2502 audeat
1255 2447 1305 2501 si
1359 2447 1494 2518 quis
1554 2446 1861 2512 comitum,
1912 2448 2045 2516 post

384 2533 797 2590 difﬁnitionem
811 2534 990 2605 hujus
1002 2534 1334 2590 communis
1350 2533 1578 2590 concilii
1595 2539 1715 2590 tam
1729 2538 2043 2590 contumax

382 2622 689 2691 exstiterit,
707 2627 770 2678 ut
791 2622 1146 2678 alium'domi
1166 2628 1388 2694 quierat
1410 2623 1481 2678 ad
1500 2622 2040 2694 perdendumeum,

384 2713 557 2781 atque
587 2728 727 2767 suas
757 2711 1045 2783 dissipare
1076 2727 1197 2779 res;
1232 2716 1289 2765 et
1313 2710 1363 2766 si
1383 2710 1667 2766 dominus
1686 2710 1844 2766 domi
1868 2714 2042 2777 est,et

384 2801 434 2859 si
457 2816 655 2859 secum
678 2799 1044 2872 pugnaverit,
1065 2798 1153 2853 vel
1179 2799 1551 2859 interfecerit.
1572 2797 1697 2853 luat
1717 2799 2041 2854 secundum

387 2892 575 2966 legem
610 2890 682 2944 de
713 2886 1114 2961 cvaginatione
1143 2886 1325 2959 gladii
1364 2887 1710 2943 confectam.
1730 2887 1789 2941 Si
1848 2891 2043 2942 autem

384 2982 540 3038 idem
571 2993 766 3034 comes
794 2976 1010 3032 ibidem
1043 2976 1403 3042 occubuerit,
1438 2976 1565 3032 sine
1625 2976 2043 3047 compositione

381 3072 595 3142 jaceat.
630 3067 687 3122 Si
723 3081 854 3121 vero
886 3064 1055 3120 miles
1087 3064 1221 3136 quis
1252 3053 1498 3132 curiam,
1531 3064 1622 3120 vel
1669 3064 1902 3133 turrim,
1956 3063 2041 3120 vel

2155 488 2371 542 tionem
2408 487 2569 559 regni
2603 487 2817 556 fecerit,
2850 484 2937 543 vel
2971 485 3030 540 in
3089 484 3267 542 aliam
3312 485 3529 559 fugerit
3574 488 3823 559 provin-

2157 576 2326 630 ciam.
2359 576 2522 631 Tunc
2551 593 2683 632 vero
2715 577 2867 631 bona
2885 573 3047 630 illius
3066 574 3123 630 in
3146 574 3370 647 regiam
3389 575 3627 632 veniant
3650 582 3822 649 pote-

2156 667 2388 731 statem,
2412 664 2536 736 ipse
2555 680 2688 720 vero
2710 664 3012 736 subjaceat
3030 662 3353 730 sententiae,
3378 662 3516 719 ﬁliis
3532 663 3820 721 innocen-

2155 752 2316 809 tibus
2344 753 2807 809 remanentibus.

2226 842 2359 898 CAP.
2393 841 2628 898 XXXVI.
2661 843 2735 897 De
2757 858 2907 898 servo
2948 843 3230 913 interfecto
3287 841 3355 897 ab
3407 843 3578 899 altero
3631 859 3814 901 servo.

2156 930 2215 987 Si
2248 930 2499 1003 alicujus
2527 948 2731 987 servus
2763 946 2997 986 servum
3027 929 3267 986 alterius
3319 930 3547 998 occidit,
3610 932 3818 988 senior

2155 1018 2462 1075 homicidae
2494 1019 2868 1076 medietatem
2901 1018 3048 1075 servi
3080 1023 3393 1091 componat
3438 1019 3656 1077 seniori
3716 1020 3811 1078 in-

2154 1108 2399 1173 terfecti,
2432 1109 2481 1164 si
2512 1113 2729 1182 potest:
2792 1108 2884 1165 sin
2942 1112 3137 1164 autem
3199 1124 3339 1177 non,
3398 1113 3634 1181 peracta
3692 1127 3815 1167 una

2156 1197 2606 1270 quadragesima
2626 1198 2796 1269 (116),
2828 1197 3197 1253 venundetur
3222 1213 3446 1267 servus,
3468 1202 3526 1253 et
3549 1199 3809 1271 pretium

2156 1284 2469 1342 dividatur.

2226 1375 2358 1430 CAP.
2421 1374 2682 1430 XXXVII.
2739 1375 2812 1430 De
2866 1374 3235 1448 redemptione
3287 1373 3569 1431 homicidae
3636 1378 3805 1432 servi.

2153 1467 2392 1519 Servum
2425 1462 2590 1519 liberi
2621 1462 2999 1532 homicidam,
3020 1480 3082 1520 se
3108 1462 3323 1520 seniori
3345 1463 3644 1536 placuerit,
3666 1481 3808 1521 cum

2155 1557 2388 1609 centum
2421 1556 2478 1607 et
2496 1552 2695 1608 decem
2710 1552 2733 1623 j
2746 1552 2982 1608 uvencis
2998 1552 3268 1623 redimat,
3293 1556 3396 1608 aut
3410 1552 3606 1608 tradat
3623 1553 3802 1624 (117).

2224 1642 2358 1697 CAP.
2393 1641 2679 1697 XXXVIII.
2715 1642 2788 1696 De
2816 1640 3060 1696 vindicta
3091 1642 3387 1697 nitentium
3414 1643 3699 1713 acquirere
3736 1642 3805 1696 ti-

2155 1730 2414 1786 bertatem
2442 1730 2641 1786 alienis
2669 1731 2858 1785 servis.
2895 1729 2954 1785 Si
2986 1729 3120 1801 quis
3151 1728 3357 1785 alienis
3401 1728 3585 1786 servis
3631 1728 3806 1785 liber-

2156 1824 2333 1875 tatem
2354 1820 2656 1892 acquirere
2678 1818 2978 1885 niteretur,
2999 1818 3154 1890 quod
3177 1817 3327 1873 servi
3349 1821 3539 1885 erunt,
3556 1819 3803 1874 totidem

2156 1908 2451 1981 mancipia
2480 1906 2685 1965 solvat.
2718 1908 2799 1962 Ex
2828 1907 3044 1979 quibus
3073 1908 3202 1963 duae
3234 1911 3429 1981 partes
3455 1907 3599 1979 regi,
3632 1907 3806 1963 tertia

2151 1997 2367 2053 seniori
2423 2012 2723 2053 servorum
2753 1996 2943 2051 detur.
2978 1996 3095 2051 Rex
3125 2000 3321 2052 autem
3355 2011 3424 2052 ex
3469 2011 3578 2052 sua
3636 1999 3803 2068 parte

2152 2085 2384 2141 tertiam
2414 2085 2635 2141 tribuat
2665 2083 2883 2139 comiti.

2224 2174 2359 2230 CAP.
2392 2173 2625 2229 XXXIX.
2671 2174 2748 2230 De
2772 2175 2923 2244 furto
2976 2174 3122 2228 servi
3178 2173 3344 2228 semet
3376 2175 3682 2229 commisso.
3743 2172 3804 2229 Si

2153 2264 2287 2335 quis
2324 2278 2624 2319 servorum
2675 2260 2852 2318 semel
2896 2261 3117 2316 furtum
3169 2261 3555 2331 commiserit,
3602 2260 3807 2317 reddat

2150 2352 2399 2419 furtum,
2428 2355 2485 2406 et
2516 2350 2763 2407 redimat
2795 2366 3006 2406 nasum
3033 2350 3292 2423 quinque
3313 2350 3603 2421 juvencis,
3631 2351 3679 2406 si
3698 2366 3801 2423 po-

2149 2444 2297 2497 test:
2335 2441 2384 2496 si
2418 2444 2615 2495 autem
2645 2456 2783 2508 non,
2821 2439 3200 2496 abscindatur
3225 2439 3399 2511 (118).

2220 2532 2354 2587 CAP.
2387 2530 2499 2585 XL.
2532 2530 2606 2585 De
2638 2545 2801 2600 pwna
2856 2530 3071 2599 furtum
3127 2531 3162 2583 2
3214 2532 3265 2584 et
3320 2529 3355 2583 3
3384 2530 3791 2585 committentis.

2152 2619 2213 2676 Si
2246 2620 2468 2674 furtum
2499 2617 2770 2674 abcissus
2802 2633 2945 2673 naso
2978 2617 3359 2688 commiserit,
3392 2617 3644 2674 redimat
3696 2635 3801 2674 au-

2151 2725 2244 2764 res
2274 2707 2536 2780 quinque
2559 2706 2850 2778 juvencis,
2883 2706 2931 2762 si
2960 2710 3171 2778 potest,
3205 2706 3255 2762 si
3285 2710 3480 2762 autem
3510 2723 3650 2776 non,
3698 2708 3801 2762 ab-

2151 2797 2515 2853 scindantur.
2550 2795 2609 2852 Si
2659 2795 2828 2851 tertio
2882 2793 3243 2851 commiserit
3300 2795 3542 2862 furtum,
3603 2799 3799 2851 careat

2151 2887 2290 2942 vita.

2222 2975 2356 3031 CAP.
2390 2974 2528 3031 XLI.
2561 2976 2635 3031 De
2661 2977 2810 3047 furto
2841 2974 3162 3039 liberorum,
3193 2976 3301 3029 etc.
3333 2973 3391 3027 Si
3421 2972 3554 3045 quis
3585 2971 3798 3029 libero-

2155 3080 2286 3119 rum
2318 3065 2539 3120 I'urtum
2596 3061 2975 3131 commiserit,
3036 3062 3145 3117 hac
3199 3060 3562 3118 decrevimus
3608 3061 3799 3135 legem

383 3140 625 3215 domum
657 3155 896 3211 alterius
927 3154 1207 3210 invaserit
1246 3153 1471 3225 militis,
1520 3154 1720 3209 decem
1764 3153 2031 3224 juvencis
2060 3140 2102 3206 C
2141 3168 2488 3225 componere
2521 3154 2645 3225 [at.,
2680 3151 3060 3223 comparere],
3090 3157 3155 3205 ut
3184 3150 3364 3207 semel
3397 3151 3650 3207 redimat
3708 3166 3801 3223 se,

382 3249 697 3319 componat
728 3244 1110 3299 invasionem.
1144 3243 1203 3298 Si
1233 3259 1366 3298 vero
1397 3242 1495 3298 ille
1526 3260 1641 3299 non
1677 3258 2025 3315 supervene-

380 3336 477 3405 rit,
512 3336 613 3391 sed
647 3350 789 3389 suos
824 3332 1035 3388 milites
1066 3331 1313 3399 miserit,
1340 3331 1860 3402 centumjuvencis
1880 3347 2029 3387 com-

2136 3241 2184 3298 si
2219 3230 2442 3315 potest:
2477 3242 2571 3298 sin
2604 3246 2800 3297 autem
2833 3258 2969 3309 non,
3008 3240 3395 3296 venundetur.
3428 3240 3484 3294 Si
3506 3239 3663 3297 idem
3695 3257 3796 3296 ve-

2134 3330 2435 3387 nundatus
2457 3330 2684 3386 furtum
2708 3329 3087 3400 commiserit,
3102 3327 3332 3401 legibus
3345 3345 3643 3385 servorum
3658 3329 3799 3386 sub-

379 3429 561 3498 ponat
587 3422 969 3478 invasionem.
1004 3419 1063 3476 Si
1092 3419 1351 3492 vulgaris
1376 3420 1613 3492 quidem
1647 3420 1887 3475 alterius
1935 3419 2025 3474 sui
2125 3421 2336 3492 jaceat.
2365 3419 2425 3475 Si
2456 3418 2744 3487 secundo,
2778 3415 2960 3473 simili
3016 3416 3129 3490 legi
3190 3417 3509 3490 subjaceat.
3557 3418 3619 3474 Si
3667 3435 3798 3475 vero

380 3512 593 3569 similis
624 3508 1068 3566 mansiunculas
1098 3509 1392 3576 invaserit,
1447 3508 1709 3581 quinque
1758 3508 2028 3579 juvencis

381 3599 568 3657 solvat
595 3598 976 3653 invasionem.

453 3688 584 3744 CAP.
619 3685 855 3741 XXXIV.
889 3687 962 3741 De
1002 3685 1369 3757 cedificatione
1424 3694 1478 3743 et
1521 3686 1642 3742 dote
1692 3686 1937 3743 eeclesiae
1994 3702 2029 3742 a

379 3779 530 3834 vittis
554 3777 879 3849 compositae.
913 3775 1121 3831 Decem
1152 3773 1301 3830 villa:
1352 3774 1656 3832 ecclesiam
1713 3774 2025 3842 aediﬁcent,

381 3883 559 3938 quam
577 3864 809 3921 duabus
823 3863 1229 3919 mansionibus
1243 3864 1412 3936 (115),
1431 3863 1794 3935 totidemque
1808 3865 2025 3920 mansi-

379 3955 494 4028 piis
524 3956 743 4022 dotent,
773 3970 922 4026 equo
948 3956 1005 4009 et
1024 3954 1317 4024 jumento,
1350 3969 1451 4009 sex
1480 3953 1688 4019 bobus,
1711 3956 1769 4008 et
1796 3953 2027 4009 duabus

378 4044 589 4111 vaccis,
614 4043 854 4116 triginta
881 4046 1134 4114 quatuor
1155 4042 1400 4099 minutis
1416 4041 1643 4099 bestiis.
1664 4041 2032 4098 Vestimenta

377 4149 512 4189 vero
543 4136 599 4188 et
657 4130 981 4203 corporalia
1036 4135 1094 4187 et
1150 4130 1510 4203 coopertoria
1556 4147 1653 4187 rex
1708 4128 2025 4202 provideat,

380 4222 786 4294 presbyterum
817 4223 874 4274 et
901 4218 1083 4275 libros
1112 4219 1391 4291 episcopi.

450 4310 585 4365 CAP.
610 4308 821 4364 XXXV.
855 4309 929 4362 De
969 4308 1358 4364 donationibus
1410 4324 1625 4376 regum,
1678 4311 1729 4363 et
1781 4308 2029 4379 propriae

379 4400 464 4453 rei
489 4398 840 4470 possessione.
865 4396 1284 4451 Consensimus
1307 4395 1489 4468 igitur
1518 4394 1786 4467 petitioni
1844 4395 2029 4451 totius

381 4489 642 4551 senatus,
676 4488 741 4538 ut
770 4483 1180 4555 unusquisque
1238 4484 1574 4540 dominetur
1631 4484 2022 4555 propriorum,
2056 4508 2102 4573 ο

2137 3508 2327 3578 tertio,
2356 3506 2667 3580 dispendio
2688 3507 2817 3561 vitae
2842 3506 3226 3577 dijudicetur.

2204 3598 2338 3653 CAP.
2400 3596 2567 3652 XLII.
2636 3596 2886 3665 Comites,
2947 3594 3088 3666 quod
3141 3595 3286 3664 regis
3345 3598 3441 3664 est,
3521 3595 3670 3667 apud
3743 3614 3800 3654 se

2133 3703 2247 3742 non
2275 3686 2534 3742 detineat.
2569 3685 2630 3742 Si
2662 3685 2795 3758 quis
2857 3682 3139 3740 comitum
3198 3687 3424 3756 partem
3481 3683 3636 3757 regis
3693 3686 3798 3743 de-

2137 3774 2509 3842 fraudaverit,
2568 3774 2773 3830 reddat
2827 3773 3116 3837 fraudem,
3176 3776 3235 3828 et
3291 3772 3491 3845 duplo,
3565 3790 3803 3848 compa-

2135 3868 2238 3919 nat
2261 3864 2429 3935 (119).

2206 3952 2340 4009 CAP.
2364 3951 2555 4008 XLIII.
2588 3953 2664 4008 De
2690 3955 3067 4024 contemptu...
3119 3953 3264 4023 justi
3310 3951 3516 4024 judicii
3542 3953 3781 4008 comitis.

2137 4042 2195 4097 Si
2228 4042 2361 4114 quis
2393 4040 2647 4096 militum
2674 4040 2966 4112 judicium
2998 4058 3031 4097 a
3055 4058 3162 4097 suo
3187 4040 3404 4097 comite
3444 4044 3599 4096 recte
3620 4040 3788 4113 judi-

2137 4134 2335 4185 catum
2363 4145 2667 4202 spernens,
2701 4129 2772 4186 ad
2834 4145 3030 4201 regem
3085 4128 3483 4202 appellaverit,
3542 4130 3790 4202 cupiens

2136 4218 2407 4275 comitem
2438 4233 2615 4274 suum
2647 4218 2888 4274 reddere
2915 4218 3226 4290 injustum,
3246 4218 3324 4274 sit
3343 4218 3570 4274 debitor
3587 4218 3790 4275 decem

2137 4324 2453 4381 pensarum
2486 4308 2613 4363 auri
2645 4324 2751 4364 suo
2782 4307 3004 4364 comiti.

2206 4400 2338 4452 CAP.
2399 4396 2586 4453 XLIV.
2646 4398 2722 4453 De
2773 4395 3109 4453 restituenda
3166 4413 3227 4451 re
3252 4396 3544 4466 militibus,
3577 4399 3689 4451 etc.
3731 4394 3792 4451 Si

2138 4486 2272 4559 quis
2294 4486 2597 4553 comitum,
2631 4485 2868 4541 inventa
2892 4484 3090 4557 aliqua
3136 4484 3461 4553 occasione,
3507 4483 3651 4557 quid
3704 4483 3792 4539 in-

380 4573 653 4630 similiter
667 4577 725 4628 et
741 4573 1028 4628 donorum
1048 4572 1221 4645 regis,
1241 4573 1384 4629 dum
1404 4572 1543 4629 vivit
1566 4590 1578 4629 :
1596 4576 1832 4644 excepto
1866 4574 2023 4646 quod
2064 4572 2077 4573 ί
2128 4576 2290 4648 juste
2320 4574 2490 4631 militi
2525 4573 2852 4642 abstulerit,
2872 4574 3097 4640 reddat,
3125 4578 3183 4630 et
3201 4573 3445 4647 insuper
3464 4590 3534 4631 ex
3552 4573 3788 4647 proprio

379 4664 450 4720 ad
483 4662 887 4734 episcOpatum
915 4660 1164 4733 pertinet
1192 4666 1248 4718 et
1272 4661 1637 4732 comitatum,
1666 4678 1733 4717 ac
1747 4665 1878 4734 post
1897 4663 2027 4734 ejus

376 4752 557 4808 vitam
588 4749 695 4806 filii
727 4749 906 4806 simili
928 4749 1188 4806 dominio
1206 4751 1540 4817 succedant,
1565 4767 1670 4806 nec
1692 4767 1796 4823 pro
1811 4749 2032 4807 nullius

379 4857 557 4898 causa
584 4844 781 4896 reatus
814 4838 1231 4895 detrimentum
1264 4841 1551 4896 bonorum
1566 4856 1808 4896 suorum
1844 4840 2029 4912 patia-

445 5056 595 5127 (115)
639 5055 747 5110 Pro
796 5052 1174 5109 mansionibus
1228 5053 1380 5126 apud
1444 5052 1755 5127 Peterﬁum
1819 5052 2033 5127 legitur

376 5130 609 5193 mensis,
637 5130 693 5181 et
719 5127 872 5197 apud
908 5127 1268 5180 Sambucum
1303 5126 1581 5197 mendose
1610 5127 1835 5181 mensis.
1865 5126 2030 5181 Desi-

378 5196 808 5272 gnantﬁurvillaa
845 5214 947 5272 seu
980 5197 1197 5269 praedia
1218 5196 1478 5272 rustica.
1751 5267 1762 5272 _
1898 5200 1903 5205 '

448 5271 597 5341 (116)
620 5269 741 5324 Non
768 5269 912 5324 satis
944 5265 1101 5340 patet
1132 5267 1273 5341 quid
1308 5266 1490 5341 velint
1518 5265 1618 5321 illa
1648 5267 1825 5341 verba
1846 5338 1855 5341 _
1876 5284 2033 5341 pera:

448 5284 597 5341 (110)
621 5284 741 5324 non
768 5284 912 5324 satis
944 5284 1101 5340 patet
1132 5284 1273 5395 qsuiu
1308 5284 1490 5322 vennt
1518 5284 1618 5321 ma
1648 5284 1825 5323 verna
1876 5284 2031 5339 pera-

378 5345 461 5396 cta
492 5357 603 5394 una
648 5340 1086 5411 quadragesima.
1194 5339 1427 5411 uspich
1488 5345 1699 5411 tamen,
1735 5338 2031 5411 designari

378 5427 610 5483 poenam
642 5408 789 5483 servi
824 5408 926 5483 per
953 5408 1345 5483 quadraginta
1370 5408 2030 5483 dies__continuandam,

378 5479 800 5612 fivejsjunjum
820 5479 1013 5551 fuerit,
1035 5497 1138 5539 seu
1161 5479 1321 5537 aliud
1345 5479 1702 5555 supplicium
1727 5497 1840 5553 pro
1878 5482 2031 5538 arbi-

406 5568 491 5609 rio
561 5565 767 5610 omini.

406 5568 491 5609 1‘10
521 5565 767 5610 αοωιηι.

2140 4664 2512 4720 tantumdem
2546 4662 2756 4719 solvat.

2211 4754 2346 4808 CAP.
2382 4752 2546 4807 XLV.
2578 4752 2920 4807 Promissum
2949 4752 3096 4807 cadit
3136 4754 3195 4807 in
3220 4752 3479 4809 debitum.
3542 4750 3600 4807 Si
3661 4750 3795 4823 quis

2142 4846 2339 4896 autem
2369 4839 2648 4905 militum,
2681 4856 2858 4896 suum
2889 4844 3278 4914 spontaneum
3319 4840 3541 4896 donum
3589 4839 3793 4896 dicens

2215 5056 2361 5125 (117)
2394 5053 2520 5128 Non
2552 5053 2793 5128 additur
2822 5072 3022 5128 pinna:
3057 5055 3283 5128 opinor,
3307 5055 3447 5128 quia
3475 5054 3577 5111 illa
3616 5053 3802 5127 inﬂgii

2141 5124 2368 5200 poterat
2399 5142 2433 5200 a
2463 5124 2705 5200 domino
2738 5124 3140 5200 prdarbitrio.

2212 5199 2361 5269 (118)
2388 5197 2672 5269 Graviore.
2703 5195 2807 5269 pro
2840 5197 2993 5253 furto
3025 5202 3415 5269 servorumget
3480 5195 3799 5253 liberorum

2149 5267 2439 5341 supplicia
2467 5269 2679 5323 deinde
2705 5267 2918 5324 statuit
2948 5267 3441 5325 S.Ladislauslib.
3466 5286 3525 5337 ιι,
3544 5285 3672 5340 cap.
3714 5270 3798 5336 12,

2149 5347 2196 5395 et
2226 5340 2636 5395 sequentibus.
2671 5348 2725 5395 et
2760 5339 2902 5395 locis
2941 5340 3092 5395 aliis.

2140 5356 2196 5395 et
2226 5358 2287 5396 se
2335 5356 2636 5406 uenunus,
2671 5356 2725 5395 et
2760 5356 2902 5396 10018
2941 5356 3092 5396 ams.

2215 5357 2360 5485 (11%)
2397 5411 2507 5485 Lex
2536 5411 2681 5485 haec,
2714 5413 2887 5483 cujus
2908 5428 3057 5485 sane
3087 5429 3257 5485 pinna
3286 5410 3466 5467 levior
3504 5414 3596 5467 est
3626 5426 3804 5482 quam

2141 5481 2245 5555 pro
2268 5481 2455 5555 simili
2487 5483 2734 5555 crimine
2766 5481 2986 5555 passim
3011 5481 3318 5555 infligitur,
3349 5500 3465 5538 non
3485 5481 3683 5539 exacte
3712 5497 3808 5538 ex-

2142 5500 2245 5555 pI‘O
2277 5500 2455 5537 81ml“
2487 5500 2734 5537 crimine
2805 5500 2986 5539 8881!!)
3011 5500 3318 5555 mmgltur,

2142 5553 2383 5629 ponitur
2437 5571 2475 5611 n
2504 5553 2679 5612 titulo
2718 5500 2802 5612 ag
2824 5555 3149 5631 marginem
3182 5555 3338 5611 dato.
