3968 6158
145 254 319 319 1253

1606 214 2148 317 PRIVILEGlUM.

3422 256 3580 324 1254

146 390 266 447 sibi
301 389 358 446 vi
386 388 672 461 ablatum,
713 388 965 445 mendax
1007 387 1309 456 exstiterit,
1344 391 1400 444 et
1445 388 1553 443 hoc
1604 380 1814 453 careat,
1848 391 1900 455 Α
1931 388 2368 460 conspiraverit,
2428 394 2528 445 aut
2585 392 2919 465 conspirare
2975 391 3199 466 aliquid
3251 397 3579 464 tentaverit,

161 486 222 535 et
256 481 507 551 insuper
536 479 904 535 tantumdem
939 476 1125 533 solvat
1148 478 1317 551 (120).

234 573 373 625 CAP.
407 568 601 624 XLVI.
632 569 707 624 De
737 567 822 624 his
853 568 949 640 qui
997 567 1271 623 hominem
1300 567 1483 638 gladio
1512 566 1824 622 occiderint.

153 658 220 714 Si
252 658 394 730 quis
424 656 725 714 hominem
756 656 952 730 gladio
978 656 1270 722 occiderit,
1295 656 1494 712 eodem
1525 654 1828 729 juguletur

163 745 372 819 gladio
400 746 567 819 (121).

237 836 379 892 CAP.
429 835 642 892 XLVII.
695 836 770 891 De
820 834 1151 891 debilatione
1211 835 1578 891 membrorum
1644 834 1825 907 gladio

156 927 341 997 facta.
402 925 462 981 Si
531 925 667 996 quis
739 928 933 979 autem
1004 922 1198 996 gladio
1267 922 1571 996 evaginato
1642 922 1822 979 alium

162 1014 491 1087 quemlibet
523 1013 930 1082 debilitaverit,
963 1013 1053 1069 vel
1098 1012 1159 1067 in
1202 1012 1398 1084 oculo,
1423 1011 1511 1068 vel
1562 1013 1620 1067 in
1655 1013 1819 1084 pede,

160 1102 256 1159 vel
285 1103 347 1159 in
380 1119 581 1173 manu,
616 1100 923 1159 consimile
971 1100 1063 1157 sui
1116 1100 1376 1173 corporis
1404 1102 1687 1157 damnum
1721 1119 1821 1173 pa-

161 1191 370 1247 tiatur.

158 1285 187 1349 fr
238 1281 377 1337 CAP.
409 1281 651 1338 XLVIII.
697 1282 773 1336 De
817 1296 878 1337 eo
922 1281 1019 1351 qui
1064 1280 1245 1351 gladio
1286 1296 1579 1353 percussus
1627 1280 1823 1335 vulnus

161 1374 393 1443 accepit.
429 1371 487 1427 Si
522 1370 656 1443 quis
697 1385 832 1426 vero
862 1368 1056 1442 gladio
1083 1368 1409 1425 vulneravit
1450 1369 1728 1440 aliquem,
1765 1372 1822 1424 et

157 1460 512 1517 vulneratus
543 1461 615 1515 de
654 1459 856 1515 eodem
888 1457 1126 1514 vulnere
1174 1475 1356 1514 sanus
1402 1461 1459 1513 et
1505 1456 1820 1513 incolumis

162 1549 437 1617 evaserit,
469 1548 770 1604 homicidii
802 1546 1283 1618 compositionem
1330 1545 1591 1602 vulneris
1630 1545 1821 1600 illator

86 1646 101 1655 ‘
164 1642 502 1710 componat.

234 1727 368 1783 CAP.
403 1726 591 1782 XLIX.
622 1728 696 1782 De
722 1726 902 1796 gladii
928 1726 1309 1796 evaginalicne
1336 1726 1454 1779 sine
1482 1726 1724 1779 vulnere.
1756 1723 1815 1779 Si

161 1816 300 1889 quis
332 1816 527 1872 furore
559 1815 820 1888 repletus
867 1813 1259 1887 evaginaverit
1306 1813 1589 1885 gladium,
1620 1817 1680 1867 et
1728 1818 1814 1867 ta-

162 1923 300 1962 men
349 1921 463 1961 non
510 1903 743 1971 laeserit,
776 1920 880 1976 pro
931 1902 1054 1959 sola
1102 1901 1507 1974 evaginatione
1556 1901 1815 1956 medium

161 1986 470 2051 homicidii
500 1993 894 2067 compositum
927 1991 1112 2048 solvat
1140 1991 1309 2063 (122).

235 2086 369 2140 CAP.
405 2083 465 2139 L.
499 2084 574 2138 De
613 2082 920 2139 testimonio
950 2096 1249 2151 servorum,
1282 2080 1450 2134 curiae
1493 2080 1817 2150 praeposito-

162 2189 309 2229 rum.
334 2172 391 2227 Si
415 2173 549 2244 quis
580 2187 880 2228 servorum
913 2169 1085 2225 curiae
1107 2168 1285 2241 regali
1310 2167 1397 2222 vel
1418 2167 1652 2222 comitis
1679 2184 1819 2238 prae-

163 2262 383 2331 ficitur,
415 2262 544 2333 ejus
573 2260 979 2317 testimonium
1020 2259 1173 2313 inter
1201 2257 1442 2313 comites
1483 2255 1815 2327 recipiatur,

161 2350 214 2407 si
247 2367 451 2407 servus
481 2350 792 2417 seniorem,
819 2348 907 2405 vel
938 2346 1195 2404 serviens
1228 2363 1403 2402 suum
1430 2346 1704 2401 comitem
1734 2345 1820 2399 In-

165 2439 462 2495 terfecerit
488 2439 657 2509 (123).

235 2527 365 2583 CAP.
394 2527 485 2583 LI.
524 2528 596 2582 De
612 2528 1015 2598 conspiratione
1043 2529 1231 2581 contra
1254 2540 1435 2595 regem
1463 2527 1514 2579 et
1546 2525 1812 2594 reginam.

165 2616 225 2672 Si
258 2615 392 2687 quis
421 2615 481 2671 in
522 2631 718 2688 regem
764 2618 867 2670 aut
907 2630 1153 2687 regnum
1192 2614 1629 2685 conspiraverit,
1661 2613 1817 2668 refu-

164 2704 331 2777 gium
362 2702 595 2759 nullum
636 2704 848 2759 habeat
891 2703 963 2758 ad
1003 2702 1327 2758 ecclesiam.
1362 2702 1421 2757 Si
1453 2701 1587 2773 quis
1617 2705 1819 2756 contra

164 2791 318 2865 regis
345 2791 598 2848 salutem
628 2797 728 2847 aut
750 2791 1095 2865 dignitatem
1120 2790 1377 2863 quolibet
1400 2790 1571 2845 modo
1595 2788 1813 2861 aliquid

236 2918 399 2989 (120)
418 2917 650 2989 Titulus
682 2918 754 2973 ad
784 2916 1110 2989 marginem
1142 2916 1373 2989 positus
1405 2932 1519 2971 non
1551 2915 1694 2971 satis
1726 2932 1817 2970 ex-

166 2988 346 3071 plicat
373 2988 758 3071 ﬁnem_huj_us
783 2988 1116 3071 legis’,‘.quin
1141 2988 1337 3059 potius
1361 2991 1449 3042 est
1470 3003 1638 3060 pmna
1659 3004 1819 3041 men-

165 3060 438 3117 tientium
472 3065 575 3115 aut
606 3060 1113 3115 calumniantium.

235 3133 384 3201 (121)
412 3132 497 3186 Ad
528 3131 681 3187 hanc
709 3136 766 3186 et
802 3134 1110 3201 sequentes
1156 3129 1319 3201 leges,
1364 3130 1612 3201 refertur
1640 3132 1815 3199 caput
1844 3132 1887 3198 C

164 3199 256 3269 33-,
288 3199 496 3274 ex’quo
546 3199 953 3273 intelligimus,
987 3201 1160 3256 hasce
1206 3199 1600 3255 verisimiliter
1647 3200 1813 3273 prius

165 3289 294 3330 esse
324 3274 697 3346 compositas.

237 3341 778 3418 (122)71nﬂeditione
815 3343 1095 3418 Sambuci
1148 3359 1318 3414 pcena
1376 3341 1458 3418 sic
1515 3341 1810 3398 habetur:

167 3439 196 3468 ‹‹
226 3413 536 3472 Homicidii
567 3417 957 3489 compositum
992 3413 1199 3483 solvat,
1229 3437 1257 3462 »ι
1290 3414 1509 3469 omissa
1537 3431 1673 3469 voce
1700 3430 1815 3469 me-

523 3559 644 3641 haec
670 3559 863 3643 editor:
880 3575 930 3613 :«
953 3556 1115 3643 Quod
1141 3555 1425 3643 ofﬁciales
1440 3556 1815 3643 dominorum

163 3633 222 3687 et
245 3627 536 3687 nobilium
577 3631 637 3685 in
669 3630 905 3685 ferendo
948 3627 1287 3685 testimonio
1332 3627 1588 3683 nobilius
1635 3627 1817 3700 tequi-

1938 496 2039 533 seu
2071 479 2320 534 tentanti
2347 479 2599 535 scienter
2628 481 3007 551 consenserit,
3032 482 3577 554 anathematizetur,

1935 573 1993 622 et
2041 568 2306 623 omnium
2365 567 2627 623 ﬁdelium
2687 571 3096 628 communione
3150 572 3427 646 privetur.
3474 572 3579 630 Vel

1936 657 1984 713 si
2017 656 2151 728 quis
2181 656 2519 728 hujusmodi
2551 656 2805 729 aliquem
2845 659 3085 729 noverit,
3119 665 3176 716 et
3205 662 3450 733 probare
3480 680 3580 718 va-

1933 745 2060 801 lens
2101 762 2216 800 non
2263 744 2623 814 indicaverit,
2658 746 2939 819 praidictze
2990 748 3288 820 subjaceat
3333 751 3575 807 damna-

1933 834 2077 890 tioni
2111 834 2281 906 (124).

2002 924 2135 979 CAP.
2171 923 2287 979 LII.
2319 925 2394 979 De
2421 924 2794 981 decimatione.
2828 927 2885 980 Si
2929 926 3020 980 cui
3052 927 3205 982 Deus
3235 927 3431 984 decem
3480 931 3577 984 de-

1933 1012 2084 1069 derit
2110 1013 2169 1067 in
2211 1029 2385 1081 anno,
2410 1013 2694 1070 decimam
2740 1014 2857 1070 Deo
2890 1015 3100 1070 det.Et
3149 1016 3195 1070 si
3242 1016 3376 1087 quis
3425 1018 3577 1073 deci-

1933 1118 2091 1156 mam
2122 1118 2290 1157 suam
2323 1102 2648 1170 abscondit,
2675 1120 2879 1159 novem
2913 1104 3116 1159 solvat.
3151 1105 3218 1159 Et
3248 1105 3295 1160 si
3327 1105 3461 1177 quis
3488 1107 3580 1163 de-

1930 1191 2303 1248 cimationem
2363 1192 2635 1264 episcopo
2694 1197 3021 1264 separatam
3096 1194 3322 1249 furatus
3379 1194 3575 1263 fuerit,

1930 1279 2283 1351 dijudicetur
2330 1284 2392 1335 ut
2440 1284 2551 1347 fur,
2585 1298 2652 1337 ac
2698 1281 3037 1353 hujusmodi
3089 1283 3431 1356 compositio
3458 1287 3580 1340 tota

1929 1369 2217 1440 pertineat
2246 1369 2315 1424 ad
2348 1369 2710 1442 episcopum.

2001 1457 2134 1512 CAP.
2169 1458 2310 1513 LIII.
2335 1459 2410 1514 De
2447 1460 2936 1515 calumniatoribus
2980 1461 3141 1515 aulm.
3179 1460 3238 1516 Si
3269 1462 3403 1535 quis
3451 1477 3577 1518 ver-

1929 1550 2098 1602 sutus
2125 1546 2296 1602 alicui
2327 1547 2631 1615 comitum,
2650 1548 2736 1603 vcl
2766 1548 2929 1604 alteri
2961 1566 3219 1621 persona
3246 1549 3402 1606 ﬁdeli
3424 1549 3579 1606 dixe-

1929 1635 2019 1691 rit.
2054 1635 2258 1691 Audivi
2292 1652 2485 1708 regem
2532 1638 2603 1692 ad
2650 1638 3032 1709 perditionem
3066 1638 3149 1692 tui
3178 1639 3360 1711 loqui,
3395 1643 3453 1695 et
3483 1638 3577 1695 hic

1928 1725 2199 1780 inventus
2232 1725 2426 1791 fuerit,
2460 1730 2675 1797 pereat.

1999 1812 2133 1868 CAP.
2168 1813 2302 1869 LIV.
2336 1815 2412 1868 De
2453 1814 2557 1881 his,
2592 1816 2687 1885 qui
2726 1815 3015 1870 mendacia
3056 1819 3204 1872 inter
3247 1816 3379 1872 duos
3428 1818 3580 1875 tiqu

1925 1903 2235 1972 familiares
2290 1909 2568 1958 astrunnt.
2613 1904 2670 1957 Si
2735 1903 2868 1976 quis
2922 1904 3077 1960 inter
3133 1905 3282 1961 duos
3332 1907 3577 1962 comites

1928 1990 2233 2046 mendacia
2264 1992 2592 2063 protulerit,
2622 1996 2924 2065 tacereque
2955 2010 3052 2050 eos
3084 1995 3427 2067 deprecatus
3457 1995 3577 2050 fue-

1928 2079 2021 2147 rit,
2054 2082 2122 2134 ut
2169 2081 2385 2136 astutia
2441 2080 2651 2135 diaboli
2686 2082 2759 2135 ab
2792 2082 3037 2138 invicem
3094 2100 3193 2139 eos
3258 2087 3574 2156 separaret,

1927 2167 2113 2223 solvat
2136 2168 2283 2223 duas
2307 2168 2757 2240 compositiones
2780 2170 3004 2227 fallacis
3034 2170 3248 2245 linguas
3274 2188 3378 2244 pro
3409 2176 3575 2228 reatu

1928 2255 2237 2311 mendacii.
2287 2256 2345 2311 Si
2408 2256 2508 2310 uni
2567 2257 2674 2312 soli
2733 2258 3006 2314 adulatus
3064 2259 3258 2328 fuerit,
3320 2260 3579 2332 privetur

1927 2343 2147 2416 lingua.

1997 2434 2130 2489 CAP.
2167 2433 2276 2489 LV.
2309 2436 2384 2490 De
2423 2436 2571 2505 furto
2623 2435 3074 2499 Uduornicoram,
3104 2435 3161 2491 id
3212 2440 3320 2502 est,
3349 2436 3576 2493 liberti-

1926 2538 2157 2577 norum.
2186 2522 2248 2578 Si
2279 2522 2409 2594 quis
2440 2522 2694 2591 illorum,
2729 2524 2827 2596 qui
2858 2524 3029 2598 vulgo
3054 2525 3348 2581 Uduornic
3373 2542 3579 2582 vocan-

1923 2614 2040 2681 tur,
2076 2612 2295 2667 t‘urtum
2345 2612 2727 2678 commiserit,
2761 2612 2885 2685 lege
2934 2612 3250 2669 liberorum
3291 2614 3573 2686 dijudice-

1923 2704 2038 2755 tur.
2071 2700 2501 2756 Testimonium
2533 2705 2726 2757 autem
2760 2702 2889 2772 ejus
2917 2700 3068 2758 inter
3097 2703 3256 2775 ipsos
3291 2720 3405 2759 non
3437 2702 3576 2760 reci-

1926 2788 2121 2861 piatur
2150 2790 2269 2861 [al.,
2305 2788 2608 2862 recipiant]
2640 2791 2809 2863 (125).

1926 2919 2224 2987 parentur,
2257 2913 2399 2987 hinc
2423 2914 2702 2970 manavit.
2728 2937 2756 2987 η

1998 2987 2145 3058 (124)
2176 2986 2254 3061 ΙῐιΔ
2270 2984 2441 3061 titulo
2472 2986 2544 3041 ad
2562 2986 2901 3061 marginem
2937 3003 3041 3058 pro
3069 2994 3120 3042 et
3150 2989 3399 3061 reginam
3428 2988 3576 3061 lege-

1927 3057 2091 3111 retur
2120 3057 2339 3131 re_ctiu_s_
2370 3060 2423 3131 et
2464 3057 2727 3131 regnum,
2749 3057 2833 3111 uti
2864 3057 3021 3128 patet
3050 3073 3117 3112 ex
3165 3057 3294 3130 ipsa
3339 3057 3575 3131 legefet

1928 3128 2221 3183 consentit
2252 3128 2427 3183 editio
2457 3128 2755 3183 Sambuci.

1998 3200 2144 3270 (125)
2188 3198 2310 3270 Vox
2361 3199 2642 3270 Uduornic
2688 3199 2840 3270 apud
2892 3197 3250 3253 Sambucum
3299 3200 3577 3256 scribitur

1929 3268 2278 3343 Udiuornyck.
2309 3270 2415 3325 Pro
2445 3268 2921 3343 interpretatione
2947 3270 3023 3343 _a_d
3056 3271 3381 3343 marginem
3414 3276 3576 3343 nota-

1925 3346 2040 3408 tur,
2075 3340 2364 3397 libertinns
2384 3341 2589 3396 nobilis
2602 3340 2912 3412 ’przedialis.
2947 3340 3117 3412 Hisce
3147 3340 3386 3397 tandem
3418 3342 3577 3397 addi-

1924 3417 2021 3467 tur
2054 3429 2066 3467 :
2113 3413 2348 3485 Explicit
2378 3411 2675 3485 Decretum
2719 3413 2899 3485 sancti
2918 3483 2924 3485 _
2946 3411 3209 3484 Stephani
3252 3414 3415 3485 regis,
3443 3430 3572 3485 pro-

1922 3483 2231 3566 mulgatum
2276 3483 2691 3566 Strigonii_(al.,
2725 3483 2933 3555 Talna?)
2964 3483 3116 3566 anno
3170 3483 3327 3566 103_5L
3357 3483 3572 3566 Verum

1926 3556 1997 3611 de
2027 3572 2181 3611 anno
2241 3555 2727 3628 promulgationis
2777 3572 2892 3611 non
2922 3560 3076 3611 certo
3125 3561 3395 3612 constare
3444 3557 3573 3628 jam

1927 3632 2062 3683 ante
2092 3628 2313 3683 monui.

1129 3893 1701 4028 SANCTI
1803 3895 2605 4025 STEPHANI

1493 4102 2245 4190 PBIVILEGIUM

921 4252 1487 4308 PROTOABBATI/E
1523 4253 1581 4307 S.
1624 4251 1932 4308 MARTINI
1972 4252 2353 4308 PANNONI/E
2393 4251 2812 4308 CONCESSUM

1640 4376 1844 4456 (Anno
1890 4376 2093 4457 1001.)

1094 4510 1245 4581 (Acta
1273 4511 1584 4566 sanctorum
1611 4508 1862 4565 Bolland.
1897 4509 2219 4581 Septembr.
2254 4513 2296 4566 t.
2329 4510 2371 4579 Ι,
2407 4528 2461 4583 p.
2495 4510 2646 4581 494.)

1653 4641 2079 4653 __———.

234 4745 295 4803 In
326 4744 563 4800 nomine
604 4742 834 4799 Domini
879 4742 978 4799 Dei
1029 4742 1268 4815 summi.
1317 4742 1677 4809 STEPHANUS,
1711 4759 1807 4798 su-
1840 4748 1889 4810 ι)
1919 4742 2141 4798 domini
2171 4741 2461 4797 Anastasii
2496 4740 2724 4796 abbatis
2755 4741 2827 4796 de
2856 4742 2980 4812 [al.,
3015 4741 3085 4795 de
3115 4739 3409 4809 mittitur]
3441 4756 3570 4795 mo-

164 4848 340 4906 perna
368 4833 489 4903 [al.,
521 4832 734 4899 divina]
773 4830 1111 4903 providente
1141 4830 1474 4898 clementia,
1507 4829 1807 4902 Hungaro-

163 4938 291 4979 rum
322 4938 441 4977 P8X.

232 5010 537 5066 Credimus
563 5015 621 5064 et
652 5027 781 5064 vere
828 5008 1071 5074 scimus,
1106 5006 1153 5062 si
1195 5006 1339 5062 locis
1387 5006 1582 5062 divino
1628 5007 1809 5063 cultui

166 5098 532 5171 mancipatis,
562 5101 881 5170 potestates
911 5102 1086 5168 atque
1117 5096 1367 5151 honores
1399 5096 1809 5167 adaugmenta-

163 5188 436 5254 verimus,
451 5186 509 5242 id
531 5203 644 5243 non
666 5187 855 5242 solum
880 5185 1052 5241 laude
1072 5184 1330 5238 humana
1347 5183 1804 5254 praedicandum,

164 5293 358 5332 verum
409 5276 607 5331 divina
650 5275 915 5331 mercede
963 5272 1479 5328 remunerandum.
1531 5272 1810 5336 Quocirca

166 5365 426 5421 omnium
459 5368 672 5420 sancta:
704 5361 971 5418 Ecclesia
1002 5361 1102 5417 Dei
1134 5358 1416 5430 ﬁdelium,
1442 5366 1805 5417 nostrorum-

166 5470 293 5527 que,
328 5451 703 5525 praasentium
765 5468 832 5507 ac
889 5453 1219 5507 futurorum
1280 5450 1462 5506 solers
1491 5452 1810 5523 comperiat

166 5541 404 5604 intentio
435 5541 589 5618 quod
628 5558 735 5600 nos
777 5542 1128 5607 interventu,
1160 5538 1401 5598 consilio
1431 5542 1489 5596 et
1518 5555 1808 5603 consensu

1920 4830 2173 4887 nasterio
2196 4831 2253 4886 S.
2275 4828 2528 4891 Martini,
2552 4829 2610 4883 in
2636 4834 2830 4884 monte
2852 4845 3030 4901 supra
3049 4827 3412 4883 Pannoniam
3436 4828 3569 4895 sito,

1919 4939 1951 4975 a
1982 4920 2243 4991 genitore
2276 4922 2474 4974 nostro
2504 4918 2775 4990 incoepto,
2801 4918 2955 4990 quod
2989 4934 3096 4972 nos
3126 4933 3228 4990 per
3249 4916 3349 4973 Dei
3381 4916 3571 4972 subsi-

1917 5007 2103 5071 dium,
2131 5007 2204 5062 ob
2237 5005 2445 5061 anima:
2487 5010 2696 5062 nostrae
2737 5004 3213 5080 remedium,pro
3254 5002 3570 5061 stabilitate

1917 5094 2081 5167 regni
2114 5094 2294 5150 nostri
2325 5095 2395 5148 ad
2429 5094 2603 5150 ﬁdem
2643 5095 3044 5166 perduximus,
3078 5093 3254 5151 talem
3286 5094 3570 5150 concessi-

1918 5201 2051 5239 mus
2105 5183 2432 5238 libertatem
2490 5182 2724 5254 qualem
2782 5182 3006 5239 detinet
3052 5183 3475 5239 monasterium
3507 5182 3564 5238 S.

1918 5272 2214 5328 Benedicti
2247 5272 2306 5327 in
2334 5276 2531 5327 monte
2557 5272 2816 5341 Cassino,
2843 5272 2981 5345 quia
3011 5277 3246 5345 propter
3275 5273 3568 5329 orationes

1917 5365 2149 5418 sanctas
2201 5361 2447 5416 fratrum
2494 5362 2759 5433 ejusdem
2810 5363 3173 5428 monasterii,
3219 5361 3567 5417 conciliante

1917 5450 2154 5506 domino
2208 5450 2517 5506 Anastasio
2576 5452 2914 5524 praescripto
2980 5452 3190 5508 abbate
3247 5456 3305 5507 et
3347 5450 3570 5523 jugiter

1918 5540 2250 5614 adjuvante,
2283 5539 2592 5598 confortati
2629 5544 2687 5598 et
2722 5539 2969 5601 laureati
2999 5556 3236 5610 sumus;
3270 5539 3567 5615 singulare
