3948 6168
388 310 415 370 1
427 306 546 370 2513

1113 307 1176 368 S.
1225 302 1618 369 STEPHANI
1661 304 2226 372 HUNGARORUMa
2256 300 2486 366 REGIS
2529 297 3068 366 PRIVILEGIUM.

3659 301 3826 364 {ﬁt

388 456 644 512 namque
669 438 1040 512 suffragium,
1065 439 1217 513 quod
1250 456 1352 511 per
1381 440 1590 495 merita
1616 440 1678 496 B.
1710 439 1938 494 Martini
1974 440 2031 493 in
2062 443 2114 508 Α
2146 439 2300 494 enim
2336 439 2456 508 [al.,
2489 435 2686 508 etiam]
2719 434 3154 510 episcopatibus
3193 439 3251 492 et
3293 435 3564 494 abbatis
3597 440 3820 509 preter

389 529 640 602 pueritia
668 545 800 584 mea
841 531 1112 601 expertus
1144 545 1298 594 sum,
1331 529 1623 584 memoria;
1670 533 2030 600 posterorum

386 619 616 674 tradere
645 617 865 673 curavi.

460 711 773 780 Ingruente
831 723 1084 778 namque
1143 705 1428 762 bellorum
1487 710 1850 777 tempestate,
1897 707 2036 778 quia

395 798 512 864 [al.,
543 797 686 867 qua]
739 795 890 851 inter
936 796 1328 852 Theutonicos
1375 800 1433 850 et
1481 796 1780 868 llungaros
1829 794 2034 850 seditio

390 885 648 942 maxima
685 888 1033 950 excreverat,
1074 885 1478 956 praecipueque
1507 900 1640 938 cum
1685 883 1870 938 civilis
1896 882 2032 939 belli

389 974 560 1030 ruina
582 977 832 1044 urgeret,
849 972 1078 1030 volente
1100 973 1379 1028 comitatu
1404 973 1658 1044 quodam
1679 972 2029 1044 Symigiensi

390 1063 508 1134 [al.,
542 1061 776 1118 nomine
805 1061 1134 1134 Simigensi]
1174 1066 1417 1134 paterna
1447 1079 1540 1116 me
1571 1061 1707 1118 sede
1737 1061 2012 1133 repellere

387 1151 528 1224 quid
563 1150 868 1206 ﬂuctuanti
918 1150 1115 1206 animo
1145 1149 1372 1205 consilii
1413 1150 1633 1220 darem,
1659 1167 1892 1222 quaque
1941 1165 2034 1204 me

384 1246 666 1298 verterem
712 1244 874 1295 tanta
920 1245 1112 1294 tactus
1146 1239 1508 1310 verecundia,
1543 1239 1873 1296 astantibus
1921 1240 2034 1295 du-

387 1331 584 1396 cibus,
641 1329 908 1384 videlicet
960 1328 1221 1400 Pagzano
1278 1329 1404 1394 [al.,
1461 1329 1780 1399 Poznano],
1833 1328 2034 1384 Contio

388 1419 508 1493 [al.,
553 1418 785 1484 Cincio],
845 1417 1010 1472 Orzio
1069 1418 1186 1483 [al.,
1245 1416 1490 1483 Orthio],
1551 1418 1745 1473 donno
1803 1434 2036 1490 quoque

389 1508 682 1565 dominico
713 1508 835 1578 [al.,
872 1507 1226 1578 dominoque
1255 1508 1403 1569 meo]
1448 1505 1905 1578 archiepiscOpo,
1936 1524 2033 1562 vo-

387 1603 513 1653 tum
543 1595 670 1652 vovi
704 1597 760 1650 S.
798 1594 1048 1650 Martino
1071 1595 1246 1667 quod,
1272 1594 1320 1649 si
1351 1595 1422 1650 de
1453 1593 1720 1650 hostibus
1751 1594 2037 1650 interiori-

388 1687 520 1756 bus,
553 1690 612 1741 et
640 1686 762 1757 [al.,
803 1684 923 1757 aut]
973 1684 1356 1739 exterioribus
1406 1684 1533 1753 ejus
1582 1683 1807 1740 meritis
1854 1683 2037 1738 victor

387 1775 716 1840 existerem,
746 1768 1213 1845 Supranominati
1245 1772 1555 1828 comitatus
1587 1772 2034 1828 dccimationem

388 1865 460 1921 de
488 1863 764 1920 omnibus
805 1862 1074 1934 negotiis,
1118 1861 1375 1933 praediis,
1407 1861 1600 1930 terris,
1631 1861 1838 1928 vineis,
1872 1877 2034 1933 sege-

387 1954 566 2022 tibus,
589 1950 970 2023 vectigalibus
994 1951 1246 2022 vinoque
1276 1949 1594 2021 hospitum,
1621 1951 1772 2021 quod
1805 1949 1864 2005 in
1897 1967 2038 2021 prae-

388 2042 500 2098 diis
531 2057 732 2097 eorum
760 2045 1061 2106 cresceret,
1086 2055 1157 2094 ne
1185 2039 1539 2112 parochiano
1565 2038 1836 2110 episcopo
1867 2038 2038 2110 perti-

389 2148 522 2187 nere
543 2129 854 2194 videretur,
873 2130 971 2183 sed
998 2128 1186 2200 magis
1218 2128 1413 2182 abbati
1447 2128 1712 2198 ejusdem
1745 2133 2035 2183 monaste-

388 2221 479 2286 rii,
495 2220 604 2275 sub
623 2217 956 2274 testimonio
976 2217 1345 2288 praefatorum
1362 2217 1578 2271 ducum
1599 2216 2037 2288 multorumque

389 2310 694 2372 comitum,
724 2307 946 2378 absque
980 2305 1097 2360 ulla
1137 2322 1300 2360 mora
1345 2305 1744 2378 subjugarem.
1769 2311 2038 2378 Dumque

387 2403 522 2472 post
551 2395 867 2469 cogitatum
899 2393 1140 2449 victoria
1170 2395 1405 2466 potirer,
1438 2395 1592 2466 quod
1627 2394 1822 2450 animo
1853 2394 2036 2450 revol-

387 2504 580 2544 veram
616 2484 810 2558 operis
857 2483 1114 2538 efﬁcacia
1162 2484 1451 2556 complere
1500 2484 1721 2540 studui.
1777 2484 2037 2540 Necdum

462 2613 610 2684 (126)
636 2611 822 2684 Pauca
850 2608 919 2662 de
950 2607 1124 2684 hisce_
1139 2607 1349 2684 litteris
1378 2607 2037 2684 veniuntnobservanda.

391 2678 580 2738 Primo
595 2678 911 2752 episcopus
932 2678 1345 2752 parochianus,
1362 2679 1433 2733 de
1454 2695 1570 2749 quo
1593 2678 1687 2752 hic
1715 2681 1777 2752 fit
1800 2680 2037 2752 mentio,

387 2758 478 2808 cst
503 2749 817 2824 episcopus
855 2749 1304 2824 Vespriniensis,
1340 2749 1800 2824 atque_e_cclesia
1842 2750 2039 2824 cathe-

389 2820 572 2878 dralis
601 2820 1033 2892 Vcspriniensis
1077 2820 1383 2892 dicataest
1420 2820 1486 2874 Β.
1521 2820 1806 2876 Michaeli.
1840 2822 2040 2892 Itaque

391 2894 674 2948 falluntur
718 2891 1031 2964 scriptores
1063 2891 1348 2964 nonnulli,
1384 2892 1485 2962 qui
1537 2892 1906 2964 crediderunt
1937 2891 2039 2964 pro

391 2964 635 3022 ecclesia
665 2964 718 3018 S.
756 2961 1056 3017 Michaelis
1087 2962 1180 3017 hic
1213 2961 1535 3028 memorata
1565 2961 2037 3019 substituendam

390 3053 516 3093 esse
545 3036 602 3090 S.
630 3033 1211 3106 Martiuiecclesiam,
1239 3051 1376 3106 nam
1408 3035 1582 3106 refert
1602 3035 1659 3089 S.
1684 3034 2038 3106 Stephanus,

391 3107 536 3181 quid
561 3105 914 3181 concesserit
941 3104 1222 3181 ecclesiae
1246 3105 1649 3181 \_"_esprin_iensi_
1687 3104 2039 3181 pro—damno

389 3176 542 3252 quod
568 3177 712 3233 alias
719 3180 1116 3258 patereturnex
1138 3176 1434 3258 privilegio
1457 3176 1702 3258 abbatiai
1725 3179 1783 3232 S.
1805 3177 2036 3258 Martini

2143 525 2337 596 ipsum
2382 525 2572 582 locum
2623 525 2682 581 in
2733 541 2911 597 regno
2942 525 3228 598 Ungarico
3257 525 3488 582 fuerant
3519 527 3657 593 [al.,
3697 525 3820 582 sit:

2144 621 2348 686 erant].
2383 615 2539 679 Quod
2574 613 2648 682 si,
2677 631 2779 669 vos
2820 613 3041 683 fideles,
3073 613 3241 670 licuit
3287 613 3452 680 mihi,
3492 631 3620 686 quo
3653 612 3820 670 volui

2143 703 2286 771 loco,
2313 704 2684 776 episcopatus
2709 706 2765 758 et
2793 702 3061 760 abbatias
3091 707 3367 773 statuere,
3393 721 3462 759 an
3492 721 3619 760 non
3645 702 3821 760 licuit

2144 793 2400 864 cuipiam
2432 791 2578 858 loco,
2611 792 2766 864 quod
2796 791 2972 858 volui,
3006 796 3072 846 ut
3097 792 3391 848 facerem?

2215 883 2284 936 Et
2340 897 2411 936 ne
2465 881 2657 936 adhuc
2714 879 2956 936 ecclesia
2999 884 3054 935 S.
3090 880 3390 937 Michaelis
3432 897 3630 937 vacua
3683 898 3820 938 esse

2141 968 2452 1037 videretur,
2479 969 2570 1025 vel
2602 968 2914 1042 episcopus
2943 969 3334 1042 parochianus
3364 970 3645 1042 injurias,
3673 987 3818 1042 quo.

2144 1057 2542 1136 rimopiasque
2581 1059 2640 1112 in
2674 1057 3010 1115 collectione
3038 1058 3445 1116 decimationis
3474 1064 3811 1130 pateretur,

2144 1147 2196 1202 ei
2237 1152 2484 1214 curtem,
2528 1164 2653 1219 quae
2699 1147 2944 1204 vehatur
2971 1151 3177 1204 Cortou
3221 1147 3342 1222 [al.,
3374 1148 3634 1220 Certen],
3671 1165 3812 1204 cum

2144 1236 2419 1292 omnibus
2451 1235 2638 1292 eidem
2672 1237 2792 1307 [al.,
2825 1253 2959 1290 eum
2992 1235 3330 1292 hominibus
3359 1237 3590 1308 eodem]
3623 1237 3810 1310 perti-

2144 1326 2418 1382 nentibus
2453 1325 2686 1382 tradidi.
2722 1327 2885 1390 Quod
2932 1327 2981 1382 si
3023 1326 3150 1398 ipse
3183 1332 3385 1383 contra
3413 1343 3548 1383 mea
3579 1331 3808 1384 statuta

2144 1414 2284 1486 quid
2308 1414 2506 1487 inique
2527 1431 2718 1487 agere,
2733 1414 2819 1471 vel
2850 1414 3152 1486 acquirere
3171 1415 3439 1484 voluerit,
3451 1421 3594 1473 ante
3613 1417 3804 1473 Deum

2136 1504 2400 1574 judicem
2431 1503 2694 1562 vivorum
2745 1510 2802 1560 et
2848 1508 3216 1560 mortuorum
3248 1505 3306 1560 in
3339 1505 3434 1561 die
3471 1506 3697 1577 judicii
3744 1521 3808 1562 se

2145 1594 2494 1648 contendere
2525 1609 2752 1649 mecum
2782 1593 2946 1650 sciat.
2969 1593 3176 1650 Adhuc
3202 1598 3397 1650 autem
3429 1594 3810 1668 subjungens

2146 1683 2303 1749 dico;
2351 1681 2426 1737 sit
2473 1687 2669 1738 autem
2702 1682 2759 1738 id
2790 1682 2985 1755 ipsum
3033 1685 3456 1740 monasterium
3505 1685 3577 1741 ab
3641 1686 3806 1744 omni

2144 1770 2549 1843 inquietudine
2589 1777 2902 1839 semotum,
2937 1771 3310 1844 habeantque
3359 1774 3642 1830 monachi
3674 1781 3810 1847 post

2143 1859 2458 1916 transitum
2489 1860 2582 1916 sui
2613 1861 2900 1932 cujusque
2926 1860 3155 1916 abbatis
3186 1859 3368 1916 alium
3401 1862 3682 1920 abbatem
3719 1879 3810 1920 se-

2143 1949 2364 2004 curiter
2409 1948 2660 2022 eligendi
2701 1950 3125 2017 auctoritatem,
3159 1968 3190 2005 a
3217 1967 3571 2024 quocunque
3623 1951 3812 2008 velint

2144 2038 2416 2110 episcopo
2447 2039 2822 2093 consecrandi
2855 2055 3013 2108 eum,
3037 2039 3231 2111 sitque
3273 2037 3394 2094 illis
3444 2039 3684 2096 licitum
3719 2058 3812 2096 or-

2144 2127 2310 2182 dines
2339 2127 2593 2198 recipere
2623 2126 2681 2182 in
2715 2127 2920 2199 quovis
2958 2126 3103 2194 loco,
3138 2134 3196 2182 et
3224 2145 3258 2183 a
3287 2145 3672 2201 quocunque,
3699 2135 3811 2184 etc.

2145 2216 2392 2288 Signum
2423 2215 2644 2270 domini
2677 2216 2958 2288 Stephani
2999 2215 3202 2289 inclyti
3247 2218 3422 2290 regis.
3454 2217 3812 2275 Dominicus

2145 2305 2622 2377 archiepiscopus
2647 2305 3156 2362 vicecancellarius
3185 2307 3319 2362 fecit
3349 2323 3506 2363 anno
3535 2307 3810 2363 Domini-

2145 2411 2224 2449 cas
2256 2394 2678 2450 Incarnationis
2701 2395 2858 2463 1001,
2883 2395 3203 2452 indictione
3217 2413 3292 2451 xv
3319 2398 3485 2452 Anno
3517 2396 3812 2469 Stephani

2147 2481 2318 2556 primi
2352 2484 2504 2555 regis
2534 2484 2791 2540 secundo
2821 2485 2988 2555 (126).

2149 2607 2640 2682 constructionem
2673 2607 2909 2682 quidem
2959 2609 3296 2682 monasterii
3347 2610 3526 2682 hujus
3576 2618 3810 2681 narrat,

2148 2679 2249 2734 sed
2281 2678 2471 2734 locum
2505 2678 2841 2736 distinctius
2871 2697 2985 2736 non
3030 2681 3284 2753 exponit,
3317 2683 3402 2737 uti
3423 2678 3490 2737 et
3517 2681 3622 2738 alii
3655 2678 3809 2742 face;

2149 2755 2287 2804 runt
2313 2749 2572 2804 plurimi.

2149 2755 2287 2805 runt
2313 2751 2572 2806 plurimi.

2225 2767 2287 2804 nt
2355 2767 2572 2806 iurimi.

2219 2767 2634 2898 Verumtamen
2668 2823 2742 2877 ad
2773 2822 2880 2898 hoc
2912 2824 2970 2878 S.
3004 2823 3235 2898 Martini
3264 2823 3600 2898 cmnobium
3636 2825 3809 2898 oppi-

2147 2893 2288 2974 dum
2319 2893 2566 2976 excrevit
2608 2893 2861 3020 egregie.
2881 2895 3199 2976 munitum,
3232 2895 3387 2978 quod
3409 2893 3810 2978 .Tartaroriim

2147 2981 2468 3020 innumera:
2501 2963 2734 3020 multitu
2785 2983 2863 3020 im
2897 2971 3136 3020 resistit.
3168 2967 3309 3020 dum
3339 2966 3424 3020 illi
3462 2972 3656 3020 totam
3691 2970 3810 3020 fere

2147 2964 2468 3020 innumera:
2501 2963 2863 3020 multitudini
2897 2966 3136 3032 resistit,
3168 2963 3309 3022 dum
3339 2966 3424 3022 illi
3462 2972 3656 3024 totam
3691 2970 3813 3024 fere

2147 3035 2973 3118 interceperantﬁungariam.
2997 3037 3550 3118 Quippe‘Bonﬁnius
3582 3039 3812 3096 decede

2144 3109 2200 3190 ‘2,
2233 3106 2334 3161 lib.
2369 3106 2494 3190 viii,
2537 3109 2634 3189 ubi
2685 3106 2864 3190 toiius
2901 3106 3216 3190 .Hunga'rim
3265 3109 3681 3190 vastationem,
3713 3129 3814 3166 ur-

2146 3177 2353 3250 bisque
2383 3179 2796 3245 Strigoniensis
2836 3177 3228 3236 miserrimam
3269 3181 3496 3236 cladem
3526 3177 3814 3238 narrave-

389 3195 542 3252 quoa
568 3195 1029 3304 auasgiateretur
1049 3195 1116 3230 ex
1138 3195 1434 3249 privuegio
1457 3195 1700 3232 auuaua:
1725 3195 1783 3232 δ.
1806 3195 2036 3234 uiarum
2146 3195 2353 3250 nisque
2383 3195 2796 3245 StrigonienSis
2836 3196 3228 3236 miserrimam
3269 3195 3496 3236 cladem
3526 3199 3814 3238 narrave-

389 3267 683 3307 concesso.
760 3248 984 3304 ecundo
1025 3248 1364 3304 Dominicus
1395 3248 1900 3330 archiepiscopus,
1935 3249 2033 3330 qui
2066 3255 2108 3323 ρ
2150 3254 2420 3376 Νιρέως.
2457 3251 2581 3314 300,
2615 3251 2736 3305 haac
2767 3251 3076 3323 subjungit
3110 3268 3123 3306 :
3151 3254 3322 3333 «.Arx
3354 3252 3816 3334 Strigopiensis,

389 3327 749 3376 memoratur
790 3320 944 3376 apud
978 3319 1340 3376 Ravnaldum
1392 3337 1450 3373 in
1501 3319 1661 3374 hisce
1712 3320 1941 3376 litteris.
1976 3338 2035 3374 in
2148 3336 2240 3374 cui
2317 3337 2507 3376 imeon
2562 3322 2864 3376 praefectus
2906 3339 3039 3376 cum
3089 3322 3279 3376 valido
3331 3325 3604 3376 praeeidio
3666 3331 3814 3376 tunc

2148 3336 2240 3374 Olli
2273 3336 2329 3374 bl

389 3327 749 3378 memoratur
784 3320 944 3392 apud
978 3319 1340 3392 Raynaldum
1392 3319 1450 3373 in
1501 3319 1661 3392 hisce
1690 3319 2035 3392 litteris,‘in

389 3394 518 3450 aliis
539 3390 894 3448 editionibus
916 3407 1028 3446 non
1051 3390 1397 3463 exprimitur
1417 3390 1785 3463 nominatim.
1806 3393 1876 3446 Et
1897 3408 2036 3447 sane

389 3483 503 3521 non
535 3463 666 3519 novi
698 3463 884 3518 ullum
919 3460 1418 3533 archiepiscopum
1444 3460 1542 3516 illo
1563 3467 1823 3533 tempore
1854 3463 2036 3518 fuisse

388 3539 447 3591 in
482 3533 913 3607 Hungaria,qu_i
945 3533 1258 3607 vocabatur
1283 3533 1658 3607 Dominicus:
1695 3533 1806 3607 nisi
1837 3534 2033 3607 forsan

389 3599 1118 3679 primus'arehiepiscopus
1149 3603 1660 3679 S‘trigoniensis‘eo
1711 3599 1896 3658 fuerit‘
1929 3622 2033 3679 no-

389 3674 567 3742 mine,
595 3676 753 3748 quod
785 3674 989 3748 magis;
1016 3674 1360 3748 examinabo
1390 3677 1417 3742 §
1445 3677 1533 3730 24.
1568 3674 1895 3748 Obscurum
1927 3675 2034 3748 igi-

389 3754 486 3802 tur
515 3745 628 3813 est,
657 3745 789 3817 quis
824 3745 917 3800 ille
965 3745 1160 3813 fuerit,
1192 3745 1308 3800 imo
1352 3763 1466 3800 non
1499 3745 1736 3802 omnino
1787 3745 2033 3816 certum,

391 3836 463 3874 an
495 3817 595 3873 illa
622 3817 790 3872 lectio
819 3817 898 3872 sit
929 3822 1103 3871 recta.

461 3889 627 3944 Hisce
658 3888 907 3944 breviter
948 3887 1288 3960 observatis,
1321 3887 1708 3960 inquirendus
1755 3894 1845 3944 est
1875 3888 2037 3944 locus

389 3960 748 4017 monasterii.
785 3960 976 4032 Situm
1017 3959 1231 4032 dicitur
1265 3982 1285 4008 ι
1321 3959 1380 4014 in
1412 3959 1611 4015 monte
1660 3976 1841 4032 supra
1889 3960 2034 4015 Pan-

388 4033 648 4089 noniam.
685 4053 712 4080 »
762 4030 1145 4096 Carthuitius,
1196 4048 1359 4085 num.
1393 4033 1448 4098 7,
1482 4030 1884 4086 constructum
1934 4032 2034 4097 ait,

390 4105 613 4174 «juxta
642 4103 889 4158 fundum
930 4101 1116 4158 sancti
1163 4101 1432 4174 praesulis
1463 4103 1698 4174 inloco,
1733 4103 1832 4173 qui
1866 4104 2039 4174 Sacer

389 4172 595 4231 Modus
615 4177 755 4246 [lege
774 4190 950 4246 sacer
976 4172 1426 4246 monsidicitur,
1453 4172 1550 4228 ubi
1583 4172 1823 4246 sanctus
1849 4173 2040 4246 Marti:

389 4264 522 4312 nus,
545 4244 686 4302 dum
715 4245 907 4300 adhuc
932 4244 989 4298 in
1019 4245 1317 4300 Pannonia
1339 4245 1590 4312 degeret,
1615 4245 1895 4300 orationis
1926 4244 2036 4300 sibi

389 4318 582 4373 locum
639 4317 1104 4382 assignaverat.»
1138 4320 1266 4370 Huic
1323 4315 1500 4370 verba
1554 4315 1697 4371 satis
1755 4316 2034 4382 indicant,

389 4388 580 4444 locum
615 4405 727 4442 non
763 4385 932 4459 longe
971 4385 1231 4459 abfuisse
1261 4387 1516 4459 Sabaria
1535 4388 1682 4459 urbe
1725 4386 2037 4459 Pan‘nonim

391 4460 599 4514 deinde
632 4457 944 4524 destructa,
971 4457 1065 4529 ubi
1093 4461 1265 4529 natus
1295 4461 1385 4512 est
1415 4457 1472 4512 S.
1499 4457 1804 4529 Martinus.
1836 4457 2038 4529 Itaque

389 4535 552 4585 tanto
571 4529 773 4601 imagis
805 4529 985 4601 miror
1014 4527 1529 4601 hallucinationem
1565 4528 1904 4594 Mabillonii,
1929 4527 2035 4601 qui

389 4607 529 4656 tom.
567 4599 635 4672 1V
681 4598 994 4672 Annalium
1029 4599 1573 4672 _Benedictinorum,
1609 4616 1738 4672 pag.
1774 4601 1894 4666 115,
1928 4598 2036 4655 hoc

389 4673 448 4728 S.
475 4669 703 4727 Martini
729 4669 1148 4726 monasterium
1171 4686 1304 4724 cum
1332 4671 1592 4726 coenobio
1609 4669 2033 4726 ’Br'eunoviensi

2340 3338 2507 3394 meon
2562 3322 3039 3392 praefectuscum
3089 3322 3279 3378 valido
3331 3322 3604 3394 praesidio
3666 3331 3814 3380 tunc

2142 3391 2659 3462 praeerat,hostem
2691 3397 2914 3448 tentata
2955 3393 3254 3450 deterruit.
3280 3391 3403 3459 Qua
3431 3395 3714 3460 dimissa,
3735 3397 3811 3452 ad

2142 3462 2348 3546 Albam
2405 3463 3014 3546 R‘egalemnbarba‘rus
3061 3466 3476 3546 properavit,.._.
3525 3467 3636 3546 sed

2144 3550 2279 3619 cuni
2312 3536 2592 3619 frustrata
2623 3535 2732 3589 fuit
2761 3535 2993 3619 opinio“:
3019 3535 3352 3619 riam—inter
3382 3537 3635 3619 paiudes
3657 3540 3808 3619 _sita,

2147 3603 2310 3678 nulla
2339 3605 2390 3658 vi
2423 3611 2480 3661 et
2507 3611 2630 3678 arte
2653 3603 3016 3678 capi—potuit.
3042 3607 3174 3662 Mox
3194 3608 3265 3662 ad
3289 3603 3404 3663 divi
3427 3607 3672 3665 Martini
3701 3603 3809 3666 cui;

2146 3676 2384 3730 nobium
2444 3676 2990 3744 l'estinatumfunde
3039 3695 3099 3734 re
3147 3680 3360 3735 infecta
3415 3679 3638 3736 abiere.
3673 3685 3804 3736 Bac

2146 3747 2326 3825 igitur
2353 3748 2466 3825 tria
2508 3749 2639 3825 loca
2675 3752 2940 3825 tantum,
2973 3750 3200 3825 excidii
3225 3751 3522 3825 Tartarici
3557 3760 3809 3825 experta

2147 3817 2326 3896 fuisse
2346 3823 2652 3896 testatur.»
2673 3820 2830 3874 Idem
2851 3826 3043 3876 tamen
3068 3822 3348 3896 oppidum
3371 3821 3528 3896 facili
3560 3817 3808 3896 negotio

2145 3907 2184 3962 an
2209 3890 2416 3962 'l‘urcis
2447 3891 2831 3962 interceptum
2864 3897 2971 3958 est,
3004 3890 3162 3948 anno
3191 3895 3346 3960 1574,
3371 3893 3456 3948 uti
3487 3890 3700 3951 narra't
3724 3898 3806 3951 ls-

2147 3960 2450 4036 ihuanfus,
2485 3961 2586 4016 lib.
2618 3960 2794 4036 xiivm
2826 3962 3233 4031 Historiarum,
3277 3981 3406 4036 pag.
3443 3965 3569 4036 636,
3601 3967 3804 4022 verbis

2147 4031 2307 4104 hisce
2333 4033 2403 4087 ad
2437 4034 2801 4104 propositum
2833 4038 3100 4090 nostrum
3131 4031 3589 4091 condhcéntibus
3618 4054 3676 4091 :u
3703 4039 3808 4093 Re-

2147 4103 2319 4176 dacta
2357 4104 2416 4158 in
2440 4103 2807 4176 potestatem
2833 4106 2995 4171 Tata,
3021 4123 3120 4161 arx
3149 4106 3280 4161 divo
3311 4107 3561 4164 Martino
3607 4125 3806 4174 sacra,

2146 4173 2417 4248 hostibus
2449 4173 2637 4248 obvia
2667 4181 2807 4248 erat,
2841 4177 3113 4248 opulento
3145 4177 3562 4234 monachorum
3613 4173 3808 4236 Bene;

2147 4244 2774 4320 dictinorum_collegio
2807 4244 3085 4320 insignis,
3111 4249 3266 4319 quod
3298 4248 3437 4320 olim
3468 4250 3642 4304 divus
3675 4252 3807 4307 Ste-

2148 4315 2402 4388 phanus,
2437 4317 2663 4388 primus
2685 4315 2790 4374 rex
2831 4315 3162 4384 Pannoniae,
3196 4320 3252 4374 in
3293 4319 3445 4376 edito
3477 4325 3536 4376 et
3566 4338 3805 4378 ammno

2146 4403 2211 4442 ac
2242 4386 2484 4464 longum
2514 4395 2851 4464 exporrecto
2877 4390 3043 4464 colle,
3078 4397 3210 4464 ante
3241 4407 3331 4446 nc.
3355 4391 3516 4464 (fere)
3547 4410 3745 4449 annos
3777 4411 3806 4449 e

2147 4457 2771 4537 spoliis'etmanubiis
2821 4461 3153 4537 devicti‘ad
3202 4457 3589 4537 eum:locum
3641 4466 3806 4537 Cup-

2148 4530 2282 4601 pani
2316 4531 2636 4601 perduellis
2684 4532 2842 4586 sui...
2875 4533 3233 4598 condiderat,
3261 4538 3319 4588 et
3347 4533 3592 4591 Sacrum
3645 4530 3805 4592 Pan-

2147 4599 2333 4655 ἱ]οηὶίή
2383 4601 2635 4657 Montem
2689 4603 3106 4659 nominaverat.
3141 4605 3221 4660 Ea
3261 4621 3362 4660 arx
3394 4607 3568 4662 Paulo
3622 4608 3802 4663 Baro-

3496 4678 3802 4735 rzesidio...

2146 4671 2318 4745 niano
2346 4673 2541 4728 abbati
2596 4675 2838 4745 parebat
2871 4692 2884 4728 :
2918 4673 3159 4731 militari
3208 4681 3407 4732 auteta

388 4744 445 4799 in
481 4741 1110 4816 Borhemianeonfundit,
1144 4742 2030 4816 erroremquehune,pagi-53,
2139 4743 2396 4816 Joannes
2457 4741 2739 4800 Zadorius
2798 4751 3060 4816 praeerat,
3119 4769 3145 4796 »
3204 4752 3313 4802 etc.
3375 4741 3587 4804 Subdit
3649 4751 3808 4805 arcis

389 4815 617 4890 repetit,
641 4814 971 4890 Astrietum.
1005 4829 1217 4890 vocans
1267 4813 1848 4890 Brannoviensem’s.
1878 4813 2030 4890 Mar-
2142 4814 2534 4890 deditionem,
2596 4833 2731 4890 quae
2776 4813 2890 4890 huc
2946 4813 3146 4873 minus
3211 4823 3456 4890 spectat.
3518 4819 3806 4876 Eamdem

388 4884 497 4944 tini
529 4887 829 4966 abbatem;
875 4884 1016 4966 quin
1061 4888 1119 4939 et
1166 4899 1294 4966 pag.
1332 4886 1466 4966 (170“
1483 4885 1581 4949 ait,
1607 4885 2034 4966 Brannovieuse
2143 4885 2340 4966 referta
2361 4884 2649 4966 Martinus
2697 4888 2972 4966 Zeilierus
3003 4889 3064 4944 in
3097 4884 3508 4966 'I‘opdgraphia
3556 4891 3808 4966 Bunga-

390 4957 812 5034 monasterium
857 4955 1123 5034 distare}
1153 4957 1224 5034 ab
1257 4955 1398 5034 nrbe
1429 4956 1621 5034 Praga.
1661 4955 1867 5028 viginti
1915 4959 2032 5034 sta-
2139 4956 2261 5034 fit?“
2301 4955 2650 5034 Germanice
2697 4959 2958 5034 scripta,
2995 4977 3130 5034 pag.
3165 4955 3293 5026 {711:
3323 4955 3547 5017 addens
3600 4955 3808 5020 arc‘ém

389 5033 570 5115 dllS,'n
604 5029 682 5084 ita
713 5033 777 5083 ut
807 5027 1020 5115 venlitHS.
1041 5025 1280 5115 Martini
1313 5025 1753 5115 mnonastenium,
1782 5027 2029 5115 quod'S.
2142 5046 2174 5082 a
2205 5027 2549 5115 ilhr‘istian‘i‘s
2583 5033 2711 5100 post
2748 5025 3108 5115 triennium:
3123 5025 3537 5115 receptamhac
3585 5035 3808 5115 deinde

387 5102 718 5174 Stephanus
750 5097 1004 5174 perfecit,
1038 5097 1096 5151 in
1131 5099 1325 5174 media
1361 5097 1546 5174 fnisse
1585 5097 1880 5174 Bohemia:
1916 5097 2032 5152 Hu-
2143 5103 2450 5174 retentam.
2485 5097 2661 5174 Porro
2713 5118 2814 5156 arx
2846 5103 2904 5174 S.
2942 5102 3175 5157 Martini
3219 5097 3332 5159 sita
3379 5097 3468 5160 est
3516 5104 3577 5160 in
3628 5105 3808 5162 Java-

380 5168 642 5246 jusinodi
677 5168 1175 5246 errores,in_quos
1198 5168 1446 5246 subinde
1477 5168 1756 5246 labuntur
1775 5169 1882 5246 viri
1910 5185 2037 5246 e_ru-
2143 5170 2358 5246 rinensi
2395 5171 2674 5246 comitatu
2690 5189 2824 5246 _non
2873 5173 3045 5246 longe
3091 5175 3366 5246 Javarino
3415 5176 3648 5232 distans
3677 5193 3812 5233 ver-

389 5239 516 5312 diti,
560 5242 848 5319 notandus
895 5241 1212 5319 credimus,
1243 5257 1316 5294 ne
1359 5240 1708 5319 adoptantur
1751 5241 1843 5319 ab
1878 5239 2030 5319 aliis,
2143 5258 2245 5319 sus
2274 5240 2483 5319 Albam
2522 5242 2826 5319 _Regalem,
2853 5262 2894 5319 Aa
2925 5239 3268 5319 quamulto
3314 5245 3528 5319 longus
3558 5254 3656 5304 est
3684 5250 3810 5305 dis-

390 5320 562 5388 prout
603 5312 925 5388 saepissime
973 5311 1306 5388 contingere
1353 5311 1702 5388 experimur.
1745 5311 2034 5388 Gotardus
2143 5312 2276 5388 sita.
2311 5313 2454 5368 Tata
2486 5311 2651 5388 abest
2695 5315 2898 5388 paucis
2942 5311 3330 5385 inilliaribus;
3364 5311 3449 5374 sic
3477 5325 3636 5376 certe
3669 5338 3809 5388 pas-

390 5382 632 5462 }trthus.
657 5382 736 5462 i_n_
763 5383 1147 5462 Chronolpgia
1183 5382 1528 5462 Pannoniae,
1587 5399 1718 5462 pag.
1752 5382 1818 5462 9,
1833 5382 2033 5462 solum
2145 5383 2265 5462 sim_
2293 5390 2552 5462 notatam
2591 5382 2909 5462 invenioin
2937 5388 3158 5462 tabulis
3187 5382 3613 5462 Ageo’graphicis
3647 5382 3809 5447 Hun-

392 5456 472 5510 ait
505 5470 572 5530 ;,‹‹
606 5455 690 5530 A_d
724 5453 843 5530 haec
881 5455 938 5510 S.
973 5453 1206 5530 Martini
1255 5453 1605 5530 cuiuobium:
1637 5453 1696 5509 in
1747 5453 2034 5530 altissimo
2146 5455 2353 5527 garize;
2413 5455 2682 5530 dictaque
2728 5457 2951 5516 Zeilleri
2999 5464 3055 5516 et
3102 5453 3388 5519 Istiiuaiiﬁ
3421 5453 3598 5520 .hisce
3651 5469 3808 5522 recte

393 5528 591 5585 monte
647 5524 948 5582 locabat.»
997 5524 1262 5584 lnchofer
1317 5525 1494 5584 etiam
1538 5525 1609 5583 ad
1661 5541 1881 5584 annum
1928 5527 2036 5581 999
2145 5524 2497 5599 congruunt.
