3948 6168
172 337 313 404 1961

1025 342 1495 407 ANGILBERT.
1541 339 1955 406 PUSTERLA
1997 313 2362 405 ARCHIEP.
2408 345 2728 426 MEDIOL.

3415 343 3569 408 1262

171 475 1132 549 relegifecimuscommonitorium
1157 475 1809 550 avestranobismagni-
1836 478 1890 542 Α
1923 475 1982 530 in
2016 476 2309 548 parochiis
2343 476 2558 533 nostris
2616 479 2835 550 absque
2893 481 3095 533 nostra
3142 479 3570 534 examinatione

172 565 402 621 ficentia
419 565 720 622 traditum.
739 567 961 632 Quibus
984 568 1220 636 auditis,
1237 583 1441 624 omnes
1458 566 1813 622 unanimiter

171 671 268 726 pro
291 658 480 710 vestra
496 654 692 711 indole
707 655 1090 728 omnipotenti
1109 657 1223 712 Deo
1237 656 1582 730 dignissime
1595 655 1813 729 gratias

170 743 559 816 egeruntquia
570 744 785 816 populo
803 762 908 801 suo
927 749 1046 800 tam
1062 745 1394 818 piissimum
1419 749 1658 818 tamque
1681 762 1814 799 san-

169 832 496 888 ctissimum
524 833 852 906 principem
885 835 1065 904 dedit,
1101 835 1200 906 qui
1232 840 1440 890 cuncta
1471 832 1810 889 ordinabili-

169 924 254 976 ter
282 921 594 994 disponere
617 923 796 994 cupit.

236 1007 370 1064 CAP.
405 1010 446 1064 I.
499 1010 568 1065 Et
618 1011 897 1082 quoniam
949 1011 1219 1085 religiosa
1261 1013 1590 1068 sollicitudo
1621 1016 1814 1067 vestra

171 1099 425 1171 primum
447 1099 516 1154 de
538 1101 978 1156 conversatione
999 1101 1428 1174 episcoporum,
1451 1103 1813 1174 presbytero-

169 1204 294 1242 rum
328 1191 386 1242 et
416 1191 756 1244 caaterorum
783 1189 1125 1245 clericorum
1150 1207 1404 1262 quazrere
1435 1191 1682 1256 studuit,
1707 1206 1812 1244 nos

169 1292 418 1348 quoque,
451 1277 1275 1350 quoregularitermeliusﬁeri
1311 1279 1519 1350 potuit,
1539 1278 1810 1334 eumdem

167 1365 429 1421 ordinem
463 1383 786 1421 servamus.
819 1366 1170 1439 Episcopum
1203 1368 1440 1440 quidem
1475 1368 1556 1422 ita
1575 1384 1810 1422 conver-

168 1454 282 1510 sari
316 1455 529 1510 debere
559 1454 1014 1527 pronuntiamus
1034 1461 1097 1511 ut
1118 1457 1246 1528 ejus
1262 1457 1383 1512 vita
1412 1461 1563 1512 recte
1582 1455 1812 1512 vivendi

169 1543 245 1599 sit
265 1560 492 1598 norma.
525 1543 902 1616 Presbyteros
953 1562 1084 1602 vero
1117 1551 1174 1602 et
1221 1545 1462 1602 clericos
1510 1546 1590 1601 ita
1621 1547 1811 1601 vivere

166 1637 392 1706 oportet
423 1637 488 1688 ut
517 1633 764 1688 subdita:
780 1633 933 1705 plebi
956 1633 1219 1707 exemplo
1238 1653 1356 1691 suae
1389 1634 1810 1690 conversationi

166 1721 494 1794 proﬁciant.
529 1723 599 1777 Et
630 1721 872 1794 quidam
922 1724 1400 1796 coepiscoporum
1449 1728 1807 1792 nostrorum,
1847 1737 1856 1750 '

164 1810 264 1882 qui
295 1809 460 1865 bonae
504 1811 963 1867 conversationis
1013 1811 1124 1868 sibi
1155 1813 1371 1868 conscii
1421 1818 1580 1878 sunt,
1614 1811 1806 1884 palam
1837 1847 1885 1912 Β

165 1899 327 1954 fateri
361 1899 728 1966 recusabant,
765 1917 834 1955 ne
865 1901 955 1955 sui
986 1900 1249 1972 ipsorum
1282 1901 1614 1957 laudatores
1651 1901 1810 1956 vide-

163 1991 381 2043 rentur.
418 1987 525 2052 Qui
553 2005 687 2044 vero
719 1988 1134 2062 negligentiam
1160 2008 1329 2046 suam
1364 1994 1804 2064 recognoscunt,

163 2093 323 2134 more
351 2076 598 2132 humani
619 2077 835 2150 ingenii
867 2095 929 2134 se
963 2078 1120 2150 ipsos
1151 2080 1805 2136 accusarevcrebantur.

159 2166 339 2222 Juxta
368 2167 886 2222 commonitionem
939 2173 1133 2222 tamen
1166 2173 1418 2224 vestram
1468 2169 1807 2241 diligentius

159 2257 612 2327 perscrutantes,
638 2256 924 2326 quosdam
944 2255 1178 2327 qualem
1197 2257 1562 2325 desideratis,
1583 2257 1809 2330 quales~

160 2360 274 2415 que
304 2342 503 2416 populi
523 2343 622 2398 Dei
653 2349 914 2414 pastores
936 2348 993 2399 et
1025 2350 1274 2401 rectores
1296 2363 1423 2400 esse
1448 2347 1633 2415 decet,
1657 2347 1811 2402 inve-

161 2431 380 2486 nimus.
415 2431 814 2498 Quorumdam
831 2449 964 2488 vero
983 2433 1398 2507 negligentiam
1431 2436 1516 2490 vel
1548 2435 1806 2507 ergacle-

163 2521 414 2580 ricorum
440 2537 680 2577 suorum
697 2522 1024 2577 custodiam
1046 2521 1134 2578 vel
1161 2539 1298 2595 erga
1320 2523 1577 2595 plebium
1601 2524 1806 2580 sollici-

159 2610 428 2666 tudinem
451 2609 776 2682 reperimus
801 2634 815 2678 ;
839 2612 1053 2682 quibus
1073 2616 1136 2666 ut
1156 2611 1591 2683 aliquantulum
1613 2629 1808 2670 emen-

160 2698 340 2755 dandi
371 2698 630 2771 spatium
663 2698 959 2769 tribuatis,
995 2699 1296 2756 humiliter
1318 2701 1594 2772 petimus.
1629 2703 1736 2767 Qui
1757 2701 1807 2756 si

159 2787 274 2843 cito
306 2786 515 2842 delicta
530 2804 647 2843 non
665 2787 1039 2856 correxerint,
1056 2789 1325 2845 severiori
1349 2791 1650 2847 sententiae
1674 2791 1808 2846 sub-

147 2876 453 2949 jacebunt.

234 2965 364 3020 CAP.
398 2965 467 3021 II.
499 2968 780 3021 Caaterum
813 2965 862 3021 si
896 2966 1444 3038 quilibetlaicorum
1467 2969 1552 3024 vel
1577 2969 1808 3024 clerico-

157 3071 294 3111 rum
318 3058 519 3110 contra
538 3055 877 3128 episcopum
890 3054 978 3111 vel
997 3055 1247 3128 alicujus
1278 3057 1498 3113 ordinis
1528 3058 1806 3113 clericum

155 3143 383 3215 aliquid
411 3143 698 3216 queritur,
717 3144 981 3200 noverint
1009 3161 1117 3200 nos
1138 3151 1370 3217 paratos
1399 3151 1456 3201 et
1485 3145 1806 3217 legitimam

1925 565 2140 620 missas
2187 564 2480 621 celebrare
2528 565 2770 620 faciunt.
2828 567 2988 632 Quod
3034 583 3106 623 ne
3138 566 3382 623 ulterius
3441 568 3564 635 fiat,

1923 652 2278 708 omnimodis
2310 658 2398 708 est
2442 654 2846 710 inhibendum.
2899 657 3084 720 Quare
3113 656 3172 711 in
3225 656 3567 712 ordinandis

1922 739 2180 811 plebium
2215 741 2540 797 rationibus
2555 742 2768 799 civium
2787 743 3056 798 instituta
3081 745 3454 817 [presbyteris
3477 763 3568 802 ca-

1923 845 2144 885 nonum
2203 830 2364 900 inst.)
2427 836 2748 898 serventur,
2803 836 2860 887 et
2887 831 3170 904 pestiferas
3229 835 3566 891 ambitionis

1920 917 2128 973 vitium
2158 917 2440 974 radicitus
2471 921 2849 992 exstirpetur,
2883 926 2938 977 et
2967 937 3154 993 neque
3180 922 3252 976 ob
3284 939 3565 994 quorum-

1921 1006 2056 1061 dam
2090 1007 2612 1078 propinquitatem,
2634 1026 2824 1081 neque
2845 1027 2948 1082 pro
2979 1009 3230 1082 alicujus
3263 1011 3566 1067 familiari-

1922 1095 2058 1150 tatis
2087 1096 2293 1167 gratia,
2355 1113 2562 1168 neque,
2604 1099 2758 1170 quod
2819 1099 3070 1155 maxime
3131 1100 3564 1168 detestandum,

1921 1190 2156 1256 propter
2175 1187 2554 1256 pecuniarum
2578 1187 2997 1260 acceptionem,
3016 1188 3294 1262 indignus
3324 1187 3570 1261 quilibet

1921 1272 2240 1328 ordinetur.
2275 1275 2341 1328 Et
2364 1274 2620 1345 primum
2645 1277 2883 1347 quidem
2914 1276 3100 1350 ipsius
3119 1277 3568 1356 locipresbyteri

1919 1359 2006 1415 vel
2034 1361 2224 1416 caeteri
2250 1361 2443 1419 clerici
2505 1364 2780 1420 idoneum
2831 1365 2941 1420 sibi
2993 1371 3276 1423 rectorem
3325 1360 3562 1440 eligant.

1920 1449 2134 1505 Deinde
2167 1449 2365 1522 populi
2399 1451 2497 1524 qui
2512 1453 2583 1508 ad
2599 1455 2866 1510 eamdem
2885 1454 3113 1527 plebem
3129 1456 3568 1530 aspicitfsequa-

1920 1541 2018 1592 tur
2049 1555 2348 1595 assensus.
2383 1540 2441 1594 Si
2474 1545 2670 1598 autem
2701 1543 2757 1597 in
2791 1543 2921 1615 ipsa
2951 1545 3118 1616 plebe
3147 1545 3280 1601 talis
3319 1545 3564 1602 inveniri

1921 1644 2032 1681 non
2067 1629 2322 1699 potuerit
2353 1630 2452 1702 qui
2485 1630 2630 1685 illud
2659 1649 2806 1703 opus
2855 1639 3251 1705 competenter
3290 1651 3564 1708 peragere

1921 1714 2124 1786 possit,
2157 1721 2294 1772 tunc
2324 1718 2634 1790 epiSCOpus
2665 1721 2735 1776 de
2762 1722 2908 1790 suis,
2928 1738 3104 1793 quem
3122 1722 3565 1794 idoneumjudi-

1921 1804 2154 1872 caverit,
2187 1804 2332 1861 inibi
2360 1807 2693 1864 constituat.

1991 1893 2122 1948 CAP.
2157 1894 2224 1948 ν.
2258 1895 2408 1951 Sane
2440 1899 2790 1954 removenda
2837 1901 3230 1970 quorumdam
3280 1900 3562 1958 laicorum

1921 1982 2264 2074 procaqitas,
2298 1983 2397 2055 qui
2422 1983 2530 2040 hoc
2560 1985 2682 2042 solo
2704 1989 2943 2043 obtentu
2975 1990 3129 2060 quod
3161 1990 3233 2045 ad
3265 1989 3568 2046 electionis

1917 2071 2276 2126 consortium
2310 2072 2724 2144 admittuntur,
2757 2077 3276 2150 archipresbyteris
3307 2079 3433 2134 suis
3461 2080 3562 2136 do-

1918 2157 2124 2212 minari
2160 2166 2541 2231 praesumunt,
2576 2169 2632 2218 et
2661 2181 2810 2235 quos
2842 2169 3125 2237 tanquam
3165 2171 3362 2238 patres
3391 2184 3560 2224 vene-

1917 2245 2033 2300 rari
2054 2247 2397 2314 debuerant,
2421 2249 2578 2304 velut
2595 2252 2860 2308 subditos
2883 2258 3278 2310 contemnant.
3300 2256 3365 2310 Hi
3387 2256 3566 2328 igitur

1917 2334 2072 2390 intra
2101 2337 2319 2408 proprii
2343 2338 2498 2409 juris
2543 2342 2822 2397 terminos
2872 2349 3010 2399 sunt
3060 2343 3378 2416 redigendi.
3411 2345 3481 2400 Et
3511 2345 3561 2399 si

1915 2425 2434 2481 extraordinariam
2447 2427 2906 2486 dominationem
2919 2432 2976 2486 in
3009 2431 3284 2489 Ecclesiis
3296 2449 3562 2490 exercere

1915 2514 2415 2585 przesumpserint,
2474 2517 2634 2589 regia
2689 2524 2828 2574 sunt
2867 2521 3179 2594 disciplina
3236 2523 3558 2580 coercendi.

1917 2601 2030 2672 Ipsi
2062 2619 2194 2657 vero
2224 2603 2324 2674 qui
2356 2605 2426 2659 ad
2459 2607 2871 2677 gubernandas
2902 2609 3098 2681 plebes
3139 2610 3397 2684 legitime
3428 2629 3558 2684 pro-

1916 2690 2062 2744 vecti
2099 2695 2257 2758 sunt,
2290 2692 2626 2751 nullatenus
2656 2713 2690 2751 a
2719 2696 2846 2753 suis
2861 2698 3151 2770 episcopis
3182 2699 3559 2772 repellantur,

1918 2779 2027 2834 nisi
2063 2785 2166 2835 aut
2196 2781 2253 2835 in
2287 2781 2537 2855 alicujus
2568 2785 2832 2842 criminis
2863 2791 3089 2843 reatum
3121 2788 3432 2846 inciderint
3460 2793 3563 2846 aut

1917 2869 2151 2924 easdem
2181 2869 2385 2941 plebes
2416 2872 2568 2929 male
2597 2877 2990 2932 tractaverint.

1986 2958 2114 3012 CAP.
2149 2959 2244 3013 VI.
2265 2959 2546 3016 Tollenda
2569 2967 2658 3018 est
2673 2964 2828 3020 enim
2849 2983 3028 3038 prava
3048 2967 3287 3024 omnino
3313 2986 3559 3026 consue-

1916 3047 2058 3102 tudo
2091 3064 2222 3119 quaa
2252 3048 2309 3103 in
2325 3051 2682 3121 quibusdam
2705 3052 2848 3108 locis
2879 3055 3224 3128 oriricoepit,
3257 3057 3396 3128 quia
3420 3075 3560 3114 non-

1918 3135 2062 3191 nulli
2076 3137 2234 3192 aschi
2241 3138 2563 3211 presbyteri
2576 3139 2661 3196 vel
2675 3140 2921 3198 aliorum
2932 3143 3239 3200 titulorum
3263 3147 3556 3217 custodes,

156 3211 832 3305 prabere'audienthm,
863 3238 921 3290 et
952 3234 1001 3290 Si
1033 3211 1173 3306 quia
1204 3251 1511 3308 perperam
1542 3211 1808 3308 "gessisse
1836 3211 1879 3278 C
1919 3227 2114 3297 fruges
2144 3226 2228 3281 vel
2265 3226 2406 3283 alios
2436 3229 2814 3286 ecclesiarum
2833 3232 3054 3289 reditus
3085 3235 3157 3290 ad
3180 3237 3444 3308 proprias
3467 3211 3566 3297 do:-

155 3321 390 3395 probati
423 3321 656 3389 fuerint,
690 3322 888 3378 debita
918 3322 1422 3380 animadversione
1443 3325 1657 3397 puniri.

235 3410 364 3466 CAP.
399 3409 497 3466 III.
533 3411 807 3467 Doctrina
829 3429 963 3468 vero
995 3418 1051 3467 et
1073 3414 1405 3485 praedicatio
1425 3416 1480 3469 in
1506 3415 1810 3488 populum,

161 3497 380 3572 partim
405 3499 813 3572 epiSCOporum
837 3505 894 3556 et
912 3499 1273 3573 reliquorum
1293 3505 1815 3577 sacerdotum,par—

160 3587 277 3643 tim
307 3603 441 3643 vero
465 3587 668 3660 populi
699 3587 1072 3662 negligentia,
1093 3608 1208 3646 non
1239 3592 1388 3648 sicut
1420 3595 1815 3650 necessarium

166 3680 264 3732 est
295 3680 659 3748 procuratur.
685 3677 755 3733 Et
783 3679 1153 3734 sacerdotum
1177 3681 1412 3753 quidem
1446 3683 1674 3739 incuria
1696 3683 1821 3739 nul-

164 3765 403 3821 latenus
434 3769 523 3821 est
539 3767 888 3823 excusanda.
908 3767 1157 3833 Quidam
1181 3787 1313 3826 vero
1332 3770 1465 3826 laici
1483 3775 1540 3827 et
1569 3772 1820 3827 maxime

167 3858 439 3927 potentes
471 3871 537 3910 ac
569 3855 981 3929 nobiles,quos
1004 3858 1328 3914 studiosius
1359 3860 1430 3915 ad
1461 3861 1820 3932 praedicatio-

169 3959 308 3998 nem
341 3944 536 4000 venire
561 3945 886 4016 oportebat,
912 3947 1083 4016 juxta
1129 3948 1336 4004 domos
1367 3965 1503 4004 suas
1552 3949 1824 4006 basilicas

168 4032 431 4100 habent;
465 4031 523 4086 in
555 4033 771 4106 quibus
801 4035 1066 4091 divinum
1100 4038 1404 4094 audientes
1435 4040 1717 4108 ofﬁcium,
1752 4041 1826 4095 ad

171 4122 432 4193 majores
463 4121 739 4178 ecclesias
771 4124 960 4180 rarius
982 4126 1177 4181 venire
1199 4133 1624 4184 consueverunt
1641 4130 1736 4200 (1).
1760 4131 1829 4185 Et

173 4212 322 4266 dum
355 4211 464 4268 soli
498 4211 696 4268 afﬂicti
728 4216 785 4267 et
841 4230 1128 4286 pauperes
1187 4215 1444 4284 veniunt,
1500 4218 1641 4289 quid
1671 4217 1829 4277 aliud

173 4316 361 4371 quam
391 4303 458 4355 ut
485 4299 642 4356 mala
671 4299 957 4372 patienter
989 4302 1178 4358 ferant
1226 4303 1346 4360 illis
1394 4307 1832 4376 praedicandum

175 4386 302 4444 est?
331 4388 390 4444 Si
426 4395 622 4445 autem
656 4388 885 4454 divites,
921 4390 1018 4462 qui
1051 4391 1410 4463 pauperibus
1442 4393 1720 4464 injuriam
1745 4397 1837 4450 fa-

177 4493 313 4532 cere
344 4475 504 4532 soliti
534 4482 696 4545 sunt,
743 4479 941 4534 venire
991 4495 1107 4534 non
1161 4480 1479 4547 renuerint,
1532 4483 1836 4540 admoneri

1919 3331 2047 3370 mos
2077 3315 2394 3371 abducunt.
2431 3318 2678 3383 Quidam
2704 3337 2836 3376 vero
2865 3319 3114 3379 aliorum
3163 3328 3566 3398 possessiones

1923 3404 2279 3474 conducunt,
2313 3413 2378 3461 ut
2407 3406 2464 3461 in
2497 3409 2580 3463 eis
2612 3425 2738 3480 quae
2791 3411 2862 3466 ab
2921 3411 3183 3470 ecclesiis
3241 3417 3369 3472 suis
3418 3417 3573 3475 male

1925 3492 2338 3550 subtraxerunt
2367 3497 2705 3553 recondant.
2739 3499 3014 3556 Nonnulli
3045 3506 3240 3560 autem
3285 3504 3573 3564 laicorum

1925 3581 1983 3637 in
2013 3588 2240 3638 tantum
2273 3601 2473 3641 eorum
2508 3587 2783 3659 nequitiae
2815 3605 2877 3644 se
2908 3591 3222 3664 complices
3248 3593 3491 3664 faciunt,
3514 3598 3582 3652 ut

1928 3689 2058 3744 quae
2089 3672 2427 3744 bujusmodi
2443 3681 2910 3750 transgressores
2923 3680 2994 3736 ab
3013 3681 3258 3759 ecclesia
3279 3686 3585 3757 subripue-

1930 3766 2087 3828 runt,
2119 3761 2233 3834 ipsi
2264 3763 2322 3818 in
2354 3765 2477 3820 suis
2509 3767 2784 3823 domibus
2815 3769 3202 3827 abscondant.
3238 3773 3413 3829 Tales
3441 3789 3579 3847 ergo

1931 3851 2190 3923 primum
2223 3870 2256 3908 a
2276 3854 2399 3909 suis
2417 3855 2706 3927 episcopis
2728 3858 3139 3930 corripiantur.
3167 3861 3329 3924 Quod
3351 3861 3400 3916 si
3422 3878 3484 3917 se
3506 3862 3583 3916 ci-

1933 3940 2050 3995 tius
2079 3942 2369 4013 corrigere
2383 3943 2694 4013 noluerint,
2721 3951 3001 4018 tanquam
3033 3947 3573 4018 quiecclesiasticas

1937 4047 2028 4084 res
2055 4030 2339 4102 sacrilega
2365 4032 2687 4089 temeritate
2718 4038 3137 4102 tractaverunt,
3163 4038 3432 4110 synodali
3455 4055 3584 4094 sen-

1937 4119 2118 4174 tentia
2148 4119 2447 4175 teriantur.
2478 4121 2680 4178 Laicos
2710 4141 2845 4180 vero
2877 4125 2977 4197 qui
3009 4130 3143 4197 post
3174 4126 3325 4182 hanc
3356 4128 3580 4184 denun-

1941 4207 2244 4263 tiationem
2277 4209 2467 4264 socios
2499 4210 2752 4282 sehujus
2781 4213 3150 4286 expilationis
3171 4215 3582 4288 praebuerrint,

1941 4302 2227 4369 tanquam
2257 4297 2395 4353 furti
2409 4301 2879 4370 reos,judiciaria
2907 4305 3226 4360 coarctabit
3247 4305 3596 4360 auctoritas.

2016 4386 2087 4442 CA
2100 4405 2151 4442 ρ.
2187 4387 2304 4442 VII.
2338 4387 2418 4443 De
2438 4391 2860 4446 restauratione
2878 4391 3258 4450 ecclesiarum
3277 4393 3421 4448 illud
3448 4392 3603 4466 capi-

1947 4474 2137 4530 tulum
2171 4477 2390 4530 sufﬁcit
2420 4477 2574 4548 quod
2598 4480 2824 4552 genitor
2840 4485 3030 4537 vester
3060 4483 3122 4539 in
3153 4482 3472 4555 capitulare
3492 4499 3601 4538 suo

176 4563 387 4637 utique
417 4572 657 4638 possent
689 4572 752 4624 ut
781 4568 1169 4642 eleemosynis
1201 4573 1436 4642 peccata
1467 4572 1838 4629 suaredime-
1874 4581 1921 4645 Ῑ)
1954 4564 2280 4619 constituit.
2317 4565 2427 4620 Sed
2462 4571 2527 4620 ut
2559 4572 2840 4638 servetur,
2873 4576 3067 4628 vestra
3097 4571 3318 4644 indiget
3350 4570 3618 4627 admoni'

180 4659 319 4710 rent
348 4649 469 4711 et'a
497 4657 657 4712 ﬂuxu
687 4674 883 4714 rerum
917 4659 1332 4732 temporalium
1365 4677 1427 4715 se
1457 4660 1840 4721 abstinerent.

178 4743 552 4801 Admonendi
584 4751 724 4802 sunt
747 4747 926 4820 igitur
942 4753 1207 4822 potentes
1224 4753 1289 4805 ut
1306 4750 1377 4806 ad
1401 4751 1652 4823 majores
1673 4753 1848 4810 eccle-

185 4833 334 4896 sias,
366 4833 464 4889 ubi
482 4836 956 4907 praedicationem
983 4839 1186 4895 audire
1207 4837 1451 4910 possint,
1477 4842 1846 4910 conveniant,

189 4925 251 4976 et
283 4928 570 4993 quantum
587 4925 738 4981 dono
773 4926 1191 4999 omnipotentis
1217 4927 1312 4983 Dei
1339 4928 1560 4985 divitiis
1585 4935 1644 4986 et
1674 4932 1853 4987 hono-

192 5009 364 5064 ribus
393 5017 630 5068 caeteros
655 5015 1025 5081 antecedant,
1057 5020 1219 5072 tanto
1241 5017 1312 5071 ad
1336 5018 1692 5075 audiendum
1718 5037 1855 5093 pra:-

1953 4653 2131 4707 tione.

2029 4741 2159 4796 CAP.
2193 4741 2340 4797 VIII.
2376 4741 2674 4800 Similiter
2720 4751 2776 4803 et
2805 4749 2874 4804 de
2924 4747 3318 4816 xenodochiis,
3372 4748 3527 4803 sicut
3557 4747 3617 4802 in

1959 4830 2160 4886 eodem
2197 4830 2509 4902 capitulari
2543 4835 2898 4905 continetur,
2933 4837 3363 4892 observandum
3396 4839 3505 4892 est.

2031 4923 2162 4974 CAP.
2194 4919 2282 4974 IX.
2319 4919 2398 4974 De
2421 4925 2796 4980 monasteriis
2823 4927 3286 4981 autemvirorum
3319 4941 3422 4980 seu
3455 4923 3620 4980 femi-

1969 5025 2200 5078 narum,
2234 5026 2363 5080 quze
2408 5012 2732 5068 secundum
2779 5013 3039 5087 regulam
3089 5013 3273 5070 sancti
3323 5010 3623 5068 Benedicti

1961 5097 2051 5152 vel
2075 5099 2400 5154 secundum
2416 5101 2756 5156 canonicam
2773 5103 3179 5158 auctoritatem
3195 5101 3480 5174 disposita
3492 5117 3622 5157 esse

1967 5186 2200 5254 debent,
2237 5188 2377 5259 quia
2407 5189 2713 5261 inspiratio
2739 5192 3157 5264 omnipotentis
3189 5191 3308 5259 Dei,
3346 5196 3412 5246 ut
3441 5189 3628 5246 credi-

1971 5292 2103 5330 mus
2134 5292 2234 5330 cor
2263 5277 2438 5331 vestri
2471 5279 2890 5335 moderaminis
2920 5281 3198 5347 incitavit,
3250 5281 3362 5353 ipsi
3397 5278 3626 5352 gratias

1967 5365 2308 5420 referimus.
2341 5366 2485 5420 Nam
2505 5369 2794 5438 quodjam
2817 5369 3074 5424 maxima
3091 5387 3158 5425 ex
3190 5374 3352 5442 parte
3375 5369 3640 5426 ordinem

203 5450 401 5523 piunt.
441 5453 688 5526 Insuper
713 5453 890 5510 etiam
924 5455 1592 5528 ubicunqueordinatos,
1617 5468 1866 5536 etquos.
1975 5469 2154 5510 suum
2194 5454 2523 5521 amiserint,
2559 5456 2836 5512 omnibus
2857 5462 2948 5513 est
2978 5460 3376 5516 manifestum.
3412 5458 3546 5523 Quae
3577 5465 3644 5517 ut

207 5538 348 5595 dam
386 5540 458 5596 de
489 5542 706 5613 quibus
737 5543 980 5600 dubium
1039 5549 1094 5602 st
1125 5550 1322 5602 utrum
1354 5552 1679 5607 consecrati
1703 5571 1789 5610 sui

2114 5561 2142 5597 r
2158 5541 2404 5599 istinum
2425 5547 2582 5600 statu
2599 5561 2652 5601 m
2669 5546 3047 5623 reducantur,
3069 5548 3130 5607 in
3161 5548 3385 5610 domini
3399 5563 3464 5608 ac
3488 5547 3645 5627 8033'

279 5647 356 5736 (1)
387 5649 532 5708 Vide
561 5654 728 5708 notas
759 5653 830 5710 ad
854 5651 1132 5725 Salvian.,
1160 5670 1292 5732 pag.
1324 5655 1430 5714 419
1451 5661 1711 5720 extrema
1731 5661 2029 5740 (Patrolog.
2059 5661 2086 5718 t
2123 5651 2328 5746 ΜΠ),

197 5101 373 5167 cepta
403 5099 723 5156 conditoris
755 5101 846 5156 sui
879 5102 1133 5159 alacrius
1162 5104 1459 5160 festinent.

277 5183 412 5239 CAP.
438 5185 528 5240 IV.
561 5188 811 5252 Quidam
842 5194 1037 5246 autem
1069 5193 1310 5247 comites
1335 5197 1390 5248 et
1411 5195 1856 5253 vassidominici

199 5273 576 5346 presbyteros
607 5280 664 5331 et
720 5277 962 5334 clericos
1005 5285 1237 5336 nostros
1284 5285 1521 5338 caeteros
1570 5287 1722 5358 quod
1753 5305 1860 5344 nec

201 5361 498 5436 episcopis
524 5363 712 5421 facere
742 5365 895 5435 licet,
935 5368 1155 5440 absque
1188 5374 1383 5424 nostra
1430 5370 1666 5429 licentia
1713 5377 1859 5432 reci-
