3948 6168
469 315 628 388 I263

1735 312 2072 380 APPEND.
2117 313 2220 378 AD
2265 310 2456 377 SEC.
2499 308 2602 377 IX.

3705 312 3828 384 1254

467 449 616 505 toris
642 448 818 506 vestri
877 467 943 506 ac
977 455 1172 508 vestra
1227 449 1480 524 gloriosa
1526 449 1909 522 dispositione
1969 466 2109 505 con-
2140 450 2195 516 Α
2295 448 2429 504 CAP.
2464 446 2605 502 XIV.
2639 445 2933 509 Quosdam
2970 443 3272 501 ministros
3317 443 3598 502 comitum
3625 452 3834 526 propter

466 535 647 595 sistit.

539 627 674 684 CAP.
707 628 774 684 X.
807 630 888 687 Ea
922 630 1160 702 quidem
1210 629 1566 685 monasteria
1595 646 1721 701 quae
1753 627 1945 684 adhuc
1986 632 2109 682 sta-

462 720 591 773 tum
624 729 798 774 suum
829 718 1097 786 retinent,
1121 735 1600 790 unumquemque
1617 718 2022 790 episcoporum
2047 716 2104 770 in

462 807 633 878 cujus
670 806 946 878 parochia
999 807 1320 863 constituta
1351 811 1490 863 sunt
1535 807 1832 879 providere
1881 809 2108 877 oportet

461 898 662 951 utrum
693 893 954 951 ordinem
988 912 1162 951 suum
1193 900 1449 952 teneant.
1485 897 1647 961 Quod
1681 896 1727 952 si
1759 894 2104 950 aliterinve-

461 982 636 1051 norit,
668 999 784 1039 una
800 999 932 1040 cum
953 988 1172 1040 rectore
1190 984 1529 1041 monasterii
1547 984 1829 1054 corrigere
1851 983 2102 1039 debebit.

460 1069 625 1134 Quod
645 1071 696 1127 si
725 1071 968 1128 rectoris
998 1073 1336 1130 monasterii
1366 1073 1767 1146 principaliter
1796 1072 1966 1144 culpa
1989 1073 2106 1127 fue-

459 1158 556 1228 rit,
590 1163 648 1216 et
677 1177 739 1218 se
769 1178 1026 1234 suosque
1048 1162 1316 1219 subditos
1334 1163 1406 1218 ad
1427 1162 1681 1236 episcopi
1716 1161 1806 1217 sui
1839 1162 2102 1218 admoni-

457 1245 679 1306 tionem
737 1251 992 1324 corigere
1061 1251 1541 1318 dissimulaverit,
1607 1251 1884 1323 synodica
1933 1250 2107 1312 debet

459 1339 805 1396 auctoritate
834 1339 1086 1412 percelli.

527 1427 664 1486 CAP.
687 1427 778 1485 XI.
795 1429 1042 1496 Quidam
1066 1434 1262 1486 autem
1283 1429 1540 1502 episcopi
1570 1434 1626 1486 et
1642 1435 1890 1485 rectores
1909 1447 2105 1486 mona-

455 1517 770 1576 steriorum
827 1517 920 1575 res
958 1517 1337 1576 ecclesiarum
1388 1536 1631 1575 suarum
1687 1520 2018 1575 subtractae
2049 1523 2104 1574 et

447 1605 584 1664 aliis
615 1608 882 1680 personis
902 1607 1146 1681 largitas
1172 1625 1300 1664 esse
1319 1612 1666 1680 queruntur,
1691 1613 1747 1663 et
1771 1607 1900 1663 ideo
1923 1607 2100 1663 eccle-

451 1695 721 1752 siasticas
743 1695 1033 1752 utilitates
1055 1713 1429 1768 nequaquam
1453 1714 1514 1752 se
1547 1696 1786 1768 implere
1814 1713 1986 1768 posse
2012 1697 2100 1751 di-

2220 537 2550 608 frequentia
2563 533 2778 607 placita
2799 533 3204 607 pauperiorem
3229 534 3512 609 populum
3526 535 3700 592 nimis
3720 535 3836 592 afﬂi-

2217 642 2351 697 gere
2381 623 2796 696 comperimus.
2830 623 2992 679 Unde
3023 623 3392 695 majestatem
3419 629 3670 681 vestram
3695 626 3836 682 obse-

2217 731 2451 769 cramus
2482 718 2546 768 ut
2575 711 2894 784 capitulare
2925 711 3012 768 avi
3031 712 3204 768 vestri
3239 713 3312 768 de
3340 712 3450 769 hac
3481 731 3540 770 re
3569 715 3838 771 observari

2216 801 2584 874 praecipiatis.

2287 892 2415 946 CAP.
2450 891 2562 946 XV.
2599 891 2679 946 De
2713 889 3027 945 comitibus
3075 907 3230 958 vero,
3265 892 3337 946 de
3384 909 3632 964 quorum
3662 893 3772 949 vita
3799 900 3841 950 et

2215 981 2496 1036 actibusa
2527 979 2696 1035 nobis
2751 994 3010 1051 quaerere
3045 978 3225 1035 voluit
3269 979 3601 1038 sublimitas
3647 983 3840 1050 vesitra,

2215 1069 2501 1140 quosdam
2533 1067 2678 1123 tales
2710 1083 2839 1124 esse
2865 1067 3086 1123 scimus
3117 1066 3320 1140 quales
3343 1069 3440 1125 Dei
3474 1070 3770 1128 ministros
3795 1084 3843 1132 et

2213 1161 2415 1212 vostrae
2448 1155 2784 1228 reipublicae
2813 1155 3141 1228 provisores
3181 1173 3311 1214 esse
3358 1159 3539 1215 decet.
3585 1160 3840 1216 Nonnulli

2214 1251 2430 1314 autem,
2455 1250 2520 1300 ut
2551 1263 2613 1302 se
2631 1262 2886 1317 suosque
2909 1245 3212 1302 ministros
3229 1249 3840 1321 corrigant,vestraad—

2213 1336 2531 1391 monitione
2573 1336 2861 1406 indigent.
2897 1335 3333 1403 Quibustamen
3349 1337 3838 1410 utaliquantulum

2219 1425 2569 1481 emendandi
2599 1424 2855 1496 spatium
2910 1424 3205 1493 tribuatis,
3248 1427 3640 1499 exposcimus.
3672 1430 3770 1496 Qui
3799 1431 3842 1486 si

2213 1531 2272 1570 se
2300 1514 2475 1568 citius
2505 1513 2792 1585 corrigere
2822 1512 3135 1580 noluerint,
3155 1515 3314 1588 regia
3344 1519 3483 1572 sunt
3511 1517 3844 1576 auctoritate

2214 1602 2587 1674 reprimendi.

2280 1695 2406 1746 Cu».
2440 1691 2583 1745 XVI.
2617 1691 2948 1745 Statuimus
2980 1691 3156 1747 etiam
3186 1709 3255 1748 ne
3303 1693 3584 1768 episcopi,
3627 1698 3849 1768 quando

453 1787 628 1839 cunt:
653 1797 777 1856 quae
804 1788 873 1839 ut
891 1785 1295 1853 restituantur,
1311 1783 1564 1840 veétram
1593 1785 1808 1856 regiam
1834 1786 2102 1856 majesta-
2131 1813 2176 1878 Β
2211 1799 2312 1854 pro
2345 1779 2747 1836 confirmando
2777 1779 3062 1852 populum
3114 1781 3420 1853 parochias
3471 1783 3849 1852 circumeunt,

453 1875 575 1928 tem
601 1872 1006 1946 imploramus.
1038 1873 1184 1940 Quia
1211 1875 1258 1929 si
1281 1874 1342 1928 hi
1374 1873 1473 1946 qui
1506 1891 1604 1930 eas
1633 1891 1736 1946 pro
1767 1875 2097 1930 animarum

453 1975 694 2017 suarum
726 1961 982 2017 remedio
1033 1961 1296 2018 ecclesiis
1343 1961 1738 2030 contulerunt,
1790 1963 2095 2034 praemium

454 2049 774 2121 merentur,
809 2048 935 2106 sine
949 2050 1126 2107 dubio
1139 2050 1515 2106 damnatione
1528 2050 1687 2124 digni
1712 2056 1872 2107 sunt»
1883 2051 1978 2123 qui
1999 2068 2098 2107 eas

450 2135 799 2194 subtrahere
827 2137 1166 2195 moliuntur.

523 2227 651 2282 C'AP.
687 2226 809 2282 XII.
844 2227 906 2283 In
955 2229 1138 2284 sacris
1196 2228 1521 2285 canonibus
1569 2229 1868 2302 praeﬁxum
1919 2233 2006 2286 est
2037 2232 2102 2283 ut

453 2313 691 2370 decimae
710 2314 881 2386 juxta
901 2316 1156 2389 episcopi
1184 2317 1627 2389 dispositionem
1649 2317 2096 2372 distribuantur.

453 2403 703 2470 Quidam
733 2409 930 2462 autem
951 2405 1106 2472 laici,
1127 2407 1226 2478 qui
1256 2406 1343 2462 vel
1372 2405 1432 2461 in
1456 2406 1707 2479 pr0priis
1723 2406 1810 2460 vel
1843 2406 1902 2460 in
1926 2406 2099 2462 bene-

453 2491 604 2549 ﬁciis
636 2509 774 2550 suas
803 2493 1024 2550 habent
1045 2494 1340 2562 basilicas,
1365 2498 1719 2565 comtempta
1736 2495 1993 2566 episcOpi
2021 2495 2103 2550 di-

455 2581 796 2653 spositione,
820 2597 938 2638 non
964 2583 1034 2638 ad
1059 2582 1333 2639 ecclesias
1364 2583 1463 2638 ubi
1487 2583 1849 2654 baptismum
1880 2589 1936 2638 et
1957 2601 2100 2655 prae-

2205 1869 3206 1942 archipresbyterossuosgravent,et
3219 1869 3318 1943 huj
3329 1873 3560 1927 usmodi
3575 1871 3847 1946 diapenss

2207 1957 2614 2024 contentisint,
2649 1974 2830 2030 panes
2848 1963 3105 2028 centum,
3121 1958 3438 2032 friskingas
3459 1961 3855 2031 quatuOr,vini

2208 2048 2461 2102 sextaria
2481 2046 2930 2118 quinquaginta,
2957 2045 3148 2118 pullos
3175 2052 3417 2119 septem,
3443 2064 3552 2104 ova
3573 2050 3858 2124 quinqua-

2207 2137 2390 2209 ginta,
2411 2153 2626 2206 agnum
2653 2151 2858 2202 unum,
2883 2133 3206 2207 porcellum
3223 2153 3430 2204 unum,
3465 2154 3771 2197 annonam
3795 2143 3856 2197 ad

2207 2223 2462 2278 caballos
2494 2221 2719 2278 modios
2750 2239 2867 2288 scx,
2929 2222 3127 2278 fenum
3161 2239 3308 2278 corr.
3361 2227 3477 2280 tres
3531 2228 3716 2297 [[ονιε,
3750 2229 3858 2284 feni

2208 2311 2410 2366 corbes
2443 2313 2581 2382 tres]
2613 2329 2625 2378 ;
2661 2309 2798 2378 mel,
2831 2309 3044 2377 oleum,
3077 2327 3230 2380 cera,
3263 2313 3416 2384 quod
3450 2314 3694 2372 sufﬁcit.

2281 2401 2409 2456 CAP.
2444 2400 2612 2455 XVII.
2641 2399 2900 2455 Petimus
2917 2400 3093 2456 etiam
3119 2404 3185 2455 ut
3213 2402 3568 2460 emunitates
3589 2408 3861 2480 progeni-

2211 2494 2404 2545 torum
2435 2493 2765 2544 vestrorum
2795 2489 2874 2544 ita
2904 2491 3231 2544 conservari
3264 2491 3639 2565 praecipiatis,
3664 2495 3826 2552 sicut
3845 2517 3870 2552 a

2212 2578 2463 2652 glorioso
2495 2578 2754 2651 genitore
2783 2584 2975 2634 vestro
3005 2578 3067 2633 in
3097 2597 3204 2636 suo
3234 2581 3556 2654 capitulare
3579 2585 3867 2643 constitu-

2214 2671 2342 2722 tum
2375 2671 2482 2722 est.

451 2668 833 2739 ‘dication‘em,
850 2687 1062 2726 manus
1085 2671 1539 2744 impositionem,
1568 2675 1624 2726 et
1637 2671 1749 2726 alia
1773 2671 1986 2727 Christi
2012 2689 2102 2728 sa-

457 2761 762 2813 cramenta
789 2758 1139 2830 percipiunt,
1188 2759 1444 2814 decimas
1495 2777 1632 2815 suas
1681 2760 1842 2828 dant,
1885 2761 1986 2816 sed
2017 2761 2106 2816 vel

463 2845 717 2917 propriis
748 2845 1008 2902 basilicis
1029 2846 1117 2902 vel
1151 2847 1273 2903 suis
1295 2846 1521 2903 clericis
1541 2865 1644 2920 pro
1677 2866 1784 2904 suo
1814 2847 1983 2904 libitu
2011 2850 2109 2904 tri-

465 2932 676 2990 buunt.
693 2935 852 3000 Quod
872 2935 1228 2992 omnimodis
1251 2935 1578 3009 divinaelegi
1595 2941 1652 2992 et
1673 2937 1853 2992 sacris
1871 2938 2108 2992 canoni-

2287 2760 2419 2812 CAP.
2451 2755 2645 2810 XVIII.
2667 2756 2774 2811 Per
2787 2756 3051 2830 singulas
3069 2759 3374 2830 parochias
3399 2777 3497 2816 eas
3523 2763 3875 2822 festivitates

2218 2845 2470 2918 populus
2501 2846 2805 2901 observare
2838 2847 3069 2902 studeat
3083 2865 3229 2920 quas
3250 2849 3524 2923 proprius
3554 2854 3877 2929 episcopus

2218 2935 2478 2990 venerari
2539 2935 2954 3006 prmdicaverit,
2986 2937 3069 2992 ita
3097 2941 3161 2993 ut
3182 2955 3370 3011 neque
3401 2939 3535 2996 illas
3564 2943 3879 3019 negligant

467 3019 580 3078 bus
612 3027 983 3080 constatesse
1004 3023 1562 3080 contrarium.Unde
1585 3031 1835 3080 vestram
1867 3030 2113 3098 potesta-
2221 3041 2367 3096 quas
2400 3024 2730 3079 sacerdotes
2784 3026 3141 3094 monuerint,
3201 3043 3390 3100 neque
3447 3029 3615 3086 inani
3670 3050 3881 3106 super-

463 3111 583 3167 tem
617 3115 680 3168 ut
709 3129 808 3168 eos
839 3113 1142 3186 corrigatis
1170 3113 1512 3186 expetimus.
2149 3184 2183 3194 Α
2223 3112 2457 3168 stitione
2488 3129 2585 3167 eas
2617 3113 2906 3169 celebrare
2937 3120 3298 3186 prazsumant
3327 3133 3454 3189 quae
3493 3135 3881 3194 nequaquam

533 3199 670 3256 CAP.
702 3201 856 3257 XlII.
887 3184 1059 3257 Sacra
1089 3184 1588 3258 docetauctoritas
1617 3209 1683 3258 ut
1713 3203 1942 3274 publice
1976 3219 2106 3275 pec-
2141 3184 2183 3250 C
2223 3205 2361 3256 sunt
2389 3202 2780 3257 observandis.

457 3289 916 3366 cantespublicaa
932 3291 1281 3363 pmnitentia:
1299 3291 1704 3362 subjiciantur.
1730 3291 2109 3347 Inveniuntur
2288 3290 2418 3345 CAP.
2454 3291 2593 3346 ΧιΧ.
2626 3291 2682 3345 Si
2714 3308 2845 3346 vero
2873 3291 3053 3364 aliqui
3077 3292 3294 3349 inventi
3312 3295 3529 3351 fuerint
3549 3299 3659 3368 qui
3686 3317 3882 3356 sacer-

452 3381 650 3460 autem
684 3379 926 3452 quidam
949 3379 1050 3452 qui
1067 3379 1291 3436 incesta
1306 3379 1684 3436 matrimonia
1697 3385 2108 3436 contraxerunt

451 3471 512 3524 et
537 3467 628 3524 Vel
659 3468 941 3541 proximis
956 3468 1080 3525 suis
1101 3469 1187 3524 vel
1219 3469 1334 3525 Deo
1352 3469 1535 3525 sacris
1554 3468 1903 3524 mulieribus
1925 3486 2105 3541 copu-

449 3555 555 3611 lati
587 3563 746 3614 sunt.
781 3558 1030 3622 Quidam
1059 3557 1234 3613 etiam
1259 3557 1510 3630 publica:
1540 3562 1789 3629 possunt
1817 3559 2102 3630 poeniten-

452 3644 546 3700 tia
577 3645 903 3719 subjugari.
930 3647 1190 3702 Petimus
1204 3649 1268 3702 ut
1287 3646 1568 3702 comitum
1591 3651 1916 3702 vestrorum
1939 3647 2101 3702 auxi-

447 3730 533 3788 ‘lio
563 3732 902 3790 fulciantur.

2216 3380 2452 3436 dotibus
2483 3381 2883 3453 obtemperare
2915 3381 3225 3452 noluerint,
3269 3400 3370 3456 per
3413 3384 3741 3444 ministros
3779 3390 3882 3446 rei-

2215 3469 2458 3541 publicae
2477 3471 2926 3544 distringantur,
2948 3476 3005 3527 et
3033 3471 3493 3530 satisfactionem
3513 3476 3881 3546 paenitentia

2215 3574 2392 3630 quam
2424 3559 2748 3632 presbyteri
2778 3559 3167 3632 imposuerint
3196 3561 3393 3617 subire
3424 3571 3756 3636 cogantur.

1322 4001 2081 4097 ANGILBERTI
2165 4001 2994 4098 PRIVILEGIUM

1732 4183 1852 4242 Pro
1881 4179 2290 4242 Ambrosiana
2323 4180 2578 4242 basilica

1493 4339 1784 4412 (UGHELLI,
1827 4341 1990 4397 Italia
2019 4357 2193 4409 sacra,
2227 4346 2371 4398 tom.
2406 4341 2496 4411 IV,
2531 4358 2664 4415 pag.
2695 4343 2812 4414 79).

511 4603 575 4659 In
605 4601 841 4659 nomine
865 4599 1570 4670 Domini,ANcsLsssrus,
1604 4599 1782 4656 beatae
1819 4601 2087 4659 Mediola-
2117 4606 2162 4670 Ι)
2194 4604 2470 4676 cogitare,
2503 4618 2638 4658 cum
2672 4602 2817 4658 meis
2849 4603 3255 4659 sacerdotibus
3298 4603 3564 4660 divinam
3605 4607 3892 4668 clemen-

439 4690 640 4748 nensis
664 4689 933 4746 Ecclesiae
963 4689 1461 4762 archiepiscopus.

510 4779 794 4851 Cumque,
813 4779 1060 4835 Domino
1067 4780 1332 4850 juvante,
1357 4795 1614 4851 gererem
1630 4777 2083 4835 sollicitudinem

441 4869 513 4926 de
541 4885 705 4936 meae,
735 4867 1025 4942 parochize
1057 4867 1448 4934 monasteriis,
1481 4873 1537 4923 et
1567 4883 1635 4923 ea
1665 4869 1737 4923 ad
1789 4869 2087 4924 tramitem

436 4960 652 5014 sanctis
665 4955 1121 5013 conversationis
1133 4955 1474 5027 corrigendo
1489 4960 1661 5027 atque
1675 4957 2085 5024 construendo,

436 5050 611 5119 prout
639 5045 1408 5118 valui,perduxissem,verti
1442 5061 1535 5100 me
1565 5045 1634 5098 ad
1669 5046 2086 5101 monasterium

435 5135 761 5193 beatissimi
791 5134 1105 5200 Ambrosii,
1129 5134 1224 5188 ubi
1255 5135 1382 5202 ejus
1405 5151 1616 5204 corpus
1647 5134 1913 5205 quiescit,
1940 5153 2080 5206 qua-

433 5228 631 5292 tenus,
662 5223 1496 5296 necessitatecogente,ibidem
1521 5224 1791 5278 abbatem
1814 5225 2083 5280 ordinare

435 5312 793 5369 debuissem.
812 5315 1073 5385 Cumque
1088 5330 1191 5384 pro
1204 5312 1313 5366 hoc
1345 5311 1585 5376 diutius,
1615 5327 1788 5382 quem
1811 5313 2080 5368 abbatem

433 5398 962 5458 illiusconstituere
988 5399 1500 5471 debuissem(quia
1523 5397 1600 5454 ibi
1625 5416 1738 5454 non
1754 5401 2080 5472 reperieba-

432 5488 532 5541 tur
560 5487 715 5556 talis,
747 5505 813 5544 eo
843 5491 998 5562 quod
1028 5490 1100 5545 ob
1152 5487 1568 5561 negligentiam
1603 5488 1743 5543 ordo
1792 5488 2080 5561 regularis

349 5591 358 5598 ’
433 5573 600 5632 valde
629 5574 818 5633 inerat
845 5578 1197 5651 corruptus),
1232 5593 1334 5652 pro
1365 5576 1473 5632 hoc
1503 5575 1729 5633 diutius
1769 5577 2078 5652 coepissem

2193 4691 2337 4746 tiam
2369 4689 2719 4762 postulando
2746 4708 2758 4744 :
2783 4694 2921 4745 tunc
2953 4691 3201 4748 Domino
3225 4692 3470 4760 favente,
3492 4697 3888 4756 consulant"?

2196 4780 2309 4834 bus
2339 4779 2513 4834 etiam
2535 4779 2936 4835 sacerdotibus
2955 4779 3194 4848 nostris,
3223 4781 3439 4836 abstuli
3454 4781 3888 4842 Gaudentius

2197 4867 2467 4923 abbatem
2501 4868 2843 4924 monasterii
2875 4868 3071 4924 Sancti
3101 4868 3392 4925 Vincentii
3443 4871 3660 4942 (quem
3706 4877 3888 4931 etian

2198 4972 2304 5027 ego
2337 4956 2702 5012 ibiabbatem
2725 4958 2853 5027 jam
2877 4958 3537 5031 dudumordinaveram)
3558 4965 3626 5016 et
3647 4961 3734 5019 in
3761 4983 3888 5037 prs

2199 5045 2315 5098 fato
2349 5045 2702 5099 monasterio
2721 5046 2916 5101 Sancti
2931 5047 3223 5102 Ambrosii
3246 5047 3516 5104 abbatem
3543 5055 3874 5109 constitui
3918 5077 3919 5114 ἢ

2191 5135 2356 5189 Nunc
2389 5141 2608 5200 autem,
2640 5140 2704 5189 ut
2726 5135 3124 5206 ipsimonachi
3155 5136 3512 5193 valeantDeo
3530 5139 3886 5198 deservire.
3918 5151 3919 5204 ξ

2191 5227 2249 5278 et
2277 5221 2327 5277 ei
2352 5222 2574 5294 jugiter
2595 5222 2839 5278 laudum
2857 5224 3075 5296 gratias
3093 5224 3326 5295 referre,
3347 5225 3570 5281 exclusi
3608 5228 3704 5286 ab
3743 5230 3890 5287 indi-

2190 5311 2406 5383 gentia,
2439 5315 2560 5366 tam
2593 5312 2664 5367 ob
2685 5311 3063 5369 stabilitatem
3087 5329 3290 5386 regum
3314 5318 3670 5373 nostrorum
3687 5362 3708 5388 ,
3749 5321 3889 5376 inv}
3917 5339 3919 5388 δ

2191 5398 2592 5455 ctissimorum
2653 5401 3098 5472 imperatorum,
3149 5403 3427 5459 Ludovici
3480 5408 3538 5459 et
3570 5404 3886 5465 Lotharli

2192 5503 2371 5560 quam
2406 5488 2478 5543 ob
2508 5504 2710 5559 pacem
2743 5489 3136 5548 immaculata
3169 5493 3378 5548 matris
3421 5491 3766 5566 Ecclesiae,
3815 5515 3898 5572 pe:

2189 5577 2298 5634 hoc
2329 5581 2684 5652 praeceptum
2714 5579 2996 5638 confirmo
3027 5579 3334 5639 ecclesiam
3362 5585 3420 5640 et
3449 5579 3646 5641 altare
3721 5604 3902 5663 quos
