3968 6158
314 265 465 332 1267

1570 270 1905 335 APPEND.
1951 269 2056 333 AD
2100 269 2291 333 SEO.
2337 266 2442 333 1X.

3556 257 3753 324 1268‘

312 420 488 480 usum
521 405 789 461 nostrum
809 421 864 461 v.
889 402 960 463 cl.
985 410 1157 480 atque
1171 407 1691 480 reverendissimus
1709 405 1948 480 Carolus
1977 407 2032 473 Α
2066 404 2339 480 Ludovici
2370 404 2417 459 Il
2445 397 2818 480 imperatoris
2848 397 3192 480 adfuisseaet
3221 414 3436 471 corpus
3465 397 3715 480 eju_s_fq-
3744 460 3747 463 _

309 474 775 551 Greith_summa
822 494 958 533 cum
990 474 1291 551 diligentia
1345 479 1532 542 vertit,
1598 478 1784 550 prima
1831 477 1951 551 vice

309 562 491 603 sanus
517 545 852 621 integerque
872 550 1064 622 prodit
1079 545 1297 617 {sanus
1316 551 1546 622 qualem
1568 545 1769 622 auctor
1786 549 1955 622 edere

309 622 558 693 poterat,
590 619 1287 693 se'rmone'Langobardis
1336 619 1446 693 per
1492 626 1675 676 totam
1730 619 1954 675 Italiam

310 691 546 771 proprio
570 708 713 771 usus
744 691 1007 771 imont'ere
1040 691 1557 771 abus_us;inleger,-
1570 697 1870 771 quantum.
1889 708 1957 746 ex

313 762 513 835 codice
537 762 706 835 unico
740 762 1023 835 conjicere
1066 764 1224 830 licet,
1259 780 1394 819 cum
1430 762 1619 818 media
1651 763 1710 817 in
1742 763 1957 835 pagina

313 832 501 906 stylus
524 833 813 906 scribendi
838 832 1010 889 finem
1040 835 1448 906 dederit.0pus
1480 835 1669 889 tribus
1692 832 1957 905 partibus

311 903 640 959 litterarum
675 904 862 959 forma
901 910 958 961 et
1002 903 1618 962 atramento'diversis
1663 903 1952 971 constare,

313 974 559 1030 diversis
581 974 761 1047 igitur
781 977 1145 1047 temporibus
1167 982 1468 1033 exaratum
1501 993 1625 1032 esse
1657 976 1729 1031 cl.
1756 976 1954 1031 Greith

312 1046 542 1121 monuit
567 1063 581 1111 ;
606 1046 764 1117 prior
783 1046 920 1121 pars
946 1048 1003 1102 in
1027 1049 1189 1104 obitu
1222 1049 1503 1121 Bernardi
1533 1048 1688 1121 regis
1716 1047 1954 1121 desinit,

312 1118 572 1192 secunda
595 1134 780 1190 usque
804 1120 874 1173 ad
900 1136 1121 1175 annum
1142 1121 1248 1192 876
1261 1118 1732 1192 pertingit,tertia
1754 1119 1957 1191 paucis

311 1186 483 1243 lineis
504 1186 750 1245 constat.
771 1192 986 1246 Auctor
1016 1208 1129 1246 non
1152 1186 1342 1247 solum
1367 1186 1580 1246 nomen
1604 1186 1778 1245 suum
1795 1194 1851 1245 et
1872 1207 1959 1246 or-

313 1259 533 1329 dinem,
565 1261 668 1317 sed
691 1264 961 1318 et-ievum
1014 1262 1140 1337 ipse
1182 1262 1460 1336 prodidit,
1498 1262 1639 1317 dum
1671 1278 1733 1317 se
1762 1260 1954 1317 funeri

2066 481 2216 531 retro
2249 469 2590 547 impositum
2641 473 2776 528 inde
2808 472 3047 547 agﬂuvio
3096 471 3222 547 Olio
3262 469 3451 542 usque
3491 469 3562 547 a_d
3596 469 3721 523 Ad-

2065 548 2264 614 duam,
2298 539 2604 617 igiturper
2649 544 3135 617 ﬁnesidiaeceseos
3158 539 3751 617 Bergofnensis,co-'

2065 613 2537 673 mitatum'fuiss'e
2561 616 2955 671 scribiLUnde
2978 619 3130 669 recte
3154 613 3727 685 eumBergomatem

2064 690 2278 746 dixeris
2331 692 2439 761 (2.)ι
2488 695 2545 761 et
2600 689 2672 743 ab
2729 689 2960 761 And‘rea
2988 685 3075 741 vel
3107 684 3349 761 Agnello
3388 684 3733 761 Ravennate

2065 754 2679 816 diversum.'Primum
2711 758 2904 830 operis
2935 761 3113 830 caput
3133 754 3203 830 ad
3236 756 3478 811 verbum
3510 754 3630 830 fere
3654 771 3733 809 ex

2067 832 2229 887 Pauli
2258 830 2503 887 historia
2527 826 3041 902 Langobardorum
3062 827 3227 883 ﬂuxit
3259 846 3276 902 ;_
3308 826 3731 902 quapproxime

2065 909 2393 976 sequuntur
2424 906 2629 976 auctor
2653 898 2721 976 in
2750 905 3018 976 quantum
3045 915 3143 970 per
3164 898 3371 976 seriem.
3402 898 3729 976 litterarum

2062 968 2165 1031 seu.
2169 991 2271 1047 per
2281 977 2530 1047 antiquos
2552 968 2798 1047 homines
2814 974 3001 1047 potuit
3012 968 3275 1047 veraciter
3292 971 3432 1047 scire
3453 968 3727 1047 (3)_addi-

2065 1040 2185 1112 dit;
2201 1062 2385 1116 eaque
2403 1040 2475 1100 ad
2499 1043 2784 1117 genuinos
2807 1040 3005 1099 saeculi
3029 1042 3213 1117 octavi
3245 1040 3500 1117 nonique
3524 1040 3730 1117 fontes

2064 1110 2406 1173 trutinahda
2436 1110 2593 1188 patet
2617 1133 2630 1181 ;
2656 1113 2865 1188 ultima
2880 1131 3018 1188 quas
3040 1112 3165 1188 ipse
3186 1110 3458 1188 expertus
3486 1110 3724 1188 calamo

2066 1187 2379 1257 commisit,
2414 1182 2690 1260 magnam
2721 1185 2833 1242 sibi
2865 1182 3041 1241 fidem
3062 1182 3175 1241 rite
3198 1182 3534 1240 conciliant.

1011 1508 1479 1593 ANDREXE
1533 1503 2270 1593 BERGOMATIS
2328 1500 3035 1590 CHRONICON.

390 1674 443 1730 1.
475 1675 707 1732 1I‘Jarsis
722 1676 995 1747 patritius
1017 1677 1415 1732 Romanorum
1436 1675 1589 1732 bella
1608 1675 1893 1732 sustinuit
1914 1676 1954 1741 ³,
1988 1676 2036 1740 Β
2067 1672 2395 1729 cinensium
2427 1670 2538 1728 sibi
2563 1687 2760 1744 regem
2784 1672 3218 1727 constituerunt
3240 1687 3254 1738 ;
3280 1666 3544 1743 regnavit
3562 1684 3730 1725 anno

326 1766 385 1819 et
411 1780 511 1819 eos
536 1779 769 1836 semper
789 1764 1294 1820 defendit.Invidia
1324 1764 1569 1821 Romani
1600 1769 1804 1820 contra
1829 1780 1964 1819 eum

327 1851 590 1925 pertulit,
622 1852 1108 1909 adJustinianum
1139 1853 1215 1924 (4)
1249 1853 1660 1925 imperatorem
1693 1869 1966 1909 acusave-

326 1945 503 2010 runt;
536 1941 636 2013 qui
666 1946 724 1997 et
753 1941 878 2013 ipse
909 1946 1196 2014 angustus
1223 1946 1279 1997 et
1332 1941 1567 2014 Sophia,
1628 1959 1773 1998 uxor
1814 1943 1964 2013 ejus,

324 2030 614 2085 mandans
638 2029 710 2098 ei,
736 2030 876 2102 quia
903 2031 1208 2087 eunuchus
1227 2035 1439 2099 erat,ut
1460 2031 1531 2086 ad
1565 2048 1626 2086 se
1655 2030 1879 2086 veniret
1910 2035 1968 2087 et

322 2117 456 2174 lana
487 2118 546 2173 in
579 2118 798 2191 genitio
821 2134 924 2191 per
963 2119 1243 2190 pensione
1292 2119 1565 2175 dividere.
1600 2118 1800 2175 Narsis
1831 2136 1966 2174 vero

319 2205 593 2279 patritius
631 2206 715 2263 sic
751 2206 802 2263 ei
835 2207 1144 2275 mandans,
1179 2224 1295 2264 non
1326 2211 1556 2263 tantum
1577 2209 1599 2243 3
1622 2226 1683 2264 se
1715 2207 1848 2264 lana
1879 2207 1965 2262 di-

316 2295 636 2367 videre,sed
663 2296 837 2351 etiam
863 2295 1040 2352 talem
1060 2295 1236 2352 telam
1260 2297 1610 2365 orditurum,
1644 2297 1819 2370 quale
1841 2298 1968 2369 ipsa

315 2383 459 2438 dum
488 2383 707 2441 viveret
725 2385 1014 2456 deponere
1036 2401 1149 2440 non
1170 2384 1633 2459 possit.Legatos
1659 2387 1861 2443 Narsis
1892 2386 1962 2442 ad

314 2472 729 2545 Langobardos
751 2473 991 2529 mittens
1003 2478 1060 2530 et
1080 2491 1388 2546 pomorum
1402 2491 1618 2547 genera
1637 2475 1724 2531 vel
1742 2475 1967 2547 reliqua

319 2560 603 2634 dignitate
631 2562 1060 2629 transmittens,
1095 2568 1163 2618 ut
1193 2563 1423 2619 animos
1454 2580 1658 2620 eorum
1690 2564 1966 2621 amabilis

318 2649 593 2717 facerent,
626 2654 918 2722 quatenus
965 2651 1023 2705 in
1056 2651 1221 2707 Italia
1269 2652 1531 2708 venirent
1580 2656 1636 2708 et
1666 2652 1839 2724 plena
1867 2671 1965 2710 eas

320 2737 545 2809 absque
566 2754 766 2810 pugna
792 2738 1174 2809 perciperent.
1209 2740 1568 2812 Langobardi
1603 2757 1737 2796 mox
1767 2747 1831 2796 ut
1862 2759 1964 2797 au-

320 2825 699 2898 diunt,gavisi
720 2830 859 2883 sunt
882 2827 1115 2899 gaudio.
1132 2828 1430 2884 Pannonia
1458 2845 1591 2885 vero
1611 2830 1818 2886 amicis
1841 2831 1966 2886 suis

318 2915 641 2970 Avarorum
672 2930 815 2987 gens
828 2915 1352 2985 comendaverunt;
1388 2934 1565 2990 quam
1588 2920 1610 2953 ι
1630 2935 1964 2990 possessam

319 3002 617 3058 habebant
654 3019 756 3074 per
800 3021 986 3060 annos
1027 3005 1118 3072 42,
1162 3022 1295 3061 cum
1328 3007 1607 3063 uxoribus
1638 3011 1696 3064 et
1725 3008 1877 3063 natis
1907 3013 1966 3065 ct

319 3090 519 3147 omnia
547 3108 673 3163 quae
703 3091 1000 3149 habebant
1042 3095 1299 3151 exientes
1356 3096 1428 3151 de
1459 3096 1715 3152 Panonia
1763 3114 1964 3154 mense

316 3179 531 3251 Aprile,
546 3180 980 3252 perindictione
1000 3183 1212 3255 prima,
1243 3183 1358 3238 alia
1377 3184 1472 3239 die
1490 3189 1621 3257 post
1642 3202 1818 3257 pasca
1848 3186 1964 3242 Do-

313 3267 458 3324 mini
512 3267 613 3340 qui
670 3268 781 3324 fuit
826 3269 1102 3326 Kalendis
1142 3270 1379 3344 Aprilis,
1410 3289 1544 3328 cum
1578 3275 1698 3344 iam
1733 3274 1962 3330 Domini

312 3356 711 3414 incarnatione
744 3358 881 3413 anni
918 3359 1222 3433 quingenti
1265 3361 1565 3433 sexaginta
1606 3366 1731 3418 octo
1768 3367 1965 3419 essent

310 3444 547 3501 evoluti.
574 3446 759 3519 Igitur
780 3448 1145 3520 Langobardi
1170 3449 1701 3507 introieruntltalia
1722 3468 1824 3523 per
1857 3453 1964 3507 Fo-

312 3532 716 3604 rojulanorum
769 3536 1109 3591 terminum.
1161 3537 1366 3592 Alboin
1411 3539 1606 3610 nepoti
1638 3539 1729 3595 sui
1760 3539 1962 3596 Gisolﬁ

313 3620 568 3693 Forojuli
592 3623 881 3678 concessit
897 3627 953 3678 et
982 3624 1239 3697 reliquos
1269 3626 1492 3682 nobiles
1523 3627 1960 3701 Langobardos.

315 3709 420 3766 His
431 3709 641 3767 diebus
661 3703 1025 3785 Langobardi
1045 3713 1209 3769 ltalia
1230 3713 1962 3781 invaserunt,Vincei.tiam

314 3798 723 3872 Veronamque
742 3803 800 3855 et
815 3800 1070 3873 reliquas
1093 3801 1468 3859 Venetiarum
1501 3803 1764 3862 civitates
1787 3807 1959 3878 cepit,

314 3892 374 3979 et
392 3905 497 3979 per
521 3892 639 3945 tres
654 3905 840 3979 annos
861 3888 1062 3945 Ticino
1081 3891 1339 3979 possedit
1356 3893 1452 3964 (5).
1479 3893 1720 3949 Interim
1752 3894 1961 3950 Alboin

314 3976 529 4034 invasit
546 3978 745 4034 omnia
756 3994 943 4050 usque
960 3979 1033 4034 ad
1044 3976 1256 4036 Tuscia
1274 3987 1466 4053 preter
1496 3983 1741 4039 Romam
1760 3987 1817 4039 et
1850 3985 1961 4039 Ra-

313 4083 583 4123 vennam.
608 4066 936 4123 Ticinensis
957 4084 1089 4124 vero
1111 4086 1213 4140 per
1231 4074 1348 4126 tres
1366 4087 1551 4126 annos
1570 4088 1631 4127 se
1654 4073 1957 4128 continen-

311 4158 532 4226 tes,per
546 4155 1236 4228 obsidesquasdederunl
1266 4160 1364 4230 (6),
1379 4160 1505 4230 jam
1526 4161 1792 4216 videntes
1826 4178 1960 4216 suo-

317 4260 451 4299 rum
466 4243 638 4299 fortia
658 4244 813 4300 circa
845 4261 907 4299 se
942 4245 1274 4318 subjugata,
1302 4248 1672 4319 Langubardi
1696 4266 1758 4304 se
1787 4250 1963 4305 tradi-

311 4332 543 4388 derunt.
576 4332 769 4387 Pauca
822 4348 956 4387 vero
1011 4334 1084 4388 de
1115 4333 1301 4388 multa
1328 4334 1542 4390 dicam.
1576 4336 1692 4391 Rex
1744 4336 1955 4391 Alboin

2076 1779 2194 1818 uno
2225 1762 2527 1818 mensibus
2550 1778 2683 1831 sex;
2716 1778 2750 1816 a
2774 1777 2954 1834 puero
2983 1760 3055 1816 de
3086 1776 3192 1815 suo
3222 1758 3502 1831 obsequio
3524 1757 3728 1830 gladio
3756 1782 3759 1785 ·

2067 1850 2377 1924 jugulatus
2407 1854 2514 1907 est.
2541 1851 2677 1906 Post
2728 1851 2899 1921 cujus
2938 1853 3184 1905 mortem
3218 1847 3586 1921 Langobardi
3618 1864 3730 1920 per

2077 1957 2262 1996 annos
2283 1940 2482 1996 decem
2506 1956 2700 2011 regem
2724 1956 2840 1995 non
2862 1938 3215 2003 habuerunt,
3250 1937 3350 1992 sed
3379 1937 3527 1993 sub‘
3556 1942 3728 2009 pote-

2076 2033 2287 2085 statem
2318 2030 2568 2085 ducibus
2597 2029 2853 2084 fuerunt.
2886 2028 3023 2084 Post
3049 2031 3248 2083 autem
3300 2043 3487 2083 annos
3516 2026 3721 2082 decem

2075 2118 2375 2190 elegerunt
2401 2117 2625 2184 Autari,
2678 2116 2901 2173 Clefoni
2950 2115 3125 2172 ﬁlius.
3159 2114 3361 2171 Autari
3388 2131 3522 2171 vero
3555 2115 3733 2171 duxit

2076 2224 2314 2263 uxorem
2339 2205 2702 2263 Teudelinda
2717 2205 3104 2273 nomine,filia
3124 2203 3423 2261 Garibalbi
3442 2204 3733 2276 Bajoario~

2076 2313 2207 2353 rum
2229 2313 2329 2352 rex
2345 2300 2548 2351 sancta
2559 2299 2616 2351 et
2628 2293 2998 2350 nobilissima
3013 2312 3026 2362 ;
3042 2293 3169 2366 ipse
3180 2292 3727 2349 editicavitecclesia

2075 2386 2261 2441 sancti
2286 2384 2538 2440 Johanni
2561 2383 2676 2439 sita
2704 2381 2964 2438 Moditia.
3000 2382 3121 2438 Rex
3147 2381 3349 2437 Autari
3379 2382 3536 2453 apud
3568 2380 3725 2437 Tici-

2074 2491 2239 2541 num,
2270 2488 2558 2529 venenum
2590 2476 2655 2528 ut
2698 2472 2942 2529 tradunt
2974 2475 3231 2544 accepto,
3261 2469 3527 2536 moritur,
3560 2476 3721 2543 post-

2075 2580 2252 2636 quam
2273 2580 2373 2618 sex
2386 2565 2727 2635 regnaverat
2739 2559 3322 2633 annos.Langobardi
3339 2576 3408 2614 ex
3419 2559 3726 2615 communi

2073 2652 2319 2709 concilio
2334 2670 2452 2707 suae
2466 2651 2662 2725 regine
2674 2651 2791 2706 Teu
2801 2648 3045 2705 delindze
3056 2649 3352 2705 licentiam
3365 2648 3722 2717 tribuerunt,

2075 2741 2235 2813 quali
2257 2741 2385 2813 ipsa
2407 2757 2513 2795 suo
2535 2740 2756 2795 sociare
2780 2738 3062 2794 voluisset
3096 2736 3389 2810 conjugio,
3420 2737 3521 2792 tali
3549 2740 3606 2793 et
3636 2736 3719 2792 illi

2075 2846 2272 2903 regem
2301 2828 2769 2885 constituissent.
2801 2827 2949 2894 Quid
2982 2826 3169 2883 multa
3190 2827 3217 2881 ’ἶ
3245 2825 3481 2898 Accepit
3507 2825 3730 2899 Agilqu

2075 2920 2286 2974 ducem
2302 2916 2841 2985 Taurinensium;et
2861 2916 3123 2989 regnavit
3142 2932 3328 2971 annos
3338 2915 3543 2987 viginti
3558 2915 3725 2988 quin-

2075 3023 2208 3079 que,
2241 3011 2298 3063 et
2327 3010 2597 3062 mortuus
2627 3010 2735 3062 est.
2769 3007 2837 3062 Et
2892 3005 3154 3078 regnavit
3209 3021 3313 3076 pro
3369 3021 3436 3060 eo
3467 3003 3587 3061 ﬁlio
3612 3022 3720 3061 suo

2072 3095 2384 3153 Adalovald
2410 3112 2595 3151 annos
2616 3095 2836 3158 decem,
2869 3094 2940 3150 de
2973 3110 3150 3167 regno
3189 3094 3411 3164 ejectus
3437 3096 3544 3149 est.
3579 3094 3721 3164 Ejus

2071 3201 2320 3259 regnum
2334 3184 2620 3240 successit
2639 3183 2897 3251 Arioald,
2926 3187 2983 3239 et
3002 3182 3266 3256 regnavit
3287 3198 3475 3237 annos
3496 3182 3719 3238 duode-

2073 3274 2209 3344 cim,
2236 3279 2293 3330 et
2322 3278 2591 3329 mortuus
2619 3276 2721 3328 est.
2750 3271 3033 3345 Regnavit
3069 3288 3172 3343 pro
3222 3287 3288 3327 eo
3320 3270 3582 3338 Rothari,
3615 3271 3718 3343 qui

2073 3363 2327 3419 edictum
2363 3362 2881 3434 Langubardorum
2927 3360 3257 3432 composuit
3288 3378 3302 3428 ;
3336 3360 3561 3431 reliqua
3590 3360 3721 3430 eius

2073 3452 2420 3524 dignitatem
2433 3455 2489 3507 et
2510 3450 2704 3516 fortia,
2735 3454 2792 3506 et
2813 3448 2967 3505 bella
2985 3465 3133 3522 quas
3149 3449 3350 3521 gessit,
3382 3465 3578 3504 nonne
3597 3448 3721 3504 haec

2073 3541 2293 3613 scripta
2322 3540 2537 3596 suntin
2560 3538 2830 3595 coronica
2870 3537 3390 3609 Langubardorum
3422 3540 3488 3593 ut
3517 3554 3716 3610 supra.

2074 3628 2356 3702 Regnavit
2376 3626 2615 3683 Rothari
2638 3642 2823 3682 annos
2845 3625 3160 3691 sexdecim,
3192 3629 3249 3679 et
3278 3628 3550 3681 mortuus
3579 3629 3670 3679 est
3704 3643 3719 3691 ;

2072 3716 2356 3773 Rodoaldi
2388 3715 2506 3772 ﬁlio
2555 3732 2662 3772 suo
2708 3731 2957 3788 regnum
3002 3712 3261 3785 reliquit.
3292 3711 3551 3768 Rodoald
3582 3728 3719 3767 vero

2071 3807 2213 3861 dum
2232 3821 2408 3861 uxore
2425 3805 2737 3876 cujusdam
2761 3804 3112 3874 stuprasset,
3141 3801 3213 3856 ab
3245 3802 3449 3857 eodem
3481 3800 3722 3856 interfe-

2071 3898 2201 3949 ctus
2231 3897 2339 3960 est,
2375 3898 2691 3965 postquam
2724 3891 2987 3963 quinque
3016 3894 3361 3958 regnaverat
3416 3888 3588 3945 annis
3630 3905 3722 3944 se-

2070 3988 2346 4055 ptemque
2370 3981 2597 4037 diebus.
2614 3979 2760 4035 Huic
2784 3976 3143 4035 successitin
3166 3994 3340 4051 regno
3356 3978 3584 4050 Aripert
3602 3994 3616 4044 ;
3636 3994 3726 4033 re-

2070 4071 2274 4144 gnavit
2303 4068 2473 4124 annis
2505 4084 2735 4133 novem,
2771 4072 2828 4124 et
2887 4071 3158 4122 mortuus
3188 4070 3296 4122 est.
3341 4064 3609 4137 Reliquid
3639 4082 3730 4121 re-

2069 4176 2251 4232 gnum
2274 4158 2505 4214 duobus
2534 4156 2638 4212 ﬁlii
2669 4156 2785 4222 sui,
2817 4156 3065 4212 Pertarit
3110 4159 3167 4211 et
3206 4154 3534 4227 Gudiperti.
3566 4154 3725 4210 Inter

2070 4247 2215 4319 ipsis
2238 4248 2447 4302 fratres
2463 4245 2636 4301 malis
2658 4243 2999 4301 hominibus
3017 4244 3039 4279 ⁶
3053 4243 3351 4299 discordia
3371 4243 3650 4299 facientes
3663 4244 3724 4299 in

2068 4340 2392 4401 tantum,ut
2404 4334 2673 4391 alterium
2688 4349 2935 4406 regnum
2948 4330 3609 4388 invaderent.Grimoald
3627 4336 3732 4387 Be-

308 4422 628 4491 postquam
658 4418 718 4473 in
742 4419 909 4475 Italia
936 4425 1055 4475 tres
1085 4437 1270 4476 annos
1292 4425 1349 4477 et
1378 4439 1480 4478 sex
1499 4440 1729 4480 menses
1753 4441 1960 4497 regna-
1996 4424 2038 4489 D
2069 4429 2528 4479 neventanorum
2550 4439 2794 4478 suorum
2810 4421 3016 4476 ducem
3041 4437 3144 4492 per
3156 4418 3557 4476 fraudulenter
3581 4417 3723 4475 mis-

312 4507 417 4578 vit,
449 4505 675 4562 insidiae
685 4523 805 4562 suae
817 4508 1065 4581 conjuge
1077 4509 1463 4582 interemptus
1480 4513 1965 4587 est.Langobardi

314 4610 384 4652 ex
412 4595 711 4652 communi
736 4594 982 4652 consilio
1013 4596 1148 4653 Cleb
1170 4598 1604 4658 nobilissimum
1626 4602 1685 4658 in
1715 4604 1859 4660 urbe
1879 4604 1965 4658 Ti-

2074 4530 2207 4569 sum
2240 4528 2443 4569 eorum
2476 4512 2822 4567 mandatum
2879 4509 3141 4576 veniens,
3176 4507 3497 4580 Gudiperto
3529 4506 3725 4579 gladio

2072 4601 2390 4670 interemit,
2441 4599 2667 4673 expleto
2694 4615 2848 4655 anno
2881 4601 3014 4671 post
3044 4600 3291 4653 mortem
3324 4596 3511 4668 patris
3538 4600 3599 4652 et
3625 4612 3727 4652 sex

1683 4718 1926 4775 VARle
1964 4716 2369 4774 LECTIONES.

382 4801 398 4835 ¹
420 4800 682 4877 gapitum
744 4799 1090 4877 divisionem,
1146 4803 1306 4877 cujus
1346 4805 1425 4877 in
1482 4805 1662 4862 codice
1724 4810 1958 4877 vestigia
2013 4807 2159 4863 haud
2204 4807 2536 4877 comparent,
2595 4801 2994 4858 instituendam
3049 4802 3256 4858 censui.
3330 4801 3354 4834 ²
3385 4797 3651 4856 sustituit
3676 4815 3724 4854 c.

310 4873 333 4910 ³
356 4871 480 4931 tam
501 4871 556 4928 'c.
633 4873 656 4907 ⁴
684 4887 721 4944 q
749 4888 796 4927 c.
874 4872 896 4906 ⁸
925 4889 991 4927 su
1026 4889 1070 4928 c.
1148 4873 1170 4908 θ
1199 4871 1518 4933 hominbus
1547 4894 1596 4933 c.

1910 4967 2143 5024 NOTIE.

311 5052 521 5120 anima,
547 5067 583 5105 a
619 5052 781 5122 capit.
828 5050 963 5105 5-18
995 5066 1247 5122 mancus.

383 5145 411 5173 «
444 5124 499 5178 6.
531 5121 924 5191 Fragmentum
950 5121 1202 5177 chronici
1229 5126 1714 5192 Langobardorum
1762 5127 1829 5182 ab
1849 5128 1960 5182 An-

308 5192 441 5268 drea
458 5194 775 5266 presbytero
790 5194 1097 5268 conscripti
1126 5194 1166 5268 8_
1179 5195 1317 5268 folia
1336 5197 1419 5250 vel
1461 5198 1529 5251 16
1563 5200 1802 5268 paginas
1832 5215 1959 5253 con-

308 5263 472 5338 tinet,
504 5263 741 5336 quarum
762 5263 1011 5333 singula
1032 5263 1102 5318 28
1148 5263 1325 5338 lineas
1369 5263 1757 5338 complectitur,
1790 5285 1960 5325 mem.-

308 5334 486 5407 brana
512 5334 695 5391 crassa
717 5337 1047 5407 scripturam
1104 5336 1272 5407 refert
1314 5334 1784 5407 Langobardicam
1831 5355 1957 5396 saec.

310 5406 410 5471 IX,
442 5408 505 5458 ut
533 5421 602 5486 ex
644 5406 915 5486 facsimili
929 5482 938 5486 _
962 5406 1169 5462 litteris
1213 5406 1456 5486 apposito
1486 5410 1666 5486 videre
1702 5416 1780 5466 est
1804 5420 1963 5486 atque

313 5491 385 5531 ex
433 5479 811 5550 conjuuctione
854 5479 1166 5550 litterarum
1201 5494 1230 5532 e
1263 5482 1315 5534 et
1349 5497 1397 5545 r,
1437 5496 1467 5535 e
1503 5484 1553 5536 et
1588 5498 1633 5549 s,
1664 5491 1763 5538 ret
1794 5485 1836 5550 i,
1864 5479 1962 5539 hec

320 5561 435 5600 non
457 5561 526 5600 ex
544 5546 908 5604 abbrevituris
928 5549 1604 5621 syllabarum,z'nitz‘alz‘um
1619 5546 1959 5625 forma,'etc.,

2071 5056 2204 5111 satis
2230 5055 2419 5124 liquet.
2448 5074 2475 5101 ››

2144 5127 2220 5196 (2)
2251 5125 2312 5180 c.
2349 5126 2437 5179 14.

2163 5196 2217 5251 3l
2242 5196 2301 5251 C.
2334 5199 2389 5249 2.

2164 5265 2218 5323 bl
2249 5265 2574 5323 Justinum.

2140 5336 2214 5403 (5)
2244 5340 2287 5394 Ι.
2318 5353 2366 5394 e.
2398 5336 2773 5393 obsederunt.

2140 5401 2215 5482 (6)
2252 5411 2392 5465 Loco
2422 5406 2807 5471 obsidentibus,
2841 5404 3017 5482 apud
3047 5403 3295 5482 Paulum
3352 5401 3549 5482 lI_,_2‘_I,
3604 5402 3717 5457 An-

2068 5472 2238 5538 dreas
2263 5484 2462 5537 noster
2485 5493 2791 5551 perperam
2821 5472 3098 5533 obsidibus
3128 5475 3341 5549 legisse
3359 5472 3610 5530 videtur.
