3968 6158
355 282 506 354 ΙΩἏ

1627 285 1967 353 ΑΡΡΕΝΒ.
2011 284 2117 352 AD
2158 287 2347 356 διεδ.
2391 288 2493 354 IX.

3602 288 3781 355 «ea,
3866 244 3873 249 ⁸

346 424 619 492 occisi,ut
640 422 734 482 vix
762 423 937 499 pauci
966 429 1330 484 remanerent
1362 425 1418 481 in
1445 426 1601 481 vicos
1632 425 1719 482 vel
1750 424 1809 483 in
1849 423 1990 481 civi-
2019 425 2085 491 Α
2105 425 2519 499 Ermengarda,
2542 428 2601 483 et
2627 426 2869 484 Carolus
2896 426 2968 484 de
2992 425 3765 502 Juditta'qna'postmorte

352 517 523 571 tates.

423 605 480 659 6.
513 605 1020 678 Forojulianorum
1052 606 1168 661 dux
1198 610 1337 660 tunc
1375 604 1657 678 temporis
1704 603 1819 676 (an.
1868 604 2001 673 774)

356 694 685 751 Rotcausus
705 697 965 767 praeerat,
1001 698 1058 750 et
1084 694 1145 749 in
1175 694 1477 750 Vincentia
1507 692 1863 765 Gaidus;qui
1894 710 1993 749 nua

354 783 480 860 ditu
507 784 859 840 Francorum
881 781 1275 840 devastatione
1289 789 1346 839 et
1360 784 1489 855 ejus
1502 784 1815 840 adventum
1838 782 1996 854 quod

351 872 412 927 in
440 871 1591 946 Foroquipmperarent,congregatisque
1622 877 1688 927 ut
1708 875 1995 944 poterant,

350 960 579 1039 obviam
610 977 813 1017 eorum
845 962 916 1017 ad
949 966 1125 1034 ponte
1146 963 1245 1034 qui
1267 962 1482 1017 dicitur
1512 961 1820 1033 Liquentia
1849 960 1998 1017 exie-

352 1053 570 1119 runt,et
599 1050 818 1106 ibidem
850 1067 1064 1123 magna
1094 1055 1317 1124 strages
1349 1052 1419 1106 de
1448 1050 1683 1106 Francis
1715 1051 1992 1106 fecerunt.

350 1137 597 1217 Karolus
625 1155 760 1196 vero
781 1138 901 1195 hanc
922 1140 1187 1209 audiens,
1213 1141 1502 1196 mandans
1531 1156 1732 1197 eorum
1758 1138 1999 1196 fidelita-

350 1227 429 1285 tis
460 1229 637 1284 fidem
670 1233 1044 1305 suscepturos
1073 1234 1131 1285 et
1159 1229 1564 1297 honoratums,
1589 1230 1916 1285 Rotcausus
1939 1234 1998 1285 et

347 1317 568 1391 Gaidus
597 1318 846 1374 ducibus
876 1334 1012 1374 cum
1045 1318 1260 1375 nobilis
1290 1319 1790 1391 Forojulianorum
1812 1318 1998 1375 consi-

345 1403 426 1460 lio
447 1404 683 1473 inito,ut
702 1405 950 1461 viriliter
969 1422 1031 1462 se
1052 1407 1654 1463 contendissent.Erat
1669 1406 1904 1478 quidem
1926 1423 2015 1462 ex.

348 1493 616 1567 ipsis,cui
638 1496 767 1567 jam
797 1512 1045 1553 munera
1074 1496 1259 1553 Caroli
1303 1501 1673 1553 excecaverat
1721 1513 1841 1563 cor,
1881 1496 1999 1552 tale

348 1583 511 1657 dedit
538 1584 781 1641 consilio
812 1601 825 1639 :
861 1586 1001 1655 Quid
1027 1588 1333 1657 faciemus?
1364 1586 1635 1655 Quomodo
1680 1602 1868 1641 eorum
1915 1603 1999 1641 re-

350 1654 541 1749 sistere
565 1654 889 1745 possumus?
916 1654 1100 1751 Capud
1146 1692 1258 1732 non
1303 1654 1578 1731 habemus.
1630 1677 1823 1745 Regem
1866 1691 1992 1731 con-

2106 515 2481 589 Ermengardi
2512 514 2572 570 in
2603 515 2876 589 conjugio
2905 516 3185 589 suscepit.
3204 516 3773 590 Quidampradicto

2106 602 2423 676 imperator
2453 603 2836 661 Hludowicus
2854 621 3028 661 suum
3050 604 3239 662 ﬁlium
3267 605 3542 663 Lothario
3563 606 3685 663 sub
3700 621 3781 663 se

2106 693 2302 748 sedem
2332 693 2657 765 imperialis
2685 694 3010 761 constituit,
3041 693 3273 750 vivente
3290 700 3481 767 patre.

2178 781 2263 837 IO.
2292 782 2509 838 Habuit
2534 782 2845 839 Lotharius
2875 782 3055 851 ﬁlius,
3090 782 3472 840 Hludowicus
3502 784 3767 852 nomine,

2106 870 2199 927 cui
2229 871 2395 927 avius
2425 888 2569 928 suus
2583 872 2969 928 Hludowicus
2987 872 3216 928 Italiam
3231 872 3768 940 concessitﬁludty

2104 960 2240 1016 wici
2272 960 2377 1016 ﬁlii
2409 962 2499 1017 sui
2530 962 2817 1034 Bajoaria,
2853 960 3041 1018 Caroli
3070 960 3404 1035 Aquitania.
3427 962 3767 1018 Honoran-

2104 1054 2222 1105 tem
2281 1051 2491 1123 major,
2543 1051 2603 1106 id
2652 1054 2742 1107 est
2785 1050 3128 1122 imperialis,
3169 1051 3469 1108 crescebat
3502 1051 3766 1108 cottidie

2106 1139 2394 1203 Lotharii;
2428 1140 2522 1196 cui
2555 1139 2781 1195 inimici
2808 1139 3079 1197 homines
3104 1138 3420 1195 consilium
3455 1139 3765 1209 dederunt,

2105 1233 2398 1301 quatenus
2448 1229 2760 1296 Judittam,
2797 1244 3110 1284 nuvercam
3151 1243 3345 1295 suam,
3377 1227 3627 1301 genituri
3654 1244 3765 1285 suo

2103 1316 2375 1373 tollerent
2401 1321 2459 1373 et
2487 1317 2547 1372 in
2579 1316 2751 1373 Italia
2772 1317 3159 1386 abducerent;
3192 1317 3763 1375 simtii‘ecemntJn

2102 1405 2333 1464 civitate
2365 1406 2743 1463 Dartonensis
2760 1407 2820 1462 in
2845 1405 3114 1467 custodia
3152 1406 3460 1464 miserunt;
3507 1407 3769 1480 Quispo.

2105 1500 2222 1552 test
2242 1496 2434 1552 dicere
2463 1497 2863 1569 furore,quam
2887 1500 3053 1569 pater
3075 1497 3205 1567 ejus
3232 1495 3609 1552 vehementes
3650 1496 3763 1551 ira-

2103 1590 2201 1641 tus
2232 1585 2482 1641 fuisset?
2510 1586 2611 1642 sed
2638 1589 2823 1641 totam
2848 1586 3021 1642 fortia
3041 1584 3353 1642 Lotharius
3378 1585 3451 1641 ad
3476 1600 3543 1642 se
3560 1589 3769 1642 .retens

2105 1679 2225 1730 tam
2254 1674 2525 1731 habebat.

350 1762 663 1833 fortutionis
706 1770 903 1818 nostrae
942 1765 1065 1836 jam
1106 1764 1345 1820 devictus
1387 1768 1485 1819 est.
1555 1767 1757 1820 Eamus
1808 1779 1997 1821 eorum
2027 1797 2078 1861 B
2180 1765 2267 1819 11.
2301 1764 2485 1836 Igitur
2515 1780 2632 1821 non
2662 1768 2797 1837 post
2826 1763 3044 1821 multos
3074 1764 3200 1825 dies
3222 1765 3762 1837 dumeerecogaoa

352 1850 809 1929 ﬁdelitate;bene
833 1852 989 1908 nobis
1016 1855 1139 1908 erit.
1174 1853 1325 1917 Quid
1377 1852 1609 1908 dicam?
1638 1852 1710 1909 Ut
1736 1854 1997 1920 obtabat,

351 1939 630 1995 fecerunt.
660 1940 731 2019 Et
756 1945 956 1997 tamen
986 1957 1189 1997 eorum
1230 1941 1472 1998 Carolus
1520 1941 1769 1998 servavit
1817 1942 1999 1998 hono-

353 2044 496 2086 rem.

415 2104 470 2173 '7.
507 2117 690 2192 Igitur
717 2120 1034 2193 subjugata
1061 2124 1117 2177 et
1141 2120 1411 2177 ordinata
1439 2120 1626 2188 Italia,
1646 2121 1719 2176 ad
1751 2122 1997 2176 Romam

348 2207 607 2280 perrexit
658 2208 771 2281 (an.
813 2210 971 2281 781);
1016 2209 1233 2266 ibidem
1291 2209 1573 2283 palatium
1632 2209 1995 2278 construxit;

351 2295 561 2352 deinde
589 2300 744 2353 terra
772 2298 1076 2371 paciﬁcata
1104 2302 1161 2355 et
1188 2303 1555 2355 sacramenta
1575 2299 1730 2366 data,
1753 2298 1999 2377 Pipinu's

349 2397 496 2441 suus
508 2383 666 2442 {ilius
689 2386 1008 2460 regendum
1033 2385 1198 2443 Italia
1215 2386 1504 2444 concessit
1518 2386 1663 2458 ;ipse
1678 2404 1810 2442 vero
1824 2391 1999 2442 Karo-

348 2471 444 2530 lus
473 2478 609 2547 post
633 2474 1002 2548 aliquantum
1031 2480 1265 2548 tempus
1294 2476 1537 2532 Francia
1574 2492 1841 2532 reversus
1884 2480 1995 2543 est,

352 2563 587 2620 obsides
616 2580 847 2643 quoque
868 2565 1146 2620 ducentes
1169 2580 1367 2620 secum
1390 2564 1670 2637 quicquid
1696 2564 1861 2620 Italia
1882 2581 2001 2620 ma-

344 2653 507 2723 jores
546 2652 667 2707 nati
714 2657 771 2707 et
813 2652 1127 2708 nobiliores
1175 2658 1359 2709 erant.
1392 2653 1531 2709 Post
1580 2670 1694 2709 non
1745 2653 1998 2709 multum

354 2744 589 2813 tempus
618 2740 690 2796 ab
720 2741 924 2797 eodem
956 2741 1197 2798 Carolus
1221 2747 1584 2809 meruerunt,
1633 2747 1689 2798 et
1730 2742 1999 2799 honorati

354 2833 495 2886 sunt
521 2829 603 2905 ab;
624 2830 771 2903 ipso,
800 2830 873 2885 ad
905 2846 1073 2886 suam
1104 2831 1317 2887 reversi
1347 2835 1490 2887 sunt
1518 2832 1728 2904 patria.
1758 2831 2000 2905 Pipinus

349 2933 484 2974 vero
512 2918 737 2975 vivente
766 2922 930 2991 patre
959 2919 1272 2976 defunctus
1303 2925 1393 2976 est
1423 2922 1536 2993 (an.
1569 2921 1998 2993 8|0).Reliqnid

350 3006 927 3078 illium,Bernardum
960 3008 1215 3077 nomine,
1248 3010 1341 3065 cui
1391 3010 1636 3066 Karolus
1666 3010 1831 3066 Italia
1861 3027 2000 3066 con-

348 3096 662 3169 cessit;qui
693 3114 827 3153 cum
860 3102 1016 3153 esset
1045 3098 1302 3172 penuria:
1324 3098 1494 3155 lamis
1517 3098 1682 3154 Italia
1704 3116 1998 3173 prmuccu-

2111 1869 2280 1910 scens
2312 1852 2801 1926 Lotharius,quod
2833 1850 3055 1910 malum
3074 1850 3762 1927 egissetconsilium,nu-

2109 1942 2341 1999 bercam
2369 1959 2539 1999 suam
2568 1944 2873 2000 remittens
2902 1940 3152 2016 genitori
3187 1959 3316 2010 suo,
3342 1946 3403 1999 et
3420 1943 3515 1998 ira
3536 1942 3764 1998 inuam.

2108 2038 2305 2089 matus
2335 2036 2537 2088 contra
2566 2031 2700 2088 illos
2731 2031 2831 2104 qui
2881 2032 2933 2088 ei
2991 2036 3114 2087 tam
3159 2031 3764 2104 pravumconsilium

2109 2121 2417 2189 dederunt,
2448 2121 2595 2177 alios
2624 2120 2856 2190 occidit,
2891 2120 3037 2176 alios
3076 2121 3137 2176 in
3187 2120 3361 2177 exilio
3387 2119 3570 2177 misit.
3602 2121 3766 2177 Tune

2108 2210 2390 2283 temporis
2417 2209 2675 2267 ecclesiae
2694 2208 3150 2267 Mediolanensis
3164 2207 3561 2283 Angelbertus
3572 2209 3769 2265 arebia-

2108 2299 2418 2372 episcopus
2450 2299 2706 2372 regebat.
2739 2299 2987 2356 Volebat
3012 2299 3330 2372 imperator
3358 2298 3579 2363 dicere,
3608 2298 3765 2370 quod

2108 2388 2209 2444 ille
2238 2389 2298 2443 in
2327 2389 2457 2461 ipso
2486 2387 2801 2444 consilium
2832 2387 3153 2456 fuisset,’et
3200 2386 3498 2444 venientes
3536 2386 3765 2443 nobiles

2108 2493 2243 2533 eum
2278 2478 2335 2532 in
2365 2477 2549 2549 gratis
2574 2476 2896 2545 miserunt;
2930 2477 3032 2533 sed
3062 2477 3206 2532 dum
3236 2479 3372 2537 ante
3411 2476 3763 2549 impacatam

2109 2565 2510 2633 ducerent,ille
2537 2581 2673 2622 vero
2700 2568 2929 2621 tantum
2958 2568 3139 2637 caput
3166 2562 3471 2621 inclinavit
3496 2567 3559 2620 et
3584 2565 3763 2620 verba

2109 2655 2360 2712 salutato
2368 2656 2453 2711 ria
2481 2654 2628 2711 dixit
2645 2655 2739 2723 ;ad
2764 2654 2944 2727 pedes
2959 2668 3093 2710 vero
3111 2652 3302 2710 noluit
3314 2650 3513 2709 venire
3524 2657 3763 2725 propter

2109 2743 2440 2801 reverentiae
2471 2743 2753 2800 honorem
2801 2742 3205 2799 ecclesiarum.
3236 2741 3400 2797 Tunc
3436 2740 3761 2814 imperator

2109 2833 2253 2890 dixit
2285 2850 2298 2888 :
2334 2834 2424 2888 Sic
2451 2835 2691 2889 centenis
2730 2841 2801 2901 te,
2831 2834 2991 2906 quasi
3030 2840 3248 2888 sanctus
3300 2830 3617 2889 Ambrosius
3640 2831 3763 2886 sis!

2106 2920 2593 2994 Archiepiscopus
2623 2919 2928 2992 respondit
2957 2936 2970 2975 :
3002 2922 3119 2976 Nec
3160 2933 3254 2990 ego
3282 2924 3504 2973 saueius
3530 2917 3760 2975 Ambruo

2107 3013 2242 3078 sius,
2296 3028 2395 3066 nec
2441 3018 2500 3065 tu
2546 3010 2800 3066 dominus
2848 3010 3015 3064 Deus.
3056 3008 3384 3080 Imperator
3438 3022 3579 3062 veno
3626 3005 3762 3061 sub+

2101 3100 2298 3172 junxit
2324 3100 2376 3157 ei
2411 3116 2425 3156 :
2458 3102 2537 3156 Ite
2562 3099 2633 3158 ad
2677 3100 2978 3169 genitorem
3016 3112 3217 3165 meum,
3247 3098 3406 3170 cujus
3453 3095 3645 3152 odium
3676 3110 3767 3151 me

350 3188 505 3259 pata,
538 3167 732 3242 subito
762 3190 829 3241 ut
858 3167 1147 3244 Bernardo
1180 3204 1425 3259 regnum
1468 3167 1722 3260 accepit;
1745 3188 1996 3262 dignita-
2029 3167 2081 3233 θ’
2102 3167 2310 3262 Ῐεεὶδιίδ
2341 3189 2570 3255 habere;
2599 3167 2839 3244 reducite
2885 3202 2972 3242 me
3015 3186 3087 3242 ad
3130 3167 3765 3258 pristinaeqratiam!

349 3279 467 3331 tem
499 3275 940 3347 ubertatemque
968 3276 1221 3344 advenit,
1248 3281 1305 3332 et
1333 3276 1415 3331 sic
1446 3276 1554 3331 fuit
1581 3277 1721 3332 dum
1755 3277 1879 3349 ipse
1908 3294 1995 3333 re-

352 3352 826 3437 gnavit.'Karolus
844 3368 1037 3420 autem
1056 3365 1156 3433 qui
1172 3382 1307 3420 cum
1326 3383 1426 3421 sex
1447 3382 1631 3421 annos
1653 3366 1709 3420 in
1732 3366 1993 3433 Francia,

351 3456 409 3510 et
436 3457 751 3525 postquam
774 3453 833 3508 in
866 3452 1031 3508 Italia
1060 3454 1736 3525 ingressusestélannos
1758 3471 1994 3527 regnas-

348 3541 775 3607 set,defunctus
800 3545 894 3597 est
920 3540 978 3595 in
1011 3558 1151 3614 pace
1180 3558 1467 3614 senesque
1495 3543 1681 3598 aetatis
1712 3548 1767 3598 et
1788 3544 1995 3615 plenus

344 3629 573 3686 dierum
605 3630 721 3703 (an.
752 3631 896 3702 814),
924 3631 1025 3703 qui
1077 3647 1179 3703 per
1224 3647 1359 3687 eum
1391 3647 1604 3686 nomen
1638 3632 1991 3689 Francorum

339 3718 511 3795 longe
536 3717 767 3793 lateque
791 3719 1144 3792 percrebuit,
1178 3720 1331 3776 sicut
1373 3725 1465 3776 est
1506 3738 1659 3775 nunc
1703 3738 1888 3794 usque
1918 3724 1990 3779 ad

336 3800 687 3883 hodiernum
717 3804 895 3885 diem.
922 3804 1191 3878 Reliquid
1224 3808 1422 3863 sedem
1454 3824 1623 3864 suam
1659 3808 1716 3864 in
1752 3810 1994 3866 Francia

336 3892 690 3963 Hludowici,
725 3894 844 3951 ﬁlio
874 3912 1001 3952 suo.
1036 3900 1153 3953 Iste
1179 3896 1389 3970 incipit
1435 3914 1639 3954 vocare
1675 3898 1993 3971 imperator

338 3999 408 4040 ex
437 3983 793 4061 Francorum
817 4001 1025 4057 genus.

410 4073 463 4128 8.
496 4073 721 4147 Conjux
739 4089 876 4129 vero
894 4074 1163 4146 ejusdem
1196 4074 1990 4150 HIudowici,Hermengarda

341 4160 912 4229 nomine,inimicitia
927 4167 1129 4220 contra
1144 4165 1455 4240 Bernardo,
1470 4164 1987 4237 Langubardorum

340 4260 558 4322 regem,
589 4254 847 4329 ortaest,
878 4252 1168 4307 mandans
1194 4253 1269 4319 ci,
1302 4252 1469 4323 quasi
1503 4253 1663 4325 pacis
1694 4254 1882 4325 gratia
1913 4256 1986 4311 ad

340 4354 402 4394 se
424 4338 639 4393 venire.
672 4337 775 4394 Ille
801 4339 873 4394 ab
904 4339 1050 4411 ipsis
1081 4339 1306 4395 nobiles
1337 4339 1598 4412 legatarii
1622 4347 1988 4399 sacramenta

337 4426 513 4481 Iidem
544 4427 818 4498 suscepit,
854 4427 1097 4502 Francia
1126 4427 1317 4483 iturus
1346 4433 1454 4484 est.
1486 4429 1593 4493 Qui
1629 4447 1761 4485 mox
1792 4436 1855 4487 ut
1885 4432 1987 4488 illa

2106 3277 2207 3333 Ille
2261 3282 2456 3334 autem
2504 3277 2628 3333 haec
2678 3276 2942 3343 audiens,
2997 3274 3250 3348 perrexit
3306 3275 3365 3329 in
3428 3273 3759 3340 Franciam,

2106 3366 2485 3423 Hludowicus
2501 3366 2820 3438 imperator
2834 3363 3153 3421 honoriﬁce
3167 3378 3303 3420 eum
3318 3362 3759 3434 suscepiLDum

2106 3457 2174 3511 ad
2210 3472 2472 3512 mensam
2501 3458 2749 3527 uterque
2777 3454 3098 3520 reﬁcerent,
3124 3468 3304 3508 causa
3330 3465 3620 3524 exurgens
3639 3451 3759 3506 im-

2104 3549 2334 3618 perator
2362 3550 2418 3600 et
2445 3544 2591 3599 dixit
2622 3562 2635 3600 :
2667 3546 2816 3599 Bone
2841 3544 3261 3615 archiepiscopo,
3289 3540 3433 3613 quid
3479 3538 3637 3597 debet
3669 3542 3759 3611 {aa

2102 3651 2219 3691 cere
2247 3636 2407 3690 homo
2435 3634 2500 3690 de
2528 3635 2821 3689 inimicum
2848 3626 3164 3687 suumrllle
3194 3629 3503 3702 respondit
3532 3646 3546 3684 :
3578 3630 3761 3684 Domi-

2100 3741 2204 3779 nus
2232 3723 2381 3780 dixit
2410 3725 2473 3779 in
2501 3722 2784 3792 evangelio
2816 3740 2835 3776 :
2866 3722 3090 3793 Ditigite
3140 3721 3395 3775 inimicos
3430 3725 3661 3783 υωινω,
3705 3720 3759 3773 ά

2102 3813 2393 3883 benefacite
2420 3813 2507 3867 his
2531 3813 2629 3884 qui
2656 3826 2745 3867 vos
2773 3810 3005 3867 oderunt
3028 3808 3239 3880 (Matth.
3288 3825 3343 3872 v,
3395 3807 3504 3879 44).
3528 3824 3533 3831 ο
3559 3810 3754 3878 lmpe~

2099 3906 2256 3957 rator
2283 3900 2428 3956 dixit
2462 3919 2476 3957 :
2508 3902 2570 3955 Et
2615 3901 2667 3955 si
2708 3900 2827 3956 haec
2872 3914 2982 3955 non
3032 3900 3248 3969 fecero?
3274 3895 3760 3968 Archiepiecopus

2099 3990 2399 4061 respondit
2431 4006 2443 4045 :
2478 3990 2538 4045 Si
2564 4005 2677 4045 non
2703 3990 2918 4061 feceris,
2949 4003 3064 4043 non
3110 3987 3349 4042 habebis.
3374 3987 3548 4041 vitam
3589 3993 3759 4041 ater-

2095 4096 2246 4145 nam,
2276 4081 2327 4134 si
2354 4080 2413 4133 in
2444 4080 2560 4150 ipso
2590 4078 2710 4133 odio
2740 4082 2987 4133 mortuus
3024 4077 3219 4147 fueris.
3254 4078 3579 4146 Imperator
3618 4087 3760 4129 vero

2095 4166 2280 4222 iratus
2311 4166 2456 4221 dixit
2488 4183 2501 4221 :
2536 4166 2597 4222 Si
2621 4182 2710 4222 me
2756 4165 3042 4223 vindicabo
3068 4165 3137 4221 de
3156 4163 3449 4219 ludersatio
3469 4176 3613 4227 meo,
3642 4177 3761 4217 non

2095 4256 2299 4311 habebo
2328 4257 2500 4311 vitam
2540 4259 2813 4312 aetemam
2833 4258 2858 4308 γ
2885 4258 2944 4309 et
2990 4253 3190 4309 statim
3234 4249 3547 4323 subjunxit
3577 4264 3595 4304 :
3630 4248 3761 4305 Vide

2094 4346 2469 4416 Angelbertus,
2502 4343 2764 4417 quomodo
2808 4343 2926 4400 hazc
2973 4343 3137 4398 verba
3182 4340 3480 4412 defendas!
3508 4338 3581 4394 Et
3614 4354 3761 4395 oen-

2094 4433 2299 4490 stituto
2332 4435 2520 4506 posito
2540 4448 2727 4504 usque
2745 4432 2804 4487 in
2824 4430 3197 4487 mane.Mane
3214 4433 3414 4485 autem
3432 4426 3765 4494 factoﬁoli-z

335 4514 546 4591 potuit,
566 4514 731 4593 sicut
759 4515 1425 4580 audivimus,nesciente
1456 4518 1984 4591 imperatore,oculi
2016 4532 2061 4596 ι)
2093 4522 2180 4595 git
2209 4522 2530 4594 imperator
2561 4519 2879 4593 sapientes,
2911 4522 3084 4591 prout
3132 4518 3180 4573 si
3231 4517 3426 4573 subito
3455 4519 3757 4589 poterant,

333 4602 613 4659 Be'rnardi
670 4602 914 4672 evulsit;
966 4604 1038 4660 ab
1092 4603 1220 4661 ineo
1279 4606 1475 4662 dolore
1533 4607 1845 4666 defunctus
1891 4615 1982 4666 est

333 4692 448 4771 (an.
480 4693 928 4766 818,postquam
958 4692 1221 4767 quinque
1253 4700 1592 4768 regnaverat
1621 4714 1827 4765 annos,
1864 4698 1979 4754 duo

332 4782 444 4857 sub
474 4780 694 4848 Carolo,
726 4786 845 4839 tres
873 4782 985 4838 sub
1017 4781 1416 4840 Hludowicus.

399 4870 455 4925 9.
485 4871 625 4926 Erat
651 4870 963 4943 “quidem
1012 4870 1394 4929 Hludowicus
1436 4872 1753 4945 imperator
1782 4874 1979 4931 multa

332 4958 653 5032 sapientia,
710 4958 952 5016 consilio
1001 4960 1279 5033 prudens,
1336 4962 1669 5019 misericors
1718 4968 1775 5020 et
1819 4964 1980 5036 pacis

333 5051 586 5116 amator;
620 5046 872 5121 habebat
900 5047 1297 5120 tranquillitas
1327 5067 1539 5124 magna
1585 5069 1654 5107 ex
1690 5054 1979 5108 omnium-

333 5151 447 5207 que
472 5139 641 5208 parte
671 5136 834 5208 pacis
862 5135 1083 5209 gratia;
1116 5136 1397 5210 diligebat
1418 5138 1977 5209 lectores,cantores,

332 5227 389 5278 et
418 5224 646 5281 cunctis
662 5224 1048 5282 servientibus
1068 5225 1183 5282 Deo
1206 5226 1679 5284 ministrantibus
1699 5229 1974 5286 ecclesiae.

331 5310 546 5369 Habuit
572 5313 725 5371 ﬁlios
755 5318 893 5383 tres,
924 5314 981 5371 id
1013 5318 1102 5371 est
1129 5315 1397 5372 Lothario
1427 5320 1484 5373 et
1502 5316 1882 5375 Hludowicus
1903 5320 1975 5375 de

2090 4611 2424 4667 conﬂictum
2450 4610 2736 4665 habentes
2766 4609 2840 4663 de
2864 4607 2979 4664 'bac
3006 4607 3188 4662 verba
3213 4610 3437 4660 contra
3466 4603 3757 4676 archiepi-

2091 4698 2825 4772 scopus.Archiepiscopus
2846 4711 3050 4752 eorum
3077 4694 3387 4767 praesentia
3417 4691 3761 4748 dixit

2089 4791 2177 4856 tis,
2212 4789 2338 4859 quia
2368 4802 2556 4842 sumus
2578 4801 2764 4841 omnes
2789 4787 2989 4857 fratres
3010 4786 3073 4839 in
3102 4783 3367 4839 Clu-isto?
3410 4780 3503 4837 Illi
3542 4784 3757 4837 autem-

2090 4876 2507 4948 respondentes
2538 4875 2811 4930 dixerunt
2861 4892 2875 4930 :
2927 4874 3140 4931 Scimus
3170 4872 3302 4945 quia
3320 4886 3505 4927 unum
3532 4878 3759 4942 partem

2088 4981 2339 5021 vocamus
2388 4966 2448 5019 in
2494 4963 2660 5018 cadis.
2696 4962 2799 5018 Ille
2851 4967 3048 5018 autem
3096 4960 3284 5017 dixit:
3316 4961 3459 5030 Ergo
3494 4960 3546 5014 si
3571 4960 3750 5026 scitis,

2087 5052 2227 5126 quod
2254 5058 2452 5124 fratres
2481 5068 2691 5121 sumus,
2722 5052 2838 5107 sive
2866 5052 3005 5106 liber
3031 5058 3082 5105 et
3109 5065 3321 5115 servus,
3352 5050 3469 5103 sive
3491 5050 3655 5119 pater
3696 5051 3752 5103 et

2086 5142 2592 5214 ﬁliasuxlpostolus
2634 5142 2907 5197 Iohannes
2951 5139 3097 5195 dixit
3138 5156 3157 5193 :
3209 5139 3317 5207 Qui
3344 5135 3751 5208 odittfraa'em

2085 5247 2268 5299 suum,
2299 5230 2535 5287 omicida
2564 5233 2717 5299 est,et
2763 5230 2941 5285 omnis
2982 5227 3220 5284 omieida
3248 5242 3361 5282 non
3386 5226 3549 5281 habet
3575 5225 3750 5280 vitam

2086 5328 2327 5376 eternam
2375 5321 2437 5376 in
2480 5335 2539 5376 se
2584 5326 2898 5376 manentem
2945 5318 2994 5392 (ι
3038 5319 3196 5375 Joan.
3246 5331 3334 5385 ιιι,
3382 5315 3487 5387 15).
3522 5312 3585 5370 Si
3611 5329 3747 5385 ergo

1696 5469 1934 5528 VARLE
1970 5464 2387 5542 LECTIONES.

404 5573 446 5608 ¹²
476 5574 612 5631 Hinc
641 5578 757 5633 alia
785 5596 1003 5649 manus,
1032 5580 1343 5638 charactere
1367 5585 1636 5640 crassiore
1663 5585 1880 5655 quidem
1906 5588 2221 5660 majorequc
2238 5586 2675 5660 praecedentibus
2699 5584 2789 5642 sed
2818 5584 3241 5657 Laugobardiso.
3260 5581 3509 5639 ὕει-πει.
3532 5616 3545 5629 η
