3968 6158
169 394 325 461 ΙΒἿ3

1233 391 1604 460 ANDREAS
1645 393 2116 460 PRESBYTER
2155 393 2506 460 BERGOM.

3418 395 3570 458 1371

166 530 646 589 odiom-omieida
669 527 1040 604 reputabitur,
1071 531 1337 605 quomodo
1366 533 1539 587 vitam
1567 539 1812 588 eternam
1841 531 1896 599 Α
1925 530 2244 603 imperator
2297 525 2802 602 Forojulianorum
2853 525 3190 587 Ebherardo
3246 529 3573 603 principem

160 636 510 693 possessum
526 621 685 677 erit?
714 621 1028 678 Illi-autem
1059 621 1327 689 convicti,
1369 621 1441 676 ad
1474 620 1594 676 haec
1631 621 1808 676 verba
1918 617 2240 675 constituit.
2284 620 2361 674 Eo
2392 619 2692 689 defuncto,
2713 619 2984 676 Unhroch
3016 619 3133 676 ﬁlio
3153 635 3258 675 suo
3286 618 3574 692 principa-

165 715 609 773 consenserunt.
642 713 966 784 Imperator
992 727 1126 767 vero
1157 727 1399 766 manum
1429 711 1489 765 in
1519 714 1672 765 terra
1703 727 1810 782 po-
1917 713 2043 764 tum
2075 708 2354 780 suscepit.
2390 708 2470 763 De
2502 708 2843 782 Burgundia
2874 725 3008 764 vero
3039 708 3290 764 surrexit
3328 709 3568 780 quidam

162 813 330 863 nens,
365 800 595 856 veniam
627 799 849 872 petivit,
884 804 939 855 et
968 801 1217 872 gratiam
1247 798 1350 853 ﬁlii
1387 799 1479 854 sui
1536 799 1807 855 reddidit.

162 888 473 961 Imperavit
502 888 626 961 ipse
655 893 778 944 tam
804 888 963 944 solus
992 905 1170 960 quam
1197 887 1373 944 simul
1400 904 1532 942 cum
1566 887 1685 942 {ilio
1717 905 1816 943 an-

165 989 274 1033 nos
302 978 394 1045 27,
425 981 482 1032 et
508 977 638 1049 ipso
669 977 943 1033 Lothario
964 978 1291 1032 subeodem
1325 981 1486 1049 patre
1513 993 1697 1032 annos
1718 978 1808 1032 21.

161 1065 484 1121 Indietione
521 1065 696 1122 tertia
736 1068 849 1137 (an.
881 1067 1008 1136 840)
1058 1065 1142 1122 sic
1187 1067 1298 1121 fuit
1336 1066 1420 1122 sol
1462 1065 1812 1122 obscuratus

165 1154 229 1209 in
249 1154 360 1209 hoc
381 1155 626 1222 mundo,
657 1161 715 1211 et
744 1155 946 1211 stellas
973 1156 1032 1210 in
1063 1155 1205 1211 coelo
1233 1155 1611 1228 apparebant,
1635 1156 1668 1209 3
1699 1155 1810 1210 No-

164 1258 273 1298 nas
301 1242 656 1316 Magias,ora
687 1261 861 1308 nona,
888 1244 949 1299 in
971 1243 1232 1300 laitanias
1255 1246 1299 1279 ³³
1324 1243 1749 1316 Domini,quasi
1781 1261 1814 1299 a

163 1331 360 1388 media
389 1347 510 1388 ora.
528 1334 712 1388 Facta
733 1337 822 1388 est
845 1333 1140 1389 tribulatio
1162 1349 1392 1406 magna.
1420 1333 1684 1405 Cumque
1705 1333 1813 1389 hoc

162 1420 428 1494 populus
450 1421 840 1487 intenderent,
896 1422 1063 1477 multi
1097 1423 1476 1489 cxtimabant,
1504 1423 1661 1494 quod
1692 1423 1812 1494 jam

160 1510 420 1582 amplius
443 1510 559 1566 hoc
590 1510 877 1566 seculum~
909 1527 1024 1567 non
1074 1515 1287 1577 staret;
1347 1513 1448 1568 sed
1508 1513 1649 1566 dum
1692 1511 1814 1566 haec

162 1599 440 1671 angustia
467 1599 950 1672 contemplarent,
977 1600 1205 1656 refulsit
1221 1600 1306 1656 sol
1329 1603 1386 1656 et
1415 1600 1584 1672 quasi
1617 1599 1812 1656 tremi-

164 1687 281 1742 ἀπίει
309 1685 370 1742 in
403 1691 578 1744 antea
608 1687 1016 1743 umbraculam
1058 1689 1249 1762 fugire
1275 1690 1447 1761 cepit.
1511 1689 1644 1761 Ipsa
1681 1705 1816 1744 vero

163 1779 334 1831 nocte
364 1775 634 1848 sequenti
664 1793 842 1849 prope
865 1778 1152 1834 matutino
1167 1778 1317 1834 facta
1335 1783 1426 1834 est
1447 1777 1544 1833 lux
1566 1778 1733 1850 quasi
1755 1778 1818 1833 in

163 1863 290 1919 die.
310 1864 442 1919 Hice
471 1865 641 1937 signa
668 1865 728 1920 in
742 1865 864 1921 celo
882 1872 1174 1938 conperta,
1190 1867 1456 1923 doctores
1479 1867 1537 1922 in
1571 1885 1813 1924 suorum

165 1951 520 2009 monitiones
549 1953 858 2010 dixerunt:
903 1958 1098 2025 Estote,
1155 1959 1360 2027 fratres
1417 1958 1641 2026 parati;
1685 1959 1818 2027 quia

162 2041 526 2114 adimpletum
579 2047 655 2099 est
685 2043 826 2114 quod
871 2047 934 2100 in
983 2045 1269 2113 evangelio
1327 2047 1584 2100 Dominus
1640 2046 1812 2100 dixit:

168 2135 365 2189 «Cum
395 2133 510 2187 haec
534 2134 700 2202 signa
729 2133 997 2199 videritis,
1029 2136 1232 2201 scitote,
1258 2135 1388 2205 quia
1414 2151 1585 2206 prope
1611 2134 1816 2190 estdies

165 2221 390 2276 Domini
413 2237 646 2292 magnus
671 2230 722 2277 et
747 2224 1114 2294 manifestus!
1145 2223 1295 2294 (Luc.
1348 2237 1461 2291 xxx,
1508 2223 1623 2294 3|.)
1658 2244 1685 2271 »
1715 2223 1814 2278 Sc-

162 2310 367 2381 quen-ti
399 2315 601 2366 autem:
627 2324 832 2367 mense
858 2311 1037 2367 Junio
1074 2311 1456 2368 Hludowicus
1500 2311 1819 2384 imperator

163 2398 478 2454 damnctus
509 2404 618 2465 est,
652 2416 910 2472 suosque
931 2401 1057 2456 dies
1088 2402 1276 2456 finivit
1301 2401 1359 2456 in
1389 2417 1550 2473 pace.

243 2489 327 2543 12.
365 2488 698 2560 Posticuju-s
733 2494 979 2545 mortem
1011 2490 1303 2546 discordia
1341 2490 1492 2545 inter
1521 2489 1667 2563 ipsis
1698 2494 1817 2546 tres

165 2577 467 2650 germanis
497 2577 771 2648 surrexit,
805 2577 1185 2634 Hludowicus
1217 2584 1275 2634 et
1304 2579 1546 2636 Carolus
1577 2597 1644 2635 ex
1698 2597 1816 2634 una

159 2669 347 2739 parte,
401 2665 710 2722 Lotharius
759 2684 828 2721 ex
885 2667 1085 2723 altera.
1134 2672 1394 2740 Cumque
1435 2667 1596 2724 nulla
1652 2675 1818 2740 parte

159 2755 364 2811 lae-um-
397 2755 948 2826 dantes,jungentes
978 2771 1041 2810 se
1071 2756 1168 2810 ubi
1196 2762 1573 2828 nuncupatur
1603 2757 1817 2812 Funta-

125 2829 129 2837 ’
167 2858 368 2909 nenae,
390 2843 545 2899 acies
576 2843 713 2898 hinc
744 2848 801 2898 et
823 2843 959 2899 inde
988 2861 1056 2899 ex
1086 2849 1335 2916 utraque
1355 2845 1536 2917 partis
1557 2851 1821 2902 constru-

168 2936 277 3002 cte,
311 2932 464 2988 facta
483 2936 572 2989 est
591 2937 816 3006 strages
851 2949 1085 3004 magna,
1119 2935 1373 2990 maxime
1394 2935 1619 2991 nobiles
1648 2936 1822 3007 Aqui-

169 3025 440 3078 tanorum
472 3023 586 3094 (an.
613 3023 765 3090 841.,
797 3023 1084 3095 Tantique
1117 3024 1229 3094 (-10)
1253 3023 1332 3078 ibi
1366 3024 1472 3078 viri
1514 3025 1690 3080 fortes
1719 3042 1824 3097 per

171 3111 572 3167 contentiones
594 3112 782 3168 malas
813 3117 870 3166 et
888 3112 1338 3184 improvidentia
1363 3113 1636 3168 debellati
1657 3119 1816 3180 sunt,

172 3199 376 3272 quanti
395 3200 740 3272 potuissent
769 3215 871 3272 per
900 3201 1115 3256 bonam
1142 3202 1513 3256 concordiam
1564 3207 1620 3257 et
1662 3202 1820 3258 salu-

1921 796 2112 852 dictus
2134 797 2355 868 Hupert
2380 797 2742 868 nomine,qui
2763 796 3062 868 aliquanto
3079 801 3338 870 tempore
3354 799 3571 854 domno

1921 885 2260 957 imperatori
2294 885 2624 940 Hludowici
2656 903 2718 940 se
2751 885 3092 941 fidelissimo
3142 902 3271 942 esse
3301 888 3567 957 dicebat;

1922 974 2296 1046 postmodum
2311 991 2443 1030 cum
2459 973 2975 1047 Burgundionibus
2987 975 3054 1031 ad
3055 975 3078 1046 j
3090 979 3569 1044 unctus,suorum

1923 1063 2068 1119 ﬁnes
2117 1062 2396 1119 rebellare
2443 1063 3078 1136 disponebat,'oblitus
3138 1069 3227 1119 est
3273 1068 3571 1122 tantorum

1921 1152 2337 1208 beneﬁciorum
2369 1169 2496 1224 quae
2539 1153 2591 1207 ei
2650 1152 2968 1224 imperator
3017 1152 3241 1221 tribuit,
3293 1159 3349 1209 et
3381 1170 3570 1210 sacra-

1925 1245 2120 1297 menta
2143 1258 2289 1313 quas
2307 1241 2547 1296 dederat
2568 1242 2732 1297 irrita
2753 1242 3178 1297 fecit.Domnus
3194 1242 3573 1299 Hludowicus

1922 1330 2044 1386 hac
2076 1330 2341 1396 audiens,
2377 1331 2633 1387 Cunrath
2679 1349 2814 1387 cum
2853 1331 3095 1404 reliquis
3147 1330 3418 1387 ﬁdelibus
3449 1332 3574 1388 suis

1923 1419 2138 1486 dirixit,
2168 1423 2226 1474 et
2256 1420 2458 1475 eodem
2484 1421 2708 1493 Hupert
2738 1421 2794 1475 in
2829 1437 3034 1492 campo
3058 1421 3502 1494 comprehendit
3517 1426 3577 1478 et

1923 1508 2170 1576 occidit;
2200 1513 2257 1563 et
2287 1508 2457 1564 multi
2488 1508 2727 1581 quidem
2760 1510 2834 1565 da
2879 1511 3007 1581 ejus
3058 1527 3194 1582 pars
3237 1510 3575 1584 interempti

1924 1600 2064 1653 sunt
2121 1600 2234 1668 (an.
2290 1598 2435 1667 864).
2495 1598 2678 1670 Igitur
2725 1603 3038 1671 antequam
3099 1599 3220 1656 haec
3275 1600 3582 1657 rebellatio

1925 1686 2076 1742 facta
2107 1686 2333 1755 fuisset,
2368 1691 2531 1742 tanta
2562 1685 2800 1759 quidem
2832 1687 3023 1743 nivem
3056 1689 3220 1744 Italia
3250 1689 3478 1760 cecidit,
3512 1693 3578 1745 ut

1925 1791 2027 1848 per
2053 1779 2289 1830 centum
2323 1775 2448 1831 dies
2476 1777 2531 1829 in
2552 1775 2743 1848 planis
2763 1776 2906 1833 locis
2922 1781 3146 1833 teneret
3171 1781 3248 1846 ;et
3277 1778 3388 1834 fuit
3409 1779 3580 1852 gelus-

1924 1865 2332 1937 gravissimus,
2368 1864 2553 1920 multa
2585 1865 2811 1921 semina
2841 1869 3075 1922 mortua
3104 1867 3362 1936 fuerunt,
3383 1868 3512 1923 vita:
3535 1869 3578 1902 “

1928 1969 2074 2024 pene
2103 1953 2380 2009 omnibus
2411 1954 2470 2007 in
2502 1953 2694 2026 planis
2724 1954 2866 2010 locis
2897 1955 3344 2024 siccaverunt,et
3371 1957 3581 2012 vinum

1927 2042 2081 2097 intra
2107 2041 2342 2097 vascula
2389 2042 2677 2115 glaciavit,
2719 2048 2783 2098 ut
2811 2044 2997 2099 mtiam
3033 2061 3136 2116 per
3165 2045 3423 2102 foramen
3456 2045 3577 2117 spi-

1928 2147 2136 2186 narum
2170 2131 2314 2185 nihil
2346 2133 2559 2198 exibat,
2592 2133 2776 2188 donec
2826 2138 3197 2204 rumperetur
3233 2135 3364 2206 ipsa
3390 2135 3580 2206 glacie.

1926 2237 2059 2274 cum
2110 2219 2262 2274 fuste
2311 2219 2382 2274 ab
2429 2225 2562 2275 ante
2603 2219 2733 2293 ipsa
2789 2221 2979 2294 spina.
3033 2223 3149 2277 Hoc
3199 2223 3310 2277 fuit
3345 2227 3579 2295 tempus

1927 2308 2126 2363 domui
2162 2307 2487 2362 Hludowici
2521 2309 2890 2380 imperatoris
2927 2327 3079 2365 anno
3126 2312 3212 2376 10,
3262 2310 3578 2367 indictione

1928 2403 2128 2452 octava
2160 2398 2275 2467 (an.
2309 2397 2456 2468 859).
2492 2398 2594 2452 His
2623 2397 2821 2469 itaque
2854 2399 2964 2454 sub
3001 2399 3276 2455 brevitate
3305 2399 3387 2454 rei
3429 2399 3581 2455 veri;-

1926 2491 2020 2540 tas
2049 2485 2425 2554 transcurris,
2461 2487 2775 2542 adventum
2803 2487 2975 2560 primi
3008 2487 3413 2556 ordinis,sicut
3433 2489 3583 2561 cepi-

1931 2592 2082 2643 mus,
2143 2591 2553 2647 exsequamur.
2607 2577 2681 2631 At
2721 2593 2856 2632 vero
2914 2578 3169 2633 domnus
3201 2577 3579 2634 Hludowicus

1929 2668 2218 2736 angustus
2240 2663 2430 2721 multa
2450 2664 2688 2736 quidem
2718 2667 3161 2738 Oppressionem
3185 2683 3218 2722 a
3242 2667 3578 2724 Sarracino-

1929 2770 2059 2808 rum
2092 2771 2235 2827 gens
2288 2754 2347 2809 in
2406 2753 2622 2809 ﬁnibus
2683 2754 3102 2811 Beneventanis
3161 2756 3464 2824 sustinuit,
3523 2759 3581 2812 et

1928 2859 2128 2898 eorum
2161 2859 2395 2916 semper
2442 2843 2666 2899 resistit
2695 2847 2810 2912 (an.
2842 2846 2971 2917 860)
2998 2863 3011 2912 ;
3061 2845 3459 2901 Amelmaseer
3483 2862 3578 2902 eo-

1931 2948 2060 2986 rum
2094 2931 2362 3004 princeps
2383 2947 2517 2987 cum
2533 2932 2701 2987 multi
2723 2933 3012 2988 Sarracini
3027 2935 3106 2989 ibi
3121 2934 3579 2991 consistentibus

1929 3019 2138 3075 occidit
2167 3020 2282 3090 (an.
2315 3023 2440 3091 867)
2467 3037 2480 3087 ;
2510 3021 2719 3092 reliqui
2751 3022 2811 3075 in
2843 3027 3036 3077 castro
3069 3023 3169 3093 qui
3200 3023 3416 3078 dicitur
3445 3024 3576 3079 Bari

1929 3124 1993 3164 se
2023 3109 2248 3164 fortiter
2271 3109 2632 3174 munierunt,
2685 3109 2785 3164 ubi
2831 3110 3085 3166 domnus
3133 3111 3450 3182 imperator
3479 3128 3582 3183 per

1932 3197 2191 3270 quinque
2242 3213 2428 3252 annos
2477 3214 2576 3253 eos
2620 3213 2752 3253 cum
2801 3198 3002 3254 Franci
3042 3203 3099 3254 et
3131 3199 3496 3272 Langobardi
3523 3203 3584 3257 et

169 3289 271 3345 bra
285 3288 601 3345 consilium
633 3288 820 3344 multa
851 3289 1012 3344 milia
1040 3294 1300 3345 sternere
1328 3291 1821 3347 contradictorum
1855 3274 1896 3340 Ο
1935 3287 2142 3342 ceteris
2177 3286 2488 3342 nacionvm
2517 3302 2759 3342 suorum
2787 3287 3050 3343 ﬁdelium
3079 3288 3389 3360 Ροεείάθῐιε
3421 3291 3484 3355 ³⁵,
3509 3289 3584 3345 8i-

170 3391 534 3450 paganorum
559 3378 744 3445 ;unde
775 3378 1159 3451 sicdiscipata
1175 3383 1264 3434 est
1287 3379 1560 3435 nobilitas
1581 3379 1820 3452 Aquita-

169 3479 401 3534 norum,
431 3478 564 3538 quae
610 3467 787 3522 etiam
837 3467 1218 3522 Nortemanni
1268 3484 1471 3523 eorum
1504 3470 1823 3540 possedant

163 3557 352 3620 terris,
379 3569 488 3610 nec
516 3559 602 3611 est
629 3555 731 3628 qui
773 3571 975 3611 eorum
1005 3555 1179 3611 fortia
1213 3555 1466 3612 resistat.
1505 3559 1821 3629 Imperavit

167 3643 474 3699 Lotharius
505 3648 637 3716 post
667 3650 918 3700 mortem
952 3645 1136 3717 patris
1169 3645 1258 3701 sui
1291 3649 1412 3700 tam
1446 3646 1609 3702 solus
1640 3663 1817 3718 quam

166 3731 344 3788 simul
367 3748 512 3788 cum
546 3733 933 3791 Hludowious
964 3733 1084 3788 filio
1111 3749 1217 3790 suo
1248 3751 1434 3789 annos
1460 3736 1544 3804 15,
1571 3741 1627 3791 et
1659 3752 1820 3792 mor-

167 3825 424 3878 tuus-est
452 3825 567 3891 (an.
601 3823 754 3893 855).
791 3822 1062 3894 Reliquid
1113 3827 1228 3879 tres
1261 3823 1414 3880 filios
1462 3823 1520 3878 id
1580 3828 1670 3880 est
1695 3826 1816 3896 jam

167 3909 715 3978 diotoﬂludowico,
749 3911 850 3983 qui
901 3912 1011 3966 sub
1071 3929 1140 3967 eo
1198 3913 1507 3986 imperavit
1565 3914 1620 3968 in
1655 3914 1820 3969 Italia

167 4015 356 4056 annos
385 4014 505 4066 sex,
535 4000 808 4056 Lothario
840 4001 899 4055 in
943 4001 1187 4056 Francia
1218 4001 1466 4057 Karolus
1495 4001 1554 4057 in
1581 4001 1818 4058 Provin-

166 4086 266 4143 tia.
291 4085 684 4143 Sed-Carolus
733 4105 848 4143 no—n
894 4093 1026 4161 post
1070 4091 1286 4146 multos
1327 4089 1452 4146 dies
1508 4091 1818 4147 defunctus

165 4177 396 4246 est.(an~.
427 4175 555 4244 863)
587 4176 898 4232 Lotharius
928 4193 997 4231 ex
1023 4179 1161 4233 sede
1213 4179 1449 4251 propria
1506 4179 1724 4247 exiens,
1757 4179 1815 4234 in

167 4263 337 4320 Italia
384 4264 628 4320 veniens
675 4265 836 4334 pacis
875 4265 1075 4336 gratiae
1104 4266 1419 4322 videndum
1468 4284 1816 4339 germanum

166 4365 344 4408 suum
369 4351 475 4406 ubi
509 4364 643 4405 cum
670 4351 799 4422 ipso
819 4351 1050 4407 locutus
1073 4358 1161 4408 est
1182 4353 1400 4410 ﬁnibus
1414 4355 1818 4412 Beneventana

162 4455 314 4513 pago
346 4439 677 4495 Venosiana
705 4456 718 4507 ;
751 4440 850 4495 sed
885 4440 1026 4494 dum
1059 4441 1168 4496 iret
1199 4447 1254 4496 et
1285 4444 1818 4509 reverteret,multa

163 4528 882 4599 devastantespatherum
906 4528 1202 4594 domibus,
1236 4529 1602 4601 blasphemia
1632 4532 1818 4587 multa

1930 3373 2052 3430 mul
2085 3376 2261 3430 etiam
2289 3391 2423 3430 cum
2457 3393 2564 3431 sua
2581 3377 2723 3447 juge
2756 3377 2798 3413 ¹⁶
2842 3376 3206 3450 Angelberga
3251 3378 3488 3433 nomine
3525 3383 3581 3433 et

1931 3463 2099 3519 multi
2130 3481 2332 3520 eorum
2364 3464 2652 3520 similiter.
2689 3465 2850 3520 Circa
2881 3465 3005 3520 haec
3030 3470 3295 3539 tempora
3329 3465 3389 3522 in
3438 3466 3579 3521 νηι-

1928 3569 2203 3626 garorum
2236 3569 2379 3626 gens
2409 3553 2607 3610 divina
2638 3554 2920 3627 aspiracio
2953 3571 3199 3612 accensa
3238 3561 3347 3621 est,
3375 3561 3580 3628 quate-

1930 3659 2041 3698 nus
2073 3643 2376 3699 christiani
2409 3644 2612 3700 ﬁerent
2653 3649 2712 3699 et
2741 3644 3037 3700 Christum
3091 3645 3397 3701 dominum
3429 3645 3580 3701 cole-

1929 3737 2076 3797 rent,
2111 3732 2390 3804 quoniam
2439 3737 2641 3789 tantus
2685 3750 2852 3788 amor
2907 3734 3208 3790 charitatis
3263 3735 3325 3790 in
3373 3750 3579 3790 eorum

1929 3836 2123 3892 regem
2158 3821 2436 3893 pervenit,
2470 3827 2534 3877 ut
2564 3839 2668 3893 per
2687 3839 2757 3877 vse
2793 3823 2922 3894 ipse
2953 3823 3024 3877 ad
3056 3822 3378 3878 ecclesiam
3426 3823 3580 3880 beati

1929 3908 2078 3964 Petri
2114 3909 2298 3964 Roma
2344 3909 2620 3976 venisset,
2681 3914 2738 3965 et
2796 3910 2875 3964 ibi
2933 3911 3087 3965 dona
3143 3911 3373 3978 obtulit,
3434 3915 3492 3967 et
3547 3931 3581 3967 a

1927 3998 2144 4053 domno
2179 4014 2329 4069 papa
2368 3996 2999 4054 Nicholauscatholica
3026 3998 3139 4053 fide
3169 3999 3456 4067 munitus,
3490 4000 3578 4054 di-

1925 4085 2185 4141 vinitatis
2237 4085 2492 4141 scientiae
2550 4086 2895 4154 instructus,
2976 4086 3304 4157 baptizatus
3353 4091 3410 4143 et
3465 4087 3580 4143 ﬁde

1928 4180 2132 4230 sancta
2153 4175 2781 4246 oonfirmatus,recepit
2799 4175 3066 4230 doctores
3093 4175 3165 4230 ab
3197 4176 3400 4230 eodem
3422 4175 3584 4231 dom-

1926 4279 2000 4320 no
2031 4263 2371 4335 apostolico,
2407 4279 2574 4318 suam
2611 4267 2992 4319 rcversusest
3021 4264 3291 4335 patriam.

1997 4353 2278 4425 MJgitur
2307 4353 2450 4408 dum
2469 4353 2725 4408 domnus
2749 4351 3132 4408 Hludovvicus
3152 4369 3286 4408 cum
3299 4353 3426 4410 suis
3448 4352 3580 4409 Bari

1924 4442 2307 4508 custodirent,
2332 4441 2530 4497 nuncii
2563 4446 2850 4496 venerunt
2907 4443 2980 4496 de
3030 4443 3247 4498 ﬁnibus
3305 4441 3580 4498 Calabria;

1924 4531 2186 4586 dicentes
2217 4548 2228 4585 :
2262 4532 2490 4586 Domine
2516 4532 2839 4602 imperator,
2876 4532 3043 4587 vestri
3064 4545 3178 4587 esse
3232 4532 3497 4600 volumus,
3529 4540 3583 4588 et

162 4615 430 4672 incurrit.
466 4615 792 4671 Revertenti
826 4621 1048 4684 autem,
1080 4617 1136 4671 in
1177 4617 1383 4674 itinere
1429 4619 1522 4673 via
1551 4625 1816 4692 cgrotare
1848 4639 1892 4705 Β
1919 4634 2018 4689 per
2047 4621 2282 4673 vestram
2312 4620 2680 4688 defensionem
2732 4621 2878 4675 salvi
2918 4623 3036 4692 fore
3064 4621 3406 4690 conﬁdimus.
3428 4622 3580 4678 Gens

162 4705 339 4776 cepit,
371 4702 568 4760 subito
607 4704 666 4760 in
721 4705 1686 4763 civitate-Placentinadefunctus
1727 4715 1816 4764 est

160 4794 278 4864 (aa.
311 4794 462 4865 869),
496 4797 581 4848 et
623 4794 706 4849 ibi
755 4811 993 4866 corpus-
1025 4796 1153 4866 ejus
1185 4796 1487 4852 conditum
1516 4813 1529 4864 ;
1573 4798 1816 4869 suisque

161 4881 504 4938 hominibus
537 4899 572 4939 a
603 4883 814 4939 multis
834 4883 1023 4939 simili
1058 4884 1231 4940 modo
1260 4885 1652 4957 contigerunt.

234 4969 808 5043 13~~Paucaquidem
841 4987 986 5028 sane
1007 4974 1148 5027 dum
1205 4989 1309 5046 per
1337 4975 1518 5046 gestis
1560 4974 1815 5030 ﬁliorum

159 5071 366 5131 regum
389 5075 600 5114 senem
628 5059 822 5131 apices
844 5075 1222 5132 componam,
1278 5062 1516 5117 animus
1542 5079 1716 5118 meus
1741 5064 1815 5118 ad

157 5145 406 5219 reﬁqnis
429 5147 610 5203 factis
626 5147 931 5220 percurrit.
955 5151 1003 5201 M
1015 5147 1135 5203 ulta
1158 5149 1418 5221 fatigatio
1452 5151 1816 5222 Langobardi

159 5236 604 5308 et-oppreesioa
634 5235 970 5292 Solavorum
1004 5237 1657 5310 genssustinuit,usque
1675 5240 1823 5295 dum

1923 4706 2348 4762 Sari-acinorum
2377 4716 2664 4776 vemrunt,
2701 4712 2854 4763 terra
2910 4718 3091 4764 nostra
3153 4710 3576 4781 dissipaverunt,

1924 4798 2168 4851 civitates
2197 4795 2592 4862 desolaveruat,
2619 4799 2900 4853 ;eectasias
2927 4797 3314 4868 suffudemnt;
3365 4803 3580 4854 tantum

1926 4885 1995 4939 ad
2023 4901 2115 4940 vos
2143 4886 2464 4956 petimus-,ut
2503 4885 2594 4940 des
2647 4900 2744 4940 nos
2791 4889 2953 4957 caput
2992 4887 3453 4957 confonaeionis;
3482 4889 3580 4957 qui

1924 4991 2021 5030 nos
2059 4975 2318 5045 adjuvent
2347 4977 2400 5028 et
2427 4975 2748 5044 confortent.
2803 4975 3157 5030 Sacramenta
3183 4975 3333 5030 vobis
3361 4976 3580 5039 damus,

1927 5065 2137 5118 tributa
2165 5063 2445 5118 solvimus.
2479 5065 2642 5118 Tunc
2681 5064 2936 5119 domnus
2983 5063 3302 5136 imperator
3342 5063 3576 5119 miseri-

1927 5152 2125 5207 cordia
2154 5157 2370 5220 motus,
2405 5167 2516 5206 non
2549 5153 2812 5224 gaudens
2845 5152 3184 5224 cupiditatis
3216 5154 3417 5210 eorum
3448 5170 3576 5225 pro-

1930 5241 2238 5307 missa,scd
2272 5241 2342 5295 de
2373 5239 2608 5295 illorum
2641 5239 2842 5296 dolens
2874 5240 3116 5310 malitia,
3132 5240 3578 5314 elegitstrenuis

1533 5371 1776 5428 VARUE
1817 5373 2228 5430 LECTIONES.

159 5467 204 5502 ³³
235 5464 487 5522 latanias
517 5479 564 5520 ε.
642 5467 686 5500 ¹⁴
714 5468 754 5520 i.
790 5483 836 5520 e.
863 5465 1033 5523 vites.
1109 5467 1153 5502 “5
1186 5469 1223 5522 i.
1257 5483 1304 5523 e.
1339 5467 1637 5525 obsidens.
1717 5472 1757 5506 ¹⁶
1788 5471 1828 5526 i.
1861 5489 1908 5528 e.
1944 5473 2210 5545 conjuge.

1753 5588 1988 5646 NOII‘JE.

234 5669 350 5743 (10)
382 5670 462 5726 Ex
492 5669 670 5726 Paulo
701 5670 834 5727 Diae
862 5671 961 5742 VI,
993 5673 1081 5727 23.
