3948 6168
445 348 598 414 1275

1708 345 2043 412 APPEND.
2090 349 2192 413 AD
2237 349 2423 414 SIEC.
2469 348 2575 414 IX.

3703 346 3732 413 1
3744 347 3849 412 276

441 491 498 543 et
528 480 1318 553 nobilissimisviris,Hotone
1337 479 1638 539 deﬁnibus
1660 483 2087 556 Bergomensis,
2120 487 2174 553 Α
2203 485 2507 554 soldanus,
2539 489 2596 542 et
2614 482 2823 559 reliqui
2845 483 3137 544 Sarracini
3155 482 3236 542 ibi
3273 483 3748 543 consistentibus
3777 485 3848 542 in-

441 573 650 631 Oschis
680 578 737 630 et
784 573 1102 630 Gariardus
1152 571 1459 644 episcopis,
1510 577 1567 628 et
1613 573 1956 628 confortavit
1987 590 2086 629 eos

441 665 698 720 domnus
729 663 1076 736 ,imperator
1133 665 1190 716 et
1247 660 1428 716 dixit:
1483 665 1564 717 Ite
1617 664 1676 716 in
1727 679 1863 734 pace
1905 663 2085 734 ﬁdeles

443 753 900 824 Christi,angelus
929 752 1150 806 Domini
1185 752 1355 806 bonus
1391 754 1680 806 comitetur
1702 753 1994 818 vobiscum,
2027 757 2086 806 ut

440 849 491 901 et
518 859 612 912 ego
639 843 852 897 videam
879 841 1051 909 vos';et
1082 840 1291 894 labores
1320 857 1484 912 quam
1524 842 1674 895 vobis
1731 843 1930 913 inpono
1967 859 2082 895 me-

439 937 607 990 rear!
637 932 799 986 Tunc
831 928 1007 984 simul
1039 945 1173 984 cum
1209 928 1354 1001 ipsis
1387 929 1584 984 missis
1607 934 1997 1000 perrexerunt,
2031 935 2088 984 et

439 1023 596 1078 unde
625 1023 869 1091 egerunt
894 1016 1189 1072 ﬁrmitatis
1223 1022 1590 1072 sacramenta
1635 1023 1995 1090 receperunt,
2031 1023 2088 1073 et

437 1111 765 1166 adunantes
797 1123 997 1163 secum
1030 1107 1222 1178 magis
1271 1123 1337 1161 ac
1367 1106 1555 1178 magis
1584 1106 1784 1162 ﬁdeles
1813 1107 2081 1179 populus.

436 1203 698 1271 Cumque
725 1201 1010 1253 venerunt
1040 1195 1098 1250 in
1131 1195 1423 1266 quendam
1455 1194 1625 1264 valle,
1657 1196 1756 1250 ubi
1791 1195 1935 1267 ipsis
1957 1197 2086 1251 Sar-

435 1289 639 1358 racini,
670 1287 942 1343 'ﬁdentes
973 1285 1192 1356 absque
1225 1284 1342 1340 alio
1375 1285 1603 1354 timore,
1637 1302 1929 1340 annonam
1963 1302 2085 1342 me-

434 1375 872 1445 tentes,'simul
924 1391 1058 1430 cum
1111 1373 1324 1446 captivi
1375 1391 1523 1446 quas
1573 1373 1886 1440 habebant,
1945 1379 2085 1431 tunc

435 1466 742 1524 christiani
772 1463 1282 1536 inruentesxsuper
1307 1462 1459 1530 illos,
1484 1466 1541 1517 et
1567 1463 1856 1518 Sarracini
1879 1465 2082 1535 quanti

433 1558 514 1614 ibi
547 1557 890 1613 invenerunt
913 1552 1271 1618 occiderunt,
1325 1555 1381 1607 et
1411 1551 1623 1624 captivi
1670 1551 2080 1608 liberaverunt.

434 1647 660 1720 Uchaec
691 1644 914 1701 audivit
943 1659 1145 1698 eorum
1191 1640 1471 1713 principe,
1518 1641 1776 1696 Cincimo
1826 1642 2084 1713 nomine,

435 1739 507 1794 de
538 1734 1069 1792 civitate'Amantea
1099 1731 1211 1803 (lt)
1253 1730 1482 1786 obviam
1514 1746 1716 1785 eorum
1767 1729 1903 1786 exiit
1935 1748 2083 1802 prae-

434 1828 674 1899 paratus
702 1820 1052 1890 viriliter.{Et
1071 1818 1278 1873 exinde
1304 1817 1506 1872 Franci
1528 1819 1809 1888 comperti
1836 1823 1994 1885 sunt,
2028 1823 2084 1874 et

423 1916 741 1988 jungentcs
772 1928 834 1968 se
861 1909 943 1964 hii
975 1925 1043 1964 ex
1071 1924 1190 1963 una
1218 1909 1379 1978 parte
1395 1910 1453 1961 et
1483 1905 1566 1960 illi
1598 1923 1666 1962 ex
1697 1906 1895 1973 altera,
1931 1909 2083 1962 tacta

433 2006 522 2060 est
550 2007 778 2075 strages
808 2014 1023 2072 magna
1051 1995 1515 2060 Sarracinorum,
1539 1995 1638 2066 qui
1674 1995 1810 2067 fuga
1833 1996 2078 2068 petiens;

434 2091 740 2151 christiani
788 2106 921 2146 vero
978 2091 1110 2160 post
1147 2102 1266 2152 eos,
1319 2085 1734 2141 interﬁcientes
1792 2102 1978 2157 usque
2008 2086 2080 2140 ad

433 2186 662 2256 portam
693 2178 962 2237 civitatis.
996 2177 1100 2232 Oto
1147 2192 1282 2231 vero
1327 2181 1384 2231 et
1434 2175 1698 2246 praadicti
1739 2175 1997 2247 episcopi
2026 2181 2084 2231 et

433 2287 674 2329 suorum
731 2271 1028 2325 secutores
1083 2264 1540 2337 triumphatores
1589 2264 1802 2319 reversi
1844 2267 1983 2318 sunt
2009 2263 2078 2318 ad

433 2359 1029 2431 domnoimperatore.
1047 2355 1367 2427 Imperator
1385 2369 1518 2408 vero
1544 2368 1824 2424 magnum
1847 2352 2081 2424 gavisus

432 2454 522 2507 est
550 2447 852 2523 gaudium,
883 2445 1165 2501 honorem
1196 2441 1501 2514 dignitatis
1535 2458 1739 2497 eorum
1781 2441 2005 2496 tribuit.

505 2541 593 2594 15.
627 2537 889 2593 Cincimo
919 2550 1051 2590 vero
1078 2533 1150 2587 de
1193 2531 1318 2587 suis
1358 2535 1416 2586 et
1463 2531 1664 2602 patriae
1698 2549 1815 2586 suae
1849 2531 2078 2602 adjuto-

433 2627 585 2684 rium
609 2623 944 2698 colligentes
967 2620 1282 2676 multitudo
1305 2619 1731 2686 Sarracini,iter
1747 2623 2076 2692 pergentes,

433 2715 565 2773 Bari
596 2729 796 2770 secum
843 2715 1068 2777 euntes,
1121 2708 1311 2764 multa
1351 2707 1662 2780 dispendia
1718 2707 2077 2779 adjutorium

434 2803 684 2861 soldani.
715 2803 852 2857 Erat
877 2815 1077 2856 eorum
1103 2797 1630 2869 nunciatum,quod
1656 2797 1962 2854 christiani
1995 2814 2081 2853 ce-

431 2893 726 2950 lebrarent
755 2903 1037 2962 magnum
1067 2886 1222 2942 diem
1252 2887 1492 2952 festum,
1516 2885 1670 2941 sicut
1699 2890 1822 2941 erat
1852 2885 1961 2941 hoc
1990 2890 2080 2941 est

435 2979 709 3038 nativitas
729 2977 955 3034 Domini
975 2976 1158 3032 nostri
1178 2976 1318 3032 Jesu
1341 2973 1835 3042 Christi,dieentes
1862 2991 1874 3028 :
1909 2977 2080 3030 Deum

433 3087 598 3127 suum
624 3070 806 3125 colunt
831 3067 918 3122 die
948 3066 1051 3121 illa
1071 3084 1094 3130 ;
1135 3081 1308 3136 neque
1357 3066 1663 3136 pugnaturi
1720 3080 1891 3136 neque
1919 3081 2080 3118 arma

432 3161 668 3218 levaturi
693 3161 837 3214 sunt.
885 3157 1087 3210 Eamus
1140 3169 1304 3226 super
1359 3154 1507 3221 illos,
1563 3152 2078 3224 comprehendamus

429 3267 516 3308 eos
546 3264 728 3305 omnes
756 3249 818 3302 in
843 3246 1191 3317 simplicitate
1219 3260 1321 3299 sua
1343 3248 1362 3297 Ι
1383 3243 1499 3298 Ηοο
1513 3241 1828 3298 consilium
1863 3242 2078 3297 domno

433 3336 770 3413 imperatori
800 3335 1143 3391 nunciatum
1174 3337 1279 3388 est.
1312 3333 1475 3387 Tunc
1507 3331 1732 3399 moniti,
1784 3334 1851 3386 ut
1893 3329 2072 3403 gallo-

432 3427 620 3484 tinnio
651 3424 693 3461 ¹’¹
725 3423 1032 3480 matutinis
1075 3425 1132 3476 et
1159 3437 1392 3476 summo
1423 3419 1679 3475 diluculo
1710 3418 1999 3492 episcopis
2021 3422 2079 3474 et

433 3514 836 3574 sacerdotibus
867 3510 1184 3566 missarum
1233 3508 1540 3565 sollemnia
1586 3507 1962 3574 celebrarent,
2021 3511 2078 3562 et

433 3604 686 3680 populus
698 3600 1169 3659 communionem
1181 3599 1268 3654 vel
1282 3597 2079 3669 benedictionemacciperent

433 3693 607 3750 sicuti
637 3696 694 3748 et
745 3691 1028 3746 fecerunt.
1087 3689 1158 3744 Et
1214 3687 1481 3742 exierunt
1528 3689 1838 3758 querentes
1875 3687 2074 3742 Sarra-

433 3781 569 3851 cini,
602 3785 658 3837 et
681 3779 795 3836 illis
826 3781 1138 3851 querentes
1171 3775 1370 3832 Franci
1417 3775 1608 3847 juncti
1659 3778 1798 3829 sunt
1836 3774 1896 3830 in
1951 3773 2075 3830 loco

437 3914 450 3927 .
531 3913 545 3926 .
626 3911 638 3924 .
717 3910 730 3924 .
812 3869 1020 3924 Factus
1069 3869 1158 3922 est
1210 3863 1438 3921 sonitus
1493 3879 1747 3936 magnus
1807 3862 2076 3936 clangore

433 3959 697 4026 buccine,
728 3956 916 4012 innita
948 3956 989 3990 ¹⁸
1017 3970 1322 4026 equorum,
1373 3951 1652 4023 strepitus
1702 3949 2073 4022 populorum.

429 4049 693 4120 Cumque
723 4062 901 4120 prope
931 4061 993 4101 se
1025 4043 1449 4114 conjungerent
1478 4038 1680 4096 ﬁdeles
1710 4039 1921 4124 Christi
1953 4055 2077 4094 ora-

426 4139 635 4194 verunt
663 4135 955 4190 dicentes:
991 4131 1216 4187 Domine
1241 4132 1370 4187 Jesu
1427 4129 1658 4197 Christe,
1718 4131 1778 4182 tu
1842 4127 2074 4184 dixisti:

431 4227 545 4300 Qui
571 4223 866 4280 manducet
879 4236 1101 4277 carnem
1116 4235 1292 4275 meam
1307 4227 1356 4274 et
1379 4218 1514 4272 bibit
1530 4217 1856 4287 sanguinem
1875 4232 2075 4283 meum,

432 4316 492 4370 in
516 4329 603 4369 me
631 4315 817 4368 manet
837 4318 888 4366 et
919 4325 1012 4379 ego
1042 4309 1105 4363 in
1132 4324 1257 4363 eum
1313 4307 1490 4376 (Joan.
1551 4322 1627 4374 vn,
1667 4307 1785 4373 l7);
1845 4321 1972 4373 ergo
2028 4307 2080 4360 si

432 4403 495 4458 in
517 4401 817 4466 nobiscum,
851 4397 986 4469 quid
1015 4405 1203 4452 contra
1245 4411 1342 4450 nos
1363 4395 1390 4449 ?
1433 4393 1644 4449 Statim
1693 4392 2075 4448 commissum

433 4492 524 4546 est
552 4487 836 4560 praelium.
871 4490 1133 4556 Cumque
1165 4483 1297 4540 forti
1341 4481 1670 4537 intencione
1719 4485 2073 4554 pugnantes,

2194 574 2476 642 terremit,
2510 591 2662 630 anno
2691 575 2784 644 21,
2813 574 3132 632 indictione
3163 576 3212 630 4.
3252 574 3548 632 Sarracini
3609 592 3750 631 vero
3797 577 3847 629 in

2196 679 2438 718 suorum
2471 667 2626 719 terra
2654 663 2777 719 haec
2809 665 3072 731 audiens,
3124 663 3414 738 elegentes
3445 681 3510 720 se
3540 664 3850 720 fortissimi

2196 752 2483 817 viri,sicut
2515 752 2851 808 audivimus
2876 753 3082 826 viginti
3114 752 3278 808 milla
3308 753 3850 821 hominum,dicen-

2194 845 2314 911 tes;
2353 841 2584 896 Grandis
2643 844 3010 912 ignominiam
3065 843 3131 898 de
3178 843 3478 898 occisorum
3533 846 3850 898 nostrorum

2193 935 2526 996 consonant;
2559 947 2746 986 eamus
2775 932 2911 986 illuc
2934 920 2958 986 id
2981 931 3246 1004 Cumque
3277 931 3510 1005 navigio
3547 949 3854 1004 praepara-

2195 1024 2342 1086 rent,
2377 1020 2766 1074 ascenderunt
2795 1025 2854 1076 et
2892 1021 3333 1094 navigaverunt,
3382 1025 3440 1076 et
3488 1022 3766 1076 exierunt
3795 1021 3848 1076 in

2194 1109 2411 1163 ﬁnibus
2443 1113 2867 1165 Beneventana.
2921 1111 3086 1165 Tunc
3139 1110 3416 1166 dixerunt
3465 1126 3569 1182 per
3600 1127 3847 1166 suorum

2194 1197 2448 1252 audacia
2479 1197 2786 1254 elationis:
2823 1199 2963 1267 Quid
2990 1201 3148 1255 nobis
3194 1200 3392 1270 ﬁducie
3441 1199 3648 1256 habere
3694 1199 3842 1254 debe-

2194 1303 2313 1342 mus
2345 1290 2400 1342 in
2429 1288 2659 1343 navibus
2685 1291 2885 1343 nostris
2904 1288 2932 1343 ?
2965 1289 3296 1361 Dissipemus
3341 1305 3452 1355 eas,
3486 1291 3624 1360 quia
3653 1291 3845 1344 Franci

2193 1376 2480 1432 adversum
2506 1393 2604 1432 nos
2630 1378 2778 1433 nihil
2802 1383 3068 1449 possunt;
3103 1387 3152 1434 et
3180 1380 3260 1434 sic
3299 1379 3710 1450 praevaluerint
3745 1378 3841 1432 ad-

2192 1483 2409 1522 versum
2435 1483 2552 1534 nos,
2584 1469 2704 1522 sine
2731 1468 2846 1523 ullo
2875 1471 3022 1524 metu
3051 1469 3114 1522 in
3141 1484 3371 1539 regnum
3427 1471 3685 1522 nostrum
3723 1484 3842 1538 per—

2190 1572 2316 1626 gere
2340 1559 2565 1627 possunt
2586 1561 2604 1610 !
2633 1556 2702 1610 Et
2729 1555 2900 1610 dictis
2933 1556 3124 1623 factis,
3159 1555 3361 1612 Franci
3398 1572 3651 1628 querere
3681 1573 3843 1628 cepe-

2193 1645 2711 1700 runt.Nunciatum
2735 1645 2793 1700 id
2807 1649 2895 1701 est
2917 1645 3626 1717 domnoimperatori,qui
3649 1645 3844 1701 statim

2194 1733 2434 1789 mittens
2465 1733 2830 1806 principibus
2861 1735 2986 1790 suis
3015 1734 3312 1800 Hunroch,
3335 1734 3572 1807 Aget‘rid
3597 1737 3660 1790 et
3678 1735 3842 1803 Boso,

2193 1839 2326 1878 cum
2359 1821 2542 1878 electa
2573 1839 2750 1878 manu
2771 1823 3127 1878 Francorum
3148 1827 3204 1878 et
3220 1823 3749 1895 Langobardorum
3763 1822 3846 1878 vel

2191 1916 2516 1968 ceterorum
2547 1911 2832 1968 nationes.
2864 1913 3194 1985 Jungentes
3226 1927 3289 1968 se
3326 1911 3386 1968 in
3416 1911 3544 1968 loco
3593 1913 3672 1968 ad
3703 1929 3844 1968 san-

2191 2005 2348 2056 ctum
2376 2000 2714 2066 Martinum,
2746 2001 2819 2056 ad
2851 2001 3048 2056 strada
3079 2001 3302 2057 scilicet
3331 2017 3511 2074 prope
3541 2001 3748 2074 Capua
3779 2003 3846 2057 ad

2191 2089 2498 2154 Vulturno,
2531 2089 2684 2145 acies
2715 2089 2849 2144 hinc
2879 2093 2938 2146 et
2977 2090 3133 2156 inde,
3189 2094 3436 2162 utraque
3474 2092 3666 2162 partis
3715 2091 3846 2145 forti

2191 2179 2542 2234 intentiones
2573 2182 2927 2251 pugnantes,
2957 2179 3056 2235 Dei
3088 2179 3401 2251 adjuvante
3439 2179 3846 2236 misericordia

2189 2266 2480 2322 Sarracini
2513 2265 2720 2322 devicti
2751 2269 2807 2321 et
2837 2266 3109 2323 debellati
3140 2274 3281 2322 sunt
3305 2266 3626 2324 multitudo
3672 2268 3845 2324 innu-

2191 2354 2500 2411 merabiles
2524 2355 2685 2426 ;quia
2715 2356 2866 2428 quod
2883 2355 3114 2429 gladius
3133 2356 3648 2424 noninteremit,in
3673 2357 3846 2412 ﬂuvio

2189 2443 2477 2500 Vulturno
2511 2443 2702 2516 negati
2729 2447 2889 2513 sunt,
2921 2444 3130 2517 reliqui
3163 2445 3302 2518 fuga
3331 2446 3477 2500 vis"
3497 2445 3845 2502 evaderunt.

2189 2534 2282 2589 Sic
2313 2533 2414 2588 Dei
2437 2532 2661 2603 judicio
2692 2532 3078 2606 complacuit;
3114 2533 3214 2606 qui
3263 2538 3543 2590 venerant
3579 2533 3843 2600 exaltati,

2188 2622 2320 2677 facti
2355 2625 2494 2677 sunt
2519 2621 2839 2678 humiliati.

2260 2713 2345 2766 16.
2381 2711 2464 2765 Ad
2497 2710 2618 2766 haec
2647 2710 2887 2767 victoria
2915 2715 3162 2784 patrata,
3219 2713 3472 2768 domnus
3522 2713 3848 2785 imperator

2187 2799 2246 2855 in
2264 2799 2571 2855 Beneventi
2593 2799 2808 2872 palatio
2842 2801 3101 2856 sedebat.
3121 2801 3284 2857 Tunc
3311 2800 3585 2858 Adelchis
3617 2802 3844 2874 princi-

2187 2891 2392 2960 patum
2416 2889 2950 2944 Beneventanorum
2971 2889 3230 2962 regebat,
3245 2890 3337 2946 cui
3361 2890 3687 2962 imperator
3706 2908 3772 2948 se
3791 2896 3846 2945 et

2187 2975 2386 3032 omnia
2441 2977 2732 3044 credebat,
2785 2981 2843 3032 et
2891 2977 3202 3034 dilectione
3260 2979 3518 3036 caritatis
3568 2978 3730 3036 inter
3785 2995 3846 3033 se

2187 3064 2429 3121 diliebat
2452 3066 2514 3121 9°.
2547 3065 2789 3121 Anticus
2819 3065 3027 3133 hostis,
3057 3066 3159 3139 qui
3191 3084 3422 3139 semper
3460 3070 3668 3124 contra
3697 3068 3847 3124 dile-

2185 3153 2437 3210 ctionem
2469 3154 2842 3210 inimicitiam
2865 3155 3077 3226 querit,
3109 3161 3489 3229 exsurgentes
3520 3173 3625 3229 per
3654 3155 3848 3212 malos

2112 3223 2154 3291 θ
2191 3243 2481 3312 homines,
2515 3244 2668 3299 inter
2697 3260 2759 3299 se
2788 3223 3011 3299 occ—ulte
3041 3223 3336 3300 dicentes':
3370 3223 3778 3315 Quid-grabati
3806 3247 3846 3279 ²¹

2183 3349 2374 3388 sumus
2403 3333 2501 3387 sub
2526 3336 2844 3404 potestatem
2871 3338 3212 3389 Francorum
3231 3337 3257 3387 .9
3281 3333 3500 3389 Taliter
3539 3335 3842 3390 Beneven-

2185 3421 2308 3478 tani
2339 3439 2441 3494 per
2455 3421 2716 3476 fraudem
2735 3438 2850 3478 uno
2872 3421 3116 3478 consilio
3143 3421 3436 3495 ingemat,
3481 3427 3548 3477 ut
3573 3423 3852 3479 rederent

2185 3511 2230 3545 ²²
2261 3509 2484 3565 malum
2510 3525 2612 3581 pro
2647 3510 2866 3565 bonum
2892 3528 2904 3577 ;
2939 3515 3231 3582 quatenus
3261 3511 3599 3582 ubicunque
3629 3511 3853 3566 ﬁdelis-

2187 3599 2321 3655 simi
2345 3599 2726 3671 imperatores
2749 3599 3236 3670 invenissent,ibi
3265 3600 3649 3666 custodirent,
3683 3604 3748 3654 et
3779 3601 3852 3656 ad

2185 3688 2596 3760 imperatorem
2627 3704 2744 3744 non
2774 3687 3142 3745 dimisissent
3173 3689 3652 3745 redirent.Erant
3681 3689 3852 3744 enim

2185 3778 2390 3834 Franci
2422 3777 2676 3849 separati
2698 3794 2801 3850 per
2830 3777 3100 3834 castellas
3129 3777 3218 3834 vel
3264 3777 3557 3844 civitates,
3588 3777 3852 3834 ﬁdentes

2183 3868 2408 3938 absque
2424 3865 2542 3921 ullo
2563 3867 3106 3935 terrore,credentes
3129 3867 3241 3923 fide
3262 3871 3847 3923 Beneventanorum.

2185 3955 2316 4012 Fuit
2356 3959 2552 4010 autem
2604 3956 2716 4011 iste
2766 3955 3096 4012 contrarius
3143 3954 3521 4012 discessionis
3567 3954 3695 4010 dies
3731 3955 3850 4020 35;

2187 4044 2326 4098 Idus
2355 4041 2602 4114 Augusti
2637 4042 2794 4113 (Aug.
2842 4045 2928 4114 13)
2959 4060 3148 4116 usque
3197 4044 3269 4099 ad
3329 4041 3852 4115 quintodecimum

2186 4130 2476 4186 Kalendas
2525 4130 2802 4187 Octobres
2849 4131 3166 4187 indictione
3212 4133 3266 4187 5.
3327 4132 3440 4188 Sed
3499 4131 3677 4198 Deus,
3743 4132 3855 4203 qui

2186 4222 2401 4280 domno
2433 4219 2786 4292 imperatore
2816 4220 2888 4276 ad
2921 4221 3080 4294 regni
3096 4219 3494 4294 gubernacula
3515 4219 3852 4292 imperialis

2185 4308 2570 4374 ordinaverat,
2605 4325 2740 4363 cum
2770 4308 2897 4380 ipso
2928 4309 3232 4377 erat,sicut
3261 4309 3509 4383 legitur:
3546 4309 3671 4363 ‘Cor
3699 4311 3854 4379 regis

2187 4399 2243 4453 in
2274 4414 2445 4452 manu
2472 4399 2568 4453 Dei
2593 4401 2671 4452 est
2703 4397 2882 4469 (Prov.
2917 4398 3202 4468 xxr,l).Et
3229 4398 3426 4454 taliter
3463 4395 3666 4452 fideles
3705 4414 3852 4452 suos

2189 4487 2260 4542 ad
2292 4501 2428 4541 eum
2456 4485 2651 4540 venire
2701 4484 2853 4542 fecit.
2906 4485 3166 4543 Ccelestis
3219 4487 3397 4542 timor
3436 4490 3636 4542 autem
3667 4502 3853 4558 super

432 4593 596 4634 arma
625 4574 853 4632 celestis
885 4573 1231 4630 confortavit
1265 4569 1648 4638 christianos;
1685 4570 1896 4643 pagani
1941 4586 2075 4626 vero
2107 4589 2155 4654 D
2186 4575 2622 4631 Beneventanos
2654 4574 2874 4642 inruit;
2906 4575 3001 4630 vix
3057 4575 3294 4632 illorum
3342 4576 3474 4642 fuit,
3511 4579 3576 4631 ut
3603 4574 3852 4646 paciﬁca

449 4681 588 4739 erga
610 4667 896 4722 vertentes
928 4661 1114 4735 fugire
1161 4663 1456 4733 ceperunt.
1509 4656 1824 4714 Christiani
1881 4661 2078 4714 autem

2193 4663 2523 4736 potuissent
2550 4661 2684 4719 illos
2714 4663 3212 4730 dimitterent.0ui
3244 4663 3549 4721 letabundi
3577 4664 3850 4719 adomno

428 4757 562 4829 post
582 4771 680 4811 eos
711 4754 1002 4819 cedentes,
1041 4767 1158 4806 non
1189 4749 1520 4817 cessabant,
1555 4749 1740 4804 donec
1767 4746 2084 4802 multitudo
2192 4752 2544 4824 imperatore
2600 4753 2812 4808 reversi
2871 4757 3031 4809 sunt.
3089 4753 3306 4810 Eodem
3366 4769 3518 4810 anno
3593 4751 3849 4819 evoluta,

427 4859 791 4918 paganorum
820 4841 1238 4907 interﬁcerent,
1261 4847 1316 4895 et
1340 4837 1635 4910 stipendia
1677 4835 1952 4909 quicquid
1968 4835 2081 4891 sol-

427 4933 564 4990 dani
596 4931 872 5006 pergebat
903 4927 1490 4987 tullerint.So_ldanus
1516 4926 1636 4982 haec
1650 4926 1919 4992 audiens,
1954 4941 2080 4980 me-

426 5027 526 5080 tus
555 5037 810 5095 magnus
839 5019 1072 5077 tristare
1102 5017 1273 5091 cepit.
1299 5015 1578 5089 Sequenti
1603 5031 1803 5071 mense
1825 5014 2079 5070 Februa-

431 5113 515 5168 rio
545 5114 662 5182 (an.
695 5109 843 5182 871),
880 5109 1084 5182 quinto
1115 5105 1342 5180 capleto
1379 5121 1531 5162 anno
1579 5104 1734 5176 quod
1765 5103 1897 5159 Bari
1941 5119 2076 5175 pos-

429 5217 626 5258 sessas
655 5198 926 5267 habebat,
977 5198 1231 5253 domnus
1278 5195 1595 5266 imperator
1635 5190 2077 5264 comprehendit

2191 4839 2380 4896 multa
2390 4840 2561 4912 signa
2573 4845 2898 4898 monstrata
2910 4841 3291 4898 sunt.V’inum
3304 4842 3598 4915 quomodo
3644 4841 3850 4897 vinde-

2190 4927 2439 4984 miatum
2460 4936 2514 4984 et
2541 4928 2698 4984 intra
2724 4929 2964 4986 vascula
2995 4931 3039 4966 ³³
3071 4930 3274 4999 misso,
3308 4931 3508 4988 statim
3541 4928 3851 4986 turbulen-

2185 5020 2302 5083 tus,
2335 5017 2435 5090 qui
2465 5017 2683 5074 dicitur
2711 5019 3126 5090 versio,t‘uit.ln
3155 5019 3286 5093 ipsa
3345 5019 3565 5094 pascha
3611 5017 3850 5075 Domini

2187 5121 2289 5178 per
2323 5106 2558 5163 arbores
2589 5104 2672 5161 vel
2708 5105 2849 5163 folia
2879 5111 2934 5163 et
2967 5108 3194 5182 reliqua
3223 5109 3352 5166 loca
3388 5108 3636 5181 parebat
3677 5105 3855 5180 quasi

2183 5197 2338 5250 terra
2367 5195 2674 5266 pluvisset,
2709 5197 2978 5269 sequenti
3011 5203 3208 5255 autem
3239 5199 3359 5271 (an.
3395 5197 3524 5270 872)
3555 5197 3588 5252 4
3647 5195 3854 5253 Nonas

1794 5307 2038 5363 VARL‘E
2078 5307 2486 5365 LECTIONES.

500 5405 613 5476 ‘fi.
645 5420 692 5458 e.
723 5401 1042 5476 gallicinio.
1092 5400 1160 5476 _“
1193 5401 1232 5456 i.
1265 5415 1313 5457 e.
1345 5399 1635 5456 hinnitus.
1714 5398 1756 5434 ¹⁹
1785 5399 1826 5454 i.
1858 5413 1906 5454 e.
1931 5395 2044 5453 vix.
2123 5396 2166 5432 ²⁰
2195 5399 2235 5453 i.
2265 5414 2313 5454 e.
2347 5398 2646 5473 diligebat.
2695 5401 3008 5475 Antiquus.
3087 5403 3127 5438 ²¹
3162 5405 3204 5459 i.
3233 5418 3281 5459 e.
3323 5399 3565 5476 gravati.
3644 5399 3692 5435 "
3726 5399 3774 5455 i.
3805 5413 3855 5454 e.

2027 5555 2263 5616 NOTAE.-

432 5471 759 5531 redderent'.
834 5475 880 5509 ⁸³
909 5471 1152 5531 uescula
1177 5489 1226 5529 ε.

503 5632 615 5708 (11)
647 5632 710 5690 In
741 5631 1024 5690 Calabria.
