3968 6158
119 372 258 437 1277

1177 370 1545 436 ANDREAS
1586 368 2049 434 PRESBYTER
2091 369 2438 436 BEBGOM.

3348 360 3504 429 l278

115 509 254 582 Magi
285 509 496 582 pruina
523 507 750 576 cecidit,
783 505 965 564 multe
990 505 1136 564 vites
1165 507 1225 562 in
1257 506 1610 578 planislocis
1639 523 1740 560 seu
1773 504 1828 570 Α
1931 511 2016 563 18.
2052 510 2186 564 Post
2210 509 2382 580 cujus
2407 507 2632 564 obitum
2665 524 2880 581 magna
2907 505 3209 564 tribulatio
3253 506 3314 563 in
3336 509 3505 563 Italia

114 599 168 654 in
195 598 441 656 vallibus
463 598 734 671 palmites
754 615 887 654 cum
923 614 1033 653 uva
1062 597 1446 662 siccaverunt,
1479 595 1750 652 similiter
1858 596 2107 652 advenit.
2141 597 2487 670 Colligentes
2518 613 2579 652 se
2605 599 2856 667 majores
2887 597 3006 652 nati
3057 596 3116 652 in
3149 597 3377 652 civitate
3407 597 3500 652 Ti-

112 690 164 742 et
190 687 360 743 silvcs
390 688 434 722 ²⁴
465 688 846 743 tenerrimum
886 704 1020 742 cum
1053 703 1160 742 sua
1191 686 1327 742 folia
1385 685 1544 742 aride
1602 686 1748 741 facte

109 777 543 849 sunt.Sequenti
577 781 771 833 autem
806 793 1004 833 mense
1032 778 1292 848 Augusto
1327 776 1644 830 multarum
1669 775 1746 829 lo-

109 869 402 920 custarum
437 866 669 921 advenit
697 866 768 920 de
796 864 1102 921 Vicentina
1145 865 1409 938 partibus
1438 865 1496 919 in
1531 865 1746 920 ﬁnibus

107 955 372 1010 Bresiana
399 956 462 1022 ’⁸,
497 954 703 1010 deinde
743 955 801 1008 in
856 954 1264 1010 Cremonensis
1315 954 1576 1018 finibus;
1612 954 1745 1008 inde

105 1057 232 1097 vero
263 1046 639 1114 perrexerunt
667 1042 725 1096 in
763 1043 1079 1098 Laudensis
1102 1043 1386 1114 partibus,
1419 1043 1540 1098 sive
1569 1042 1744 1098 etiam

109 1129 164 1184 in
197 1129 664 1186 Mediolanensis.
699 1131 876 1185 Erant
905 1131 1062 1186 enim
1108 1136 1316 1187 unates
1347 1132 1744 1203 pergentibus,

108 1218 253 1274 sicut
296 1217 568 1274 Salamon
615 1219 793 1275 dixit:
828 1222 1084 1275 Locustas
1133 1237 1315 1290 regem
1367 1238 1477 1276 non
1525 1221 1742 1286 habent,

103 1311 178 1362 set
198 1322 298 1378 per
326 1311 538 1362 turmas
581 1307 878 1362 ascendunt
918 1309 1101 1379 (Prov.
1135 1326 1264 1376 xxx,
1297 1310 1410 1380 27).
1472 1313 1744 1364 Devasta-

101 1399 306 1450 verunt
333 1396 491 1451 enim
521 1395 743 1451 multas
771 1413 982 1469 granas
1013 1399 1289 1465 minutas,
1324 1399 1383 1452 id
1436 1402 1524 1454 est
1563 1397 1746 1453 millio

101 1482 187 1538 vel
217 1485 444 1556 panico.
476 1485 759 1556 Completi
797 1503 950 1542 anno
972 1487 1290 1542 centesimo
1315 1502 1384 1542 ex
1414 1504 1480 1543 eo
1505 1488 1548 1521 ²⁶
1575 1488 1747 1542 Fran-

103 1588 302 1628 corum
325 1588 470 1646 gens
500 1573 672 1630 Italia
700 1575 949 1648 ingressi
982 1576 1550 1646 sunt(an.873),anno
1581 1576 1744 1631 dom-

101 1660 481 1718 niHludovici
503 1662 874 1735 imperatoris
895 1665 986 1732 23,
1021 1669 1079 1720 et
1121 1681 1308 1720 mens.
1343 1666 1395 1731 4,
1429 1664 1746 1720 indictione

99 1750 134 1804 6
163 1748 347 1804 ﬁnita.
380 1750 745 1824 Ingrediente
782 1755 816 1806 7
864 1753 1202 1822 indictione,
1235 1753 1343 1808 hoc
1392 1758 1481 1809 est
1537 1753 1674 1808 anni
1704 1755 1746 1788 ³⁷

101 1839 518 1896 incarnationis
551 1841 771 1896 domini
806 1843 989 1897 nostri
1015 1842 1154 1898 Jesu
1195 1843 1406 1898 Christi
1456 1843 1742 1915 octogenti
1778 1875 1824 1939 Β

100 1928 472 2000 septuaginta
501 1933 620 1984 tres
650 1929 950 1997 transacti,
987 1931 1300 2003 imperator
1346 1949 1477 1987 vero
1509 1931 1746 1988 veniens

100 2017 173 2072 de
203 2015 420 2072 ﬁnibus
452 2018 857 2075 Beneventaoa
909 2024 1041 2092 post
1090 2020 1275 2075 multa
1303 2021 1542 2075 victoria
1572 2037 1749 2092 super

101 2105 392 2161 Sarracini
425 2106 596 2162 facta.

173 2195 256 2249 17.
293 2193 476 2266 Igitur
506 2201 637 2267 post
662 2213 905 2263 annum,
942 2197 1049 2253 hoc
1081 2203 1165 2252 est
1217 2197 1532 2253 indictione
1569 2202 1602 2253 8
1631 2200 1742 2270 (an.

93 2282 244 2352 875),
277 2281 446 2338 stella
473 2285 718 2339 cometis
747 2285 807 2340 in
840 2285 982 2341 ccelo
1041 2288 1388 2358 comparuit,
1425 2286 1748 2342 similitudo

91 2371 457 2427 radientibus
488 2372 806 2446 longinque
837 2376 1018 2431 caude
1065 2393 1167 2447 per
1195 2380 1382 2431 totum
1417 2393 1615 2432 mense
1641 2377 1746 2431 Ju-

92 2458 282 2528 nium,
315 2477 487 2516 mane
542 2465 600 2517 et
630 2479 885 2534 vespere.
947 2464 1167 2520 Deinde
1222 2464 1282 2520 in
1342 2481 1543 2521 mense
1587 2465 1747 2521 Julio

91 2548 390 2604 Sarracini
409 2556 693 2606 venerunt
723 2553 871 2623 (Jun.
908 2554 1016 2622 13),
1052 2557 1109 2608 et
1151 2553 1378 2610 civitate
1409 2553 1748 2610 Cummaclo

90 2638 334 2710 (12-13),
369 2638 503 2710 igne
534 2645 958 2696 cremaverunt.
990 2643 1267 2714 Sequenti
1301 2651 1495 2698 autem
1549 2660 1748 2699 mense

85 2728 354 2800 Augusto
378 2725 760 2785 Hludowicus
777 2730 1088 2801 imperator
1108 2732 1417 2787 defunctus
1439 2737 1546 2797 est,
1564 2732 1748 2804 pridie

89 2815 233 2872 Idus
265 2815 516 2888 Augusti
549 2817 718 2888 (Aug.
756 2817 864 2890 l2),
901 2818 956 2873 in
985 2819 1202 2875 ﬁnibus
1240 2821 1537 2877 Bresiana.
1570 2824 1748 2877 Anto-

86 2903 230 2959 nius
260 2904 729 2970 vero,Bresciane
761 2907 1237 2980 episcopus,tnlit
1267 2927 1478 2982 corpus
1511 2912 1660 2981 ejus,
1694 2914 1751 2966 et

91 2993 298 3065 posuit
327 3009 461 3048 eum
493 2993 550 3049 in
585 2995 894 3067 sepulchro
925 2997 984 3052 in
1005 2997 1249 3053 ecclesia
1281 3004 1496 3055 sancta:
1531 3000 1745 3069 Mariae,

87 3081 197 3137 ubi
238 3097 448 3154 corpus
506 3085 693 3138 sancti
751 3085 1035 3140 Filastriei
1096 3087 1363 3158 quiescit.
1419 3093 1748 3160 Anspertus

86 3170 550 3227 Mediolanensis
571 3172 1046 3246 archiepiscopus
1061 3177 1350 3231 mandans
1364 3177 1411 3232 ei
1441 3194 1542 3248 per
1565 3177 1748 3233 archi-

81 3259 404 3327 diaconum
430 3266 698 3330 suum,ut
729 3243 1175 3336 reddat—corpus
1201 3265 1344 3320 illud
1374 3284 1386 3333 ;
1419 3243 1516 3322 ille
1547 3271 1743 3322 autem
1778 3243 1820 3309 (ἶ

77 3348 294 3404 noluit.
323 3350 485 3404 Tunc
515 3351 805 3407 mandans
840 3352 1137 3407 Garibaldi
1183 3354 1592 3427 Bergomensis
1624 3357 1746 3428 epi-

78 3454 304 3510 scopus
335 3442 392 3493 et
433 3438 728 3495 Benedicti
777 3441 1188 3497 Cremonensis
1239 3443 1552 3516 episcopus
1612 3462 1745 3500 cum

77 3542 336 3582 suorum
367 3528 700 3583 sacerdotes
760 3533 817 3583 et
872 3535 1080 3585 cuncto
1134 3530 1284 3586 clero
1344 3533 1558 3599 venire,
1593 3534 1749 3589 sicut

76 3615 218 3687 ipse
269 3614 742 3688 archiepiscopus
802 3617 1068 3674 faciebat.
1129 3620 1433 3692 Episcopis
1490 3639 1620 3677 vero
1672 3623 1750 3678 ita

78 3703 357 3759 fecerunt
373 3709 430 3759 et
453 3703 591 3759 illuc
613 3711 1013 3777 perrexerunt;
1048 3708 1344 3764 trahentes
1370 3727 1505 3765 eum
1532 3728 1566 3765 a
1598 3715 1750 3766 terra

77 3796 146 3849 et
177 3791 426 3848 miriﬁce
456 3795 814 3862 condientes,
843 3796 970 3852 dies
1001 3797 1204 3868 quinto
1255 3803 1388 3870 post
1431 3801 1747 3856 transitum

78 3880 150 3935 in
185 3879 460 3951 pharetro
495 3889 840 3955 posuerunt,
870 3901 1003 3940 cum
1036 3886 1195 3941 omni
1243 3886 1482 3952 honore,
1513 3888 1749 3960 hymnis

78 3970 212 4026 Deo
246 3968 658 4041 psallentibus,
683 3971 741 4026 in
773 3973 1168 4030 Mediolanum
1199 3977 1608 4047 perduxerunt.
1646 3978 1749 4033 Ve-

51 4049 331 4114 ritatem
362 4057 424 4113 in
453 4058 683 4115 Christo
714 4059 1030 4133 loquor:ibi
1055 4063 1135 4118 fui
1156 4068 1212 4119 et
1241 4069 1466 4135 partem
1489 4064 1746 4137 aliquam

76 4145 405 4219 portavi,et
435 4163 570 4203 eum
600 4150 970 4220 portantibus
994 4151 1288 4206 ambulavi
1321 4170 1354 4207 a
1385 4153 1625 4209 ﬂumine
1647 4156 1747 4226 qui

71 4233 466 4292 diciturOleo
488 4253 675 4307 usque
723 4237 794 4291 ad
836 4236 1053 4293 ﬁumen
1085 4240 1252 4293 Adua
1283 4241 1413 4311 (14).
1445 4243 1748 4299 Adductus

66 4323 273 4395 igitur
300 4323 359 4376 in
391 4322 620 4379 civitate
651 4341 786 4379 cum
818 4342 1032 4397 magno
1067 4326 1290 4382 honore
1322 4329 1746 4386 etlaerimabili

68 4412 257 4476 ﬂetu,
291 4409 350 4464 in
382 4410 628 4467 ecclesia
657 4412 808 4468 beati
847 4415 1139 4470 Ambrosii
1191 4417 1541 4473 confessoris
1583 4437 1742 4491 sepe-

66 4500 312 4555 lierunt
341 4498 433 4554 die
464 4498 787 4572 septimane
827 4518 946 4557 suae
978 4502 1090 4575 (an.
1124 4506 1272 4575 875).
1306 4505 1413 4568 Qui
1444 4505 1748 4577 imperavit

75 4603 289 4644 annos
320 4588 409 4656 32,
441 4587 500 4644 id
527 4589 570 4624 ³⁸
602 4592 692 4644 est
718 4589 944 4646 vivente
996 4596 1159 4663 patre
1209 4609 1393 4648 annos
1427 4596 1494 4648 12
1523 4596 1588 4661 ’9,
1618 4599 1750 4667 post
1780 4603 1826 4666 D

76 4679 354 4734 mortem
385 4678 568 4749 patris
598 4679 644 4713 ³ο
673 4695 860 4736 annos
883 4681 973 4736 20.

1859 686 1988 741 cino
2021 687 2198 742 simul
2229 704 2365 742 cum
2395 685 2757 758 Angelberga
2789 701 3033 740 suorum
3065 685 3265 758 regina
3301 703 3502 742 mense

1855 777 2179 847 Septembri
2214 775 2528 830 indictione
2561 776 2796 840 nona,et
2828 790 3066 845 pravum
3098 779 3334 846 agentes
3366 792 3499 830 con-

1857 864 2078 932 silium,
2113 870 2400 938 quatenus
2431 864 2501 919 ad
2533 864 2649 918 duo
2681 863 3026 917 mandarent
3056 863 3387 934 regnum,id
3413 869 3504 920 est

1856 954 2050 1010 Karoli
2082 955 2141 1009 in
2179 954 2418 1010 Francia
2449 958 2508 1009 et
2556 953 2870 1008 [lludovico
2923 951 2979 1005 in
3013 951 3320 1022 Bajoaria;
3354 952 3506 1008 sicut

1856 1050 1913 1100 et
1957 1045 2236 1100 fecerunt.
2289 1046 2453 1099 Tunc
2504 1041 2742 1097 Carolus
2791 1040 3053 1106 veniens,
3113 1040 3378 1096 nesciens
3435 1043 3506 1098 de

1855 1134 2192 1189 Hludovico.
2252 1133 2605 1188 Hludovicus
2665 1130 2966 1186 nesciebat
3023 1130 3178 1201 quod
3259 1129 3504 1187 Karolus

1854 1222 2298 1287 venisset,misit
2319 1220 2505 1275 ﬁlium
2529 1236 2702 1276 suum
2734 1219 2976 1274 Karolus
3000 1217 3254 1285 nomine,
3271 1223 3507 1291 propter

1855 1311 2193 1367 distantiam
2242 1311 2508 1366 homines
2558 1314 2838 1382 ceperunt
2881 1307 3148 1364 Karoleto
3179 1306 3501 1365 nominare.

1855 1400 2062 1456 Karolo
2112 1417 2210 1455 rex
2266 1400 2505 1455 veniens
2557 1399 2816 1470 Papiam,
2859 1396 3117 1452 Karolito
3175 1397 3233 1451 in
3289 1397 3506 1453 ﬁnibus

1855 1488 2327 1545 Mediolanensis.
2360 1488 2580 1559 Cuique
2610 1504 2739 1542 cum
2774 1487 2844 1542 de
2864 1491 3138 1558 patruum
3158 1503 3334 1542 suum
3349 1503 3506 1542 com-

1855 1583 2083 1650 pertum
2111 1578 2317 1633 fuisset
2337 1577 2491 1649 quod
2514 1581 2669 1632 esset
2690 1576 2747 1631 in
2775 1575 2966 1647 Papia,
3005 1579 3286 1647 ceperunt
3316 1575 3505 1630 homi-

1857 1683 1960 1722 nes
2013 1666 2112 1739 qui
2171 1683 2231 1721 se
2280 1666 2492 1722 Carlito
2552 1667 2984 1736 conjunxerunt
3043 1664 3229 1719 multa
3287 1663 3511 1720 malitia

1859 1756 2041 1811 facere
2069 1774 2081 1824 ;
2108 1755 2215 1810 hoc
2246 1759 2336 1810 est
2367 1754 2745 1826 Beringherio
2771 1771 2904 1810 cum
2935 1752 3159 1826 reliqua
3189 1753 3507 1810 multitudo

1857 1845 2056 1900 statim
2086 1849 2372 1900 venerunt
2403 1845 2458 1898 in
2492 1843 2710 1898 ﬁnibus
2754 1841 3185 1916 Bergomensis.
3219 1842 3509 1898 residente

1856 1934 1914 1988 in
1943 1933 2296 1990 monasterio
2328 1935 2470 1989 Fara
2523 1950 2627 2005 per
2673 1931 3015 1988 aebdomada
3063 1949 3199 1996 una,
3234 1931 3509 1988 domibus

1856 2023 2246 2090 devastantes,
2274 2021 2560 2078 adulteria
2589 2021 2674 2078 vel
2706 2021 2980 2077 incendia
3012 2021 3312 2077 facientes.
3344 2021 3511 2078 Tunc

1857 2111 2028 2167 multi
2060 2112 2466 2184 Bergomensis
2491 2110 2883 2183 relinquentes
2934 2111 3138 2165 domos
3171 2127 3310 2166 suas
3339 2109 3511 2182 plena

1856 2203 1990 2257 vino
2005 2209 2061 2257 et
2080 2204 2530 2271 anona,tantum
2555 2216 2688 2255 cum
2709 2200 2992 2255 uxoribus
3013 2203 3070 2255 et
3099 2204 3510 2272 paramentum

1858 2290 1917 2345 in
1949 2290 2180 2346 civitate
2220 2289 2309 2343 vel
2359 2288 2418 2342 in
2473 2288 2775 2343 montibus
2830 2292 3228 2360 perrexerunt.
3261 2286 3512 2344 Karolus

1857 2397 1958 2434 rex
1983 2379 2106 2434 hzec
2164 2379 2430 2444 audiens,
2465 2377 2663 2433 statim
2726 2395 2841 2449 prae
2902 2376 3048 2448 ipsis
3106 2376 3512 2433 malefactores

1858 2486 1991 2523 cum
2025 2466 2341 2522 multitudo
2375 2466 2727 2539 populorum
2760 2466 3011 2539 perrexit
3031 2466 3102 2521 de
3133 2466 3352 2521 ﬁnibus
3375 2466 3512 2521 Ber-

1858 2557 2154 2630 gomensis
2182 2557 2238 2610 in
2265 2555 2559 2620 Bresiana,
2592 2554 2726 2610 inde
2749 2555 2806 2609 in
2849 2555 3096 2621 Verona,
3122 2555 3256 2610 inde
3285 2571 3419 2610 vero
3449 2553 3509 2610 in

1858 2647 2116 2702 Mantua.
2151 2644 2372 2699 Karlito
2405 2645 2655 2716 perrexit
2684 2644 2744 2699 in
2793 2643 3076 2716 Bajoaria.
3111 2644 3273 2699 Tunc
3306 2643 3509 2699 Karlo-

1858 2752 2015 2798 man,
2048 2751 2364 2806 germanus
2391 2735 2539 2804 ejus,
2573 2733 2806 2789 obviam
2865 2733 3102 2789 veniens
3163 2732 3357 2789 Karoli
3411 2749 3510 2788 rex

1858 2824 2100 2880 barbani
2132 2825 2172 2858 ³⁸
2207 2826 2318 2894 (15)
2351 2823 2462 2888 sui,
2498 2823 2567 2877 ad
2604 2823 2848 2878 ﬂuvium
2892 2823 2991 2894 qui
3030 2822 3245 2877 dicitur
3276 2823 3508 2889 Brenta,

1857 2918 1916 2968 et
1944 2911 2202 2984 paciﬁcis
2232 2911 2424 2967 verbis
2456 2927 2518 2966 se
2577 2912 2648 2966 ad
2696 2911 2943 2967 invicem
3005 2910 3426 2976 salutaverunt,
3459 2913 3516 2966 et

1861 3007 2092 3073 pactum
2117 3018 2302 3072 usque
2326 3001 2384 3055 in
2417 3017 2680 3056 mensem
2709 3000 2900 3055 Madio
2919 2999 3517 3056 ﬁrmaverunt.Carlo-

1859 3105 2113 3144 manuus
2143 3087 2247 3143 ivit
2276 3088 2336 3143 in
2383 3088 2669 3158 Bajoaria.
2707 3087 2954 3143 Karolus
3011 3105 3111 3142 rex
3159 3087 3412 3160 perrexit
3441 3089 3514 3143 ad

1860 3179 2128 3244 Romam,
2161 3181 2218 3232 et
2239 3177 2309 3231 ad
2332 3176 2636 3232 ecclesiam
2664 3176 2816 3231 beati
2841 3175 2995 3230 Petri
3029 3175 3179 3230 dona
3200 3174 3412 3231 obtulit
3441 3176 3515 3231 ab

1859 3266 2174 3338 apostolico
2200 3266 2463 3321 Johanne
2499 3268 2807 3331 unctus,et
2838 3265 3056 3320 honore
3089 3263 3321 3336 imperii
3354 3281 3514 3320 coro-

1857 3360 2030 3411 natus
2061 3357 2203 3426 (Dec.
2236 3356 2351 3425 25),
2384 3354 2443 3408 in
2492 3353 2674 3425 Papia
2720 3370 2988 3409 reversus
3033 3358 3144 3419 est,
3181 3370 3382 3410 mense
3409 3353 3514 3410 Ja-

1857 3445 2084 3510 nuario,
2119 3443 2519 3516 suprascripta
2549 3442 2865 3498 indictione
2895 3459 3048 3497 nona
3075 3443 3140 3497 3’.

1931 3552 2016 3606 19.
2051 3555 2310 3622 Cumque
2340 3550 2494 3606 idem
2539 3548 2785 3604 Karolus
2833 3549 3154 3620 imperator
3209 3549 3280 3604 de
3332 3549 3519 3604 Roma

1860 3657 2127 3696 reversus
2159 3641 2215 3694 in
2265 3640 2446 3712 Papia
2492 3640 2721 3695 sederet
2751 3639 2865 3709 (an.
2899 3639 3050 3710 876),
3086 3638 3310 3693 audivit
3357 3638 3513 3710 quod

1858 3728 2313 3794 Karlomannus,
2330 3727 2629 3783 Hludovici
2653 3727 2832 3793 ﬁlius,
2857 3732 3060 3783 contra
3082 3743 3217 3782 eum
3248 3727 3476 3782 veniret
3499 3745 3512 3794 ;

1858 3833 2112 3887 cumque
2135 3816 2454 3872 exercitum
2496 3833 2672 3871 suum
2699 3817 2957 3872 adunare
2989 3815 3162 3871 vellet
3192 3821 3250 3870 et
3281 3832 3417 3870 cum
3449 3832 3514 3870 eo

1858 3904 2078 3960 bellum
2111 3921 2308 3977 gerere
2339 3904 2610 3975 (an.877),
2639 3904 2882 3974 quidam
2912 3904 2982 3958 de
3015 3903 3229 3969 suis,in
3264 3919 3516 3973 quorum

1859 3993 2199 4049 ﬁdelitatem
2231 3993 2482 4048 maxime
2534 3991 2886 4058 conﬁdebat,
2919 3992 2990 4046 ab
3051 4007 3116 4046 eo
3179 3990 3408 4056 defecti,
3443 3991 3515 4046 ad

1858 4082 2306 4137 Carlemannum
2336 4097 2398 4136 se
2454 4080 2872 4150 oonjungebat.
2935 4079 3096 4142 Quod
3145 4078 3242 4133 ille
3284 4078 3512 4144 videns,

1857 4173 2056 4244 fugam
2090 4169 2220 4225 iniit
2245 4174 2303 4224 et
2329 4167 2576 4224 Galliam
2611 4168 2929 4240 repedavit,
2947 4166 3263 4238 statimque
3295 4167 3352 4222 in
3387 4166 3515 4238 ipso

1859 4260 2061 4315 itinere
2116 4264 2384 4314 mortuus
2436 4263 2525 4313 est
2580 4258 2713 4329 (Oct.
2763 4258 2840 4329 6).
2900 4256 3324 4312 Carlomannus
3382 4273 3516 4311 vero

1857 4366 2100 4422 regnum
2137 4347 2298 4402 ltalie
2329 4346 2670 4419 disponens,
2697 4351 2828 4417 post
2851 4363 2966 4401 non
3000 4343 3254 4400 multum
3277 4349 3516 4416 tempus

1855 4437 1927 4492 ad
1961 4439 2186 4508 patrem
2215 4436 2260 4470 ³³
2289 4436 2346 4490 in
2379 4434 2707 4505 Bajoariam
2734 4450 3001 4490 reversus
3033 4437 3122 4490 est
3151 4432 3512 4505 (Dec.).lnter

1856 4525 1976 4580 haec
2008 4523 2363 4580 Hludovicus
2395 4541 2510 4579 rex.
2597 4567 2608 4578 .
2692 4565 2704 4577 .
2787 4567 2798 4578 .

1447 4807 1684 4865 VARUE
1724 4810 2135 4868 LECTIONES.

149 4899 204 4933 “
235 4899 276 4953 ἱ.
309 4915 355 4954 e.
390 4899 566 4972 silvis.
643 4902 688 4936 ³⁵
717 4904 757 4957 2'.
791 4919 837 4958 ε.
871 4904 1180 4960 Brixianis.
1213 4906 1258 4940 ³⁸
1288 4908 1326 4972 z',
1359 4922 1406 4961 e.

1443 4922 1578 4978 quo.
1657 4909 1700 4943 ³⁷
1731 4927 1868 4965 ann.
1896 4927 1942 4964 c.
1967 4911 1995 4964 ‘?
2068 4909 2110 4943 ²³
2145 4907 2202 4962 id
2234 4937 2302 4946 —-
2326 4906 2438 4961 XX.
2483 4908 2540 4960 in
2571 4904 3068 4978 margineﬁaddita
3115 4913 3264 4959 sunt.
3336 4905 3386 4978 7”
3435 4907 3515 4959 ita

57 4973 373 5032 correxit;
402 4971 514 5028 VI:
546 4988 592 5029 zz
627 4977 727 5029 aut
753 4975 825 5031 XI
852 4992 864 5030 :
887 4991 934 5031 ::
966 4992 1014 5030 c.
1046 4976 1092 5010 3°
1123 4971 1330 5033 matris
1353 4994 1400 5033 c.
1434 4971 1475 5012 ³ί
1505 4980 1585 5034 ita
1611 4983 1849 5036 correxit
1877 4999 1889 5049 ;
1924 4980 2242 5036 barbam.”
2261 4978 2388 5034 hinc
2409 4993 2606 5032 manus
2630 4971 2809 5032 tertia.
2837 4977 2882 5011 ³³
2912 4976 2984 5032 ad
3016 4979 3240 5048 patrem
3261 4977 3508 5032 minimc.

1686 5103 1912 5160 NOT/E.

183 5182 372 5254 12-13)
395 5182 760 5254 Gomacchio.

192 5253 285 5336 t4)
314 5253 545 5311 seilicet
574 5272 677 5328 per
705 5257 850 5313 ﬁnes
881 5256 1254 5330 episcopatus
1286 5259 1716 5332 Bergomensis,
1755 5264 1911 5320 unde
1940 5265 2231 5320 Andream
2262 5264 2711 5336 Bergomensem
2763 5263 3166 5336 presbyterum
3220 5261 3402 5318 fuisse
3430 5261 3511 5317 ef-

70 5328 320 5384 ﬁcitur.

158 5395 288 5469 (45)
317 5397 360 5451 1.
392 5412 439 5452 e.
472 5397 688 5470 patrui.
