3948 6168
177 231 334 308 1281

177 455 346 512 Italia
374 453 636 511 abduxit.

245 545 413 600 Anno
437 542 534 599 771
565 542 952 599 Carlmannus
973 541 1224 598 decessit
1241 544 1277 595 2
1295 540 1442 597 Non.
1467 537 1821 608 Decembris,

176 634 350 706 cujus
381 649 526 689 uxor
555 636 613 688 et
641 629 745 687 ﬁlii
774 631 1004 688 Italiam
1028 631 1289 687 veniunt.

248 719 452 778 Carlus
484 737 588 794 pro
619 721 954 778 defensione
981 720 1168 777 sancti
1191 719 1340 776 Petri
1364 719 1436 774 ad
1463 717 1825 774 Hadrianum

174 810 512 884 pontiﬁcem
539 809 785 866 Romam
816 809 990 876 venit,
1025 809 1176 866 victo
1221 807 1538 866 Desiderio.

247 902 415 956 Anno
443 893 551 954 778
573 899 776 955 Carlus
792 898 851 954 in
873 899 1154 972 Hispania
1175 897 1574 970 Pampilonem
1597 897 1824 952 destru-

175 989 280 1044 xit.

248 1079 414 1134 Anno
443 1076 540 1132 781
579 1075 843 1148 Pipinus,
875 1077 1034 1133 ﬁlius
1063 1075 1236 1145 Carli,
1271 1076 1466 1132 Roma:
1500 1074 1830 1147 baptisatur

181 1167 254 1222 ab
285 1165 577 1222 Hadriano
608 1165 907 1238 pontiﬁce.
939 1166 1058 1221 Hoc
1088 1181 1240 1220 anno
1270 1164 1505 1238 signum
1544 1163 1734 1219 crucis
1764 1162 1826 1218 in

178 1255 548 1312 vestimentis
577 1253 886 1310 hominum
913 1255 1106 1312 visum
1128 1258 1235 1322 est,
1269 1257 1326 1310 et
1354 1253 1598 1327 sanguis
1630 1270 1661 1308 e
1686 1252 1826 1308 caelo

178 1345 241 1400 in
273 1346 490 1400 terram
522 1343 710 1399 ﬂuxit.

249 1435 417 1490 Anno
445 1434 552 1488 786
582 1432 784 1490 Carlus
805 1434 1196 1490 Beneventum
1219 1436 1512 1506 expugnat
1529 1432 1681 1488 victo
1706 1429 1829 1486 Gri-

178 1521 438 1590 mualdo,
473 1521 592 1578 ﬁlio
621 1523 849 1596 Aragisi
880 1522 1416 1579 Beneventanorum
1457 1520 1645 1577 ducis.
1689 1521 1826 1576 Her-

176 1612 488 1683 nodrudis,
521 1610 640 1668 ﬁlia
671 1613 846 1684 regis,
875 1628 908 1668 a
937 1612 1318 1668 Constantino
1350 1611 1699 1683 imperatore
1729 1610 1827 1666 de-

176 1705 516 1774 sponsatur.

247 1793 413 1846 Anno
442 1791 548 1844 787
576 1793 909 1846 Grmcorum
941 1789 1228 1846 exercitus
1259 1807 1292 1844 a
1323 1789 1580 1858 Francis,
1608 1789 1830 1862 Longo-

172 1879 376 1935 bardis
406 1883 464 1935 et
492 1879 912 1935 Beneventanis
945 1883 1278 1952 superatur.

215 1960 414 2023 'Anno
442 1967 550 2022 796
581 1968 832 2023 moritur
878 1967 1192 2036 Adrianus,
1245 1968 1336 2023 cui
1389 1967 1672 2024 successit
1721 1967 1832 2022 Leo

181 2057 464 2132 pontifex.

250 2148 418 2202 Anno
444 2145 553 2200 797
582 2145 1268 2220 Constantinopolitanus
1298 2147 1614 2219 imperator
1651 2162 1832 2202 excae-

183 2239 356 2291 catus
385 2239 490 2291 est.

258 2324 426 2379 Anno
455 2324 551 2380 801
583 2323 642 2379 in
660 2325 752 2380 die
773 2323 987 2380 natalis
1008 2324 1240 2380 Domini
1260 2328 1392 2381 ante
1409 2324 1832 2381 confessionem

185 2412 343 2468 beati
375 2413 526 2469 Petri
549 2413 658 2470 Leo
682 2430 957 2470 coronam
978 2413 1141 2470 Carlo
1163 2413 1461 2488 imposuit;
1486 2417 1626 2470 tunc
1652 2429 1834 2486 pepu-

167 2501 282 2558 'lus
312 2502 612 2559 Romanus
643 2500 945 2559 clamavit:
981 2503 1140 2558 Carlo
1192 2504 1428 2574 Augusto
1457 2521 1491 2558 a
1534 2507 1643 2558 Deo
1685 2519 1835 2559 coro-

179 2598 316 2646 nato
339 2606 538 2660 magno
572 2599 624 2646 et
664 2592 910 2663 pacifera
953 2593 1273 2664 imperatori
1314 2595 1680 2648 Romanorum
1728 2593 1838 2648 vita

178 2682 235 2734 et
253 2669 518 2746 victoria!
539 2679 679 2735 Inde
701 2695 860 2735 more
881 2680 1254 2752 antiquorum
1278 2681 1609 2754 principum
1632 2681 1836 2737 adora-

177 2771 302 2824 tus.
329 2761 456 2824 Hoc
489 2784 644 2824 anno
671 2769 708 2824 2
737 2769 984 2825 Kalend.
1017 2769 1152 2825 Maii
1183 2773 1347 2825 terrae
1379 2775 1575 2826 motus
1596 2771 1706 2826 fuit
1735 2787 1837 2842 per

178 2859 370 2912 totam
403 2856 651 2928 Italiam,
685 2862 752 2913 ut
781 2859 957 2915 urbes
988 2864 1242 2924 ruerent,
1266 2864 1322 2915 et
1343 2864 1558 2915 tectum
1583 2859 1835 2915 basilicas

181 2944 373 3000 sancti
401 2943 571 3006 Pauli
604 2946 800 3002 Romae
831 2963 966 3003 cum
998 2947 1264 3004 trabibus
1297 2948 1604 3003 decideret.

252 3035 419 3089 Anno
441 3033 552 3088 806
580 3034 806 3091 Herena
837 3035 1175 3108 imperatrix
1211 3037 1281 3092 de
1329 3036 1833 3109 Constantinopoli

1329 225 1639 291 PETRUS
1686 223 2424 316 BIDLIOTHECARIUS'.

176 366 575 440 gobardorum
603 361 768 422 Carlo
798 361 919 420 ﬁlio
948 379 1057 420 suo
1078 361 1349 434 conjugio
1374 361 1717 418 sociandum
1751 359 1820 414 de
1848 361 1903 426 Α

3413 231 3568 297 1282

2004 360 2165 414 Anno
2195 362 2300 415 819
2329 360 2577 434 eclypsis
2606 364 2880 422 maxima.

2006 449 2171 504 Anno
2201 451 2306 505 820
2358 449 2618 522 Pipinus,
2669 453 3010 511 Huludovici
3053 453 3232 524 ﬁlius,
3279 455 3574 514 Vascones

1930 534 2085 592 vicit.

2003 627 2170 681 Anno
2219 628 2324 682 823
2372 629 2689 702 imperator
2731 631 3126 691 Huludovicus
3173 636 3575 708 paenitentiam

1935 731 2178 770 suorum
2202 716 2543 773 delictorum
2569 719 2722 775 fecit.
2750 722 2789 775 ll
2801 719 3124 778 ulotharius
3147 725 3374 780 Italiam
3395 725 3574 794 venit;

1933 801 2175 875 Pipinus
2192 805 2320 876 ejus
2343 805 2520 863 frater
2543 823 2676 864 cum
2699 826 2876 866 uxore
2893 809 2952 864 in
2967 811 3338 883 Aquitaniam
3357 814 3577 871 missus

1935 895 2041 947 est.

2005 982 2171 1036 Anno
2201 984 2305 1038 824
2333 988 2382 1038 Η
2403 984 2696 1042 lutharius
2722 1004 2756 1042 a
2785 988 3064 1045 Paschale
3094 993 3427 1058 coronatur,
3451 996 3510 1048 et
3546 1010 3580 1049 a

1935 1069 2148 1142 populo
2184 1072 2444 1130 Romano
2473 1078 2774 1148 Augustus
2805 1077 3152 1150 appellatur.
3200 1079 3580 1136 Liudevithus

1938 1159 2069 1216 dolo
2081 1160 2454 1232 Alvidemilii,
2474 1165 2743 1220 avunculi
2761 1167 2960 1222 Bornaa
2975 1168 3141 1223 ducis
3155 1167 3578 1240 Dalmatarum,

1937 1247 2306 1321 interﬁcitur,
2339 1256 2397 1308 et
2425 1251 2613 1309 multa
2643 1255 2911 1328 prodigia
2942 1255 3194 1312 fuerunt.

2006 1339 2170 1394 Anno
2194 1340 2301 1395 825
2330 1341 2580 1398 moritur
2607 1343 2905 1399 Paschalis
2936 1346 3213 1418 pontifex,
3237 1348 3330 1403 cui
3352 1365 3582 1406 succes-

1937 1425 2014 1483 sit
2044 1427 2356 1501 Eugenius.

2007 1517 2172 1572 Anno
2203 1519 2309 1573 827
2339 1519 2520 1576 abbas
2551 1521 2740 1577 sancti
2780 1523 3038 1596 Dionysii
3091 1525 3335 1583 Romam
3383 1527 3583 1596 mittit,

1937 1608 1994 1658 et
2017 1612 2309 1663 annuente
2328 1609 2583 1681 Eugenio
2602 1628 2736 1667 ossa
2753 1612 3083 1668 Sebastiani
3109 1617 3380 1688 martyris
3399 1621 3589 1674 trans-

1860 1733 1907 1797 B
1940 1697 2265 1797 portantur,
2287 1700 2344 1751 et
2368 1697 2724 1754 collocantur
2741 1703 2894 1772 apud
2915 1702 3268 1766 Suessonam
3292 1705 3585 1763 civitatem

1942 1784 2000 1838 in
2031 1784 2248 1856 templo
2279 1787 2463 1841 sancti
2495 1788 2772 1844 Medardi.

2010 1882 2176 1936 Anno
2206 1883 2311 1936 828
2342 1899 2584 1956 corpora
2613 1893 2948 1944 sanctorum
2979 1895 3303 1964 martyrum
3348 1893 3587 1952 Marcel-

1940 1969 2044 2025 lini
2077 1975 2133 2026 et
2182 1971 2332 2027 Petri
2385 1973 2442 2026 in
2491 1974 2736 2030 Galliam
2790 1980 3244 2037 transferuntur.
3289 1983 3588 2056 Eugenius

1943 2059 2197 2130 pontifex
2232 2061 2507 2130 moritur;
2540 2065 2634 2118 cui
2665 2066 2948 2120 successit
3000 2068 3344 2126 Valentinus
3392 2071 3587 2129 diaco-

1944 2165 2076 2215 nus,
2098 2149 2189 2204 cui
2212 2149 2420 2206 deinde
2445 2153 2728 2207 successit
2747 2153 3060 2226 Gregorius
3081 2158 3383 2230 presbyter
3402 2161 3588 2218 sancti

1943 2237 2141 2294 Marci.

2013 2329 2180 2383 Anno
2220 2328 2325 2383 833
2368 2327 2685 2401 imperator
2727 2347 2861 2387 cum
2905 2334 3158 2389 exercitu
3197 2340 3399 2393 contra
3449 2337 3588 2394 Hlo-

1943 2415 2202 2471 tharium
2236 2416 2424 2472 ﬁlium
2455 2419 2629 2486 venit,
2663 2419 2936 2492 Pipinum
2967 2438 3144 2495 regno
3175 2424 3380 2496 privat;
3431 2425 3588 2500 ecly-

1943 2505 2068 2576 psis
2099 2504 2242 2562 solis
2279 2509 2315 2560 2
2371 2506 2519 2562 Non.
2583 2508 2741 2580 Maii,
2801 2511 2977 2566 Lunae
3031 2529 3164 2568 vero
3222 2513 3290 2568 13
3346 2513 3586 2588 Kalend.

1946 2593 2101 2650 Maii.

2016 2683 2475 2756 Sequentianno
2501 2685 2817 2758 imperator
2845 2705 2880 2744 a
2911 2689 3034 2745 suis
3065 2691 3351 2760 desertus,
3402 2692 3589 2751 aﬁliis

1945 2776 2172 2844 captus,
2202 2789 2337 2828 cum
2368 2775 2584 2846 quibus
2615 2780 2740 2832 erat
2769 2775 3083 2856 Gregorius
3111 2780 3391 2854 pontifex.

2017 2868 2292 2940 Sequenti
2309 2885 2461 2925 anno
2481 2869 2722 2926 consilio
2744 2871 3150 2946 episcoporum
3165 2877 3503 2948 poenitentia
3516 2880 3588 2936 ab

1945 2957 2294 3028 imperatore
2323 2959 2595 3015 efﬁcitur.

2014 3048 2180 3101 Anno
2209 3048 2314 3101 838
2342 3047 2612 3105 Ticinum
2646 3049 2704 3103 in
2739 3049 2903 3105 Italia
2925 3051 3156 3107 fertur3
3177 3053 3303 3108 Kal.
3325 3054 3590 3128 Januarii

181 3121 348 3178 misit
374 3121 634 3196 legatum
665 3124 900 3179 nomine
929 3125 1178 3180 Leonem
1205 3124 1275 3179 de
1306 3139 1446 3196 pace
1477 3125 1836 3181 conﬁcienda
1865 3099 1907 3166 C
1946 3135 2286 3202 tremuisse;
2321 3141 2574 3192 cometes
2595 3137 2654 3192 in
2679 3137 2847 3211 signo
2869 3139 3052 3194 Librae
3075 3115 3462 3216 31dusApril.
3487 3123 3593 3222 per

183 3211 340 3268 inter
370 3209 598 3268 Graacos
629 3214 686 3268 et
716 3213 986 3269 Francos.

257 3293 477 3356 Boefnii
507 3295 694 3356 Sclavi
725 3301 837 3356 alio
868 3301 1102 3357 nomine
1133 3301 1411 3375 appellati
1442 3307 1598 3359 sunt.

254 3387 459 3444 Carlus
492 3389 716 3460 junior,
769 3390 928 3446 ﬁlius
972 3390 1363 3463 imperatoris,
1416 3407 1676 3448 sororem
1729 3392 1832 3448 ha-

179 3475 312 3532 buit
349 3477 716 3546 Henrodrud,
767 3495 894 3551 qua
945 3479 1194 3536 decessit
1241 3497 1394 3536 anno
1445 3483 1571 3549 811,
1616 3483 1649 3537 8
1699 3483 1834 3537 Idus

180 3565 364 3622 Junii.

251 3654 372 3711 Hoc
398 3658 662 3728 tempore
683 3655 974 3714 Niciforus
996 3657 1315 3730 imperator
1335 3659 1664 3715 Graecorum
1688 3665 1832 3729 erat,

186 3729 291 3816 q'ui
323 3747 452 3817 post
483 3744 700 3801 multas
731 3745 1006 3803 victorias
1036 3729 1101 3803 et
1126 3764 1218 3803 res
1247 3765 1522 3820 prospere
1561 3753 1754 3822 gestas
1803 3766 1838 3804 a

183 3831 458 3905 Vulgaris
489 3833 720 3891 occisus
751 3851 902 3889 anno
932 3836 1066 3902 814;
1091 3835 1183 3891 cui
1203 3837 1401 3894 statim
1424 3839 1710 3896 successit
1731 3838 1838 3892 Mi-

183 3920 373 3989 chael,
406 3921 506 3993 qui
532 3921 756 3995 legatos
787 3923 936 3979 Carli
972 3925 1043 3980 ad
1076 3925 1396 3981 Niciforum
1439 3925 1619 3983 misso
1669 3927 1837 3982 beni-

183 4025 300 4083 gne
312 4011 812 4084 Constantinopoli
827 4014 936 4068 aud
948 4013 1068 4084 ivit,
1091 4031 1157 4070 ac
1169 4031 1308 4072 suos
1322 4016 1394 4072 ad
1407 4015 1640 4072 Carlum
1654 4015 1834 4072 misit.

184 4098 307 4155 Hoc
337 4115 489 4156 anno
518 4100 631 4156 fuit
659 4099 929 4174 eclypsis.

255 4189 423 4246 Ann‘o
451 4191 559 4246 815
584 4189 788 4248 Carlus
815 4193 852 4246 5
879 4190 1120 4247 Kalend.
1152 4193 1315 4248 Febr.
1366 4194 1636 4263 decessit,
1685 4211 1838 4251 anno

186 4293 308 4334 suaa
339 4278 528 4335 aetatis
552 4281 644 4347 71,
680 4279 841 4354 regni
876 4281 1232 4335 Francorum
1259 4283 1348 4347 47,
1380 4283 1634 4338 subactae
1662 4283 1839 4340 Italia

182 4370 276 4433 44,
309 4384 378 4423 ex
405 4384 520 4440 quo
547 4369 852 4441 Augustus
886 4367 1214 4442 appellatur
1258 4371 1358 4437 14;
1413 4371 1506 4424 cui
1556 4371 1840 4427 successit

184 4455 583 4514 Huludovicus
605 4457 763 4513 ﬁlius
785 4459 933 4529 ejus,
959 4457 1055 4530 qui
1080 4456 1401 4530 legationes
1423 4458 1492 4512 ad
1516 4457 1838 4528 genitorem
1868 4467 1916 4532 1)

183 4545 398 4602 missas
430 4551 486 4602 et
515 4545 652 4603 inde
682 4547 753 4603 ad
786 4563 848 4602 se
878 4545 1125 4612 audivit;
1158 4550 1214 4601 et
1245 4546 1438 4601 Romae
1482 4547 1723 4618 quidam
1775 4547 1834 4601 in

182 4649 386 4691 necem
401 4635 610 4693 Leonis
626 4653 788 4710 papae
811 4635 1211 4708 conspirantes
1237 4633 1666 4691 interﬁciuntur
1683 4653 1836 4692 anno

185 4723 312 4779 316.

254 4815 424 4870 Anno
455 4814 581 4881 817,
613 4813 648 4868 8
680 4814 1122 4882 Kalend.Junii,
1142 4815 1391 4872 moritur
1413 4820 1520 4871 Leo
1555 4815 1832 4888 pontifex,

185 4900 280 4956 cui
312 4903 597 4960 successit
628 4903 961 4976 Stephanus
989 4905 1290 4960 diaconus.

255 4991 420 5045 Anno
449 4992 578 5059 818,
609 4991 756 5047 Non.
791 4992 954 5048 Febr.
983 4992 1236 5064 eclypsis
1270 4994 1448 5061 facta;
1493 4998 1660 5050 nocte
1701 5011 1835 5050 vero

187 5080 441 5132 cometes
491 5079 778 5151 apparuit.
832 5078 1077 5135 Moritur
1123 5079 1453 5151 Stephanus
1505 5083 1761 5154 pontifex
1802 5085 1836 5138 8

189 5163 328 5220 Idus
361 5165 554 5234 Febr.,
588 5167 680 5222 cui
711 5167 995 5223 successit
1021 5166 1320 5224 Paschalis
1351 5169 1673 5241 presbyter.
1719 5175 1835 5225 Im-

187 5258 421 5326 perator
446 5271 582 5311 vero
615 5254 801 5311 ﬁlium
833 5273 1008 5312 suum
1039 5254 1406 5312 Hlotharium
1435 5259 1752 5328 coronavit,
1781 5264 1836 5315 et

185 5341 381 5399 locum
412 5343 470 5399 in
505 5343 751 5416 imperio
777 5345 889 5401 sibi
939 5344 1262 5402 constituit.
1314 5347 1705 5417 Bernhardus,
1739 5365 1836 5405 rex

187 5431 729 5504 Langobardorum,
762 5433 1098 5505 imperatori
1130 5450 1191 5490 se
1212 5435 1472 5490 tradidit.
1499 5436 1630 5503 Leo,
1651 5436 1834 5509 impe-

187 5524 348 5602 rator
367 5521 766 5592 Romanorum
787 5523 848 5582 in
873 5523 1107 5594 Graecia,
1133 5523 1208 5581 ad
1221 5522 1650 5585 Huludovicum
1673 5525 1838 5584 misit

187 5609 260 5674 de
279 5609 451 5694 pace.
477 5609 480 5612 ’
614 5613 616 5615 ’

1941 3228 2059 3279 tres
2086 3227 2284 3279 noctes
2317 3225 2614 3296 apparuit:
2648 3227 2936 3297 primores
2966 3228 3023 3284 in
3048 3228 3216 3284 Italia
3235 3231 3586 3302 moriuntur,

1944 3329 2184 3368 suorum
2218 3312 2495 3385 praecipui
2529 3314 2940 3372 Lanthberdus
2960 3320 3018 3372 et
3040 3322 3264 3391 Hugus.

2014 3410 2291 3482 Sequenti
2325 3427 2478 3470 anno
2511 3412 2579 3467 15
2597 3411 2721 3468 Kal.
2748 3413 3023 3472 Februar.
3044 3419 3413 3474 terraamotus
3435 3418 3590 3495 apud

1943 3504 2211 3555 sanctum
2235 3499 2562 3559 Nazarium.
2583 3501 2820 3573 Pipinus
2831 3501 3008 3571 ﬁlius,
3033 3521 3130 3562 rex
3143 3506 3588 3578 Aquitanorum,

1945 3604 2142 3646 mense
2170 3589 2511 3648 Novembris
2541 3591 2806 3656 moritur.

2013 3689 2180 3744 Anno
2213 3689 2316 3743 840
2346 3689 2666 3761 imperator
2692 3690 2993 3748 Hlulavico
3025 3692 3330 3750 Hluthario
3370 3694 3489 3751 ﬁlio
3533 3699 3594 3756 et

1946 3775 2112 3832 Carlo
2144 3776 2390 3834 minimo
2423 3778 2541 3834 ﬁlio
2565 3795 2808 3852 regnum
2827 3779 3185 3838 Francorum
3210 3783 3433 3850 dividit;
3458 3784 3595 3840 Hlu-

1946 3866 2136 3921 thario
2165 3883 2334 3922 suam
2366 3867 2712 3940 dignitatem
2747 3868 3000 3940 reliquit.
3034 3869 3298 3926 Cometes
3321 3873 3594 3944 apparuit

1946 3956 2006 4010 in
2038 3955 2206 4027 signo
2236 3954 2464 4024 Arietis;
2500 3956 2712 4012 cmlum
2731 3963 2904 4016 noctu
2922 3957 2980 4011 in
3003 3958 3316 4014 serenitate
3337 3961 3589 4026 erubuit,

1947 4043 2188 4118 igniculi
2220 4043 2444 4102 similes
2474 4045 2658 4102 stellis
2688 4062 2792 4117 per
2823 4045 3033 4102 coelum
3055 4045 3483 4108 discurrebant.

2021 4143 2342 4214 Imperator
2369 4141 2618 4198 moritur
2649 4143 2715 4196 12
2750 4142 2989 4198 Kalend.
3039 4143 3180 4198 Julii
3229 4144 3288 4199 in
3325 4147 3592 4217 quadam

1949 4230 2145 4287 insula
2163 4231 2347 4288 Rheni
2371 4229 2554 4299 fluvii;
2578 4231 2637 4285 in
2658 4231 2876 4303 templo
2895 4231 3091 4288 Sancti
3113 4232 3420 4305 Arinulphi
3437 4250 3596 4307 sepe-

1949 4319 2106 4376 litur.
2140 4319 2590 4376 Hludatharium
2621 4319 2809 4374 ﬁlium
2840 4319 3170 4392 suscipiunt
3199 4321 3424 4390 Franci;
3467 4323 3595 4394 ejus

1948 4409 2177 4476 fratres,
2211 4409 2268 4463 id
2303 4413 2392 4465 est
2419 4407 2775 4464 Hludavicus
2806 4412 2862 4464 et
2883 4407 3108 4477 Carlus,
3130 4413 3335 4465 contra
3350 4426 3486 4466 eum
3506 4427 3596 4466 ve-

1945 4498 2171 4554 nientes
2195 4498 2498 4569 confregit;
2525 4498 2659 4552 inde
2683 4497 2738 4552 in
2763 4496 2997 4552 Carlum
3020 4499 3339 4554 exercitum
3361 4499 3592 4556 direxit.

1947 4577 2302 4641 Eludavicus
2331 4603 2465 4640 vero
2497 4603 2674 4640 manu
2704 4585 2899 4641 valida
2927 4587 3197 4655 Francos,
3215 4586 3593 4656 Alamannes,

1947 4675 2222 4744 Saxones,
2257 4674 2614 4746 Thuringios
2647 4675 2757 4730 sibi
2789 4676 3102 4731 conﬁrmat
3130 4692 3292 4747 pace.

2013 4774 2178 4828 Anno
2209 4773 2326 4828 8’43’
2343 4776 2506 4828 atrox
2537 4771 2756 4828 bellum
2786 4773 2938 4828 inter
2967 4772 3382 4844 imperatorem
3404 4777 3461 4828 et
3477 4773 3592 4829 fra-

1945 4864 2094 4928 tres;
2129 4861 2376 4934 eclypsis
2407 4861 2558 4916 lunaa
2594 4861 2702 4916 fuit
2728 4861 2761 4916 3
2792 4859 2918 4916 Kal.
2950 4859 3133 4932 April.

2016 4961 2294 5033 Sequenti
2323 4976 2474 5016 anno
2502 4959 2843 5014 dividuntur
2875 4973 3053 5030 regna
3083 4957 3234 5012 inter
3281 4958 3488 5014 fratres
3538 4963 3596 5014 et

1945 5052 2388 5123 imperatorem;
2413 5049 2661 5104 moritur
2690 5047 3002 5120 Gregorius
3030 5046 3307 5118 pontifex,
3342 5046 3438 5102 cui
3469 5062 3596 5102 suc-

1945 5141 2121 5197 cessit
2145 5139 2402 5212 Sergius.
2435 5137 2621 5194 Mauri
2653 5139 3048 5194 Beneventum
3069 5140 3377 5207 occupant.

2014 5239 2178 5293 Anno
2206 5238 2312 5291 845
2340 5236 2649 5292 Hrabanus
2681 5234 3006 5291 monachus
3036 5233 3240 5290 laudes
3263 5231 3453 5289 crucis
3474 5249 3596 5288 car-

1946 5328 2103 5383 mine
2129 5327 2479 5398 composuit,
2512 5329 2569 5381 et
2599 5324 2798 5398 Sergio
2824 5322 3174 5379 transmisit.

2014 5426 2179 5480 Anno
2209 5426 2315 5480 847
2344 5423 2552 5492 Mauri,
2581 5439 2715 5477 cum
2759 5421 2961 5476 urbem
3013 5420 3209 5475 Romae
3261 5435 3594 5492 expugnare

1945 5531 2061 5571 non
2091 5518 2350 5586 possent,
2383 5510 2670 5584 templum
2703 5509 2890 5567 sancti
2913 5508 3065 5566 Petri
3086 5511 3480 5566 vastaverunt.

2014 5615 2180 5672 Anno
2209 5612 2316 5669 856
2347 5611 2414 5670 16
2444 5608 2681 5668 Kalend.
2711 5608 2989 5669 Novemb.
3015 5605 3257 5688 igniculi
3274 5606 3458 5668 instar
3479 5605 3596 5692 spi-
