3968 6158
465 354 488 411 ί
501 351 618 412 283

1738 343 2071 412 ΑΡΡΕΝῙ).
2119 349 2222 411 AD
2269 344 2458 415 SEC.
2505 347 2582 411 X.

3675 350 3678 352 ⁷
3717 346 3867 410 1384

461 483 727 539 culorum
759 481 1118 540 occidentem
1153 500 1353 539 versus
1385 500 1486 554 per
1505 499 1697 538 aerem
1722 484 2103 555 vagabantur,
2137 487 2188 552 Α
2221 481 2375 538 alma
2405 483 2684 554 adoperta
2715 485 2864 550 erat;
2897 481 3270 539 advenientes
3298 478 3584 554 templum
3620 499 3738 538 non
3785 482 3867 536 in-

461 589 641 644 quare
672 571 1018 628 Hlutharius
1053 573 1366 644 imperator
1387 572 1584 627 omnia
1611 571 1968 644 relinquens,
1995 589 2112 627 mo-

460 661 685 717 nachus
699 661 1353 716 efﬁciturinPrumiensi
1372 661 1854 728 monasterio,et3
1869 661 2106 717 Kalend.

463 750 728 806 Octobris
759 749 1023 805 moritur.
1058 751 1347 805 Primores
1371 751 1533 823 regni
1557 751 1951 817 Ilultharium,
1976 749 2110 805 Hul-

461 837 637 894 tharii
687 837 894 904 filium,
941 844 1232 893 annuente
1281 838 1616 905 Hludovico,
1651 855 1784 910 rege
1831 839 2104 906 Orientis,

459 927 821 983 constituunt
850 926 960 982 sibi
993 927 1320 983 dominum.

527 1017 847 1087 Imperator
877 1015 1225 1072 Hlutharius
1257 1017 1495 1090 reliquit
1520 1022 1637 1072 tres
1657 1017 1827 1084 ﬁlios,
1855 1016 2106 1072 Iluludo-

453 1104 672 1169 vicum,
687 1104 1136 1160 Hludatliarium
1155 1109 1211 1160 et
1227 1105 1483 1174 Carlum,
1505 1107 1605 1177 qui
1629 1123 1829 1178 pacem
1850 1106 2104 1161 inierunt

451 1209 586 1248 cum
613 1193 778 1249 Carlo
797 1199 852 1248 et
870 1193 1228 1249 Huludovico
1247 1195 1472 1266 patruis
1489 1212 1641 1249 anno
1658 1197 1780 1250 867.
1807 1197 1928 1260 Quo
1951 1212 2103 1250 anno

449 1281 776 1355 hybernum
801 1287 1033 1354 tempus
1051 1299 1347 1355 asperum,
1369 1289 1425 1339 et
1444 1284 1542 1338 nix
1563 1283 2014 1357 sanguinolenta
2032 1284 2102 1339 de

448 1369 589 1426 coelo
624 1371 859 1425 decidit.

520 1458 746 1526 Carius,
781 1461 960 1516 frater
980 1461 1092 1531 (16)
1111 1460 1477 1517 Hludatharii
1502 1461 1890 1534 imperatoris,
1911 1461 2098 1516 filium

445 1547 1138 1618 habuitCarlamannum;
1155 1549 1264 1606 hoc
1287 1555 1546 1623 tempore
1558 1551 1828 1607 Nicolaus
1841 1551 2100 1624 pontifex

444 1642 587 1693 erat.

516 1726 922 1800 Ruodolphus,
946 1728 1269 1784 monachus
1283 1733 1338 1784 et
1355 1728 1874 1800 poetahistoricus,
1892 1729 1949 1783 in
1966 1729 2099 1784 Ger-

443 1815 641 1871 mania
667 1810 882 1882 floruit,
919 1821 973 1870 et
1005 1817 1251 1871 moritur
1281 1819 1314 1870 8
1346 1817 1484 1872 ldus
1516 1817 1687 1873 Mart.
1722 1834 1874 1872 anno
1895 1820 2019 1873 866.

511 1907 677 1959 Anno
708 1906 813 1958 870
844 1904 1196 1960 Hludavicus
1222 1922 1318 1960 rex
1336 1910 1596 1978 aegrotat,
1621 1910 1687 1959 ut
1707 1907 1778 1961 de
1801 1923 1866 1961 eo
1889 1907 2094 1978 despe-

443 1997 641 2048 rarent
671 1993 912 2060 medici;
948 1993 1045 2064 qui
1079 1994 1356 2061 sentiens,
1391 2011 1536 2066 pene
1565 1995 1766 2049 omnia
1809 1996 1960 2049 bona
1989 2013 2097 2050 sua

441 2081 798 2154 pauperibus
831 2083 1152 2149 distribuit,
1189 2090 1246 2138 et
1280 2101 1341 2138 se
1372 2101 1405 2138 a
1438 2084 1553 2138 Deo
1577 2084 1766 2138 curari
1794 2083 2018 2139 maluit.

511 2171 712 2226 Carlus
745 2171 922 2226 frater
954 2188 1198 2244 regnum
1233 2171 1598 2227 Hludatharii
1630 2173 1862 2240 invasit,
1901 2177 1957 2228 et
1980 2173 2092 2228 sibi

440 2260 510 2314 ab
543 2260 814 2332 episcopo
846 2260 1085 2316 Mctensi
1119 2261 1450 2316 diademate
1477 2266 1653 2333 caput
1673 2261 1866 2316 ornari
1885 2262 2088 2332 jussit,

437 2353 494 2405 et
525 2366 588 2405 se
617 2354 948 2422 Augustum
973 2350 1163 2404 effecit
1208 2356 1443 2423 propter
1491 2349 1924 2422 aegrotationem
1976 2351 2088 2405 fra-

436 2438 561 2495 tris.

505 2532 674 2582 Anno
706 2527 975 2598 sequenti
1009 2527 1383 2599 agrotatione
1411 2527 1692 2584 liberatur
1734 2526 2087 2583 Illudavicus

436 2632 555 2672 rex.

504 2706 670 2759 Anno
683 2705 789 2758 876
801 2702 1158 2759 Hludavicus
1173 2703 1442 2771 moritur,
1471 2703 1739 2776 sepultus
1760 2704 2084 2760 Mediolano

436 2791 494 2847 in
513 2796 716 2849 sancto
733 2792 1060 2847 Ambrosio.
1103 2791 1305 2848 Carius
1327 2791 1436 2848 hoc
1457 2793 1716 2848 sentiens
1741 2791 1964 2848 Italiam
1989 2810 2085 2866 pe-

435 2880 550 2948 tiit,
584 2882 642 2934 et
672 2879 982 2934 thesauros
1040 2878 1411 2952 imperatoris
1442 2880 1700 2936 sustulit.

503 2971 668 3024 Anno
689 2968 794 3024 878
816 2983 1016 3022 mense
1039 2967 1303 3024 Januarii
1332 2968 1746 3034 Lanthbertus,
1768 2969 2081 3027 Widhonis

434 3056 611 3124 ﬁlius,
643 3060 701 3112 et
729 3055 1139 3126 Adalberthus,
1168 3057 1445 3112 Bonifacii
1479 3057 1656 3128 filius,
1689 3058 1879 3114 valida
1901 3076 2079 3116 manu

434 3147 676 3202 Romam
708 3151 1010 3212 venerunt,
1043 3147 1330 3202 Joannem
1362 3147 1693 3219 pontificem
1730 3149 1976 3205 vinculis
1999 3167 2079 3205 re-

2221 571 2496 627 troibant.
2559 571 2823 625 Pontifex
2881 571 3244 644 Thyrrenum
3302 570 3487 642 petiit,
3549 569 3869 643 quaeritans

2220 659 2644 716 Carlmannum
2676 660 2922 732 privare,
2957 660 3058 732 qui
3090 659 3342 733 paralysi
3392 661 3594 716 morbo
3625 676 3872 732 oppres-

2220 766 2322 804 sus
2357 753 2504 814 erat,
2530 764 2718 820 neque
2742 749 2984 805 verbum
3008 749 3166 821 loqui
3190 753 3432 821 poterat.
3457 781 3522 790 —
3550 750 3583 803 4
3602 748 3738 804 Kal.
3761 747 3874 804 No-

2216 838 2429 905 vemb.,
2465 838 2612 893 hora
2645 854 2798 893 nona
2828 837 3025 905 ofﬁcii,
3058 837 3308 910 eclypsis
3337 837 3543 894 solaris
3582 839 3871 903 maxima,

2219 931 2283 982 ut
2313 925 2496 982 stellae
2529 931 2896 999 apparerent,
2929 931 2986 983 et
3014 927 3156 984 luna
3179 927 3316 983 Idus
3346 926 3612 983 Octobris
3651 926 3871 982 ultima

2217 1015 2359 1070 hora
2388 1016 2596 1071 noctis.
2633 1016 2813 1071 Boum
2845 1015 3181 1088 pestilentia
3210 1016 3268 1070 in
3299 1015 3630 1082 Germania,
3683 1032 3866 1088 quam

2215 1104 2407 1160 clades
2419 1104 2726 1160 hominum
2741 1111 2939 1161 secuta
2950 1104 3747 1178 est.Slavi,Dalmats,Soa\-'i(
3760 1107 3862 1175 l7),

2214 1193 2452 1249 Bohemi
2484 1193 2638 1249 idem
2672 1199 2828 1249 sunt.
2862 1194 3248 1250 Carlmannus
3281 1196 3338 1249 11
3361 1193 3487 1250 Kal.
3512 1193 3696 1266 April.
3720 1195 3862 1251 obiit

2212 1300 2364 1338 anno
2393 1284 2516 1337 881.

2283 1373 2559 1443 Sequenti
2595 1389 2769 1440 anno,
2803 1373 2834 1426 4
2867 1372 2990 1427 Kal.
3013 1372 3281 1439 Januar.,
3317 1376 3452 1428 ante
3492 1371 3859 1445 gallicinium

2211 1460 2522 1532 Magoneiae
2557 1464 2920 1516 terrmmotus
2953 1476 3226 1532 magnus,
3249 1465 3305 1516 et
3325 1461 3394 1516 45
3415 1459 3537 1516 Kal.
3559 1461 3854 1533 Septemb.

2209 1548 2565 1605 Hludovicus
2580 1549 2844 1616 moritur,
2862 1549 3033 1620 cujus
3051 1566 3262 1622 corpus
3279 1549 3336 1604 in
3356 1550 3708 1606 monasterio
3723 1567 3855 1605 san-

2209 1638 2285 1692 cti
2315 1637 2539 1693 Nazarii
2557 1638 2727 1709 juxta
2757 1655 2970 1710 corpus
3003 1637 3188 1710 patris
3219 1636 3517 1710 sepelitur.

2275 1727 2658 1799 Arinulphus,
2691 1727 3023 1783 Carlmanni
3057 1727 3234 1793 filius,
3271 1744 3370 1783 rex
3395 1727 3454 1782 in
3506 1726 3854 1783 Alamannis

2126 1855 2172 1919 Β
2204 1821 2452 1883 creatur,
2487 1815 2663 1872 invito
2695 1833 2869 1888 parvo
2902 1817 3012 1886 (18)
3041 1815 3226 1872 Carlo.
3259 1815 3459 1873 Carlus
3490 1834 3644 1872 anno
3665 1818 3794 1884 888,
3823 1817 3853 1871 3

2207 1904 2352 1960 Non.
2384 1905 2647 1960 Januarii
2684 1905 2949 1961 moritur.

2275 1997 2440 2049 Anno
2465 1995 2570 2049 892
2603 1993 2821 2050 bellum
2854 1999 3016 2050 atrox
3047 1994 3200 2050 inter
3229 1993 3622 2066 Arinulphum
3656 2009 3847 2067 regem

2205 2083 2592 2137 christianum
2619 2088 2675 2139 et
2690 2083 3094 2156 Sigiphridum
3122 2087 3178 2139 et
3197 2083 3662 2155 Godopbridum,
3685 2098 3846 2155 reges

2202 2171 2700 2227 Nortmannorum
2732 2176 2788 2227 et
2817 2172 3110 2228 Danorum
3136 2188 3417 2245 paganos,
3443 2173 3582 2228 adeo
3600 2177 3666 2227 ut
3685 2172 3844 2228 caesis

2201 2261 2437 2333 regibus
2468 2265 2523 2316 et
2556 2277 2700 2333 pene
2731 2265 2889 2317 totus
2921 2262 3208 2317 exercitus
3239 2261 3438 2326 fuerit,
3469 2264 3526 2318 et
3542 2279 3698 2317 unus
3721 2265 3844 2316 tan-

2198 2349 2505 2404 tummodo
2538 2349 2897 2406 christianus
2932 2350 3106 2406 fuerit
3136 2351 3406 2406 inventus
3438 2350 3840 2422 interemptus.

2269 2439 2543 2508 Sequenti
2575 2455 2729 2495 anno
2762 2438 2888 2494 Itali
2920 2439 2990 2492 ad
3017 2455 3210 2512 regem
3235 2445 3506 2512 pergunt,
3535 2443 3600 2494 ut
3622 2439 3840 2494 Italiam

2196 2526 2268 2581 de
2303 2527 2576 2582 manibus
2609 2533 2994 2600 tyrannorum
3035 2527 3347 2596 liberaret;
3391 2545 3488 2585 rex
3526 2527 3636 2583 hoc
3676 2527 3842 2600 polli-

2195 2619 2380 2670 cetur.

2266 2706 2431 2761 Anno
2461 2705 2567 2760 894
2597 2705 2959 2778 Arinulphus
2985 2722 3082 2762 rex
3104 2706 3332 2762 Italiam
3353 2706 3509 2762 venit
3528 2723 3663 2762 cum
3681 2723 3840 2763 exer-

2192 2793 2474 2860 citu,mox
2490 2797 2841 2866 Pergamum
2857 2794 3409 2868 expugnat,regulos
3427 2794 3486 2850 in
3504 2793 3837 2850 ﬁdelitatem

2185 2882 2403 2952 junxit,
2438 2881 2573 2938 inde
2604 2883 2929 2939 revertitur.

2260 2975 2380 3026 Hoc
2409 2971 2587 3026 etiam
2621 2989 2773 3028 anno
2806 2973 2998 3028 Romae
3032 2973 3347 3028 Formosus
3376 2972 3638 3045 pontifex
3660 2973 3831 3029 mori-

2189 3065 2303 3126 tur,
2320 3059 3072 3133 cuisuccessitStephanus.
3091 3061 3271 3118 Graeci
3286 3079 3422 3117 cum
3436 3062 3621 3118 Hunis
3633 3077 3834 3134 pacem

2192 3150 2416 3205 ineunt.
2456 3150 2586 3218 Leo,
2621 3151 2939 3223 imperator
2967 3155 3322 3218 Graecorum,
3360 3151 3659 3206 Lazarium
3682 3150 3837 3224 lega-

431 3236 735 3309 degerunt,
772 3233 1055 3306 primores
1078 3235 1539 3307 populiRomani
1568 3238 1774 3309 coegit,
1799 3243 1863 3292 ut
1885 3237 2075 3294 Carle-
2109 3220 2152 3286 (ἶ
2192 3244 2315 3294 tum
2349 3240 2421 3295 ad
2453 3220 2864 3311 imperatorem
2899 3238 3107 3294 Italum
3143 3240 3340 3295 mittit.

431 3339 687 3378 mannus
711 3339 812 3395 pro
835 3323 1058 3378 Czesare
1075 3323 1404 3392 haberetur;
1429 3342 1544 3396 quo
1577 3331 1808 3397 peracto
1831 3328 2082 3383 Joannes

431 3411 688 3482 pontifex
707 3412 907 3468 thesau
919 3429 1012 3468 ros
1026 3412 1177 3466 Petri
1203 3412 1551 3468 Lateranum
1569 3415 1808 3469 sustulit
1821 3420 1878 3469 et
1892 3419 2081 3471 trans-

431 3500 585 3564 tulit,
617 3500 753 3555 inde
783 3499 1069 3572 templum
1101 3502 1252 3556 Petri
1285 3500 1522 3569 clausit;
1556 3504 1726 3574 cujus
1767 3521 1868 3558 ara
1917 3505 2081 3576 prius

503 3660 1040 3736 (I6)_Carlus_frator
1067 3660 1278 3736 Chesn.
1305 3663 1438 3736 Quae
1473 3661 1581 3736 hoc
1600 3680 1750 3718 anno
1774 3664 1844 3719 de
1875 3681 2016 3736 pace
2047 3682 2082 3721 a

431 3729 570 3803 filiis
588 3730 871 3803 Hlotharii
896 3748 1027 3786 cum
1059 3733 1282 3803 patruis
1303 3733 1448 3788 inita
1471 3729 1822 3803 referuntur,
1848 3729 1914 3791 ex
1937 3753 2074 3792 ann.

431 3801 820 3857 Fuldensibus
852 3819 904 3857 a.
940 3804 1042 3856 868
1061 3801 1328 3858 derivata
1359 3820 1508 3872 esse,
1541 3805 1641 3860 nix
1673 3801 1900 3878 quaereo
1924 3825 2078 3863 anno

429 3927 2130 3958 Ἦ

2265 3333 2429 3384 Anno
2449 3329 2553 3382 898
2569 3327 2930 3401 Arinulphus
2954 3329 3223 3397 moritur,
3245 3328 3338 3384 cui
3356 3329 3640 3386 successit
3660 3326 3842 3384 Hulu-

2193 3417 2432 3472 davicus
2463 3416 2618 3472 filius
2650 3417 2950 3489 parvulus.

2191 3665 2638 3748 sanguinolenta
2667 3665 2895 3748 cecidit,
2917 3666 3072 3748 satis
3105 3665 3342 3723 indicat.

2259 3739 2372 3878 $17)
2406 3738 2740 3810 Legendum
2771 3737 2987 3793 Sambi.

2287 3810 2372 3876 18)
2408 3809 2450 3864 I.
2484 3825 2536 3876 e,
2568 3811 2784 3878 patruo.

2287 3810 2372 3876 18)
2408 3809 2450 3864 I.
2484 3809 2536 3876 e,
2568 3811 2784 3880 patruo.

767 4057 1777 4184 APPENDIX
1887 4061 2155 4183 ΑΙ)
2273 4056 3260 4189 S/ECULUM
3375 4057 3509 4180 X

1920 4264 2284 4276 _—

1790 4371 1942 4410 ANNO
1973 4371 2180 4412 DOMINI
2213 4372 2479 4411 ποσοὶ(κί

924 4483 1718 4600 PANEGYRICUS
1785 4485 2492 4602 BERENGARII
2561 4483 3340 4599 lMPEllATOIllS

1555 4683 2108 4772 AUCTORE
2153 4686 2718 4774 ΛΝΟΝΥΜΟ

961 4848 1177 4920 (Edidit
1208 4849 1385 4905 Psa'rz
1417 4851 1758 4907 Monumenta
1794 4852 2105 4909 Germania?
2135 4852 2420 4916 historica,
2455 4851 2661 4923 Script.
2697 4856 2838 4906 tom.
2876 4851 2969 4920 IV,
3004 4867 3136 4924 pag.
3167 4851 3312 4920 189.)

1927 4985 2286 4997 ————

1548 5084 2218 5176 ADMONITIO
2283 5083 2735 5175 PR/EVIA

501 5223 884 5306 Berengarius
917 5224 936 5278 Ι
967 5240 1066 5279 rex
1095 5229 1151 5280 et
1177 5225 1520 5307 imperator,
1552 5242 1759 5351 genere
1787 5231 2062 5309 Francus,
2107 5228 2342 5284 natione
2396 5227 2834 5310 Langobardus,
2888 5231 3135 5285 fortasse
3180 5247 3213 5284 a
3252 5227 3468 5309 comite
3514 5224 3845 5307 Unruoche,

501 5312 606 5350 lem
637 5313 808 5351 annis
836 5297 962 5351 802.
995 5297 1120 5351 806.
1152 5296 1250 5350 8H
1287 5297 1472 5351 Caroli
1522 5297 1716 5351 ltagni
1767 5304 1998 5351 negotia
2046 5305 2343 5351 gerentem
2397 5315 2791 5351 CODSDIClmUS
2841 5302 2938 5351 (1).
2989 5301 3312 5351 descendit.
3367 5299 3594 5351 Patrem
3648 5297 3845 5350 habuit

471 5311 606 5350 uem
637 5296 808 5351 annis
836 5297 962 5364 802,
995 5297 1120 5360 806,
1152 5296 1472 5351 8l1’Caroli

478 5366 827 5422 berhardum
860 5367 1154 5433 comitem,
1187 5368 1393 5422 ducem
1430 5366 1634 5437 Foroju

1580 5297 1716 5422 aglni
1767 5300 1998 5371 negotia
2045 5305 2343 5380 gerentem
2397 5297 2802 5381 conspicimus.

1580 5385 1634 5422 lu
1669 5386 1865 5422 Ianum
1899 5372 2006 5422 (2):
2039 5388 2132 5422 cui
2165 5370 2343 5422 Gisla.
2379 5370 2500 5422 filia
2532 5371 2802 5422 Ludovnm

1669 5370 1865 5443 ianum
1899 5372 2017 5443 (2);
2039 5370 2343 5443 cuiiGisla,
2379 5370 2500 5443 filia
2532 5371 2803 5443 Ludovici

2900 5306 2939 5368 ),
2989 5301 3312 5356 descendit.
3367 5299 3594 5353 Patrem
3648 5295 3851 5368 habuit

2885 5365 2935 5425 ii—
2954 5377 3012 5426 et
3042 5371 3293 5426 Judithae
3318 5369 3417 5439 (3),
3445 5365 3849 5439 Unruochum,

433 5437 864 5510 lierengarium,
898 5438 1297 5494 Adalhardum
1320 5445 1376 5494 et
1407 5437 1721 5494 Rodulfum
1754 5437 1928 5510 ﬁlios,
1959 5437 2116 5498 ﬁlias
2149 5441 2571 5514 lngeltrudam,
2601 5441 2905 5496 Juditham
2939 5448 2994 5498 et
3023 5437 3854 5514 Heilwigam'peperitfl‘estg

503 5551 996 5628 (tlnMonzGerm.
1028 5556 1198 5628 Legg.
1228 5555 1271 5622 Ι,
1302 5556 1394 5627 90,
1427 5556 1557 5625 137;
1611 5555 1890 5613 Einhardi
1945 5558 2078 5616 Vita

430 5620 616 5680 Caroli
646 5639 694 5682 ο.
727 5625 826 5696 33;
860 5620 1197 5687 Annales'a'.
1229 5620 1354 5685 811.

2282 5560 2335 5629 2)
2373 5557 2611 5629 Regino,
2645 5559 2852 5629 11.888.

2282 5562 2335 5629 2)
2373 5562 2611 5629 Regino,
2645 5574 2697 5612 a.
2729 5562 2852 5614 888.

2261 5562 2341 5706 l3)
2369 5626 2650 5705 Agnellus
2683 5627 2826 5688 Vitas
2859 5647 2974 5705 pon
3027 5631 3085 5688 ﬂ'.
3112 5629 3418 5698 Ravenat.;
3447 5625 3506 5684 in
3529 5623 3662 5684 Vita
3682 5622 3865 5682 Geor-
