3968 6158
197 324 351 427 123s
1060 332 1422 398 ANONYMI
1465 333 1861 433 passere.
1906 334 2244 436 Benene.
2289 339 2452 439 mp.
2496 344 2646 408 LIB.
2693 346 2742 407 1.
3445 348 3607 435 139a

335 462 418 531 An
465 464 646 536 qualis
666 464 904 553 referam
922 467 1148 523 Francis
1176 468 1481 525 dominetur
1515 472 1572 525 in
1594 474 1741 527 arvis
1875 479 1930 544 Α
2105 476 2403 533 Ausoniam
2430 477 2610 550 subeo,
2643 479 2803 535 liceat
2831 479 3047 551 deferre
3076 487 3334 553 tyranno,

225 550 296 619 90
337 550 501 620 Oddo,
536 554 645 609 mei
662 548 871 610 similes
892 553 1095 610 dudum
1116 559 1336 629 notique
1354 559 1562 615 sodales
1583 563 1608 613 .9
2094 564 2268 635 Atque
2296 581 2406 620 una
2437 548 2779 635 caris'veniat
2805 548 3116 638 fundendus
3146 569 3206 624 in
3234 570 3423 640 agris!

256 640 279 729 ἠ
306 638 486 696 Solus
516 642 827 713 egon’donis
845 644 1026 700 caeclis
1043 646 1306 716 privabor
1326 644 1499 718 Opimi
2097 651 2237 715 Quis
2268 651 2544 724 placuere
2572 654 2745 722 vices,
2771 672 2835 711 ac
2867 655 3035 711 dulce
3067 638 3296 714 movere
3312 661 3599 729 potentes,

328 729 566 799 Ettaciti
592 736 794 787 metam
821 732 969 787 solus
990 732 1246 788 devolvar
1265 734 1335 789 ad
1363 737 1475 791 aevi
1491 740 1517 788 γ
2091 738 2249 794 Colla
2269 741 2417 814 jugo
2442 758 2688 813 posuere
2708 742 2891 811 truci;
2925 744 3076 799 male
3109 746 3226 801 fida
3254 745 3496 804 recessit

326 819 464 909 lVon,
484 818 649 909 donec
674 837 846 891 puras
861 823 1082 876 animus
1104 821 1416 893 depascitur
1434 840 1622 895 auras,
1950 827 2055 882 145
2092 828 2203 883 Sed
2242 830 2475 901 penitus
2507 831 2806 904 Tyrrhena
2858 849 3089 903 manus,
3122 832 3438 908 hostesque
3466 851 3601 909 pro-

333 907 422 963 Vel
449 908 501 962 si
529 925 615 962 me
646 909 872 981 rapidus
896 911 1108 966 Mavors
1132 913 1522 983 perstrinxerit
1565 915 1754 984 armis,
3350 907 3358 908 ί
3387 907 3599 996 [tervos

217 995 290 1050 95
304 996 912 1069 Provolvensjuvenum
938 998 1093 1072 fusos
1123 1000 1183 1054 in
1210 1002 1481 1071 sanguine
1504 1003 1690 1072 patres
1712 1006 1731 1055 !
2087 1004 2365 1062 Exultans
2396 1006 2455 1061 in
2489 1024 2667 1081 regna
2705 1008 2858 1064 tulit.
2911 1008 3073 1066 Proh
3105 1027 3254 1067 szeva
3284 1016 3598 1077 nocentum

325 1083 567 1140 Talibus
593 1085 812 1142 irarum
835 1087 1007 1143 dictis
1031 1087 1312 1143 fundebat
1355 1088 1636 1157 habenas,
2084 1094 2337 1150 Consilia
2368 1094 2379 1148 ι
2407 1095 2682 1168 Princeps
2712 1097 2931 1165 aberat,
2991 1115 3315 1171 pacemque
3344 1098 3593 1171 parabat

325 1172 515 1229 Mente
548 1190 806 1246 coquens
837 1175 1016 1231 bilem
1047 1194 1060 1244 ;
1106 1177 1266 1255 jacto
1301 1177 1412 1250 (21)
1442 1176 1599 1234 velut
1628 1195 1835 1252 aspera
2085 1181 2354 1254 Imperio,
2401 1187 2640 1240 Veronae
2670 1185 2866 1242 Atesis
2896 1203 3014 1258 qua
3043 1186 3201 1243 culta
3230 1185 3488 1245 salubris
3528 1192 3534 1197 ’

458 1278 465 1286 “
652 1335 658 1342 ,
1670 1266 1831 1339 [saxo
2083 1270 2309 1344 Irrigat.
2336 1273 2480 1329 Ecce
2494 1274 2678 1346 gradu
2710 1274 2877 1330 celeri
2904 1276 3050 1347 petit
3071 1275 3189 1331 alta
3219 1276 3489 1333 minister

326 1350 604 1408 Cominus
635 1352 883 1425 erigitur
903 1370 1165 1427 serpens,
1198 1355 1291 1411 cui
1323 1355 1526 1411 subter
1555 1355 1760 1413 inanes
1937 1357 2043 1413 450
2080 1359 2255 1414 Tecta
2277 1360 2463 1427 ducis,
2487 1362 2699 1418 sudore
2750 1363 3014 1419 madens.
3048 1365 3363 1421 Fortissime
3394 1367 3589 1437 rector,

326 1439 525 1514 Longa
552 1441 683 1496 sitis
706 1440 980 1509 latebras,
997 1447 1269 1517 totosque
1289 1444 1622 1518 agitataper
1642 1451 1825 1512 artus,
2082 1446 2296 1519 Inquit,
2322 1450 2501 1506 adesto
2529 1452 2638 1506 tuis
2665 1456 2684 1505 !
2710 1450 2867 1507 Saltu
2895 1468 3059 1524 super
3079 1448 3255 1508 ardua
3284 1456 3483 1525 montis

182 1527 288 1583 400
325 1532 611 1613 Convocat
641 1528 698 1584 in
733 1529 931 1587 fauces
961 1537 1017 1587 et
1045 1548 1328 1605 squamea
1350 1532 1499 1589 colla
1515 1550 1826 1591 venenum.
1999 1525 2016 1539 ’
2080 1534 2204 1591 Sese
2225 1537 2413 1607 injecit
2431 1554 2597 1594 ovans
2612 1544 2787 1596 castus
2804 1548 2890 1596 sat
2915 1542 2973 1595 in
3012 1558 3170 1597 arma
3198 1542 3478 1614 superbus,

324 1616 574 1689 Jamque
606 1616 747 1691 legit
775 1618 965 1675 socios
995 1624 1161 1692 aptos
1192 1621 1503 1677 furialibus
1535 1621 1737 1679 ausis.‘
2081 1622 2185 1679 Cui
2211 1627 2327 1680 nisi
2349 1626 2640 1697 praeduros
2668 1628 2866 1699 gladiis
2896 1630 3110 1700 inferre
3138 1631 3411 1702 maniplos

388 1705 566 1789 Fama
580 1705 780 1763 volans
803 1708 955 1781 regis
970 1709 1190 1765 nitidas
1212 1727 1346 1766 eum
1371 1710 1619 1782 perculit
1632 1728 1823 1779 aures,
2076 1712 2369 1781 Institeris,
2389 1714 2521 1785 quid
2552 1732 2682 1787 opus
2701 1718 2857 1772 Latio
2883 1733 3003 1789 qua:
3032 1717 3212 1774 dicere
3242 1716 3380 1774 victo

244 1852 247 1853 ν
324 1786 580 1908 Senatus
612 1794 831 1908 agitarq
862 1797 1008 1908 satisl
1036 1798 1330 1908 Widonen‘
1351 1798 1608 1908 ipiquos,
1692 1888 1717 1908 Δ
1857 1844 1904 1908 Β
1935 1799 2038 1853 155
2078 1801 2286 1857 Damna
2313 1804 2490 1873 ferent
2522 1807 2549 1855 .9
2586 1786 2861 1860 Intensus
2890 1786 2984 1861 ad
3032 1804 3169 1874 haec.
3201 1802 3285 1861 ita
3334 1807 3589 1908 reddidit

326 1883 582 1939 Fortuna
599 1888 866 1940 servante
879 1886 1336 1957 modum,quatit
1348 1885 1443 1942 ille
1456 1888 1824 1943 tremendum
1858 1883 1904 1908 ”
2549 1898 2558 1906 '
3464 1892 3584 1969 [olli

184 1971 288 2026 105
325 1970 524 2043 Reguli
554 1971 624 2027 de
655 1988 814 2029 more
843 1973 1289 2045 caput,’ceelique
1309 1978 1508 2030 tuetur
2077 1977 2195 2032 Rex
2219 1994 2231 2033 :
2254 1979 2441 2046 Jubeo,
2457 1980 2700 2050 juvenis,
2735 1984 2951 2038 tantum
2974 1983 3165 2041 desiste
3191 1987 3399 2043 moveri
3422 1992 3440 2040 !

323 2058 608 2128 Convexa,
641 2064 816 2133 atque
848 2062 1030 2119 sacris
1062 2063 1144 2118 ita
1169 2063 1387 2119 fetibus
1432 2080 1534 2119 ora
1553 2064 1822 2121 resolvit:
2074 2067 2189 2121 Non
2221 2076 2382 2139 caput
2405 2067 2502 2123 hoc
2521 2069 2650 2123 dum
2670 2072 2781 2125 vita
2802 2072 2939 2143 regit
2960 2072 3163 2144 diffusu
3176 2091 3278 2146 per
3297 2079 3474 2147 artus,

324 2149 397 2203 Tu
424 2150 554 2206 celi
579 2153 851 2222 terraeque
869 2159 1036 2219 sator,
1060 2153 1155 2223 qui
1180 2154 1425 2224 fulmina
1443 2153 1556 2225 (22)
1588 2163 1821 2225 torques,
2075 2159 2210 2209 Hac
2230 2156 2391 2211 tellus
2410 2156 2555 2211 cedet
2584 2163 2861 2229 superata,
2900 2159 3171 2232 pudetque
3197 2166 3367 2234 fateri

319 2238 711 2309 Annorumque
732 2241 870 2295 vices
900 2240 1252 2312 dimensaque
1272 2246 1515 2313 tempora
1544 2244 1716 2300 noctis
2075 2243 2174 2298 Res
2195 2244 2336 2299 Latii
2354 2247 2525 2300 victas
2548 2250 2566 2299 ,ν
2594 2246 2708 2315 Ait,
2742 2246 3034 2319 accirique
3060 2250 3291 2308 sodales

319 2325 563 2394 Quatuor
618 2331 668 2382 et
721 2328 920 2383 mundi
971 2336 1178 2400 partes,
1237 2336 1508 2401 quantum
1543 2339 1726 2387 arctus
1754 2331 1823 2386 ab
1931 2329 2038 2385 460
2079 2331 2351 2403 Imperat.
2382 2334 2713 2389 Excurrunt
2731 2339 2927 2391 vastos
2952 2336 3138 2393 excita
3166 2354 3270 2411 per
3298 2354 3471 2413 agros

1615 2420 1821 2491 [austro
2071 2418 2346 2491 Agmina,
2379 2436 2545 2476 amor
2572 2421 2791 2492 quibus
2847 2426 2935 2478 est
2965 2422 3147 2494 pacis,
3202 2423 3342 2496 quia
3390 2422 3576 2498 gloria

172 2503 283 2557 110
319 2507 399 2559 Et
415 2510 680 2575 quantum
702 2520 921 2561 occasus
943 2522 1092 2563 roseo
1113 2508 1375 2564 consistat
1401 2508 1469 2562 ab
1498 2516 1641 2574 orta,
3402 2514 3577 2585 [cure

240 2607 249 2627 ε
315 2592 544 2658 Metiris,
569 2594 762 2648 subeat
790 2596 1032 2664 geminos
1061 2600 1121 2650 ut
1146 2596 1485 2667 phosphorus
1516 2600 1685 2664 ortus,
2072 2595 2354 2652 Natorum
2379 2596 2682 2669 dulcisque
2709 2598 2941 2670 domus,
2962 2598 3260 2672 vitamque
3279 2600 3470 2673 perosi

316 2681 628 2737 Prwcedens
659 2699 808 2737 nunc
837 2683 979 2738 Solis
1007 2700 1169 2755 equos
1194 2686 1507 2757 peliensque
1552 2686 1819 2753 tenebras,
2070 2683 2402 2739 Adveniunt
2431 2685 2661 2757 placido
2692 2685 2997 2758 glomerati
3023 2693 3257 2759 pectora
3289 2689 3429 2763 regi.

317 2769 499 2825 Noctis
528 2774 658 2839 agat
681 2787 802 2842 prae
832 2787 888 2826 se
915 2773 1121 2843 gelidos
1149 2773 1449 2844 aliquando
1459 2776 1675 2846 jugales
1695 2792 1714 2829 :
2074 2772 2373 2828 Exacuunt
2384 2774 2580 2845 justas
2611 2774 3192 2832 subitisrumoribus
3224 2776 3359 2832 iras.

322 2859 485 2913 Testis
517 2859 699 2915 adesto
712 2854 864 2930 pius,
889 2877 1199 2933 noxamque
1216 2865 1428 2919 remitte
1446 2865 1677 2931 cruoris,
1932 2861 2036 2915 165
2076 2859 2340 2933 Undique
2361 2861 2581 2916 collecti
2596 2865 2910 2935 postquam
2932 2880 3140 2920 venere
3161 2865 3429 2938 manipli,

174 2944 283 3001 145
320 2945 381 3001 Si
407 2964 604 3002 manus
628 2948 747 3005 haec
766 2951 958 3004 mortis
975 2951 1164 3005 tulerit
1181 2950 1463 3022 dispendia
1486 2951 1676 3012 Gallis.
2071 2948 2295 3020 Ingenti
2319 2949 2549 3006 fremitu
2573 2951 2791 3022 pariter
2821 2950 2988 3008 du'cis
3008 2957 3155 3010 ‘ante
3176 2952 3436 3009 tribunal

318 3035 505 3091 Debita
526 3037 658 3107 jure
678 3037 820 3093 mihi
838 3041 1059 3108 raptum
1082 3040 1164 3093 ire
1213 3040 1520 3095 volentibus
1546 3057 1681 3095 arva
2072 3036 2230 3093 Bella
2250 3037 2422 3092 cient.
2440 3038 2722 3109 Liquidas
2745 3040 2982 3093 tandem
3005 3056 3068 3095 se
3089 3041 3280 3096 reddit
3309 3041 3382 3096 ad
3401 3057 3576 3098 auras

316 3122 615 3194 Infandum
637 3130 656 3177 !
680 3127 787 3181 Cui
816 3128 969 3180 tanta
996 3128 1116 3181 viro
1142 3142 1392 3182 concessa
1422 3132 1676 3199 potestas,
2070 3124 2371 3181 Terribilis
2383 3126 2608 3192 ductor,
2643 3126 2876 3197 quando
2899 3125 3054 3182 latus
3077 3144 3249 3184 omne
3263 3128 3376 3184 Sub
3394 3129 3576 3185 armis

312 3212 391 3267 Me
420 3213 603 3282 regnis
630 3213 850 3284 privare
872 3216 897 3266 .9
917 3213 1071 3269 Sedet
1089 3214 1407 3282 si,conditor
1436 3217 1601 3281 orbis,
1848 3203 1891 3270 C
2073 3214 2281 3269 Ferrea
2302 3217 2435 3270 suta
2461 3217 2677 3280 terunt,
2703 3214 2980 3270 humeros
3002 3218 3059 3270 et
3087 3220 3324 3287 pectora
3351 3214 3469 3273 late

313 3301 421 3355 Pro
448 3301 625 3372 culpis
655 3301 871 3358 abolere
888 3302 1050 3369 viros,
1072 3302 1158 3357 nil
1193 3305 1310 3358 vita
1336 3302 1632 3371 retardent,
1921 3300 2027 3357 470
2064 3301 2396 3359 Flammeus
2409 3303 2564 3358 orbis
2583 3301 2958 3375 habetcapiti,
2980 3303 3571 3370 tremitaereacassis,

167 3389 278 3442 120
312 3387 415 3444 Sed
438 3404 540 3461 per
561 3392 758 3445 cuncta
786 3398 954 3446 ruant
1000 3392 1176 3461 fastus
1208 3391 1551 3455 discrimina,
1600 3392 1813 3464 quando
2064 3390 2134 3444 Et
2163 3389 2396 3461 gemino
2417 3390 2617 3445 dextra
2637 3386 2886 3445 rutilant
2914 3389 3157 3447 hastilia
3184 3391 3356 3461 ferro,
3450 3418 3453 3421 -

312 3478 509 3532 Ferrea
527 3479 651 3549 jam
670 3478 872 3534 scindit
892 3481 1175 3535 morituris
1202 3483 1443 3536 stamina
1464 3480 1671 3549 Clotho,
2064 3479 2235 3533 Ensis
2268 3479 2324 3533 in
2358 3494 2454 3533 ore
2485 3478 2662 3535 etiam
2700 3477 2979 3551 praeclara
3011 3477 3261 3552 refulget
3290 3480 3472 3552 iaspis

312 3566 385 3620 Ac
410 3567 628 3622 miseris
648 3565 762 3623 diri
774 3569 968 3639 capitis
985 3568 1331 3624 discriminat
1358 3585 1566 3639 angues
2064 3564 2296 3620 Pulcher
2319 3564 2486 3620 honos
2540 3581 2831 3637 regumque
2850 3565 3030 3635 decus,
3050 3566 3373 3636 fortissima,
3400 3562 3572 3640 pubes

311 3653 511 3720 Alecto,
528 3656 744 3712 crudele
762 3658 954 3728 nefas!
977 3656 1275 3713 Acheronte
1302 3658 1403 3712 sub
1435 3660 1562 3713 imo.
1878 3700 1884 3705 .
2065 3652 2127 3707 In
2162 3652 2369 3709 mediis
2401 3669 2592 3722 orsus,
2614 3654 2798 3710 rabidi
2824 3655 3151 3711 commercia
3179 3654 3368 3712 Martis

392 3741 515 3798 Nox
536 3744 695 3799 subit
714 3744 935 3800 interea
962 3746 1138 3801 variis
1171 3744 1449 3801 distincta
1480 3745 1705 3818 ﬁguris,
1926 3741 2028 3795 175
2065 3743 2290 3797 Praesto.
2341 3743 2531 3798 Manus
2571 3744 2764 3814 capulo
2812 3745 2886 3798 sit
2924 3751 3091 3815 parta
3133 3746 3460 3817 animusque
3485 3745 3571 3801 la-

170 3832 276 3886 125
314 3834 455 3887 Cum
487 3836 653 3905 pater
681 3832 950 3906 egregius
980 3838 1129 3890 tecto
1151 3850 1279 3890 sese
1299 3833 1500 3889 intulit
1520 3832 1637 3889 alto
3404 3833 3570 3904 [bori,

236 3906 239 3915 ’
312 3922 451 3976 Post
479 3919 703 3992 epulas,
728 3921 829 3976 ubi
874 3923 1138 3979 membra
1166 3926 1291 3980 toro
1324 3922 1539 3978 laxavit
1567 3922 1811 3978 honoro.
2069 3921 2134 3976 Ut
2161 3919 2307 3975 decet
2335 3921 2616 3990 egregios!
2648 3920 2892 3990 Regnum
2919 3921 3050 3991 quia
3077 3920 3267 3975 tollere
3280 3935 3504 3991 pessum

393 4014 607 4064 Annua
635 4009 726 4065 vix
754 4012 873 4065 toto
906 4010 1221 4067 rutilarunt
1264 4012 1456 4067 sidera
1487 4011 1708 4066 mundo
2072 4007 2218 4064 Wido
2236 4009 2387 4075 velit,
2404 4021 2614 4063 certum
2631 4015 2707 4062 est
2725 4008 2887 4063 sociis
2918 4010 3078 4079 atque
3100 4023 3235 4062 arva
3262 4009 3468 4064 vocatis

314 4097 459 4153 Pace
490 4098 601 4153 sub
634 4097 850 4153 hac.En
870 4100 1093 4155 fraudis
1115 4100 1237 4173 agit
1256 4099 1577 4157 tenlamina
1597 4099 1811 4172 praedo,
2064 4098 2294 4163 Partiri,
2335 4105 2385 4152 et
2411 4097 2635 4167 gremiis
2655 4096 2922 4166 juvenum
2949 4095 3243 4151 subducere
3256 4099 3463 4167 pactas.

315 4184 440 4251 Qua
464 4186 648 4241 secuit
678 4188 981 4259 quondam
1019 4187 1204 4244 aerias
1232 4206 1329 4244 rex
1352 4189 1570 4245 Pcenus
1595 4188 1706 4261 (23)
2067 4185 2128 4240 Si
2154 4186 2295 4256 foret
2325 4183 2454 4239 huic
2474 4184 2696 4238 animus
2715 4199 2928 4238 mecum
2947 4185 3236 4255 conﬂigere
3262 4183 3395 4251 solo,

690 4270 716 4295 ἰ
1631 4278 1815 4344 [aceto
1931 4273 2031 4327 180
2068 4274 2133 4329 Et
2157 4274 2337 4344 partis
2360 4273 2470 4345 (25)
2507 4271 2727 4343 diﬂerre
2755 4274 2931 4343 nefas,
2963 4271 3104 4343 quod
3126 4273 3357 4341 ﬂuctuat
3401 4272 3575 4328 armis

170 4361 277 4417 430
316 4359 551 4432 Imperii
582 4360 830 4432 cupidus
851 4360 1180 4416 cautes.Ubi
1202 4360 1466 4417 constitit
1484 4363 1601 4418 oris
2065 4362 2373 4418 Mersurum
2398 4360 2625 4433 populos
2651 4365 2670 4414 !
2688 4359 2804 4425 Ait,
2821 4363 2879 4415 et
2927 4358 3257 4431 spumantis
3313 4359 3574 4416 habenas

315 4448 676 4515 ltaliaa,nunc
707 4446 803 4504 ille
824 4446 1020 4516 minis,
1037 4447 1352 4521 aliquando
1374 4453 1598 4522 rogatu,
2068 4449 2279 4523 Implet
2327 4449 2482 4521 equi,
2533 4463 2907 4521 praecepsque
2956 4447 3102 4519 petit
3130 4447 3385 4506 confinia
3411 4447 3572 4516 belli,

315 4536 630 4608 Sollicitatj
639 4532 891 4593 uven‘um
906 4536 1013 4592 hoc
1026 4536 1212 4605 ﬂuxas
1227 4554 1495 4593 sermone
1514 4542 1774 4595 catervas
1798 4555 1812 4596 :
1845 4557 1893 4623 D
2069 4540 2194 4602 Qua
2207 4554 2419 4593 manus
2431 4535 2662 4593 hostilis
2676 4535 2909 4593 Latium
2932 4536 3350 4608 pessumdabat
3369 4535 3571 4593 armis.

315 4627 569 4699 Quisquis
599 4630 718 4681 avet
766 4624 957 4682 solidis
993 4625 1316 4698 protendere
1345 4626 1576 4697 legimus
1610 4632 1813 4697 aevum,
2069 4624 2172 4680 Hie
2204 4624 2347 4680 coelo
2379 4629 2445 4678 ut
2472 4623 2716 4696 pepullit
2743 4623 2966 4697 gelidas
2995 4641 3207 4680 aurora
3233 4625 3504 4681 tenebras

313 4718 380 4771 Et
407 4716 579 4787 fasces
602 4723 817 4772 mutare
835 4713 1007 4781 ducis,
1044 4729 1169 4786 quae
1197 4714 1468 4769 tendimus
1496 4716 1640 4770 ultro
1929 4714 2035 4768 185
2073 4713 2356 4769 Rorantes
2387 4728 2633 4767 excussa
2664 4728 2862 4767 comas
2893 4710 3265 4782 multumque
3308 4710 3575 4782 sequenti

172 4806 275 4860 135
313 4805 431 4861 Rite
448 4804 832 4878 fruensdonis,
854 4807 1067 4860 nostros
1081 4802 1385 4875 glomerare
1399 4804 1671 4874 maniplos
2067 4800 2202 4857 Sole
2230 4801 2471 4870 rubens,
2492 4799 2775 4872 galeaque
2794 4798 2902 4854 viri
2934 4797 3157 4854 clusere
3184 4798 3399 4854 minaci
3458 4808 3465 4815 ‘
3520 4808 3521 4813 ‘

311 4895 387 4965 Ne
412 4901 695 4950 cunctetur
722 4909 908 4950 ovans.
941 4893 1210 4963 Cuiquam
1229 4893 1279 4947 si
1294 4894 1436 4964 forte
1458 4890 1673 4948 videtur
2065 4891 2205 4956 Ora,
2234 4888 2505 4960 tubaeque
2533 4891 2763 4953 sonant,
2792 4887 3072 4957 vocisque
3088 4885 3339 4942 resultat
3357 4885 3553 4957 imago

311 4983 488 5038 Futile
514 4982 652 5054 quod
672 4984 927 5053 ferimus,
960 4983 1125 5038 robur
1150 4982 1280 5052 quia
1302 4983 1460 5052 ponit
1483 4983 1543 5036 in
1572 4982 1743 5037 armis
2064 4978 2412 5048 Partitaeque
2439 4977 2595 5032 vices
2614 4974 2900 5032 tolluntur
2917 4974 2978 5030 in
3003 4989 3236 5046 aequora
3254 4976 3478 5047 gentes.
3559 4992 3575 5021 ν

312 5072 626 5141 Brengarii,
649 5072 887 5127 stimulis
911 5071 1043 5126 olim
1062 5072 1196 5142 quia
1222 5072 1400 5125 motus
1429 5070 1636 5141 iniquis
2070 5063 2272 5129 Qualis
2304 5062 2417 5135 (26)
2441 5061 2564 5130 ubi,
2597 5061 2799 5117 audito
2828 5066 3148 5117 venantum
3180 5059 3582 5127 murmure,ti-

315 5160 543 5217 Finibus
572 5157 815 5219 absentes
845 5156 1026 5221 Gallos
1072 5159 1324 5228 quaesivit
1368 5159 1613 5213 Etruscis
1642 5175 1663 5220 ;
1702 5157 1815 5230 (24)
3423 5145 3574 5221 [gris

157 5197 159 5201 ι
315 5197 333 5217 ι
357 5197 541 5215 πηνα...
572 5197 813 5219 usus...“
846 5197 1025 5221 υιηυνσ
1110 5197 1323 5215 "ws..."
1368 5197 1450 5213 υ..
1471 5197 1611 5213 κυεην
1642 5199 1657 5220 ,
1723 5197 1792 5213 ,η
3423 5197 3573 5221 ιο---

176 5246 281 5302 140
319 5247 559 5314 Quantus
581 5249 810 5303 inerma
839 5249 1006 5317 feror,
1034 5197 1235 5317 p‘t‘ztriis
1255 5246 1338 5300 vel
1359 5254 1593 5317 quantus
1612 5247 1681 5302 ab
1933 5242 2038 5298 190
2074 5239 2383 5298 Horruitin
2400 5238 3048 5311 maculas,somnosque
3061 5236 3321 5294 excussit
3338 5234 3575 5305 inertes,

246 5380 631 5465 (ginnas-,—
654 5402 708 5465 v_.
740 5382 865 5465 400,
904 5400 974 5440 ea:
1004 5383 1139 5442 Stat.
1182 5383 1337 5440 Theb.
1380 5384 1450 5452 II,
1477 5401 1530 5441 υ.
1566 5385 1671 5440 412
1698 5400 1813 5458 sqq.

2005 5381 2243 5465 (25)_Ita.
2268 5398 2343 5449 c.,
2367 5380 2407 5435 i.
2443 5396 2495 5437 e.
2531 5378 2771 5453 paratis,
2802 5378 2923 5435 ideo
2955 5379 3099 5435 suis.
3122 5410 3191 5419 -
3229 5348 3423 5435 Paetis
3459 5378 3572 5437 ναι.

394 5459 471 5540 Ita
674 5455 921 5512 ﬂumina
950 5472 1000 5512 c.
1248 5494 1253 5499 .
1740 5455 1785 5458 τ-

1740 5455 1785 5458 ν-
2125 5455 2134 5465 ι

1928 5469 1977 5510 ε.
2004 5469 2192 5540 Ξιοιῃῑ.σρ
2251 5524 2348 5540 ,ΑΛ
2389 5522 2476 5540 nne
2541 5520 2800 5540 j,,_.___2,-
2839 5536 2894 5540 ,μ
2928 5519 3085 5540 01-4!)
3116 5520 3246 5540 πνι-ι

252 5519 352 5583 “23’
390 5519 649 5583 Annibal.
2000 5524 2114 5600 (26)
2152 5525 2209 5584 V.
2244 5522 2506 5598 189-194,
2530 5522 2736 5580 ductor
2751 5520 2896 5580 inea:
2920 5519 3085 5579 Statii
3116 5520 3271 5579 Theb.
3287 5521 3355 5592 ΙΙ,
3385 5537 3440 5580 υ.
3471 5520 3576 5588 128

245 5530 361 5680 (24)
393 5599 476 5674 Cf.
506 5599 648 5656 Ann.
678 5597 861 5667 Fuld.,
890 5613 944 5655 a.
969 5596 1076 5655 883
1926 5611 2041 5673 sqq.
2890 5638 2895 5644 .
3520 5608 3521 5645 ς

495 5726 758 5793 Ρκηοι.
801 5723 947 5792 CLI.

3179 5717 3258 5807 si
