3968 6158
237 358 390 421 1293
1083 354 1448 421 ΛΝΟΝΥΜΙ
1491 353 1804 419 PANEGY

2085 357 2274 418 .ENG.
2319 357 2480 423 IMP.
2525 359 2673 423 LIB.
2717 359 2798 425 ΙΙ.
3498 361 3652 420 1294

1197 557 1607 643 INCIPIT
1668 555 1990 641 LIBER
2052 554 2688 644 SECUNDUS.

409 706 678 763 Fluctuat
708 706 930 762 interea
961 706 1152 775 Wido,
1217 707 1541 778 crebroque
1588 708 1883 773 retractat,
1918 707 1971 772 Α
1999 705 2072 760 35
2107 704 2390 761 Collectos
2422 705 2599 761 etiam
2631 705 2794 761 ducit
2825 706 3138 764 Wilelmus
3170 707 3396 764 amicos

341 795 519 852 Milite
550 812 666 867 quo
698 795 916 851 bellum
946 799 1195 861 moveat,
1231 812 1358 867 quae
1393 799 1629 867 pectora
1679 793 1887 850 sollers
2103 794 2213 848 Ter
2243 798 2498 862 centum,
2533 794 2717 850 lorica
2747 794 2975 851 habiles
3006 795 3288 868 galeaque
3321 796 3602 863 minaces,

338 886 655 941 Protendat
686 884 854 940 ferro.
890 884 1116 940 Placuit
1141 886 1433 941 sententia
1464 883 1725 950 demum,
2103 882 2216 938 Nec
2239 883 2442 954 jaculo
2473 899 2705 957 segnes.
2739 883 3011 940 Totidem
3044 884 3317 956 propelilt
3347 884 3608 942 Ubaldus

274 988 284 996 ‘
335 973 617 1030 Sollicitet
647 973 836 1046 patria
867 972 1113 1046 populos
1147 972 1355 1028 tellure
1385 972 1637 1044 quietos,
3461 973 3576 1046 (44)

263 1066 299 1119 5
337 1062 654 1118 Unanimes
686 1079 801 1134 quo
848 1062 1000 1117 bella
1049 1063 1237 1117 ferant
1288 1061 1556 1132 viresque
1607 1060 1886 1116 reducant
2105 1059 2407 1115 Consimili
2440 1061 2684 1116 fervore.
2720 1062 2894 1117 Vacat
2920 1079 3035 1117 non
3069 1061 3322 1134 denique
3346 1062 3577 1136 vulgus,

335 1151 584 1218 Effectus,
619 1151 981 1222 paribusque
1011 1149 1204 1207 solum
1238 1150 1541 1222 potiantur
1570 1149 1834 1204 habenis.
2102 1148 2368 1203 Instabili
2401 1154 2628 1205 motum
2662 1151 2860 1206 studio
2888 1150 3253 1224 modicisque
3287 1151 3610 1224 magistris,

334 1244 576 1296 Summe
631 1245 803 1307 Deus,
864 1239 965 1312 qui
1026 1245 1240 1296 cuncta
1299 1240 1476 1311 foves,
1534 1239 1633 1310 qui
1674 1242 1886 1294 cuncta
1992 1237 2060 1290 40
2100 1237 2342 1303 Profari,
2377 1239 2731 1311 quandoque
2763 1246 3003 1295 manent
3034 1240 3092 1295 hi
3127 1241 3272 1297 forte
3303 1240 3532 1297 labores

1552 1326 1808 1399 [creasti,
2100 1325 2475 1398 Doctiloquos
2501 1345 2514 1395 ;
2549 1327 2822 1384 mihimet
2853 1345 3150 1386 summam
3176 1329 3443 1403 tetigisse
3469 1328 3648 1386 duelli

334 1419 443 1483 Qui
474 1418 630 1491 regis
660 1418 904 1490 imperio
945 1418 1176 1487 coelum,
1212 1434 1391 1486 mare,
1427 1417 1638 1485 sidera,
1675 1420 1878 1485 terras,
3461 1418 3575 1490 (45)

333 1507 440 1571 Qui
492 1507 633 1562 facis
668 1511 824 1562 astra
874 1507 1091 1562 micent
1141 1511 1197 1562 et
1229 1507 1398 1579 signa
1442 1505 1719 1561 micantia
1749 1521 1881 1560 cur-
2098 1502 2381 1558 Sufficiat.
2415 1503 2672 1560 Veniunt
2696 1506 2896 1573 etiam,
2920 1507 3266 1562 discrimina
3295 1522 3502 1578 eampo

1634 1597 1806 1665 [raut,
2097 1590 2203 1653 Qui
2236 1607 2424 1662 nuper
2454 1592 2730 1661 tulerant,
2765 1611 3007 1650 numero
3039 1600 3128 1650 ter
3145 1594 3322 1662 mille,
3348 1594 3647 1668 magistris

228 1687 298 1741 10
335 1686 414 1741 Te
445 1701 668 1758 precor,
734 1685 988 1752 intende,
1025 1691 1079 1740 et
1130 1684 1402 1740 mihimet
1461 1699 1734 1738 succurre
1789 1699 1878 1737 ro-
2097 1679 2361 1736 Conserti
2395 1682 2613 1752 pariter
2645 1683 2881 1754 stupido
2913 1685 3274 1740 restantibus
3307 1701 3442 1740 arvo

1620 1770 1806 1843 [ganti
1989 1767 2057 1820 45
2098 1768 2432 1824 Infandum.
2469 1770 2636 1826 Foret
2670 1771 2764 1826 his
2794 1771 2981 1828 satius
3002 1773 3287 1828 cecidisse
3318 1773 3534 1841 duello,

333 1867 410 1920 Ac
440 1880 650 1919 sensus
681 1862 924 1918 infunde
957 1879 1138 1931 meos,
1172 1862 1525 1918 commercia
1558 1859 1690 1916 belli
2092 1855 2276 1919 Quam
2311 1857 2556 1913 miseros
2589 1858 2803 1915 vidisse
2835 1861 2979 1916 dies.
3013 1861 3159 1917 Nam
3189 1861 3421 1935 dispare
3453 1864 3572 1918 fato

335 1952 679 2023 Illeetosque
707 1952 884 2007 duces
919 1950 1015 2005 vili
1051 1953 1394 2008 subnectere
1426 1951 1636 2006 charta:
2095 1945 2442 2018 Disperiere.
2515 1947 2691 2004 Jubet
2771 1950 3008 2006 tandem
3069 1952 3181 2022 (46)
3242 1952 3644 2009 Lambertieus

334 2045 456 2107 Quo
487 2041 710 2097 valeam
737 2041 750 2096 ι
784 2041 948 2096 Prior
974 2058 1136 2096 arma
1167 2041 1316 2113 rapit
1338 2041 1464 2111 jam
1495 2038 1752 2094 Gallicus
1782 2037 1878 2094 he-
1907 2075 1951 2114 η
3200 2041 3430 2112 [horror
3458 2042 3570 2114 (47)

1548 2129 1663 2198 [res
1691 2127 1803 2199 (41)
1906 2124 1953 2140 "
2097 2124 2461 2196 Prmeipuum
2521 2125 2634 2198 (48)
2681 2131 2995 2197 truncare;
3059 2129 3154 2185 siti
3209 2129 3361 2201 perit
3406 2128 3553 2186 alter
3580 2130 3640 2185 in

331 2220 532 2276 Aerios
565 2219 814 2275 ducibus
849 2223 1076 2275 montes
1102 2218 1521 2290 superantibus
1552 2221 1784 2287 auctus,
3351 2217 3566 2288 [arvis;

229 2311 298 2366 15
333 2307 652 2364 Anscherio
684 2325 818 2364 cum
870 2308 1045 2363 fratre
1077 2307 1275 2374 simul,
1323 2306 1419 2378 qui
1444 2306 1580 2377 jure
1611 2308 1875 2377 protervo
2092 2299 2420 2373 Ungrorum
2453 2302 2614 2374 cupit
2643 2303 2928 2360 infaustas
2959 2305 3189 2362 differre
3218 2306 3463 2378 sagittas

333 2398 693 2471 Quingentos
722 2401 942 2452 acuunt
975 2396 1208 2468 prepria
1235 2396 1304 2450 de
1335 2400 1504 2467 gente
1549 2394 1872 2459 ministros,
1983 2389 2056 2442 50
2094 2388 2350 2453 Tertius,
2384 2389 2500 2445 alta
2532 2391 2648 2461 poli
2681 2393 2909 2448 scandit
2935 2411 3326 2467 supremaque
3357 2395 3521 2467 ponti

334 2488 656 2542 lnstruetos
687 2485 882 2542 animo
913 2491 970 2540 et
1000 2484 1231 2556 gladiis,
1278 2501 1382 2539 nec
1431 2484 1653 2538 viribus
1702 2482 1872 2537 infra.
2090 2477 2324 2546 Tristis,
2354 2483 2418 2533 ut
2449 2477 2723 2536 almificis
2753 2497 2880 2537 sese
2912 2481 3221 2538 sustollere
3251 2484 3498 2556 sceptris

333 2573 654 2632 Gauslinus
685 2580 773 2630 ter
799 2579 1033 2631 centum
1065 2573 1312 2646 equites,
1342 2574 1460 2628 fera
1489 2571 1640 2628 bella
1687 2571 1875 2626 volen-
2093 2565 2259 2620 Forte
2291 2571 2484 2638 queat.
2522 2567 2837 2624 Hominum
2865 2587 2970 2643 pro
3004 2587 3169 2627 mens
3200 2572 3407 2645 ignora
3434 2572 3639 2629 futuri!

1670 2662 1798 2732 [tes.
2093 2654 2257 2709 Nune
2290 2656 2442 2711 acies
2473 2655 2824 2728 glomerant,
2859 2658 3080 2715 bellum
3133 2677 3494 2734 numeroque
3530 2661 3640 2718 mi-

331 2751 705 2808 Praecelerare
745 2750 952 2822 jubet;
1020 2751 1239 2824 pariter
1288 2749 1586 2806 contendit
1624 2749 1874 2804 Ubertus
3329 2751 3572 2822 [nantur

223 2843 294 2896 2O
356 2840 451 2896 Bis
481 2845 716 2896 centum
762 2857 863 2913 pro
923 2839 1098 2895 laude
1143 2840 1332 2907 viros;
1363 2839 1566 2894 eadem
1597 2838 1874 2894 omnibus
2093 2833 2398 2900 Lzetantes,
2436 2834 2777 2908 timidisque
2807 2838 2982 2894 etiam
3004 2839 3194 2896 brevis
3226 2840 3425 2897 addita
3453 2840 3641 2898 virtus

1618 2929 1805 2998 [arma
1983 2922 2054 2974 55
2091 2920 2198 2976 Per
2231 2923 2456 2979 medios
2490 2925 2660 2980 Wido
2695 2926 3015 2984 incendens
3046 2933 3310 3001 gratatur
3338 2929 3564 2999 amicis,

332 3019 397 3073 Et
425 3017 620 3074 cultus
675 3015 911 3085 similis,
944 3018 1265 3090 patriaeque
1331 3017 1389 3072 in
1423 3021 1653 3089 pectore
1700 3016 1872 3071 vires.
2092 3009 2474 3082 Exsultatque
2532 3013 2645 3084 (49)
2682 3015 2918 3083 animis,
2977 3021 3034 3072 et
3077 3033 3179 3089 spe
3222 3019 3349 3089 jam
3380 3018 3644 3092 praecipit

329 3113 509 3162 Arma
537 3107 648 3178 (42)
674 3105 874 3179 legens
905 3105 1145 3162 inimica
1191 3106 1403 3161 iterum
1455 3105 1754 3176 Tyrrhena
1779 3105 1874 3177 ju-
3279 3106 3560 3177 [hostemz

1550 3195 1803 3264 Demus,
2092 3185 2289 3250 Qualis
2319 3187 2418 3242 ubi
2449 3189 2719 3262 abruptis
2745 3191 2898 3264 fugit
2926 3194 3212 3267 praesepia
3234 3193 3442 3250 vinclis

331 3284 552 3358 Inclyta
583 3300 730 3356 gens
761 3284 1008 3351 dudum,
1042 3289 1324 3356 terraeque
1357 3282 1653 3355 marisque
1683 3282 1876 3339 duello
2092 3275 2346 3330 Tandem
2377 3275 2526 3332 liber
2553 3295 2762 3349 equus,
2796 3297 3118 3354 campoque
3150 3283 3369 3355 potitus
3409 3288 3634 3356 aperto,

329 3376 479 3446 Apta
536 3373 702 3439 satis,
764 3372 937 3427 modo
998 3372 1099 3427 sed
1160 3371 1432 3427 maleﬁda
1488 3377 1544 3427 ct
1602 3373 1872 3444 degener,
1912 3435 1946 3446 ﬁ
2093 3365 2208 3418 Aut
2241 3363 2334 3418 ille
2361 3365 2420 3419 in
2453 3371 2657 3437 pastus
2688 3375 3068 3442 armentaque
3107 3372 3296 3427 tendit
3323 3388 3629 3446 equarum,

1624 3435 1801 3532 [υἷιιιο
1858 3435 1865 3438 ’
1905 3435 1946 3500 C
1984 3451 2055 3504 60
2092 3454 2206 3506 Aut
2235 3435 2508 3510 assuetus
2539 3473 2704 3528 aqum
2731 3435 3002 3530 perfundi
3035 3461 3275 3518 flumine
3308 3435 3443 3518 noto

220 3553 294 3606 25
332 3549 488 3606 Bella
537 3549 736 3622 cupit;
799 3551 1131 3622 pariterque
1186 3550 1392 3605 cohors
1441 3549 1749 3604 Camerina
1777 3566 1874 3604 ευ-
2093 3539 2330 3605 Emicat,
2365 3543 2721 3617 arrectisque
2754 3547 2950 3602 fremit
2977 3549 3298 3607 cervicibus
3328 3551 3443 3607 alte

1593 3637 1805 3710 {perbit
2094 3630 2440 3695 Luxuriaris,
2457 3631 2788 3707 luduntque
2807 3636 2964 3706 jusz
2979 3639 3260 3711 percolla,
3277 3657 3379 3714 per
3409 3657 3626 3698 armos.

334 3729 572 3784 Munere
603 3733 899 3795 natorum,
933 3728 1272 3801 subigitque
1301 3726 1358 3781 in
1391 3727 1546 3782 bella
1575 3727 1804 3783 sodales
2161 3723 2430 3774 Senserat
2454 3719 2796 3781 horrisonos
2824 3727 3063 3783 tandem
3096 3728 3294 3785 saevire
3319 3728 3546 3786 furores

333 3816 507 3872 Mille,
542 3817 660 3871 sua
690 3817 923 3883 virtute,
961 3818 1150 3889 magis
1201 3817 1302 3872 sed
1336 3815 1496 3888 prole
1527 3817 1777 3888 supinus
1808 3847 1874 3857 ._
1963 3877 1970 3882 ι
2090 3807 2461 3878 Armipotens
2495 3810 2641 3866 Latii
2673 3813 2871 3882 decus,
2905 3819 2961 3870 et
2992 3831 3126 3887 spes
3161 3816 3376 3888 inclyta
3407 3817 3541 3873 belli

334 3905 468 3960 post
497 3909 821 3960 monstrata
851 3905 994 3961 fides
1021 3937 1088 3946 ..-
1119 3911 1361 3961 centeno
1393 3903 1578 3960 milite
1609 3903 1776 3960 133mg
1982 3895 2055 3948 65
2094 3897 2269 3950 Arma
2295 3896 2429 3963 ciet,
2480 3899 2998 3973 primisquevirum
3019 3906 3300 3976 regnique
3323 3906 3632 3963 ministris.

336 3995 562 4066 Pauper
616 3993 808 4049 adhuc
867 3993 1134 4050 Albricus
1187 3994 1328 4060 abit,
1354 3995 1480 4065 jam
1518 3995 1764 4066 jamque
1795 4009 1877 4049 rc-
2096 3983 2270 4038 OCiUS
2302 3987 2516 4042 aCCitflS
2551 3997 2760 4061 cogant
2792 3990 2850 4046 in
2883 3992 3080 4064 Ρνίθιίθο
3110 3997 3360 4062 turmas.

1599 4082 1805 4154 [sumat
2091 4072 2367 4144 Imperat,
2401 4091 2466 4129 ac
2500 4075 2650 4132 latas
2674 4084 2921 4134 vacuent
2951 4079 3352 4138 habitantibus
3385 4083 3580 4140 urbes.

219 4171 290 4226 30
327 4170 441 4241 Spe
495 4169 802 4226 Camerina
850 4171 984 4240 (45).
1025 4171 1254 4226 Utinam
1315 4172 1474 4228 dives
1529 4171 1656 4227 sine
1688 4188 1784 4227 mo

2087 4161 2285 4216 Jussio
2317 4165 2478 4217 torva
2510 4180 2712 4221 means
2744 4165 2888 4222 Italo
2912 4169 3038 4238 jam
3071 4170 3318 4242 perfurit
3345 4188 3504 4237 arvo,

1518 4259 1796 4331 [soladisg
2089 4249 2450 4305 Conveniant
2481 4268 2666 4307 nocuo
2698 4270 2903 4311 rursus
2929 4256 3085 4313 decet

2089 4249 2450 4305 Conveniant
2481 4268 2666 4307 nocuo
2698 4270 2903 4311 rursus
2929 4256 3238 4314 decernere
3269 4259 3439 4316 ferro.

326 4345 496 4412 Quid,
531 4346 866 4415 furibunde,
898 4347 1044 4414 ruis,
1078 4348 1252 4402 sociis
1285 4349 1355 4403 ad
1390 4349 1638 4406 erimina
1685 4349 1872 4419 lectis,
1979 4339 2051 4392 70
2088 4336 2227 4402 Ουίε
2285 4339 2380 4410 Dia
2402 4341 2541 4411 lum
2601 4340 2830 4413 ΡῙθοοθΠί
2890 4350 3057 4402 Ποίθιε
3116 4347 3322 4404 “inde
3375 4348 3488 4420 (⁵0)
3529 4364 3632 4422 Per

329 4433 598 4506 Ragineri
622 4433 651 4489 ?
680 4434 804 4490 Non
837 4434 1081 4491 consilio
1115 4452 1219 4491 nec
1247 4437 1467 4492 viribus
1497 4436 1655 4504 ullis,
3361 4438 3558 4505 [urbes

330 4521 614 4588 Vincitur,
649 4522 898 4579 aethereo
929 4540 1138 4580 causas
1170 4525 1270 4596 qui
1304 4529 1509 4596 pensat
1538 4525 1781 4598 Olympo

2086 4513 2238 4569 Lazta
2268 4532 2499 4583 novare,
2533 4519 2695 4575 nefas
2726 4521 2926 4577 ardet!
2961 4524 3052 4580 Sic
3085 4531 3332 4598 praepete
3355 4531 3519 4583 motu

325 4611 553 4683 Quique
585 4612 936 4685 Berengario
969 4612 1236 4669 Latinum
1272 4614 1562 4670 concessit
1613 4615 1859 4673 avitum.
2084 4603 2270 4658 comit
2329 4621 2514 4676 equos
2573 4613 2854 4682 artusque
2914 4613 3047 4670 terit
3077 4615 3186 4686 (51)
3245 4615 3482 4672 thorace
3523 4617 3628 4688 ἆυ·

511 4765 519 4774 .
546 4763 556 4774 .
3300 4709 3547 4770 [ventus.

285 4762 398 4832 (ιιι)
438 4762 612 4819 Wido.

433 4805 738 4960 δρῒέαάςί
775 4836 970 4906 Antap.
1010 4837 1049 4902 I;
1085 4837 1170 4918 17.
1501 4907 1510 4916 ¹
1897 4805 1945 4869 D
1977 4839 2077 4913 qui
2135 4839 2408 4925 tibicines
2456 4851 2755 4916 vocantur,
2811 4851 3028 4922 quibus
3079 4853 3254 4908 datur
3299 4853 3518 4926 aliquid
3553 4856 3624 4912 ad

309 4906 399 4971 43)
431 4905 661 4961 Gossa:
743 4922 836 4960 am
870 4907 1239 4963 Camermam
1291 4907 1612 4962 marchiam
1666 4912 1869 4974 postea
1978 4912 2165 4967 solam
2225 4919 2392 4969 metri
2445 4921 2954 4974 sustentationem.
3019 4924 3117 4974 Est
3147 4930 3339 4974 autem
3389 4925 3623 4974 tibicem

309 4906 399 4986 43)
431 4905 836 4986 ϐέοδξατΝειῐῃ
870 4905 1239 4986 camerinam
1291 4907 1869 4986 marchiahmtpostea
1978 4905 2173 4986 solam
2225 4916 2392 4969 metri
2445 4905 3626 4983 sustentationem.ﬁEstvautemntibicein

221 4979 431 5064 tenuit.
457 4980 813 5064 Certum‘gst
843 4979 998 5048 quod
1015 4979 1334 5064 .Albericus
1391 4979 1679 5064 interfecit
1709 4995 1865 5059 com-
1977 4983 2212 5064 proprie
2243 4986 2403 5040 furca
2421 4990 2688 5064 apposita
2718 4993 2787 5064 ad
2803 4979 3622 5053 sustentationem—ruentium

221 5051 442 5128 patrem
474 5063 650 5102 suum
679 5047 990 5127 _Widonem
1013 5048 1070 5129 in
1093 5055 1289 5119 ponte,
1311 5050 1563 5174 cnfidus
1595 5049 1781 5105 honor

219 5117 463 5198 ideoque
494 5122 656 5190 optat
681 5122 788 5200 iste
819 5135 1149 5200 pervenisse
1165 5137 1298 5176 eum
1334 5137 1365 5175 a
1426 5120 1660 5176 culmen
1693 5120 1786 5178 ho:

2060 5047 2268 5110 rictum
2295 5074 2308 5124 ;
2345 5047 2810 5118 und‘e‘Juvenalis
2833 5047 3627 5132 ait,'deﬁincom—modis—urbi-s

2060 5142 2224 5197 [nens
2251 5145 2270 5200 :_
2300 5150 2327 5178 «
2361 5129 2477 5184 Nos
2500 5132 2704 5188 urbem
2729 5134 3040 5195 incolimus
3078 5139 3492 5196 tenuitihiciue
3515 5139 3626 5196 ful-

223 5203 632 5276 “sseareee
663 5198 856 5276 smmi;
911 5264 923 5276 .
1060 5261 1181 5276 η..

1121 5261 1181 5276 Μ
1978 5198 2356 5276 ίᾶᾳξζιυ-(δαίζ
2387 5202 2420 5255 3
2449 5219 2499 5276 υ.
2536 5203 2683 5276 193.)

290 5258 404 5328 (44)
560 5259 786 5386 ιίαᾱὸτ.
820 5261 1017 5332 Αηιαρ.
1051 5261 1094 5327 1,
1121 5261 1212 5315 21.
1310 5331 1320 5342 ο

290 5329 466 5409 [45)-0
491 5345 612 5409 ossa
633 5347 653 5383 :
738 5335 874 5409 istat
898 5335 1097 5409 autem
1142 5330 1430 5409 duelhum
1480 5337 1537 5388 et
1568 5332 1826 5389 duellum
1853 5351 1857 5401 ς

2049 5268 2164 5409 (47)
2197 5258 2238 5333 Ιξ
2269 5285 2298 5324 e
2328 5258 2680 5358 Lambertus;
2709 5277 2945 5336 Widonis
2973 5281 3143 5362 ﬁlius.

1576 5332 1866 5401 duellum;
2075 5340 2142 5393 48
2196 5340 2907 5409 GlossazMagemfredum
2939 5353 3143 5409 signifii

285 5329 670 5427 (1⁵ὶιὲἔέίξξξέξρ
689 5329 886 5427 ίέἷῖίὲἱ
895 5329 1097 5427 ΡςθὲΡ
1117 5330 1462 5427 118911539:
1480 5332 1866 5427 8399993?)
2015 5329 2164 5427 ,(48)
2196 5329 3233 5427 ίὶιοξδαηξΜεεθηῖῖέέᾶὖὲὲἐῖἐιὶῖἶίόαι
3252 5370 3272 5415 ν·
3302 5357 3372 5425 cf-
3395 5355 3622 5427 Liudpr.

215 5399 674 5480 nam‘duelljum
705 5406 794 5480 est
822 5402 1090 5480 spatium
1113 5419 1229 5480 quo
1247 5401 1465 5480 bellum
1487 5399 1868 5480 praeparatur,
1983 5399 2260 5480 Αήιαροά.
2297 5415 2336 5480 1,
2368 5399 2456 5470 38.

2587 5506 2656 5546 ex
2693 5494 2832 5566 Virg.
2893 5496 3018 5552 (En.
3077 5497 3160 5565 XI,
3213 5513 3260 5552 υ.
3295 5498 3621 5564 itit—«497.

218 5541 490 5616 duellum
514 5543 592 5599 sit
621 5541 855 5616 proprie
884 5544 1191 5616 conﬂictus
1219 5545 1493 5602 duorum.
1731 5541 1749 5548 ’
2051 5541 2163 5616 (50)
2196 5554 2406 5612 Excide
2435 5574 2482 5613 c.

285 5613 398 5697 (46)
429 5612 650 5676 σιοεεςαξ
709 5612 894 5676 Vacat
951 5615 1167 5677 tandem
1207 5620 1264 5678 et
1294 5621 1384 5678 est
1438 5634 1644 5678 versus
1701 5616 1852 5678 deiil

951 5615 1167 5677 tandem
1207 5620 1264 5678 et
1294 5621 1384 5678 est
1438 5634 1644 5678 versus
1701 5617 1775 5678 de
1799 5616 1873 5681 iis
2051 5612 2164 5705 (51)
2196 5624 2277 5707 0f.
2310 5626 2354 5687 Ι.
2386 5612 2509 5692 169.

2051 5481 2068 5705 l

2145 5483 2164 5705 ἒ
