3968 6158
281 289 436 357 1297
1132 290 1496 356 ANONYMI
1536 291 1936 355 PANEGYR.
1976 289 2316 355 BEBENG.
2359 288 2525 354 IMP.
2567 288 2720 357 LIB.
2764 286 2842 358 II.
3532 282 3688 352 1398

419 425 691 483 Extremo
721 424 896 499 galeae
922 424 1230 499 primoque
1262 426 1323 482 in
1355 426 1621 500 margine
1672 442 1889 499 parmae
1954 424 2010 493 Α
2182 425 2272 481 Sic
2297 440 2468 497 genus
2496 440 2653 481 omne
2681 434 2839 483 tuum
2863 425 3110 499 prapriis
3137 422 3483 481 discrimth
3516 429 3686 491 arvis,

421 515 642 572 Semita
672 533 791 588 qua
820 515 1011 584 lucet;
1045 515 1247 572 clausa
1277 516 1617 588 spiraminis
1642 517 1858 572 haustu
2187 516 2250 572 Ut
2278 517 2479 586 fratres
2508 515 2643 570 Italo
2675 523 2856 571 torvus
2883 515 3149 571 discernis
3176 515 3238 570 in
3263 529 3393 586 agro
3424 518 3444 568 !

422 604 583 660 Ilicet
612 604 879 677 oppetiit,
912 604 1166 660 Moriens
1198 604 1426 661 telluris
1451 604 1701 660 alumnae
2185 603 2287 660 His
2316 603 2511 671 dictis,
2544 603 2698 659 volat
2729 603 2951 675 ingenti
2981 603 3230 660 stridore
3260 619 3365 676 per
3394 618 3569 659 auras

278 693 384 749 155
421 692 624 749 Infelix
652 709 917 765 carasque
947 693 1159 750 domus
1183 694 1601 763 reminiscitur,
1635 699 1810 766 atque
2043 693 2150 748 195
2186 691 2397 764 Cuspis
2426 692 2486 747 in
2520 693 2875 759 adversum;
2904 690 3102 764 clypeo
3133 693 3232 748 sed
3264 689 3437 764 pulsa
3478 689 3695 764 rigenti

422 782 647 837 Damna
671 781 844 836 modo
878 781 1058 837 Latiis
1072 781 1385 853 quiavenit
1413 783 1660 855 adeptus
1680 782 1741 837 in
1759 782 1929 839 arvis.
2185 780 2412 854 Alipedi
2440 781 2602 837 vadit
2631 783 2880 837 mortem
2912 779 3107 836 latura
3135 781 3407 853 superbo.

418 870 563 925 Hinc
595 870 751 926 acies
782 870 1057 941 sequitur
1086 887 1234 926 caiso
1274 871 1553 939 ductore;
1586 872 1844 943 furitque
2186 870 2289 926 Hic
2320 874 2568 926 mortem
2626 868 2895 925 Albricus
2952 872 3204 941 caperet,
3263 869 3379 925 nisi
3432 868 3700 942 proxima

418 956 765 1013 Ascherium
820 960 1092 1014 sternens
1143 957 1314 1013 heros
1374 957 1650 1015 Atesinus
1708 960 1818 1031 (62)
1877 962 1935 1014 et
3417 957 3625 1029 [virtus

1042 1095 1061 1104 -
1432 1047 1671 1119 [Othum
1704 1049 1817 1120 (63)
1844 1066 1857 1117 ;
2184 1048 2437 1105 Tolleret
2464 1048 2911 1119 huncjuveuum
2928 1046 3106 1104 sociis
3124 1049 3184 1102 et
3204 1046 3473 1103 redderet
3484 1045 3688 1104 armis.

420 1135 764 1193 Comminus
803 1135 957 1192 hunc
973 1140 1248 1204 stantem,
1282 1136 1448 1192 metit
1484 1135 1639 1192 hunc
1661 1135 1932 1210 apoplite
2186 1138 2422 1195 Milibus
2455 1136 2567 1209 (68)
2598 1138 2658 1192 in
2720 1136 2931 1193 mediis
2977 1136 3234 1194 vadens:
3298 1135 3438 1205 Quid
3490 1138 3699 1194 inertia

1574 1225 1824 1298 [sectum
3464 1225 3625 1293 [bello

280 1315 384 1372 160
420 1313 671 1387 Cuspide
700 1314 1182 1372 transmissa.His
1215 1313 1403 1371 socios
1435 1314 1766 1371 demitteret
1800 1331 1932 1371 um-
2041 1318 2147 1372 200
2188 1319 2436 1383 Pectora,
2467 1316 2720 1373 Ubertus
2752 1314 3014 1385 ait,duris
3044 1314 3386 1386 praetenditis
3415 1315 3586 1371 armis

1682 1403 1826 1475 [bris
2186 1407 2225 1463 0
2254 1407 2422 1462 Itali?
2443 1408 2633 1462 Potius
2660 1405 2809 1461 vobis
2835 1420 2996 1460 sacra
3015 1404 3216 1475 pocula
3235 1403 3406 1472 cordi,
3482 1402 3485 1403 ⁷

421 1493 784 1561 Innumeros,
856 1494 914 1549 ni
972 1493 1350 1550 Rhodanicus
1421 1509 1766 1550 succurrere
1824 1495 1931 1550 du-
2186 1494 2393 1567 Saepius
2421 1498 2471 1550 et
2494 1495 2833 1550 stomachum
2860 1492 3054 1549 nitidis
3082 1493 3278 1549 laxare
3294 1494 3523 1566 saginis,

664 1640 669 1647 ,
1574 1585 1722 1655 [ctor
1748 1584 1861 1655 (64)
2185 1585 2477 1654 Elatasque
2504 1583 2687 1639 domos
2716 1583 2887 1640 rutilo
2915 1584 3122 1654 farcire
3148 1583 3411 1640 metallo!

420 1671 789 1739 Admonitus,
822 1671 994 1728 fessis
1026 1672 1220 1728 subito
1251 1672 1475 1729 adforet
1498 1672 1655 1728 ultor
1706 1672 1953 1728 amicis.-
2183 1675 2303 1729 Non
2331 1672 2516 1729 eadem
2551 1672 2732 1729 Gallos
2760 1672 2967 1728 similis
2995 1672 3081 1728 vel
3105 1688 3243 1727 cura
3269 1670 3558 1740 remordet,

422 1760 496 1856 lit
525 1759 701 1856 lupus
732 1761 790 1815 in
823 1762 1046 1856 campis
1065 1763 1325 1856 pecudes
1355 1778 1490 1817 cum
1518 1761 1664 1817 vidit
1692 1761 1929 1856 apertis,
1962 1791 2009 1856 B
2187 1763 2401 1818 Vicinus
2430 1762 2629 1835 quibus
2675 1768 2727 1818 et
2748 1761 2993 1856 studium
3019 1760 3316 1856 devincere
3330 1762 3524 1830 terras,

420 1849 545 1905 Non
575 1849 784 1907 ductor
821 1850 1014 1923 gregis
1061 1850 1187 1922 ipse
1245 1867 1461 1921 comes,
1520 1868 1634 1907 non
1696 1850 1934 1906 horrida
1962 1848 2006 1856 ”
2186 1855 2612 1924 Depressumque
2642 1851 2814 1907 larem
2841 1850 3034 1923 spoliis
3063 1849 3192 1905 hinc
3218 1848 3347 1906 inde
3372 1850 3571 1906 coactis

1670 1941 1870 2012 [terret
2183 1941 2497 1997 Sustentare
2517 1946 2536 1996 !
2570 1940 2747 1996 Miser
2773 1955 2944 1996 voces
2974 1938 3117 1995 dum
3141 1938 3296 1995 tollit
3322 1937 3560 2007 inertes,

280 2027 387 2083 165
423 2028 621 2083 Turba
650 2045 864 2084 canum
894 2046 908 2096 ;
942 2028 1081 2097 ruit,
1110 2046 1175 2084 ac
1208 2032 1329 2085 toto
1364 2029 1601 2085 desaevit
1641 2029 1703 2084 in
1754 2045 1927 2085 arvo:
2184 2031 2364 2087 Hasta
2393 2030 2554 2086 subit
2583 2029 2841 2085 latebras
2874 2028 3057 2085 animi
3085 2031 3349 2085 scrutata
3387 2026 3624 2100 superbi

421 2116 590 2172 Haud
616 2116 784 2173 aliter
807 2117 1038 2173 dierum
1066 2117 1264 2173 Wildo
1296 2134 1360 2174 se
1386 2118 1540 2173 tollit
1589 2118 1648 2173 in
1678 2135 1892 2191 aequor.
2181 2118 2454 2175 Wilfredi
2485 2118 2699 2174 librata
2728 2134 2910 2173 manu
2942 2134 3119 2190 super
3146 2116 3387 2173 horrida
3417 2115 3626 2172 fantis:

423 2204 524 2259 Hic
554 2204 776 2261 celsum
808 2207 963 2278 quod
995 2206 1181 2262 cernit
1209 2223 1360 2279 equo
1390 2208 1628 2264 turbare
1666 2206 1896 2264 sodales
2038 2207 2146 2263 210
2183 2208 2390 2280 Infelix
2420 2207 2591 2276 Galle,
2624 2207 2887 2263 Ausonios
2915 2221 2987 2261 ne
3012 2205 3192 2261 dicere
3223 2205 3410 2277 pigros
3478 2202 3485 2209 ’

422 2293 706 2350 Erardum
739 2294 1077 2368 indignans,
1111 2312 1228 2351 uno
1258 2297 1376 2352 duo
1408 2313 1653 2369 corpora
1708 2297 1858 2353 ferro
2181 2301 2284 2353 Fas
2316 2288 2438 2363 tibi,
2469 2298 2535 2351 ui
2561 2295 2752 2367 fallor,
2779 2294 2969 2364 digitis
2998 2296 3236 2366 impacta
3274 2290 3514 2349 monebit

422 2381 931 2455 Gornipedemque
977 2384 1355 2456 equitemque
1410 2386 1571 2441 fodit.
1638 2385 1777 2441 Ruit
1833 2384 1931 2442 ille
2183 2388 2349 2442 Hasta
2374 2385 2546 2441 meis!
2576 2382 2720 2439 Visu
2750 2382 2848 2439 ille
2874 2382 3025 2438 truci
3055 2383 3197 2438 dum
3225 2380 3509 2454 prospicit
3551 2380 3689 2439 hos-

1562 2476 1858 2545 [ruentem
3421 2473 3580 2541 [tem,
3634 2467 3638 2472 “

277 2559 384 2615 170
422 2558 486 2615 In
516 2559 847 2630 dominum,
879 2560 1181 2634 lapsisque
1237 2579 1417 2619 manu
1462 2562 1777 2634 quaerentis
1825 2561 1927 2617 ba-
2183 2563 2507 2631 Labitur,et
2530 2561 2717 2634 carpit
2740 2559 3131 2617 moribundus
3153 2558 3431 2616 dentibus
3452 2558 3688 2617 herbas.

1643 2650 1855 2722 [benis,
2288 2651 2384 2707 Ha;
2415 2651 2643 2708 diversa
2672 2650 2732 2705 in
2764 2653 2930 2723 parte
2964 2648 3119 2707 vices
3157 2652 3478 2721 utrumque
3520 2648 3690 2706 cade-

420 2737 484 2795 In
516 2736 681 2794 vultu
702 2738 929 2812 galeam
955 2738 1340 2812 olypeumque
1370 2740 1429 2796 in
1452 2756 1693 2813 corpore
1722 2739 1927 2809 calcat,
3430 2737 3616 2810 [bant.

418 2825 665 2882 Saucius
696 2830 953 2883 extremo
984 2827 1169 2883 donec
1197 2844 1334 2883 cum
1377 2829 1668 2902 sanguine
1698 2828 1892 2884 frenos
2035 2832 2146 2887 215
2184 2830 2399 2887 Saevior
2430 2832 2490 2885 at
2521 2827 2755 2884 miseris
2784 2827 2967 2885 instat
2996 2830 3270 2901 regnator
3299 2826 3558 2885 Etruscis

416 2915 680 2986 Respuit,
713 2919 770 2971 et
800 2915 1002 2971 iuncta
1030 2917 1268 2973 domino
1296 2918 1517 2974 cervice
1548 2916 1854 2974 recumbit.
2182 2918 2472 2991 Hesperiae
2491 2916 2883 2989 timidumque
2899 2916 3327 2975 vocatWidona
3341 2932 3689 2991 peragmen,

417 3001 638 3074 Otgarii
670 3004 803 3075 (65),
847 3004 1090 3060 comites
1129 3005 1332 3060 rabido
1363 3004 1616 3061 clamore
1643 3002 1925 3069 vocantis,
2182 3008 2273 3063 Nil
2305 3006 2544 3079 vulgare
2573 3006 2797 3078 legens,
2830 3006 2932 3061 sed
2964 3022 3091 3077 quae
3122 3003 3476 3077 dignissima
3502 3005 3622 3061 vita

276 3090 383 3146 175
420 3090 533 3147 Ora
559 3090 694 3146 ferit
716 3091 936 3148 framea
962 3110 976 3160 ;
1004 3098 1254 3165 pereunt
1285 3095 1596 3151 conamina
1628 3093 1784 3149 vocis
1964 3154 2000 3167 η
2183 3097 2435 3166 Funera,
2494 3094 2820 3167 praecipuos
2866 3093 3038 3150 annis
3087 3091 3420 3165 animisque
3450 3097 3688 3150 cruento

418 3180 747 3251 Intercepta
801 3154 1025 3237 cruore:
1060 3180 1199 3237 Milo
1241 3198 1443 3238 verum
1500 3200 1665 3238 arma
1694 3183 1924 3238 cadenti
1959 3154 2001 3221 Ο
2184 3186 2318 3240 Fert
2344 3154 2578 3257 gladio:
2610 3154 2937 3238 innumeris
2967 3181 3078 3254 (69)
3107 3179 3288 3238 veluti
3309 3154 3397 3238 leo
3421 3182 3568 3238 forte
3583 3198 3686 3255 po-

421 3267 569 3323 Dum
599 3267 771 3339 rapit,
804 3267 1005 3324 infelix
1036 3269 1180 3325 Itala
1211 3270 1595 3343 deprenditur
1624 3271 1813 3339 hasta,
3445 3262 3611 3343 [titus

421 3358 503 3411 Ac
523 3355 782 3413 moriens
803 3356 1294 3431 linquitclypeum
1312 3359 1705 3433 hostilemque
1723 3375 1927 3416 suum-
2034 3363 2142 3419 220
2179 3361 2470 3431 Czedibus,
2502 3360 2770 3417 imbelles
2796 3359 3010 3416 vitulos
3039 3357 3361 3431 mollesque
3398 3358 3681 3430 juvencas

1723 3450 1880 3521 [que.
2179 3449 2590 3518 Transmittit;
2651 3464 2864 3521 magno
2922 3449 3086 3505 furor
3141 3452 3234 3505 est
3287 3446 3350 3504 in
3396 3447 3683 3522 sanguine

426 3533 654 3589 Auxilio
679 3532 920 3590 collecta
948 3535 1110 3592 subit
1138 3537 1376 3593 tandem
1404 3539 1640 3594 Ausona
1685 3538 1891 3610 pubes.
3424 3535 3633 3611 [mergi

286 3622 390 3678 180
426 3620 650 3677 Bellum
682 3622 890 3695 ingens
920 3623 1124 3680 oritur.
1162 3624 1413 3681 Multum
1461 3626 1597 3681 hinc
1650 3625 1931 3698 illincque
2183 3630 2299 3686 Nec
2329 3628 2443 3685 nisi
2470 3627 2770 3701 regnantis
2801 3627 3021 3683 cervice
3051 3626 3390 3684 recumbere
3438 3614 3614 3682 tauri.

1613 3714 1862 3786 [cruoris
2182 3718 2406 3773 Witred
2418 3733 2514 3773 um
2538 3716 2639 3772 sed
2660 3716 2819 3772 enim
2834 3716 3069 3789 sonipes
3090 3713 3243 3772 male
3255 3716 3409 3772 ﬁdus
3424 3714 3486 3771 in
3507 3713 3688 3772 armis

422 3798 730 3866 Funditur,
765 3802 822 3854 et
853 3800 992 3855 totis
1020 3804 1366 3858 sternuntur
1413 3819 1656 3875 corpora
1684 3804 1931 3876 campis.
2188 3807 2576 3878 Rumpentem
2608 3805 2804 3860 frenos
2834 3805 3063 3861 diversa
3097 3821 3201 3876 per
3229 3804 3469 3876 agmina
3495 3806 3690 3876 raptat

417 3886 564 3942 Nam
594 3887 822 3943 varium
856 3889 1093 3945 virtutis
1123 3892 1237 3962 (66)
1271 3892 1611 3963 opus.Nunc
1643 3894 1816 3949 turba
1848 3910 1935 3949 re-
2043 3897 2154 3951 225
2189 3895 2321 3951 Jam
2348 3893 2537 3961 liber.,
2571 3893 2653 3948 sic
2702 3893 2859 3975 fessa
2904 3909 3137 3948 manus.
3186 3884 3359 3947 Venit
3392 3891 3564 3947 hasta
3591 3907 3695 3964 per

1670 3981 1868 4056 [cedit,
3402 3981 3624 4052 [armos

421 4063 583 4119 Nunc
608 4065 847 4137 premit,
880 4082 946 4121 ac
975 4066 1201 4123 vicibus
1223 4068 1493 4126 tellurem
1518 4070 1735 4125 amittit
1754 4076 1811 4126 et
1831 4088 1933 4126 au-
2190 4069 2498 4142 Principis,
2529 4073 2587 4124 et
2626 4068 2833 4124 laevum
2873 4067 3077 4139 juveni
3125 4062 3555 4126 transverberat
3601 4068 3691 4125 in-

1707 4159 1862 4232 [fert.
3418 4157 3621 4230 [guen,

417 4240 490 4295 Ut
520 4241 708 4297 ventis
738 4242 1075 4315 nimbisque
1098 4245 1299 4300 minax
1324 4261 1457 4301 cum
1483 4247 1656 4303 solvit
1676 4248 1939 4304 habenas
2191 4248 2627 4318 Labentemque
2658 4246 2847 4319 affigit
2876 4262 3046 4319 equo.
3077 4245 3249 4320 Fugit
3275 4244 3373 4302 ille
3392 4248 3693 4319 perempto

272 4329 380 4384 485
413 4329 525 4383 Aer
554 4329 690 4400 (67),
713 4330 937 4387 alterno
992 4333 1310 4405 proﬂigens
1354 4335 1589 4390 turbine
1646 4337 1936 4391 mundum
2187 4337 2502 4393 Consertus
2532 4333 2789 4404 domino,
2823 4351 2929 4391 nec
2949 4336 3077 4408 jam
3107 4350 3273 4392 arma
3299 4338 3404 4392 aut
3430 4334 3594 4391 frena
3612 4334 3692 4391 te-

414 4416 542 4472 Stat
571 4416 703 4472 coeli
736 4418 965 4475 diversa
996 4421 1150 4475 acies
1183 4438 1195 4475 :
1231 4438 1388 4477 nunc
1419 4422 1622 4477 fortior
1657 4424 1863 4490 austri,
3359 4426 3618 4497 [nantem

414 4504 581 4561 Nunc
627 4505 1652 4583 aquilonishiems,donecpugnante
1675 4510 1931 4583 procella
1958 4518 2004 4582 Ι)
2177 4515 2375 4591 Portat
2399 4513 2591 4570 adhuc
2650 4515 2928 4585 equitem.
2985 4513 3205 4571 Fratris
3243 4513 3372 4585 jam
3420 4513 3689 4571 membra

416 4593 533 4649 Aut
563 4594 764 4650 nimiis
796 4595 891 4650 hic
918 4597 1058 4653 vicit
1088 4597 1286 4670 aquis,
1314 4602 1416 4654 aut
1442 4597 1539 4654 ille
1569 4615 1795 4655 sereno.
3354 4600 3619 4675 [regebat

411 4680 513 4736 Hic
544 4681 698 4738 videt
721 4684 1078 4741 Anscherius
1111 4687 1353 4741 fratrem
1376 4686 1516 4757 quia
1536 4686 1774 4742 vulnere
1804 4686 1922 4743 labi
2027 4693 2134 4748 230
2170 4691 2469 4747 Arduinus
2499 4706 2670 4762 equo,
2703 4689 2846 4745 lzeva
2877 4690 2990 4760 (70)
3021 4689 3344 4745 marcentia
3370 4688 3523 4744 colla

271 4768 375 4823 190
409 4768 645 4839 Albrici,
674 4772 935 4845 ingemit,
970 4790 1035 4829 ac
1064 4773 1264 4846 rapido
1319 4775 1625 4831 conanime
1663 4776 1843 4832 telum
2167 4781 2516 4836 Sustentans
2546 4779 2866 4849 dextraque
2893 4776 3072 4835 latus.
3096 4776 3460 4851 Singultibus
3479 4779 3685 4835 artum

412 4859 838 4933 Contorquens,
891 4862 1142 4920 clamore
1208 4864 1408 4936 gravi:
1468 4864 1625 4922 Sator
1676 4864 1914 4934 aetheris,
2164 4866 2448 4924 Exhaurit
2476 4866 2714 4922 thoraca
2741 4865 2927 4936 dolor,
2961 4882 3066 4922 nec
3105 4864 3296 4922 vinela
3327 4866 3594 4922 coemant
3669 4893 3687 4905 ο

1583 4954 1816 5026 [inquit,
2165 4956 2500 5012 Undantem
2531 4954 2669 5011 ﬂetu
2700 4954 2929 5028 galeam
2957 4972 2973 5024 ;
3008 4970 3143 5011 cum
3197 4953 3385 5012 multa
3418 4957 3669 5029 gemant

272 5193 483 5259 garius.

344 5120 457 5203 (62)
488 5123 592 5177 Ant
628 5123 949 5195 Walfredus,
983 5130 1099 5194 aut,
1127 5135 1186 5183 ut
1215 5129 1423 5184 Vatesio
1462 5130 1658 5201 placet,
1708 5133 1914 5186 Beren-
2095 5134 2209 5207 (67)
2238 5133 2532 5207 Etadjecit
2558 5133 2746 5207 Leibn.
2776 5132 3049 5207 Juppiter
3076 5150 3111 5190 a
3145 5132 3286 5190 Stat.

2115 5136 2130 5187 ί

2116 5209 2130 5259 t

2115 5280 2130 5331 ε

2023 5348 2095 5403 55

565 5278 615 5318 c.
649 5264 912 5321 Ottonem.

368 5333 460 5389 64)
501 5333 667 5389 Wido.

2104 5204 2209 5350 ps)
2240 5204 2502 5261 Millibus
2521 5205 2612 5287 ed.
2855 5204 2873 5206 “
2896 5204 2915 5207 “

2104 5277 2187 5389 ξ59
2239 5278 2569 5332 Innumerls
2597 5306 2668 5318 -—
2694 5276 2800 5332 220
2827 5292 2897 5332 ea:
2925 5275 3063 5333 Stat.
3096 5275 3255 5333 Theb.
3296 5278 3437 5349 VIII,
3470 5276 3671 5338 v.554-

369 5389 461 5475 65)
492 5403 719 5460 Osharii
742 5406 1125 5477 Langermann
1155 5411 1215 5463 in
1243 5410 1355 5466 cod.
1390 5413 1537 5483 legit.

370 5474 462 5546 66)
494 5477 561 5546 ν.
597 5477 846 5546 180-186,
870 5480 1063 5546 paucis
1092 5484 1320 5538 mutatis
1350 5499 1420 5539 ea:
1447 5483 1611 5541 Statii
1640 5484 1921 5545 Theb.VIII

2105 5389 2491 5546 ἐέοέῡὲωὲῗῖ
2520 5437 2573 5474 ν.
2604 5420 2709 5474 237
2756 5435 2825 5476 ex
2854 5418 2987 5476 Stat.
3042 5418 3200 5476 Theb.
3248 5420 3319 5487 ιι,
3368 5436 3420 5475 υ.
3466 5419 3574 5476 596
3603 5451 3672 5463 -

276 5561 309 5601 υ
349 5476 846 5603 (ἓὲὲέἐέὃΟ-ωϐ,
866 5476 1063 5551 paucis
1092 5484 1320 5538 mutatis
1350 5499 1420 5539 ea:
1440 5476 1611 5541 Statii
1640 5484 1843 5545 Theb.V

741 5478 846 5547 [86,
866 5476 1063 5551 paucis
1092 5484 1320 5538 mutatis
1350 5499 1420 5539 ea:
1440 5476 1611 5541 Statii
1640 5484 1921 5545 Theb.VIII
2024 5476 2153 5560 603,
2182 5476 2308 5557 606,
