3968 6158
319 307 477 376 1299

463 446 638 505 Valde
667 447 861 521 gravis
893 464 1100 505 curvas
1124 445 1426 521 perfringit
1445 446 1652 503 lancea
1681 450 1893 516 costas,

298 534 431 593 ’235
470 537 597 593 Exit
624 542 682 594 et
710 538 770 594 in
804 538 1067 605 fratrem,
1100 541 1464 609 cognataque
1494 541 1730 607 pectora
1762 534 1877 591 telo

466 625 752 683 Conserit.
780 625 882 683 Ille
910 625 1109 683 oculos
1138 626 1460 681 etiamnum
1486 624 1543 679 in
1562 623 1689 679 luce
1710 627 1981 680 natantes

473 713 663 784 Sistit,
694 717 752 770 et
780 715 1056 787 adspecta
1083 713 1345 787 germani
1381 717 1588 780 morte,
1619 711 1878 768 resolvit.

474 802 840 860 Procubuere
870 818 1039 875 pares
1070 801 1207 858 fatis
1238 833 1303 843 —
1335 800 1672 857 miserabile
1706 804 1907 858 votum

473 890 675 947 Mortis
707 920 760 932 -
801 894 859 947 et
889 891 1115 947 alterna
1143 889 1727 947 clauseruntlumina
1754 890 1977 946 dextra.

327 979 436 1036 240
470 980 551 1035 Ac
580 980 692 1051 (71)
722 978 879 1035 velut
907 979 1092 1036 Edoni
1125 980 1311 1035 boreae
1338 995 1471 1035 cum
1506 979 1754 1052 spiritus
1792 978 1909 1035 alto

469 1067 708 1124 Insonat
734 1069 942 1141 Egaeo,
986 1068 1373 1141 sequiturque
1415 1068 1488 1123 ad
1518 1068 1689 1125 litora
1742 1069 1976 1137 fluctus,

470 1158 596 1224 Qua
621 1158 777 1214 venti
808 1158 1150 1224 incubuere,
1183 1158 1384 1231 fugam
1401 1157 1544 1212 dant
1560 1156 1763 1213 nubila
1805 1155 1978 1213 coelo:

473 1245 567 1302 Sic
596 1245 741 1320 regi,
776 1263 1149 1319 quacumque
1193 1246 1349 1302 viam
1408 1250 1584 1315 secat,
1618 1246 1855 1319 agmina
1885 1261 1981 1301 ce-

1741 1336 1886 1391 dunt

1741 1337 1886 1391 dunt

471 1424 891 1498 Conversaaque
920 1429 1101 1481 ruunt
1130 1425 1307 1492 acies,
1338 1423 1497 1481 cadit
1547 1337 1735 1480 obvia[
1774 1378 1980 1496 pub’es.

326 1514 436 1571 245
471 1513 546 1572 Ut
573 1514 719 1572 vidit
746 1515 936 1571 socios
968 1515 1091 1587 regi
1122 1514 1261 1571 dare
1290 1518 1455 1588 terga
1483 1513 1720 1586 sequaci

332 1954 442 2013 250
477 1956 623 2012 Num
649 1973 809 2013 sacra
840 1958 1011 2029 riguit
1042 1957 1205 2029 Styge
1224 1959 1408 2012 tNum
1420 1957 1759 2029 penetrabile
1774 1957 1984 2030 plantis

472 2046 629 2101 Hunc
685 2044 839 2101 modo
886 2053 1067 2117 tergus
1120 2044 1275 2102 obit?
1326 2046 1545 2102 Mortali
1600 2061 1862 2117 urgemur
1915 2046 1983 2100 ab

475 1602 883 1677 Ildeprandus,
914 1603 1038 1659 abit
1067 1603 1368 1660 clamans:
1402 1607 1651 1659 Perstate
1676 1601 1909 1670 sodales,

476 1692 619 1761 Quid
644 1694 841 1763 fugitis
861 1696 888 1747 .9
917 1693 1178 1764 Spectate,
1209 1694 1396 1747 virum
1433 1694 1485 1747 si
1506 1692 1713 1758 pellere
1740 1692 1889 1761 ferro

474 1781 628 1836 Forte
655 1784 891 1852 queam!
921 1780 1141 1837 Similes
1168 1784 1324 1836 artus
1348 1783 1553 1836 natura
1580 1781 1823 1834 creatrix

474 1868 614 1923 Huic
640 1868 807 1938 dedit,
842 1884 907 1924 ac
934 1869 1138 1925 similis
1165 1877 1410 1925 sustenta
1434 1870 1643 1924 viscera
1663 1868 1909 1940 sanguis.

1691 2138 1771 2189 ste
1797 2138 1889 2189 (72

473 2223 631 2278 Haud
659 2223 891 2295 legione,
919 2224 1077 2295 pium
1104 2223 1333 2280 Domino
1358 2237 1484 2295 quae
1506 2133 1771 2279 mimi;

475 2310 570 2368 Sic
600 2312 701 2381 ait,
735 2316 793 2369 et
820 2316 941 2369 toto
972 2311 1256 2368 connixus
1288 2326 1528 2384 corpore
1556 2311 1741 2367 telum

471 2399 814 2469 Effundens,
848 2401 1041 2457 femur
1068 2399 1294 2473 ingenti
1325 2398 1458 2455 ferit
1486 2398 1723 2456 eminus
1756 2399 1876 2456 ictu

329 2489 438 2547 255
478 2489 745 2546 Ductoris
773 2489 938 2545 Latii.
973 2488 1127 2545 Satis
1157 2488 1304 2557 hoc;
1336 2491 1394 2545 et
1422 2487 1623 2545 tollere
1677 2504 1946 2561 gressum

334 4349 405 4404 10

334 4884 403 4943 15

475 2578 631 2635 Pone
661 2578 814 2633 citus
845 2576 980 2634 facti
1011 2580 1253 2650 cogente
1280 2576 1492 2632 timore
1521 2578 1765 2649 parabat
1789 2594 1803 2645 ;

476 2666 772 2723 Protimus
802 2666 1149 2738 intorquens
1160 2663 1427 2737 jaculum
1450 2665 1548 2721 sed
1581 2666 1863 2722 ductorin
1888 2664 1985 2720 ho-

1784 2752 1914 2825 [stis

1603 311 1943 376 APPEND.
1988 310 2092 377 AD
2137 312 2328 377 S/EC.
2374 310 2446 376 X.

1997 450 2053 516 Α

3572 308 3744 376 1300

2222 446 2321 513 Os,
2349 447 2603 504 terebrat
2629 446 2861 519 faciem,
2894 445 3121 521 quartis
3152 445 3266 520 (73)
3296 445 3426 504 sino
3472 445 3599 522 lege
3646 448 3741 504 la-

2230 624 2595 697 Increpitans
2634 642 2646 681 :
2684 625 2876 681 Secrea
2902 626 3006 681 tibi
3034 627 3391 682 committere
3418 536 3662 682 12311:ng

2086 714 2194 769 260
2228 678 2481 781 Audebit,
2493 678 2801 786 sane,
2817 678 3053 782 esse;
3069 678 3259 786 est"
3276 678 3747 788 etaim.
3850 678 3859 683 ’

2228 804 2341 858 Hac
2383 803 2619 875 illucque
2645 805 2798 873 ﬂues.
2830 805 2954 859 Sint
3010 802 3130 861 hac
3156 807 3509 861 monumenta
3560 807 3748 863 mino-

3551 911 3666 950 rem

2234 981 2522 1051 Tefrustra
2562 981 2794 1037 voluisse
2821 981 2957 1038 meis
2986 980 3222 1037 illudere
3251 981 3411 1038 telis!
3532 898 3549 962 ι

2231 1068 2334 1125 llle
2364 1068 2602 1141 quidem
2633 1070 2816 1126 evasit
2845 1070 3070 1127 socium
3088 1072 3488 1128 circumdatus
3516 1072 3696 1129 armis
3721 1091 3737 1140 ;

2232 1157 2344 1213 Sed
2376 1157 2560 1214 victor
2587 1157 2773 1214 animi
2801 1163 2924 1215 tota
2954 1175 3275 1216 succensus
3303 1159 3363 1216 in
3393 1159 3482 1216 ira

2086 1246 2195 1302 265
2235 1245 2610 1302 Innumeram
2623 1247 2774 1303 ferro
2787 1245 3018 1320 plebem
3042 1263 3146 1304 ceu
3164 1247 3409 1305 feliciter
3423 1265 3613 1305 annus
3624 1251 3737 1320 (74)

2233 1336 2343 1390 Aut
2361 1334 2543 1406 jubar
2586 1334 2816 1391 adversi
2846 1350 3020 1408 grave
3050 1334 3261 1393 sideris
3288 1335 3593 1394 immolat:
3640 1340 3734 1403 Ite,

2230 1422 2592 1491 Vociferans,
2622 1431 2903 1495 vestroque
2930 1424 3058 1480 duci
3083 1433 3329 1498 narrate,
3361 1426 3600 1496 Latinos,

2236 1512 2457 1569 Dividat
2484 1529 2559 1567 an
2582 1522 2727 1569 recte
2753 1514 2902 1569 vobis
2931 1530 3051 1570 mea
3074 1514 3267 1570 lancea
3293 1516 3538 1586 campos!

2233 1600 2516 1673 Tyrrheni
2549 1618 2815 1674 proceres
2834 1602 3049 1659 iterum
3080 1602 3218 1659 hinc
3249 1607 3426 1676 atque
3458 1603 3593 1660 inde
3622 1620 3736 1677 pu-

3506 1694 3673 1766 [dore

2091 1779 2199 1833 270
2236 1777 2470 1835 Collecti
2500 1783 2771 1835 statuunt
2786 1781 3449 1855 gressum,ﬁrmantque
3477 1782 3743 1839 vicissim

2236 1866 2505 1939 Undique
2522 1883 2649 1925 sese
2671 1869 2873 1936 armis,
2896 1869 3198 1942 oriturque
3209 1869 3541 1928 miserrima
3556 1872 3745 1929 cedes

2232 1956 2582 2025 Amborum,
2612 1961 2670 2013 et
2698 1956 2917 2013 ferrum
2942 1958 3092 2015 ferro
3114 1963 3320 2016 sonat:
3341 1960 3602 2032 undique
3630 1961 3743 2016 mi-

3534 2047 3672 2120 [stis

2237 2131 2392 2187 Inter
2419 2147 2482 2188 se
2512 2131 2771 2188 stridunt
2801 2134 3197 2192 mucronibus.
3214 2134 3403 2192 Instat
3443 2136 3747 2209 utrimque

2235 2220 2425 2278 Densa
2454 2220 2631 2287 acies,
2666 2237 2993 2293 rursusque
3030 2239 3177 2279 novo
3220 2239 3489 2297 respersa
3536 2241 3746 2282 cruore

2091 2311 2199 2367 275
2234 2311 2385 2365 Arva
2417 2308 2717 2377 mandent,
2750 2310 2869 2365 ruit
2893 2310 3202 2383 Hesperias
3233 2313 3373 2369 dum
3405 2313 3657 2369 Phoebus
3684 2315 3743 2369 in

2236 2485 2376 2551 Quis
2407 2486 2618 2542 modus
2651 2485 2913 2554 ulterior,
2943 2487 3031 2543 vel
3064 2505 3193 2557 quas.
3242 2402 3709 2560 discreiilongzlli,

2236 2574 2306 2629 Ni
2336 2575 2514 2631 ﬁnem
2544 2574 2710 2631 daret
2740 2575 2992 2632 estherea
3020 2581 3180 2634 sator
3202 2578 3361 2634 orbis
3393 2578 3467 2635 ab
3496 2578 3677 2635 aula?

2236 2663 2412 2719 Nocte
2440 2663 2697 2719 instante
2726 2662 2850 2720 solo
2870 2665 3109 2721 tandem
3132 2664 3460 2741 spissisque
3485 2668 3749 2724 tenebris

2235 2751 2573 2808 Concedunt
2623 2751 2811 2809 maesti
2855 2756 2913 2809 et
2967 2753 3233 2811 trucibus
3281 2755 3646 2812 dirimuntur
3675 2756 3750 2813 ab

3326 2844 3531 2916 [armis
3561 2846 3679 2917 (75)

1699 2938 2021 2997 EXPLICIT
2059 2937 2273 2997 LIBER
2312 2937 2382 2995 II.

1358 3098 1765 3188 INCIPIT
1823 3101 2145 3188 LIBER
2181 3098 2717 3188 TERTIUS.

475 3283 662 3339 Tanta
690 3298 794 3355 per
822 3279 1113 3337 Ausonios
1143 3278 1437 3335 defervere
1466 3276 1671 3350 praelia
1718 3293 1980 3351 campos,

479 3371 607 3427 Non
639 3371 810 3427 modo
842 3368 1131 3436 ﬁnitimis,
1162 3366 1332 3441 longe
1352 3367 1453 3423 sed
1483 3366 1642 3422 fama
1670 3367 1913 3423 remotis

479 3464 629 3516 Dum
660 3458 837 3527 canit,
869 3456 1095 3513 Arnulti
1126 3454 1471 3513 Germanica
1512 3455 1652 3526 jura
1682 3456 1817 3527 (75')
1848 3470 1984 3527 pre-

1505 3543 1744 3616 [mentis
1777 3544 1910 3615 (76),

476 3636 790 3709 Brengario
805 3636 909 3692 sed
925 3633 1081 3691 enim
1098 3650 1301 3707 regum
1328 3649 1431 3705 per
1443 3635 1758 3689 stemmata
1766 3632 1791 3703 j
1799 3631 1956 3687 uncti
1968 3673 1981 3698 ,

475 3724 687 3783 Tendit
714 3725 786 3781 ad
818 3723 1133 3798 imperium
1164 3721 1337 3778 solito
1369 3720 1558 3794 magis
1589 3719 1826 3792 hispida
1855 3719 1983 3792 plu-

1752 3809 1911 3881 [mis,

476 3887 848 3978 Amplectens
894 3919 1013 3958 una
1059 3899 1345 3975 populum
1400 3913 1737 3970 saevumque
1786 3902 1984 3970 tyran-

1599 3986 1765 4060 [ηιιιη
1801 3987 1915 4059 (77)

478 4082 724 4139 Gutture
776 4081 1038 4154 profuso.
1070 4077 1279 4152 Coquit
1309 4075 1406 4133 ille
1438 4076 1496 4131 in
1526 4079 1760 4148 pectore
1789 4091 1982 4144 curas,

478 4170 726 4241 Moxque
756 4186 971 4227 vocans
1002 4168 1305 4242 genitum:
1338 4167 1531 4231 Duros,
1581 4163 1843 4220 Sinbalde
1870 4163 1984 4235 (78)

1597 4252 1911 4323 [maniplos,

478 4349 695 4422 Inquit,
722 4364 842 4418 age,
873 4351 926 4403 et
954 4348 1166 4418 rapigis
1190 4344 1355 4401 Italos
1376 4344 1495 4414 pete
1521 4340 1774 4395 cursibus
1802 4354 1982 4411 agros,

478 4439 593 4492 Rea:
620 4437 717 4492 ubi
743 4436 1082 4505 Brengarius
1104 4432 1359 4489 audentes
1388 4428 1566 4484 ardua
1599 4427 1779 4483 Gallos

479 4526 794 4597 Insequitur
816 4522 1017 4586 bellis;
1049 4530 1229 4578 tamen
1259 4520 1353 4575 hos
1374 4535 1476 4591 per
1504 4517 1733 4573 vulnera
1761 4516 1914 4572 dicas

478 4614 583 4671 Aut
608 4615 808 4669 montis
835 4614 1034 4682 subito,
1066 4612 1273 4666 mirum
1315 4621 1646 4663 succrescere
1691 4609 1881 4676 partu,
1914 4636 1983 4648 —-

478 4704 566 4760 Tot
594 4704 839 4760 veniunt.
876 4703 1175 4758 Tantumne
1198 4699 1340 4772 potis
1363 4698 1613 4769 perferre
1650 4693 1908 4763 dolorem,

472 4796 675 4851 Nostra
704 4796 764 4849 ut
789 4792 1081 4865 progenies
1097 4790 1325 4862 propria
1355 4789 1583 4843 vexetur
1614 4785 1673 4840 in
1703 4784 1875 4839 aula?

473 4888 585 4943 Nec
611 4884 713 4940 tibi
743 4883 887 4938 bella
900 4880 1042 4936 'dari
1068 4893 1275 4944 vereor,
1307 4878 1357 4932 si
1382 4876 1613 4946 junctus
1642 4873 1817 4928 amico

328 5026 611 5156 “(57%
641 5026 879 5082 238-241
913 5026 1095 5080 ruunt
1122 5021 1277 5078 acies
1324 5035 1395 5075 ea:
1446 5020 1587 5088 Virg.
1616 5017 1741 5071 rEn.
1774 5015 1892 5082 XII,
1926 5030 1977 5068 υ.

329 5326 424 5367 cus

425 5140 633 5241 a575,.
672 5170 817 5238 Virg.
850 5170 976 5223 Αῗη.
1008 5166 1068 5232 x,
1099 5164 1225 5221 375.

425 5174 692 5313 7331._e.,
730 5239 987 5313 quadris
1037 5239 1225 5313 quatul

401 5172 462 5313 ἕξ

401 5327 459 5383 δΡ

2091 3633 2164 3686 20

2094 4073 2166 4129 25

2013 4560 2060 4626 D

2233 3277 2420 3334 Iveris.
2452 3277 2520 3333 At
2546 3279 2724 3333 muris
2752 3276 2901 3335 dicas
2919 3263 3137 3337 servare
3160 3281 3413 3353 superbos

2231 3367 2388 3422 Forte
2410 3367 2859 3438 animam,qu
2883 3369 3021 3424 velle
3049 3372 3158 3426 tuis
3182 3371 3513 3442 famularier
3530 3375 3709 3429 armis
3726 3393 3746 3429 :

2233 3455 2380 3523 Esto,
2411 3456 2553 3510 vices
2582 3456 2805 3511 mutabo
2841 3456 3055 3526 dehinc,
3086 3463 3136 3514 et
3164 3462 3367 3516 moenia
3387 3461 3641 3517 scindam

2234 3544 2507 3613 Ausoniae,
2538 3544 2768 3600 rutilam
2791 3544 2962 3602 donec
2988 3549 3245 3604 veniatur
3271 3549 3343 3605 ad
3373 3550 3565 3606 aulam

2237 3631 2511 3703 Clavigeri
2539 3631 2673 3704 (79),
2705 3642 2758 3689 et
2782 3639 2920 3691 totos
2948 3636 3141 3693 Araris
3170 3639 3406 3695 vacuabo
3434 3641 3672 3711 furores.

2237 3720 2408 3777 Paret
2435 3737 2614 3777 ovans
2645 3722 2819 3794 patri,
2852 3723 3033 3780 simili
3066 3721 3387 3783 succensus
3413 3744 3635 3798 amore,

2237 3810 2368 3866 Mox
2396 3809 2759 3879 Simbaldus,
2792 3814 2851 3867 et
2874 3810 3057 3869 electo
3088 3814 3405 3872 comitante
3451 3816 3755 3886 ministro,

2238 3897 2579 3970 Ingrediens
2612 3898 2866 3965 Latium,
2898 3902 3187 3973 quosdam
3218 3903 3542 3976 praemittit,
3559 3906 3755 3962 amico

2236 3985 2551 4041 Paciﬁcum
2583 3987 2838 4043 referant
2868 4004 2996 4046 sese
3017 3990 3119 4062 qui
3144 3990 3348 4049 tollere
3376 4008 3673 4065 gressum.

2238 4073 2540 4130 Consimili
2572 4074 2794 4133 fervore
2825 4077 2987 4133 subit
3014 4082 3180 4150 pater
3208 4079 3412 4136 obvius
3441 4079 3541 4137 olli

2235 4162 2614 4235 Brengarius,
2644 4163 2832 4222 celsas
2870 4164 3123 4223 nimium
3180 4184 3299 4240 qua
3353 4168 3505 4225 tollit
3562 4169 3625 4225 in
3658 4187 3754 4227 ar-

3412 4264 3529 4329 [οθε
3557 4260 3674 4329 (80)

2235 4338 2307 4394 Se
2336 4353 2584 4408 regnum
2618 4356 2684 4396 ac
2708 4341 2922 4399 subitis
2953 4344 3065 4415 (81)
3107 4343 3343 4402 Rhenos
3368 4346 3755 4404 discriminat

3506 4434 3678 4508 [oris.

2234 4516 2338 4571 Hic
2368 4516 2469 4573 ubi
2498 4534 2818 4591 congressu
2848 4520 3082 4577 dextras
3104 4522 3353 4593 junxere
3407 4522 3637 4591 decoro,

2234 4605 2353 4661 Rex
2382 4605 2573 4679 inquit
2601 4606 2793 4679 prior:
2856 4609 2895 4665 0
2951 4611 3209 4677 iuvenum
3261 4612 3584 4681 fortissime,
3644 4628 3746 4668 no-

3507 4700 3674 4771 [siros

2088 4782 2160 4838 30
2230 4785 2345 4840 Cur
2367 4784 2502 4839 velis
2526 4787 2816 4854 penetrare
2856 4786 3300 4852 locos,eunctatio
3330 4788 3443 4859 (82)
3463 4788 3626 4844 nulla
3648 4796 3748 4845 est.

2231 4872 2438 4926 Nuntia
2465 4886 2594 4928 vera
2620 4874 2776 4929 satis.
2806 4873 2992 4931 Solam
3019 4878 3265 4946 rogitare
3300 4892 3533 4944 necesse,

2181 5012 2272 5081 76)
2302 5013 2383 5068 Ita
2409 5028 2456 5069 c.
2491 5030 2631 5070 rura
2657 5016 2743 5071 ed.

2183 5084 2276 5149 77)
2311 5082 2605 5140 Widonem.
3552 5150 3557 5154 .

2160 5155 2216 5225 (7
2219 5153 2273 5233 β)
2290 5154 2737 5233 Almentebaldum
2747 5157 2814 5213 Li
2818 5158 3151 5230 udprandus.
3162 5158 3552 5217 Centebaldum
3565 5162 3746 5233 effert.

544 5223 991 5324 1::e.,.q'uad'ris
1037 5223 1459 5324 quatuor“qu
1518 5226 1711 5294 labiis,
1770 5228 1983 5281 scilicet
2088 5223 2515 5324 cf.l';innt.cnl.,39}

465 5305 551 5367 ide
569 5305 784 5377 divisis,
807 5315 864 5365 ut
898 5305 1141 5365 Valesius
1167 5305 1425 5378 explicat.

401 5368 514 5505 $74)
578 5384 632 5439 V.
690 5368 798 5437 262.
852 5382 960 5437 265
1019 5396 1089 5435 ea:
1164 5368 1298 5434 διάι.
1355 5373 1511 5430 Theb.
1570 5370 1677 5438 νη,
1738 5385 1787 5424 υ.
1846 5368 1977 5437 709,

329 5452 518 5594 71?].5)
546 5525 630 5594 Cf.
660 5524 885 5594 Liudpr.
918 5525 1041 5579 Ant.
1065 5524 1108 5591 l,
1144 5519 1231 5576 19.

410 5591 551 5664 (75η
580 5591 733 5651 Anno
751 5591 874 5649 891.

2160 5295 2833 5422 (ἶ9ἰεξῖιγη2ἑέρηρίσῇἰδ,
2869 5300 3035 5366 Wido,
3066 5300 3120 5356 d.
3151 5302 3214 5359 21
3250 5301 3403 5359 Febr.
3434 5301 3749 5374 a.891,im-

2160 5382 2245 5420 ria
2385 5366 2420 5422 ὁ
2559 5372 2813 5422 ictzonem
2839 5380 3136 5422 acceperat.

2081 5381 2355 5438 peruuem
2385 5381 2480 5423 oen

2158 5436 2274 5509 (80)
2305 5437 2480 5509 Alpes.

2180 5437 2252 5491 80

2179 5508 2240 5563 81

2179 5436 2274 5651 ei

2559 5369 2813 5426 ictionem
2839 5380 3136 5444 acceperat.

2304 5509 2359 5583 l._
2380 5525 2456 5577 e.,
2480 5512 2871 5583 praecipitibus
2888 5515 2914 5566 .9

2301 5579 2379 5635 Id.
2411 5579 2497 5651 e.,
2516 5579 2935 5654 percunctatio.
