  <div class='ocr_page' id='page_1' title='image "/cluster/home/n/w/nwhite01/storage/ocr_20150623/151/hvd.32044054760095/656.png"; bbox 0 0 3968 6158; ppageno 0'>
   <div class='ocr_carea' id='block_1_1' title="bbox 282 270 3691 349">
    <p class='ocr_par' dir='ltr' id='par_1_1' title="bbox 282 270 3691 349">
     <span class='ocr_line' id='line_1_1' title="bbox 282 270 3691 349; baseline 0.001 -12"><span class='ocrx_word' id='word_1_1' title='bbox 282 270 435 340; x_wconf 78' lang='grc'><strong>1301</strong></span> <span class='ocrx_word' id='word_1_2' title='bbox 1121 277 1483 345; x_wconf 84' lang='lat' dir='ltr'><strong>ANONYMI</strong></span> <span class='ocrx_word' id='word_1_3' title='bbox 1525 278 1920 345; x_wconf 80' lang='lat' dir='ltr'><strong>PANEGYR.</strong></span> <span class='ocrx_word' id='word_1_4' title='bbox 1964 279 2305 346; x_wconf 76' lang='lat' dir='ltr'><strong>BERENG.</strong></span> <span class='ocrx_word' id='word_1_5' title='bbox 2349 281 2514 348; x_wconf 85' lang='lat' dir='ltr'><strong>IMP.</strong></span> <span class='ocrx_word' id='word_1_6' title='bbox 2542 279 2693 349; x_wconf 89' lang='lat' dir='ltr'><strong>LIB.</strong></span> <span class='ocrx_word' id='word_1_7' title='bbox 2737 278 2851 348; x_wconf 65' lang='lat' dir='ltr'><strong>III.</strong></span> <span class='ocrx_word' id='word_1_8' title='bbox 3536 274 3691 345; x_wconf 68' lang='grc'><strong>1302</strong></span> 
     </span>
    </p>
   </div>
   <div class='ocr_carea' id='block_1_2' title="bbox 430 401 3692 490">
    <p class='ocr_par' dir='ltr' id='par_1_2' title="bbox 430 401 3692 490">
     <span class='ocr_line' id='line_1_2' title="bbox 430 401 3692 490; baseline 0.001 -23"><span class='ocrx_word' id='word_1_9' title='bbox 430 410 767 471; x_wconf 80' lang='lat' dir='ltr'><strong>Incolumem</strong></span> <span class='ocrx_word' id='word_1_10' title='bbox 785 413 917 489; x_wconf 89' lang='lat' dir='ltr'><strong>quia</strong></span> <span class='ocrx_word' id='word_1_11' title='bbox 935 415 988 473; x_wconf 88' lang='lat' dir='ltr'><strong>te</strong></span> <span class='ocrx_word' id='word_1_12' title='bbox 1010 417 1211 475; x_wconf 87' lang='lat' dir='ltr'><strong>nostris</strong></span> <span class='ocrx_word' id='word_1_13' title='bbox 1239 416 1605 489; x_wconf 84' lang='lat' dir='ltr'><strong>conspectibus</strong></span> <span class='ocrx_word' id='word_1_14' title='bbox 1633 417 1811 490; x_wconf 66' lang='grc' dir='ltr'><strong>θίγεν-ε,</strong></span> <span class='ocrx_word' id='word_1_15' title='bbox 1964 419 2022 488; x_wconf 78' lang='grc' dir='ltr'><strong>Α</strong></span> <span class='ocrx_word' id='word_1_16' title='bbox 2191 417 2413 473; x_wconf 86' lang='lat' dir='ltr'><strong>Natura</strong></span> <span class='ocrx_word' id='word_1_17' title='bbox 2437 417 2728 475; x_wconf 82' lang='lat' dir='ltr'><strong>tribuente</strong></span> <span class='ocrx_word' id='word_1_18' title='bbox 2755 417 2952 476; x_wconf 87' lang='lat' dir='ltr'><strong>locum</strong></span> <span class='ocrx_word' id='word_1_19' title='bbox 2983 414 3133 475; x_wconf 84' lang='lat' dir='ltr'><strong>satis</strong></span> <span class='ocrx_word' id='word_1_20' title='bbox 3180 401 3417 476; x_wconf 82' lang='lat' dir='ltr'><strong>arcibus</strong></span> <span class='ocrx_word' id='word_1_21' title='bbox 3464 416 3692 489; x_wconf 85' lang='lat' dir='ltr'><strong>aptum,</strong></span> 
     </span>
    </p>
   </div>
   <div class='ocr_carea' id='block_1_3' title="bbox 431 500 3694 580">
    <p class='ocr_par' dir='ltr' id='par_1_3' title="bbox 431 500 3694 580">
     <span class='ocr_line' id='line_1_3' title="bbox 431 500 3694 580; baseline 0 -23"><span class='ocrx_word' id='word_1_22' title='bbox 431 500 495 557; x_wconf 86' lang='lat' dir='ltr'><strong>Si</strong></span> <span class='ocrx_word' id='word_1_23' title='bbox 520 503 735 573; x_wconf 83' lang='lat' dir='ltr'><strong>fruitur</strong></span> <span class='ocrx_word' id='word_1_24' title='bbox 754 507 915 576; x_wconf 88' lang='lat' dir='ltr'><strong>pater</strong></span> <span class='ocrx_word' id='word_1_25' title='bbox 941 508 1139 578; x_wconf 89' lang='lat' dir='ltr'><strong>optatis</strong></span> <span class='ocrx_word' id='word_1_26' title='bbox 1170 510 1295 562; x_wconf 88' lang='lat' dir='ltr'><strong>tuus</strong></span> <span class='ocrx_word' id='word_1_27' title='bbox 1325 508 1529 578; x_wconf 78' lang='lat' dir='ltr'><strong>Optime</strong></span> <span class='ocrx_word' id='word_1_28' title='bbox 1560 507 1739 562; x_wconf 86' lang='lat' dir='ltr'><strong>rebus.</strong></span> <span class='ocrx_word' id='word_1_29' title='bbox 2185 507 2554 574; x_wconf 88' lang='lat' dir='ltr'><strong>Ambrosius,</strong></span> <span class='ocrx_word' id='word_1_30' title='bbox 2586 507 2737 580; x_wconf 85' lang='lat' dir='ltr'><strong>pesti</strong></span> <span class='ocrx_word' id='word_1_31' title='bbox 2768 506 2949 564; x_wconf 84' lang='lat' dir='ltr'><strong>miser</strong></span> <span class='ocrx_word' id='word_1_32' title='bbox 2978 507 3092 563; x_wconf 87' lang='lat' dir='ltr'><strong>heu</strong></span> <span class='ocrx_word' id='word_1_33' title='bbox 3116 511 3141 564; x_wconf 71' lang='grc' dir='ltr'>Ρ</span> <span class='ocrx_word' id='word_1_34' title='bbox 3169 507 3413 563; x_wconf 84' lang='lat' dir='ltr'><strong>devotus</strong></span> <span class='ocrx_word' id='word_1_35' title='bbox 3453 504 3694 577; x_wconf 65' lang='lat' dir='ltr'><strong>iniqua.</strong></span> 
     </span>
    </p>
   </div>
   <div class='ocr_carea' id='block_1_4' title="bbox 430 589 3692 669">
    <p class='ocr_par' dir='ltr' id='par_1_4' title="bbox 430 589 3692 669">
     <span class='ocr_line' id='line_1_4' title="bbox 430 589 3692 669; baseline 0.001 -24"><span class='ocrx_word' id='word_1_36' title='bbox 430 589 630 662; x_wconf 87' lang='lat' dir='ltr'><strong>Inquit</strong></span> <span class='ocrx_word' id='word_1_37' title='bbox 652 596 714 648; x_wconf 91' lang='lat' dir='ltr'><strong>at</strong></span> <span class='ocrx_word' id='word_1_38' title='bbox 740 592 838 649; x_wconf 91' lang='lat' dir='ltr'><strong>ille</strong></span> <span class='ocrx_word' id='word_1_39' title='bbox 863 612 876 650; x_wconf 90' lang='lat'><strong>:</strong></span> <span class='ocrx_word' id='word_1_40' title='bbox 911 595 1075 651; x_wconf 83' lang='lat' dir='ltr'><strong>Valet</strong></span> <span class='ocrx_word' id='word_1_41' title='bbox 1101 598 1335 665; x_wconf 81' lang='lat' dir='ltr'><strong>genitor,</strong></span> <span class='ocrx_word' id='word_1_42' title='bbox 1358 612 1643 652; x_wconf 81' lang='lat' dir='ltr'><strong>commune</strong></span> <span class='ocrx_word' id='word_1_43' title='bbox 1669 596 1934 664; x_wconf 80' lang='lat' dir='ltr'><strong>levamen,</strong></span> <span class='ocrx_word' id='word_1_44' title='bbox 2188 596 2554 669; x_wconf 87' lang='lat' dir='ltr'><strong>Quiregnum</strong></span> <span class='ocrx_word' id='word_1_45' title='bbox 2577 594 2779 651; x_wconf 83' lang='lat' dir='ltr'><strong>infelix</strong></span> <span class='ocrx_word' id='word_1_46' title='bbox 2798 598 3110 667; x_wconf 84' lang='lat' dir='ltr'><strong>postquam</strong></span> <span class='ocrx_word' id='word_1_47' title='bbox 3131 595 3391 665; x_wconf 84' lang='lat' dir='ltr'><strong>defertur</strong></span> <span class='ocrx_word' id='word_1_48' title='bbox 3403 594 3476 652; x_wconf 90' lang='lat' dir='ltr'><strong>ad</strong></span> <span class='ocrx_word' id='word_1_49' title='bbox 3497 607 3692 661; x_wconf 90' lang='lat' dir='ltr'><strong>aures,</strong></span> 
     </span>
    </p>
   </div>
   <div class='ocr_carea' id='block_1_5' title="bbox 316 677 3582 756">
    <p class='ocr_par' dir='ltr' id='par_1_5' title="bbox 316 677 3582 756">
     <span class='ocr_line' id='line_1_5' title="bbox 316 677 3582 756; baseline 0.002 -23"><span class='ocrx_word' id='word_1_50' title='bbox 316 677 389 733; x_wconf 88' lang='lat'>35</span> <span class='ocrx_word' id='word_1_51' title='bbox 434 679 602 751; x_wconf 89' lang='lat' dir='ltr'><strong>Teque</strong></span> <span class='ocrx_word' id='word_1_52' title='bbox 628 681 809 737; x_wconf 85' lang='lat' dir='ltr'><strong>valere</strong></span> <span class='ocrx_word' id='word_1_53' title='bbox 836 685 1005 755; x_wconf 85' lang='lat' dir='ltr'><strong>cupit,</strong></span> <span class='ocrx_word' id='word_1_54' title='bbox 1034 686 1246 755; x_wconf 79' lang='lat' dir='ltr'><strong>pacatis</strong></span> <span class='ocrx_word' id='word_1_55' title='bbox 1269 684 1471 755; x_wconf 70' lang='lat' dir='ltr'><strong>[cedere</strong></span> <span class='ocrx_word' id='word_1_56' title='bbox 1498 685 1705 756; x_wconf 88' lang='lat' dir='ltr'><strong>campis</strong></span> <span class='ocrx_word' id='word_1_57' title='bbox 2071 684 2143 739; x_wconf 89' lang='lat'><strong>85</strong></span> <span class='ocrx_word' id='word_1_58' title='bbox 2180 683 2494 741; x_wconf 85' lang='lat' dir='ltr'><strong>Obsidione</strong></span> <span class='ocrx_word' id='word_1_59' title='bbox 2510 684 2727 756; x_wconf 87' lang='lat' dir='ltr'><strong>jubent</strong></span> <span class='ocrx_word' id='word_1_60' title='bbox 2756 683 2940 738; x_wconf 89' lang='lat' dir='ltr'><strong>densa</strong></span> <span class='ocrx_word' id='word_1_61' title='bbox 2967 684 3331 740; x_wconf 86' lang='lat' dir='ltr'><strong>circumdare</strong></span> <span class='ocrx_word' id='word_1_62' title='bbox 3357 697 3582 750; x_wconf 89' lang='lat' dir='ltr'><strong>muros,</strong></span> 
     </span>
    </p>
   </div>
   <div class='ocr_carea' id='block_1_6' title="bbox 423 767 3689 851">
    <p class='ocr_par' dir='ltr' id='par_1_6' title="bbox 423 767 3689 851">
     <span class='ocr_line' id='line_1_6' title="bbox 423 767 3689 851; baseline 0.001 -29"><span class='ocrx_word' id='word_1_63' title='bbox 423 767 673 825; x_wconf 78' lang='lat' dir='ltr'><strong>Mansuro</strong></span> <span class='ocrx_word' id='word_1_64' title='bbox 713 771 877 826; x_wconf 88' lang='lat' dir='ltr'><strong>Latii.</strong></span> <span class='ocrx_word' id='word_1_65' title='bbox 912 770 1120 827; x_wconf 82' lang='lat' dir='ltr'><strong>Celeres</strong></span> <span class='ocrx_word' id='word_1_66' title='bbox 1149 773 1374 830; x_wconf 86' lang='lat' dir='ltr'><strong>idicirco</strong></span> <span class='ocrx_word' id='word_1_67' title='bbox 1403 772 1619 842; x_wconf 76' lang='lat' dir='ltr'><strong>subegit</strong></span> <span class='ocrx_word' id='word_1_68' title='bbox 1872 844 1875 851; x_wconf 84' lang='lat'><em>_</em></span> <span class='ocrx_word' id='word_1_69' title='bbox 2187 773 2268 830; x_wconf 91' lang='lat' dir='ltr'><strong>Ne</strong></span> <span class='ocrx_word' id='word_1_70' title='bbox 2298 774 2490 848; x_wconf 93' lang='lat' dir='ltr'><strong>capiat</strong></span> <span class='ocrx_word' id='word_1_71' title='bbox 2537 772 2764 830; x_wconf 90' lang='lat' dir='ltr'><strong>socium</strong></span> <span class='ocrx_word' id='word_1_72' title='bbox 2814 784 3174 843; x_wconf 90' lang='lat' dir='ltr'><strong>quemquam</strong></span> <span class='ocrx_word' id='word_1_73' title='bbox 3224 771 3552 829; x_wconf 84' lang='lat' dir='ltr'><strong>exteriusve</strong></span> <span class='ocrx_word' id='word_1_74' title='bbox 3592 783 3689 825; x_wconf 88' lang='lat' dir='ltr'><strong>re-</strong></span> 
     </span>
    </p>
   </div>
   <div class='ocr_carea' id='block_1_7' title="bbox 425 856 3617 932">
    <p class='ocr_par' dir='ltr' id='par_1_7' title="bbox 425 856 3617 932">
     <span class='ocr_line' id='line_1_7' title="bbox 425 856 3617 932; baseline 0.005 -21"><span class='ocrx_word' id='word_1_75' title='bbox 425 856 529 911; x_wconf 86' lang='lat' dir='ltr'><strong>Nos</strong></span> <span class='ocrx_word' id='word_1_76' title='bbox 551 860 736 928; x_wconf 89' lang='lat' dir='ltr'><strong>petere</strong></span> <span class='ocrx_word' id='word_1_77' title='bbox 762 860 1033 915; x_wconf 85' lang='lat' dir='ltr'><strong>Ausonias</strong></span> <span class='ocrx_word' id='word_1_78' title='bbox 1060 861 1279 917; x_wconf 87' lang='lat' dir='ltr'><strong>collecto</strong></span> <span class='ocrx_word' id='word_1_79' title='bbox 1307 862 1486 917; x_wconf 79' lang='lat' dir='ltr'><strong>milite</strong></span> <span class='ocrx_word' id='word_1_80' title='bbox 1515 869 1707 917; x_wconf 87' lang='lat' dir='ltr'><strong>terras.</strong></span> <span class='ocrx_word' id='word_1_81' title='bbox 3377 860 3617 932; x_wconf 65' lang='grc' dir='ltr'><strong>[ωίιῒοαῑι</strong></span> 
     </span>
    </p>
   </div>
   <div class='ocr_carea' id='block_1_8' title="bbox 427 945 3470 1024">
    <p class='ocr_par' dir='ltr' id='par_1_8' title="bbox 427 945 3470 1024">
     <span class='ocr_line' id='line_1_8' title="bbox 427 945 3470 1024; baseline 0.001 -25"><span class='ocrx_word' id='word_1_82' title='bbox 427 945 656 1001; x_wconf 80' lang='lat' dir='ltr'><strong>Interea</strong></span> <span class='ocrx_word' id='word_1_83' title='bbox 683 946 810 1004; x_wconf 89' lang='lat' dir='ltr'><strong>loca</strong></span> <span class='ocrx_word' id='word_1_84' title='bbox 839 952 969 1005; x_wconf 90' lang='lat' dir='ltr'><strong>tuta</strong></span> <span class='ocrx_word' id='word_1_85' title='bbox 998 949 1143 1021; x_wconf 84' lang='lat' dir='ltr'><strong>petit</strong></span> <span class='ocrx_word' id='word_1_86' title='bbox 1170 950 1290 1006; x_wconf 84' lang='lat' dir='ltr'><strong>dux</strong></span> <span class='ocrx_word' id='word_1_87' title='bbox 1320 950 1598 1017; x_wconf 89' lang='lat' dir='ltr'><strong>Gallicus,</strong></span> <span class='ocrx_word' id='word_1_88' title='bbox 1628 950 1794 1022; x_wconf 84' lang='lat' dir='ltr'><strong>atqui</strong></span> <span class='ocrx_word' id='word_1_89' title='bbox 2186 949 2446 1023; x_wconf 84' lang='lat' dir='ltr'><strong>Dispersi</strong></span> <span class='ocrx_word' id='word_1_90' title='bbox 2478 950 2661 1008; x_wconf 88' lang='lat' dir='ltr'><strong>donec</strong></span> <span class='ocrx_word' id='word_1_91' title='bbox 2689 951 2893 1024; x_wconf 89' lang='lat' dir='ltr'><strong>populi</strong></span> <span class='ocrx_word' id='word_1_92' title='bbox 2922 953 3011 1007; x_wconf 91' lang='lat' dir='ltr'><strong>tot</strong></span> <span class='ocrx_word' id='word_1_93' title='bbox 3039 949 3169 1005; x_wconf 89' lang='lat' dir='ltr'><strong>luce</strong></span> <span class='ocrx_word' id='word_1_94' title='bbox 3199 948 3470 1020; x_wconf 87' lang='lat' dir='ltr'><strong>sequenti</strong></span> 
     </span>
    </p>
   </div>
   <div class='ocr_carea' id='block_1_9' title="bbox 424 1032 3693 1112">
    <p class='ocr_par' dir='ltr' id='par_1_9' title="bbox 424 1032 3693 1112">
     <span class='ocr_line' id='line_1_9' title="bbox 424 1032 3693 1112; baseline 0.001 -24"><span class='ocrx_word' id='word_1_95' title='bbox 424 1033 548 1089; x_wconf 91' lang='lat' dir='ltr'><strong>Non</strong></span> <span class='ocrx_word' id='word_1_96' title='bbox 578 1034 833 1107; x_wconf 91' lang='lat' dir='ltr'><strong>geminis</strong></span> <span class='ocrx_word' id='word_1_97' title='bbox 863 1038 1095 1094; x_wconf 87' lang='lat' dir='ltr'><strong>obstare</strong></span> <span class='ocrx_word' id='word_1_98' title='bbox 1126 1056 1235 1095; x_wconf 90' lang='lat' dir='ltr'><strong>sua</strong></span> <span class='ocrx_word' id='word_1_99' title='bbox 1262 1039 1477 1095; x_wconf 87' lang='lat' dir='ltr'><strong>virtute</strong></span> <span class='ocrx_word' id='word_1_100' title='bbox 1506 1040 1771 1111; x_wconf 84' lang='lat' dir='ltr'><strong>tyrannis</strong></span> <span class='ocrx_word' id='word_1_101' title='bbox 2185 1039 2560 1108; x_wconf 87' lang='lat' dir='ltr'><strong>Conveniant,</strong></span> <span class='ocrx_word' id='word_1_102' title='bbox 2611 1044 2967 1112; x_wconf 88' lang='lat' dir='ltr'><strong>captumque</strong></span> <span class='ocrx_word' id='word_1_103' title='bbox 3013 1038 3158 1094; x_wconf 91' lang='lat' dir='ltr'><strong>locis</strong></span> <span class='ocrx_word' id='word_1_104' title='bbox 3205 1036 3473 1094; x_wconf 86' lang='lat' dir='ltr'><strong>emittere</strong></span> <span class='ocrx_word' id='word_1_105' title='bbox 3502 1032 3693 1092; x_wconf 79' lang='lat' dir='ltr'><strong>ﬁrmis</strong></span> 
     </span>
    </p>
   </div>
   <div class='ocr_carea' id='block_1_10' title="bbox 316 1120 3588 1199">
    <p class='ocr_par' dir='ltr' id='par_1_10' title="bbox 316 1120 3588 1199">
     <span class='ocr_line' id='line_1_10' title="bbox 316 1120 3588 1199; baseline 0.001 -23"><span class='ocrx_word' id='word_1_106' title='bbox 316 1120 388 1176; x_wconf 69' lang='grc'>40</span> <span class='ocrx_word' id='word_1_107' title='bbox 424 1121 601 1179; x_wconf 88' lang='lat' dir='ltr'><strong>Posse</strong></span> <span class='ocrx_word' id='word_1_108' title='bbox 630 1124 954 1181; x_wconf 87' lang='lat' dir='ltr'><strong>videns.Illi</strong></span> <span class='ocrx_word' id='word_1_109' title='bbox 986 1126 1933 1199; x_wconf 81' lang='lat' dir='ltr'><strong>fremitu,miserabile,clusos(83)</strong></span> <span class='ocrx_word' id='word_1_110' title='bbox 2185 1128 2251 1182; x_wconf 91' lang='lat' dir='ltr'><strong>Vi</strong></span> <span class='ocrx_word' id='word_1_111' title='bbox 2280 1132 2519 1197; x_wconf 84' lang='lat' dir='ltr'><strong>certent,</strong></span> <span class='ocrx_word' id='word_1_112' title='bbox 2552 1128 2709 1186; x_wconf 83' lang='lat' dir='ltr'><strong>ausit</strong></span> <span class='ocrx_word' id='word_1_113' title='bbox 2737 1146 2944 1185; x_wconf 88' lang='lat' dir='ltr'><strong>rursus</strong></span> <span class='ocrx_word' id='word_1_114' title='bbox 2974 1143 3046 1184; x_wconf 89' lang='lat' dir='ltr'><strong>ne</strong></span> <span class='ocrx_word' id='word_1_115' title='bbox 3075 1125 3221 1183; x_wconf 88' lang='lat' dir='ltr'><strong>talia</strong></span> <span class='ocrx_word' id='word_1_116' title='bbox 3250 1125 3588 1198; x_wconf 87' lang='lat' dir='ltr'><strong>quisquam.</strong></span> 
     </span>
    </p>
   </div>
   <div class='ocr_carea' id='block_1_11' title="bbox 421 1210 3690 1290">
    <p class='ocr_par' dir='ltr' id='par_1_11' title="bbox 421 1210 3690 1290">
     <span class='ocr_line' id='line_1_11' title="bbox 421 1210 3690 1290; baseline 0.001 -25"><span class='ocrx_word' id='word_1_117' title='bbox 421 1210 677 1283; x_wconf 84' lang='lat' dir='ltr'><strong>Irritant,</strong></span> <span class='ocrx_word' id='word_1_118' title='bbox 698 1213 837 1269; x_wconf 86' lang='lat' dir='ltr'><strong>hinc</strong></span> <span class='ocrx_word' id='word_1_119' title='bbox 870 1215 1005 1271; x_wconf 90' lang='lat' dir='ltr'><strong>inde</strong></span> <span class='ocrx_word' id='word_1_120' title='bbox 1031 1215 1224 1271; x_wconf 90' lang='lat' dir='ltr'><strong>solum</strong></span> <span class='ocrx_word' id='word_1_121' title='bbox 1247 1217 1613 1289; x_wconf 88' lang='lat' dir='ltr'><strong>peragrando</strong></span> <span class='ocrx_word' id='word_1_122' title='bbox 1635 1215 1929 1272; x_wconf 89' lang='lat' dir='ltr'><strong>Latinum.</strong></span> <span class='ocrx_word' id='word_1_123' title='bbox 2076 1217 2147 1271; x_wconf 86' lang='lat'><strong>90</strong></span> <span class='ocrx_word' id='word_1_124' title='bbox 2186 1217 2390 1273; x_wconf 84' lang='lat' dir='ltr'><strong>Postea</strong></span> <span class='ocrx_word' id='word_1_125' title='bbox 2417 1234 2551 1273; x_wconf 89' lang='lat' dir='ltr'><strong>cum</strong></span> <span class='ocrx_word' id='word_1_126' title='bbox 2583 1218 2842 1290; x_wconf 88' lang='lat' dir='ltr'><strong>primum</strong></span> <span class='ocrx_word' id='word_1_127' title='bbox 2860 1216 3061 1274; x_wconf 84' lang='lat' dir='ltr'><strong>stellas</strong></span> <span class='ocrx_word' id='word_1_128' title='bbox 3083 1231 3299 1273; x_wconf 88' lang='lat' dir='ltr'><strong>aurora</strong></span> <span class='ocrx_word' id='word_1_129' title='bbox 3320 1211 3690 1287; x_wconf 87' lang='lat' dir='ltr'><strong>fugaret(85),</strong></span> 
     </span>
    </p>
   </div>
   <div class='ocr_carea' id='block_1_12' title="bbox 420 1298 3690 1379">
    <p class='ocr_par' dir='ltr' id='par_1_12' title="bbox 420 1298 3690 1379">
     <span class='ocr_line' id='line_1_12' title="bbox 420 1298 3690 1379; baseline 0.002 -27"><span class='ocrx_word' id='word_1_130' title='bbox 420 1298 638 1361; x_wconf 88' lang='lat' dir='ltr'><strong>Verum</strong></span> <span class='ocrx_word' id='word_1_131' title='bbox 666 1301 767 1356; x_wconf 93' lang='lat' dir='ltr'><strong>ubi</strong></span> <span class='ocrx_word' id='word_1_132' title='bbox 780 1307 992 1360; x_wconf 89' lang='lat' dir='ltr'><strong>cuncta</strong></span> <span class='ocrx_word' id='word_1_133' title='bbox 1010 1303 1183 1360; x_wconf 88' lang='lat' dir='ltr'><strong>silere</strong></span> <span class='ocrx_word' id='word_1_134' title='bbox 1198 1304 1401 1361; x_wconf 92' lang='lat' dir='ltr'><strong>vident</strong></span> <span class='ocrx_word' id='word_1_135' title='bbox 1416 1303 1731 1360; x_wconf 88' lang='lat' dir='ltr'><strong>hostilibus</strong></span> <span class='ocrx_word' id='word_1_136' title='bbox 1749 1304 1931 1372; x_wconf 85' lang='lat' dir='ltr'><strong>ausis,</strong></span> <span class='ocrx_word' id='word_1_137' title='bbox 2184 1306 2355 1362; x_wconf 88' lang='lat' dir='ltr'><strong>Urbis</strong></span> <span class='ocrx_word' id='word_1_138' title='bbox 2376 1306 2448 1362; x_wconf 85' lang='lat' dir='ltr'><strong>ad</strong></span> <span class='ocrx_word' id='word_1_139' title='bbox 2473 1305 2762 1362; x_wconf 81' lang='lat' dir='ltr'><strong>excidium</strong></span> <span class='ocrx_word' id='word_1_140' title='bbox 2784 1307 3060 1379; x_wconf 87' lang='lat' dir='ltr'><strong>properat</strong></span> <span class='ocrx_word' id='word_1_141' title='bbox 3079 1308 3369 1361; x_wconf 88' lang='lat' dir='ltr'><strong>Germana</strong></span> <span class='ocrx_word' id='word_1_142' title='bbox 3385 1302 3690 1373; x_wconf 80' lang='lat' dir='ltr'><strong>juventus,</strong></span> 
     </span>
    </p>
   </div>
   <div class='ocr_carea' id='block_1_13' title="bbox 424 1386 3655 1467">
    <p class='ocr_par' dir='ltr' id='par_1_13' title="bbox 424 1386 3655 1467">
     <span class='ocr_line' id='line_1_13' title="bbox 424 1386 3655 1467; baseline 0.001 -25"><span class='ocrx_word' id='word_1_143' title='bbox 424 1386 471 1442; x_wconf 90' lang='lat' dir='ltr'><strong>1t</strong></span> <span class='ocrx_word' id='word_1_144' title='bbox 500 1388 726 1445; x_wconf 90' lang='lat' dir='ltr'><strong>monitu</strong></span> <span class='ocrx_word' id='word_1_145' title='bbox 761 1391 916 1465; x_wconf 84' lang='lat' dir='ltr'><strong>regis</strong></span> <span class='ocrx_word' id='word_1_146' title='bbox 947 1392 1169 1465; x_wconf 89' lang='lat' dir='ltr'><strong>patrias</strong></span> <span class='ocrx_word' id='word_1_147' title='bbox 1198 1392 1518 1450; x_wconf 85' lang='lat' dir='ltr'><strong>Sinbaldus</strong></span> <span class='ocrx_word' id='word_1_148' title='bbox 1547 1394 1620 1449; x_wconf 90' lang='lat' dir='ltr'><strong>ad</strong></span> <span class='ocrx_word' id='word_1_149' title='bbox 1645 1409 1797 1449; x_wconf 87' lang='lat' dir='ltr'><strong>oras.</strong></span> <span class='ocrx_word' id='word_1_150' title='bbox 2186 1395 2455 1467; x_wconf 86' lang='lat' dir='ltr'><strong>Undique</strong></span> <span class='ocrx_word' id='word_1_151' title='bbox 2484 1394 2741 1451; x_wconf 84' lang='lat' dir='ltr'><strong>luctiﬁco</strong></span> <span class='ocrx_word' id='word_1_152' title='bbox 2772 1393 2968 1452; x_wconf 87' lang='lat' dir='ltr'><strong>sonitu</strong></span> <span class='ocrx_word' id='word_1_153' title='bbox 2999 1391 3308 1466; x_wconf 90' lang='lat' dir='ltr'><strong>complusa</strong></span> <span class='ocrx_word' id='word_1_154' title='bbox 3353 1390 3655 1446; x_wconf 85' lang='lat' dir='ltr'><strong>tubarum.</strong></span> 
     </span>
    </p>
   </div>
   <div class='ocr_carea' id='block_1_14' title="bbox 425 1476 3690 1558">
    <p class='ocr_par' dir='ltr' id='par_1_14' title="bbox 425 1476 3690 1558">
     <span class='ocr_line' id='line_1_14' title="bbox 425 1476 3690 1558; baseline 0 -26"><span class='ocrx_word' id='word_1_155' title='bbox 425 1477 589 1542; x_wconf 89' lang='lat' dir='ltr'><strong>Quod</strong></span> <span class='ocrx_word' id='word_1_156' title='bbox 621 1476 782 1535; x_wconf 86' lang='lat' dir='ltr'><strong>solus</strong></span> <span class='ocrx_word' id='word_1_157' title='bbox 814 1484 991 1552; x_wconf 86' lang='lat' dir='ltr'><strong>queat</strong></span> <span class='ocrx_word' id='word_1_158' title='bbox 1019 1480 1294 1538; x_wconf 87' lang='lat' dir='ltr'><strong>hostilem</strong></span> <span class='ocrx_word' id='word_1_159' title='bbox 1346 1498 1622 1554; x_wconf 89' lang='lat' dir='ltr'><strong>superare</strong></span> <span class='ocrx_word' id='word_1_160' title='bbox 1652 1481 1929 1537; x_wconf 81' lang='lat' dir='ltr'><strong>furorem.</strong></span> <span class='ocrx_word' id='word_1_161' title='bbox 2182 1483 2287 1558; x_wconf 83' lang='lat' dir='ltr'><strong>Hic</strong></span> <span class='ocrx_word' id='word_1_162' title='bbox 2317 1484 2508 1539; x_wconf 84' lang='lat' dir='ltr'><strong>fossas</strong></span> <span class='ocrx_word' id='word_1_163' title='bbox 2538 1482 2789 1556; x_wconf 88' lang='lat' dir='ltr'><strong>implent</strong></span> <span class='ocrx_word' id='word_1_164' title='bbox 2818 1482 2919 1538; x_wconf 87' lang='lat' dir='ltr'><strong>alii</strong></span> <span class='ocrx_word' id='word_1_165' title='bbox 2949 1496 3238 1554; x_wconf 88' lang='lat' dir='ltr'><strong>muroque</strong></span> <span class='ocrx_word' id='word_1_166' title='bbox 3267 1477 3690 1552; x_wconf 84' lang='lat' dir='ltr'><strong>propinquant,</strong></span> 
     </span>
    </p>
   </div>
   <div class='ocr_carea' id='block_1_15' title="bbox 317 1564 3692 1643">
    <p class='ocr_par' dir='ltr' id='par_1_15' title="bbox 317 1564 3692 1643">
     <span class='ocr_line' id='line_1_15' title="bbox 317 1564 3692 1643; baseline 0.001 -25"><span class='ocrx_word' id='word_1_167' title='bbox 317 1564 389 1618; x_wconf 84' lang='grc'>45</span> <span class='ocrx_word' id='word_1_168' title='bbox 494 1566 688 1623; x_wconf 87' lang='lat' dir='ltr'><strong>Tertia</strong></span> <span class='ocrx_word' id='word_1_169' title='bbox 709 1567 803 1623; x_wconf 86' lang='lat' dir='ltr'><strong>vix</strong></span> <span class='ocrx_word' id='word_1_170' title='bbox 831 1568 984 1625; x_wconf 72' lang='lat' dir='ltr'><strong>lunae</strong></span> <span class='ocrx_word' id='word_1_171' title='bbox 1011 1586 1074 1627; x_wconf 91' lang='lat' dir='ltr'><strong>se</strong></span> <span class='ocrx_word' id='word_1_172' title='bbox 1103 1588 1324 1627; x_wconf 89' lang='lat' dir='ltr'><strong>cornua</strong></span> <span class='ocrx_word' id='word_1_173' title='bbox 1351 1570 1482 1627; x_wconf 89' lang='lat' dir='ltr'><strong>luce</strong></span> <span class='ocrx_word' id='word_1_174' title='bbox 1500 1570 1930 1643; x_wconf 67' lang='lat' dir='ltr'><strong>replerant(84),</strong></span> <span class='ocrx_word' id='word_1_175' title='bbox 2182 1572 2324 1628; x_wconf 86' lang='lat' dir='ltr'><strong>Pars</strong></span> <span class='ocrx_word' id='word_1_176' title='bbox 2352 1571 2528 1628; x_wconf 88' lang='lat' dir='ltr'><strong>scalis</strong></span> <span class='ocrx_word' id='word_1_177' title='bbox 2559 1571 2735 1628; x_wconf 89' lang='lat' dir='ltr'><strong>etiam</strong></span> <span class='ocrx_word' id='word_1_178' title='bbox 2763 1571 3014 1628; x_wconf 89' lang='lat' dir='ltr'><strong>tendunt</strong></span> <span class='ocrx_word' id='word_1_179' title='bbox 3060 1568 3449 1627; x_wconf 74' lang='lat' dir='ltr'><strong>conscendam</strong></span> <span class='ocrx_word' id='word_1_180' title='bbox 3475 1569 3692 1623; x_wconf 86' lang='lat' dir='ltr'><strong>turres.</strong></span> 
     </span>
    </p>
   </div>
   <div class='ocr_carea' id='block_1_16' title="bbox 426 1652 3694 1735">
    <p class='ocr_par' dir='ltr' id='par_1_16' title="bbox 426 1652 3694 1735">
     <span class='ocr_line' id='line_1_16' title="bbox 426 1652 3694 1735; baseline 0.001 -27"><span class='ocrx_word' id='word_1_181' title='bbox 426 1652 703 1712; x_wconf 81' lang='lat' dir='ltr'><strong>Hiclaetus</strong></span> <span class='ocrx_word' id='word_1_182' title='bbox 715 1656 968 1729; x_wconf 89' lang='lat' dir='ltr'><strong>patriam</strong></span> <span class='ocrx_word' id='word_1_183' title='bbox 983 1663 1295 1731; x_wconf 90' lang='lat' dir='ltr'><strong>postquam</strong></span> <span class='ocrx_word' id='word_1_184' title='bbox 1308 1660 1600 1717; x_wconf 86' lang='lat' dir='ltr'><strong>concessit</strong></span> <span class='ocrx_word' id='word_1_185' title='bbox 1620 1659 1692 1715; x_wconf 86' lang='lat' dir='ltr'><strong>ad</strong></span> <span class='ocrx_word' id='word_1_186' title='bbox 1711 1657 1928 1728; x_wconf 88' lang='lat' dir='ltr'><strong>aulam,</strong></span> <span class='ocrx_word' id='word_1_187' title='bbox 2075 1662 2148 1717; x_wconf 78' lang='grc'><strong>95</strong></span> <span class='ocrx_word' id='word_1_188' title='bbox 2185 1660 2361 1735; x_wconf 81' lang='lat' dir='ltr'><strong>Urget</strong></span> <span class='ocrx_word' id='word_1_189' title='bbox 2389 1660 2547 1717; x_wconf 91' lang='lat' dir='ltr'><strong>enim</strong></span> <span class='ocrx_word' id='word_1_190' title='bbox 2587 1658 2976 1732; x_wconf 81' lang='lat' dir='ltr'><strong>utrorumque</strong></span> <span class='ocrx_word' id='word_1_191' title='bbox 3026 1657 3206 1716; x_wconf 93' lang='lat' dir='ltr'><strong>nimis</strong></span> <span class='ocrx_word' id='word_1_192' title='bbox 3257 1654 3570 1731; x_wconf 63' lang='lat' dir='ltr'><strong>prasentia</strong></span> <span class='ocrx_word' id='word_1_193' title='bbox 3598 1669 3694 1711; x_wconf 89' lang='lat' dir='ltr'><strong>re-</strong></span> 
     </span>
    </p>
   </div>
   <div class='ocr_carea' id='block_1_17' title="bbox 423 1742 3582 1852">
    <p class='ocr_par' dir='ltr' id='par_1_17' title="bbox 423 1742 3582 1852">
     <span class='ocr_line' id='line_1_17' title="bbox 423 1742 3582 1852; baseline 0.001 -55"><span class='ocrx_word' id='word_1_194' title='bbox 423 1742 509 1797; x_wconf 85' lang='lat' dir='ltr'><strong>En</strong></span> <span class='ocrx_word' id='word_1_195' title='bbox 528 1744 696 1800; x_wconf 89' lang='lat' dir='ltr'><strong>Wido</strong></span> <span class='ocrx_word' id='word_1_196' title='bbox 721 1761 929 1819; x_wconf 83' lang='lat' dir='ltr'><strong>agmen</strong></span> <span class='ocrx_word' id='word_1_197' title='bbox 954 1763 1156 1821; x_wconf 88' lang='lat' dir='ltr'><strong>agens,</strong></span> <span class='ocrx_word' id='word_1_198' title='bbox 1169 1748 1383 1804; x_wconf 91' lang='lat' dir='ltr'><strong>iterum</strong></span> <span class='ocrx_word' id='word_1_199' title='bbox 1406 1765 1682 1806; x_wconf 88' lang='lat' dir='ltr'><strong>renovare</strong></span> <span class='ocrx_word' id='word_1_200' title='bbox 1703 1748 1931 1803; x_wconf 86' lang='lat' dir='ltr'><strong>furores</strong></span> <span class='ocrx_word' id='word_1_201' title='bbox 1959 1786 2009 1852; x_wconf 81' lang='lat' dir='ltr'><strong>B</strong></span> <span class='ocrx_word' id='word_1_202' title='bbox 3401 1749 3582 1818; x_wconf 89' lang='lat' dir='ltr'><strong>[gum,</strong></span> 
     </span>
    </p>
   </div>
   <div class='ocr_carea' id='block_1_18' title="bbox 422 1830 3698 1911">
    <p class='ocr_par' dir='ltr' id='par_1_18' title="bbox 422 1830 3698 1911">
     <span class='ocr_line' id='line_1_18' title="bbox 422 1830 3698 1911; baseline 0.001 -25"><span class='ocrx_word' id='word_1_203' title='bbox 422 1830 719 1888; x_wconf 85' lang='lat' dir='ltr'><strong>Accelerat</strong></span> <span class='ocrx_word' id='word_1_204' title='bbox 745 1851 759 1901; x_wconf 90' lang='lat'><strong>;</strong></span> <span class='ocrx_word' id='word_1_205' title='bbox 794 1839 997 1890; x_wconf 88' lang='lat' dir='ltr'><strong>contra</strong></span> <span class='ocrx_word' id='word_1_206' title='bbox 1025 1837 1234 1892; x_wconf 88' lang='lat' dir='ltr'><strong>ductor</strong></span> <span class='ocrx_word' id='word_1_207' title='bbox 1263 1836 1554 1910; x_wconf 88' lang='lat' dir='ltr'><strong>depellere</strong></span> <span class='ocrx_word' id='word_1_208' title='bbox 1578 1840 1823 1911; x_wconf 85' lang='lat' dir='ltr'><strong>pestem,</strong></span> <span class='ocrx_word' id='word_1_209' title='bbox 1959 1830 2009 1852; x_wconf 78' lang='lat'><strong><em>&quot;</em></strong></span> <span class='ocrx_word' id='word_1_210' title='bbox 2184 1838 2398 1895; x_wconf 82' lang='lat' dir='ltr'><strong>Mcenia</strong></span> <span class='ocrx_word' id='word_1_211' title='bbox 2427 1839 2583 1911; x_wconf 90' lang='lat' dir='ltr'><strong>quod</strong></span> <span class='ocrx_word' id='word_1_212' title='bbox 2615 1837 2869 1895; x_wconf 85' lang='lat' dir='ltr'><strong>retinent</strong></span> <span class='ocrx_word' id='word_1_213' title='bbox 2898 1852 3099 1894; x_wconf 89' lang='lat' dir='ltr'><strong>carum</strong></span> <span class='ocrx_word' id='word_1_214' title='bbox 3148 1851 3255 1907; x_wconf 92' lang='lat' dir='ltr'><strong>pro</strong></span> <span class='ocrx_word' id='word_1_215' title='bbox 3285 1847 3530 1891; x_wconf 90' lang='lat' dir='ltr'><strong>munere</strong></span> <span class='ocrx_word' id='word_1_216' title='bbox 3557 1832 3698 1889; x_wconf 87' lang='lat' dir='ltr'><strong>dan-</strong></span> 
     </span>
    </p>
   </div>
   <div class='ocr_carea' id='block_1_19' title="bbox 425 1918 3583 1998">
    <p class='ocr_par' dir='ltr' id='par_1_19' title="bbox 425 1918 3583 1998">
     <span class='ocr_line' id='line_1_19' title="bbox 425 1918 3583 1998; baseline 0.001 -24"><span class='ocrx_word' id='word_1_217' title='bbox 425 1918 669 1977; x_wconf 88' lang='lat' dir='ltr'><strong>Instruit</strong></span> <span class='ocrx_word' id='word_1_218' title='bbox 696 1939 864 1978; x_wconf 87' lang='lat' dir='ltr'><strong>arma</strong></span> <span class='ocrx_word' id='word_1_219' title='bbox 890 1924 1044 1996; x_wconf 91' lang='lat' dir='ltr'><strong>pius,</strong></span> <span class='ocrx_word' id='word_1_220' title='bbox 1078 1928 1392 1998; x_wconf 87' lang='lat' dir='ltr'><strong>tantosque</strong></span> <span class='ocrx_word' id='word_1_221' title='bbox 1436 1926 1691 1982; x_wconf 88' lang='lat' dir='ltr'><strong>recidere</strong></span> <span class='ocrx_word' id='word_1_222' title='bbox 1722 1924 1929 1981; x_wconf 85' lang='lat' dir='ltr'><strong>fastus.</strong></span> <span class='ocrx_word' id='word_1_223' title='bbox 3431 1921 3583 1993; x_wconf 89' lang='lat' dir='ltr'><strong>[tum</strong></span> 
     </span>
    </p>
   </div>
   <div class='ocr_carea' id='block_1_20' title="bbox 313 2007 3610 2090">
    <p class='ocr_par' dir='ltr' id='par_1_20' title="bbox 313 2007 3610 2090">
     <span class='ocr_line' id='line_1_20' title="bbox 313 2007 3610 2090; baseline 0.001 -28"><span class='ocrx_word' id='word_1_224' title='bbox 313 2007 387 2062; x_wconf 90' lang='grc'><strong>50</strong></span> <span class='ocrx_word' id='word_1_225' title='bbox 423 2007 537 2063; x_wconf 90' lang='lat' dir='ltr'><strong>Nec</strong></span> <span class='ocrx_word' id='word_1_226' title='bbox 567 2009 709 2066; x_wconf 82' lang='lat' dir='ltr'><strong>latet</strong></span> <span class='ocrx_word' id='word_1_227' title='bbox 736 2012 1297 2082; x_wconf 85' lang='lat' dir='ltr'><strong>Arnulfum,rursus</strong></span> <span class='ocrx_word' id='word_1_228' title='bbox 1327 2029 1692 2070; x_wconf 86' lang='lat' dir='ltr'><strong>succrescere</strong></span> <span class='ocrx_word' id='word_1_229' title='bbox 1710 2011 1930 2069; x_wconf 90' lang='lat' dir='ltr'><strong>bellum</strong></span> <span class='ocrx_word' id='word_1_230' title='bbox 2182 2016 2367 2073; x_wconf 89' lang='lat' dir='ltr'><strong>Omne</strong></span> <span class='ocrx_word' id='word_1_231' title='bbox 2397 2031 2584 2090; x_wconf 86' lang='lat' dir='ltr'><strong>genus</strong></span> <span class='ocrx_word' id='word_1_232' title='bbox 2615 2019 2819 2072; x_wconf 89' lang='lat' dir='ltr'><strong>contra</strong></span> <span class='ocrx_word' id='word_1_233' title='bbox 2847 2014 3098 2071; x_wconf 88' lang='lat' dir='ltr'><strong>telorum</strong></span> <span class='ocrx_word' id='word_1_234' title='bbox 3128 2011 3427 2070; x_wconf 70' lang='lat' dir='ltr'><strong>effundere</strong></span> <span class='ocrx_word' id='word_1_235' title='bbox 3458 2008 3610 2066; x_wconf 87' lang='lat' dir='ltr'><strong>cives</strong></span> 
     </span>
    </p>
   </div>
   <div class='ocr_carea' id='block_1_21' title="bbox 419 2096 3692 2177">
    <p class='ocr_par' dir='ltr' id='par_1_21' title="bbox 419 2096 3692 2177">
     <span class='ocr_line' id='line_1_21' title="bbox 419 2096 3692 2177; baseline 0.002 -26"><span class='ocrx_word' id='word_1_236' title='bbox 419 2096 717 2170; x_wconf 86' lang='lat' dir='ltr'><strong>Hesperia.</strong></span> <span class='ocrx_word' id='word_1_237' title='bbox 747 2100 1055 2157; x_wconf 87' lang='lat' dir='ltr'><strong>Widonem</strong></span> <span class='ocrx_word' id='word_1_238' title='bbox 1087 2102 1414 2159; x_wconf 86' lang='lat' dir='ltr'><strong>etiamnum</strong></span> <span class='ocrx_word' id='word_1_239' title='bbox 1446 2102 1631 2158; x_wconf 90' lang='lat' dir='ltr'><strong>milite</strong></span> <span class='ocrx_word' id='word_1_240' title='bbox 1663 2102 1877 2158; x_wconf 83' lang='lat' dir='ltr'><strong>fretum</strong></span> <span class='ocrx_word' id='word_1_241' title='bbox 2182 2106 2589 2177; x_wconf 84' lang='lat' dir='ltr'><strong>Praedurisque</strong></span> <span class='ocrx_word' id='word_1_242' title='bbox 2630 2107 2842 2176; x_wconf 87' lang='lat' dir='ltr'><strong>parant</strong></span> <span class='ocrx_word' id='word_1_243' title='bbox 2887 2103 3087 2159; x_wconf 88' lang='lat' dir='ltr'><strong>hostes</strong></span> <span class='ocrx_word' id='word_1_244' title='bbox 3144 2099 3457 2157; x_wconf 85' lang='lat' dir='ltr'><strong>detrudere</strong></span> <span class='ocrx_word' id='word_1_245' title='bbox 3481 2096 3692 2165; x_wconf 77' lang='lat' dir='ltr'><strong>contis,</strong></span> 
     </span>
    </p>
   </div>
   <div class='ocr_carea' id='block_1_22' title="bbox 420 2184 3645 2266">
    <p class='ocr_par' dir='ltr' id='par_1_22' title="bbox 420 2184 3645 2266">
     <span class='ocr_line' id='line_1_22' title="bbox 420 2184 3645 2266; baseline 0.001 -27"><span class='ocrx_word' id='word_1_246' title='bbox 420 2184 629 2253; x_wconf 82' lang='lat' dir='ltr'><strong>Aﬂ&#39;ore,</strong></span> <span class='ocrx_word' id='word_1_247' title='bbox 664 2188 1033 2261; x_wconf 87' lang='lat' dir='ltr'><strong>cervicesque</strong></span> <span class='ocrx_word' id='word_1_248' title='bbox 1062 2191 1294 2262; x_wconf 89' lang='lat' dir='ltr'><strong>procaci</strong></span> <span class='ocrx_word' id='word_1_249' title='bbox 1335 2189 1615 2247; x_wconf 89' lang='lat' dir='ltr'><strong>adtollere</strong></span> <span class='ocrx_word' id='word_1_250' title='bbox 1646 2190 1821 2254; x_wconf 86' lang='lat' dir='ltr'><strong>fastu,</strong></span> <span class='ocrx_word' id='word_1_251' title='bbox 2182 2193 2298 2250; x_wconf 92' lang='lat' dir='ltr'><strong>Nec</strong></span> <span class='ocrx_word' id='word_1_252' title='bbox 2327 2196 2578 2266; x_wconf 88' lang='lat' dir='ltr'><strong>possunt</strong></span> <span class='ocrx_word' id='word_1_253' title='bbox 2609 2193 2842 2248; x_wconf 83' lang='lat' dir='ltr'><strong>obstare</strong></span> <span class='ocrx_word' id='word_1_254' title='bbox 2867 2195 3105 2257; x_wconf 89' lang='lat' dir='ltr'><strong>tamen;</strong></span> <span class='ocrx_word' id='word_1_255' title='bbox 3140 2192 3228 2245; x_wconf 89' lang='lat' dir='ltr'><strong>tot</strong></span> <span class='ocrx_word' id='word_1_256' title='bbox 3256 2186 3501 2243; x_wconf 90' lang='lat' dir='ltr'><strong>milibus</strong></span> <span class='ocrx_word' id='word_1_257' title='bbox 3530 2185 3645 2242; x_wconf 86' lang='lat' dir='ltr'><strong>acti</strong></span> 
     </span>
    </p>
   </div>
   <div class='ocr_carea' id='block_1_23' title="bbox 422 2272 3691 2350">
    <p class='ocr_par' dir='ltr' id='par_1_23' title="bbox 422 2272 3691 2350">
     <span class='ocr_line' id='line_1_23' title="bbox 422 2272 3691 2350; baseline 0.001 -23"><span class='ocrx_word' id='word_1_258' title='bbox 422 2274 653 2343; x_wconf 88' lang='lat' dir='ltr'><strong>Audiit;</strong></span> <span class='ocrx_word' id='word_1_259' title='bbox 687 2292 753 2331; x_wconf 90' lang='lat' dir='ltr'><strong>ac</strong></span> <span class='ocrx_word' id='word_1_260' title='bbox 781 2276 947 2345; x_wconf 91' lang='lat' dir='ltr'><strong>solio,</strong></span> <span class='ocrx_word' id='word_1_261' title='bbox 982 2295 1098 2350; x_wconf 91' lang='lat' dir='ltr'><strong>quo</strong></span> <span class='ocrx_word' id='word_1_262' title='bbox 1128 2279 1276 2335; x_wconf 83' lang='lat' dir='ltr'><strong>forte</strong></span> <span class='ocrx_word' id='word_1_263' title='bbox 1306 2279 1565 2347; x_wconf 89' lang='lat' dir='ltr'><strong>sedebat,</strong></span> <span class='ocrx_word' id='word_1_264' title='bbox 1600 2278 1823 2334; x_wconf 90' lang='lat' dir='ltr'><strong>eburno</strong></span> <span class='ocrx_word' id='word_1_265' title='bbox 2042 2283 2145 2337; x_wconf 88' lang='grc'><strong>100</strong></span> <span class='ocrx_word' id='word_1_266' title='bbox 2184 2281 2712 2346; x_wconf 82' lang='lat' dir='ltr'><strong>Deliciunt.Verum</strong></span> <span class='ocrx_word' id='word_1_267' title='bbox 2745 2279 2901 2336; x_wconf 91' lang='lat' dir='ltr'><strong>cadit</strong></span> <span class='ocrx_word' id='word_1_268' title='bbox 2927 2278 3024 2335; x_wconf 92' lang='lat' dir='ltr'><strong>hic</strong></span> <span class='ocrx_word' id='word_1_269' title='bbox 3043 2293 3180 2334; x_wconf 89' lang='lat' dir='ltr'><strong>cum</strong></span> <span class='ocrx_word' id='word_1_270' title='bbox 3203 2275 3492 2349; x_wconf 80' lang='lat' dir='ltr'><strong>fragmine</strong></span> <span class='ocrx_word' id='word_1_271' title='bbox 3515 2272 3691 2343; x_wconf 89' lang='lat' dir='ltr'><strong>muri,</strong></span> 
     </span>
    </p>
   </div>
   <div class='ocr_carea' id='block_1_24' title="bbox 421 2360 3502 2442">
    <p class='ocr_par' dir='ltr' id='par_1_24' title="bbox 421 2360 3502 2442">
     <span class='ocr_line' id='line_1_24' title="bbox 421 2360 3502 2442; baseline 0.001 -26"><span class='ocrx_word' id='word_1_272' title='bbox 421 2360 645 2431; x_wconf 85' lang='lat' dir='ltr'><strong>Exsilit,</strong></span> <span class='ocrx_word' id='word_1_273' title='bbox 679 2363 1021 2439; x_wconf 85' lang='lat' dir='ltr'><strong>ingentique</strong></span> <span class='ocrx_word' id='word_1_274' title='bbox 1050 2368 1294 2423; x_wconf 89' lang='lat' dir='ltr'><strong>domum</strong></span> <span class='ocrx_word' id='word_1_275' title='bbox 1355 2367 1606 2423; x_wconf 88' lang='lat' dir='ltr'><strong>clamore</strong></span> <span class='ocrx_word' id='word_1_276' title='bbox 1654 2365 1926 2439; x_wconf 86' lang='lat' dir='ltr'><strong>replevit:</strong></span> <span class='ocrx_word' id='word_1_277' title='bbox 2182 2370 2281 2427; x_wconf 89' lang='lat' dir='ltr'><strong>Ille</strong></span> <span class='ocrx_word' id='word_1_278' title='bbox 2314 2369 2431 2426; x_wconf 91' lang='lat' dir='ltr'><strong>ruit</strong></span> <span class='ocrx_word' id='word_1_279' title='bbox 2464 2370 2660 2426; x_wconf 87' lang='lat' dir='ltr'><strong>fossus</strong></span> <span class='ocrx_word' id='word_1_280' title='bbox 2679 2368 2916 2442; x_wconf 87' lang='lat' dir='ltr'><strong>jaculo;</strong></span> <span class='ocrx_word' id='word_1_281' title='bbox 2949 2367 3077 2424; x_wconf 90' lang='lat' dir='ltr'><strong>sine</strong></span> <span class='ocrx_word' id='word_1_282' title='bbox 3102 2366 3328 2422; x_wconf 90' lang='lat' dir='ltr'><strong>viribus</strong></span> <span class='ocrx_word' id='word_1_283' title='bbox 3357 2362 3502 2420; x_wconf 87' lang='lat' dir='ltr'><strong>alter</strong></span> 
     </span>
    </p>
   </div>
   <div class='ocr_carea' id='block_1_25' title="bbox 311 2449 3691 2530">
    <p class='ocr_par' dir='ltr' id='par_1_25' title="bbox 311 2449 3691 2530">
     <span class='ocr_line' id='line_1_25' title="bbox 311 2449 3691 2530; baseline 0.001 -26"><span class='ocrx_word' id='word_1_284' title='bbox 311 2449 385 2504; x_wconf 88' lang='lat'>55</span> <span class='ocrx_word' id='word_1_285' title='bbox 419 2451 603 2506; x_wconf 84' lang='lat' dir='ltr'><strong>Fortia</strong></span> <span class='ocrx_word' id='word_1_286' title='bbox 615 2453 775 2521; x_wconf 85' lang='lat' dir='ltr'><strong>jussu</strong></span> <span class='ocrx_word' id='word_1_287' title='bbox 801 2456 909 2510; x_wconf 86' lang='lat' dir='ltr'><strong>cito</strong></span> <span class='ocrx_word' id='word_1_288' title='bbox 934 2456 1133 2513; x_wconf 74' lang='lat' dir='ltr'><strong>scriba:</strong></span> <span class='ocrx_word' id='word_1_289' title='bbox 1158 2457 1367 2512; x_wconf 85' lang='lat' dir='ltr'><strong>sulcate</strong></span> <span class='ocrx_word' id='word_1_290' title='bbox 1390 2458 1643 2528; x_wconf 84' lang='lat' dir='ltr'><strong>papyris,</strong></span> <span class='ocrx_word' id='word_1_291' title='bbox 2182 2461 2311 2516; x_wconf 89' lang='lat' dir='ltr'><strong>Stat</strong></span> <span class='ocrx_word' id='word_1_292' title='bbox 2339 2458 2583 2516; x_wconf 90' lang='lat' dir='ltr'><strong>rationis</strong></span> <span class='ocrx_word' id='word_1_293' title='bbox 2614 2458 2807 2530; x_wconf 89' lang='lat' dir='ltr'><strong>inops.</strong></span> <span class='ocrx_word' id='word_1_294' title='bbox 2862 2453 3127 2512; x_wconf 81' lang='lat' dir='ltr'><strong>Reclusis</strong></span> <span class='ocrx_word' id='word_1_295' title='bbox 3177 2452 3440 2525; x_wconf 89' lang='lat' dir='ltr'><strong>undique</strong></span> <span class='ocrx_word' id='word_1_296' title='bbox 3486 2450 3691 2524; x_wconf 87' lang='lat' dir='ltr'><strong>portis,</strong></span> 
     </span>
    </p>
   </div>
   <div class='ocr_carea' id='block_1_26' title="bbox 424 2537 3690 2621">
    <p class='ocr_par' dir='ltr' id='par_1_26' title="bbox 424 2537 3690 2621">
     <span class='ocr_line' id='line_1_26' title="bbox 424 2537 3690 2621; baseline 0.001 -29"><span class='ocrx_word' id='word_1_297' title='bbox 424 2538 679 2594; x_wconf 83' lang='lat' dir='ltr'><strong>Actutum</strong></span> <span class='ocrx_word' id='word_1_298' title='bbox 701 2543 930 2612; x_wconf 87' lang='lat' dir='ltr'><strong>populos</strong></span> <span class='ocrx_word' id='word_1_299' title='bbox 953 2553 1146 2615; x_wconf 81' lang='lat' dir='ltr'><strong>cogant</strong></span> <span class='ocrx_word' id='word_1_300' title='bbox 1175 2562 1295 2617; x_wconf 72' lang='lat' dir='ltr'><strong>quae</strong></span> <span class='ocrx_word' id='word_1_301' title='bbox 1322 2546 1539 2601; x_wconf 85' lang='lat' dir='ltr'><strong>adstare</strong></span> <span class='ocrx_word' id='word_1_302' title='bbox 1556 2544 1793 2617; x_wconf 82' lang='lat' dir='ltr'><strong>jubenti,</strong></span> <span class='ocrx_word' id='word_1_303' title='bbox 2184 2549 2334 2605; x_wconf 91' lang='lat' dir='ltr'><strong>Urbs</strong></span> <span class='ocrx_word' id='word_1_304' title='bbox 2363 2551 2544 2621; x_wconf 88' lang='lat' dir='ltr'><strong>patet,</strong></span> <span class='ocrx_word' id='word_1_305' title='bbox 2578 2545 2778 2603; x_wconf 89' lang='lat' dir='ltr'><strong>hostili</strong></span> <span class='ocrx_word' id='word_1_306' title='bbox 2801 2547 2928 2617; x_wconf 84' lang='lat' dir='ltr'><strong>jam</strong></span> <span class='ocrx_word' id='word_1_307' title='bbox 2965 2545 3093 2616; x_wconf 90' lang='lat' dir='ltr'><strong>jam</strong></span> <span class='ocrx_word' id='word_1_308' title='bbox 3139 2540 3384 2599; x_wconf 90' lang='lat' dir='ltr'><strong>confusa</strong></span> <span class='ocrx_word' id='word_1_309' title='bbox 3410 2537 3690 2596; x_wconf 87' lang='lat' dir='ltr'><strong>tumultu.</strong></span> 
     </span>
    </p>
   </div>
   <div class='ocr_carea' id='block_1_27' title="bbox 424 2626 3696 2709">
    <p class='ocr_par' dir='ltr' id='par_1_27' title="bbox 424 2626 3696 2709">
     <span class='ocr_line' id='line_1_27' title="bbox 424 2626 3696 2709; baseline -0.005 -10"><span class='ocrx_word' id='word_1_310' title='bbox 424 2626 599 2695; x_wconf 67' lang='lat' dir='ltr'><strong>Quam</strong></span> <span class='ocrx_word' id='word_1_311' title='bbox 624 2630 805 2685; x_wconf 73' lang='grc' dir='ltr'><strong>υανίοε</strong></span> <span class='ocrx_word' id='word_1_312' title='bbox 835 2631 1064 2702; x_wconf 64' lang='lat' dir='ltr'><strong>linguis.</strong></span> <span class='ocrx_word' id='word_1_313' title='bbox 1094 2636 1211 2688; x_wconf 69' lang='lat' dir='ltr'><strong>tam</strong></span> <span class='ocrx_word' id='word_1_314' title='bbox 1237 2634 1402 2689; x_wconf 70' lang='lat' dir='ltr'><strong>duros</strong></span> <span class='ocrx_word' id='word_1_315' title='bbox 1426 2637 1640 2705; x_wconf 67' lang='lat' dir='ltr'><strong>pectore</strong></span> <span class='ocrx_word' id='word_1_316' title='bbox 1667 2635 1719 2688; x_wconf 71' lang='lat' dir='ltr'><strong>et</strong></span> <span class='ocrx_word' id='word_1_317' title='bbox 1736 2634 1926 2688; x_wconf 72' lang='lat' dir='ltr'><strong>armis.</strong></span> <span class='ocrx_word' id='word_1_318' title='bbox 2180 2639 2324 2695; x_wconf 89' lang='lat' dir='ltr'><strong>Ecce</strong></span> <span class='ocrx_word' id='word_1_319' title='bbox 2352 2637 2606 2693; x_wconf 90' lang='lat' dir='ltr'><strong>verenda</strong></span> <span class='ocrx_word' id='word_1_320' title='bbox 2636 2635 2802 2709; x_wconf 91' lang='lat' dir='ltr'><strong>prius</strong></span> <span class='ocrx_word' id='word_1_321' title='bbox 2837 2632 2999 2690; x_wconf 91' lang='lat' dir='ltr'><strong>nullo</strong></span> <span class='ocrx_word' id='word_1_322' title='bbox 3027 2631 3137 2688; x_wconf 93' lang='lat' dir='ltr'><strong>sub</strong></span> <span class='ocrx_word' id='word_1_323' title='bbox 3169 2630 3391 2686; x_wconf 90' lang='lat' dir='ltr'><strong>honore</strong></span> <span class='ocrx_word' id='word_1_324' title='bbox 3422 2629 3696 2684; x_wconf 87' lang='lat' dir='ltr'><strong>tenentur</strong></span> 
     </span>
    </p>
   </div>
   <div class='ocr_carea' id='block_1_28' title="bbox 419 2715 3570 2795">
    <p class='ocr_par' dir='ltr' id='par_1_28' title="bbox 419 2715 3570 2795">
     <span class='ocr_line' id='line_1_28' title="bbox 419 2715 3570 2795; baseline 0 -24"><span class='ocrx_word' id='word_1_325' title='bbox 419 2716 661 2786; x_wconf 83' lang='lat' dir='ltr'><strong>Namque</strong></span> <span class='ocrx_word' id='word_1_326' title='bbox 676 2716 843 2788; x_wconf 85' lang='lat' dir='ltr'><strong>juvat</strong></span> <span class='ocrx_word' id='word_1_327' title='bbox 867 2720 1018 2775; x_wconf 86' lang='lat' dir='ltr'><strong>Latio</strong></span> <span class='ocrx_word' id='word_1_328' title='bbox 1048 2722 1263 2777; x_wconf 86' lang='lat' dir='ltr'><strong>clarum</strong></span> <span class='ocrx_word' id='word_1_329' title='bbox 1289 2739 1374 2777; x_wconf 89' lang='lat' dir='ltr'><strong>me</strong></span> <span class='ocrx_word' id='word_1_330' title='bbox 1401 2725 1574 2779; x_wconf 78' lang='lat' dir='ltr'><strong>visere</strong></span> <span class='ocrx_word' id='word_1_331' title='bbox 1599 2722 1856 2788; x_wconf 87' lang='lat' dir='ltr'><strong>amicum,</strong></span> <span class='ocrx_word' id='word_1_332' title='bbox 2038 2726 2144 2783; x_wconf 73' lang='grc'><strong>405</strong></span> <span class='ocrx_word' id='word_1_333' title='bbox 2179 2726 2341 2782; x_wconf 89' lang='lat' dir='ltr'><strong>Atria</strong></span> <span class='ocrx_word' id='word_1_334' title='bbox 2365 2743 2379 2793; x_wconf 89' lang='lat'><strong>;</strong></span> <span class='ocrx_word' id='word_1_335' title='bbox 2413 2741 2552 2780; x_wconf 91' lang='lat' dir='ltr'><strong>nam</strong></span> <span class='ocrx_word' id='word_1_336' title='bbox 2583 2723 2781 2781; x_wconf 89' lang='lat' dir='ltr'><strong>scissis</strong></span> <span class='ocrx_word' id='word_1_337' title='bbox 2812 2718 3060 2795; x_wconf 76' lang='lat' dir='ltr'><strong>p&#39;ereunt</strong></span> <span class='ocrx_word' id='word_1_338' title='bbox 3086 2718 3383 2776; x_wconf 87' lang='lat' dir='ltr'><strong>velamina</strong></span> <span class='ocrx_word' id='word_1_339' title='bbox 3407 2715 3570 2772; x_wconf 88' lang='lat' dir='ltr'><strong>vittis</strong></span> 
     </span>
    </p>
   </div>
   <div class='ocr_carea' id='block_1_29' title="bbox 423 2802 3690 2886">
    <p class='ocr_par' dir='ltr' id='par_1_29' title="bbox 423 2802 3690 2886">
     <span class='ocr_line' id='line_1_29' title="bbox 423 2802 3690 2886; baseline 0 -27"><span class='ocrx_word' id='word_1_340' title='bbox 423 2804 595 2871; x_wconf 84' lang='lat' dir='ltr'><strong>Quem</strong></span> <span class='ocrx_word' id='word_1_341' title='bbox 622 2807 817 2861; x_wconf 81' lang='lat' dir='ltr'><strong>totiens</strong></span> <span class='ocrx_word' id='word_1_342' title='bbox 846 2806 1135 2864; x_wconf 81' lang='lat' dir='ltr'><strong>Rhodanus</strong></span> <span class='ocrx_word' id='word_1_343' title='bbox 1155 2819 1316 2866; x_wconf 75' lang='lat' dir='ltr'><strong>vexat</strong></span> <span class='ocrx_word' id='word_1_344' title='bbox 1341 2820 1666 2883; x_wconf 85' lang='lat' dir='ltr'><strong>properante</strong></span> <span class='ocrx_word' id='word_1_345' title='bbox 1695 2811 1931 2865; x_wconf 84' lang='lat' dir='ltr'><strong>Lemano</strong></span> <span class='ocrx_word' id='word_1_346' title='bbox 2180 2812 2884 2886; x_wconf 83' lang='lat' dir='ltr'><strong>Virginis,impulsusque</strong></span> <span class='ocrx_word' id='word_1_347' title='bbox 2904 2826 3068 2868; x_wconf 88' lang='lat' dir='ltr'><strong>sacer</strong></span> <span class='ocrx_word' id='word_1_348' title='bbox 3090 2807 3243 2882; x_wconf 87' lang='lat' dir='ltr'><strong>fugit</strong></span> <span class='ocrx_word' id='word_1_349' title='bbox 3256 2807 3381 2879; x_wconf 89' lang='lat' dir='ltr'><strong>ipse</strong></span> <span class='ocrx_word' id='word_1_350' title='bbox 3400 2802 3690 2871; x_wconf 87' lang='lat' dir='ltr'><strong>minister,</strong></span> 
     </span>
    </p>
   </div>
   <div class='ocr_carea' id='block_1_30' title="bbox 313 2890 3694 2973">
    <p class='ocr_par' dir='ltr' id='par_1_30' title="bbox 313 2890 3694 2973">
     <span class='ocr_line' id='line_1_30' title="bbox 313 2890 3694 2973; baseline 0.001 -27"><span class='ocrx_word' id='word_1_351' title='bbox 313 2892 388 2946; x_wconf 86' lang='lat'><strong>60</strong></span> <span class='ocrx_word' id='word_1_352' title='bbox 424 2892 613 2948; x_wconf 79' lang='lat' dir='ltr'><strong>Milite.</strong></span> <span class='ocrx_word' id='word_1_353' title='bbox 658 2894 772 2963; x_wconf 83' lang='lat' dir='ltr'><strong>Quo</strong></span> <span class='ocrx_word' id='word_1_354' title='bbox 799 2896 1019 2966; x_wconf 84' lang='lat' dir='ltr'><strong>fugient</strong></span> <span class='ocrx_word' id='word_1_355' title='bbox 1047 2913 1174 2967; x_wconf 86' lang='lat' dir='ltr'><strong>ergo</strong></span> <span class='ocrx_word' id='word_1_356' title='bbox 1195 2902 1219 2951; x_wconf 73' lang='lat'><strong>.9</strong></span> <span class='ocrx_word' id='word_1_357' title='bbox 1247 2899 1523 2954; x_wconf 77' lang='lat' dir='ltr'><strong>Caelumne</strong></span> <span class='ocrx_word' id='word_1_358' title='bbox 1550 2899 1830 2964; x_wconf 85' lang='lat' dir='ltr'><strong>subibunt,</strong></span> <span class='ocrx_word' id='word_1_359' title='bbox 2180 2902 2581 2968; x_wconf 86' lang='lat' dir='ltr'><strong>Quorumdam</strong></span> <span class='ocrx_word' id='word_1_360' title='bbox 2614 2900 2914 2973; x_wconf 89' lang='lat' dir='ltr'><strong>stringunt</strong></span> <span class='ocrx_word' id='word_1_361' title='bbox 2934 2898 3140 2955; x_wconf 89' lang='lat' dir='ltr'><strong>ambas</strong></span> <span class='ocrx_word' id='word_1_362' title='bbox 3162 2895 3304 2969; x_wconf 90' lang='lat' dir='ltr'><strong>quia</strong></span> <span class='ocrx_word' id='word_1_363' title='bbox 3318 2891 3556 2951; x_wconf 86' lang='lat' dir='ltr'><strong>vincula</strong></span> <span class='ocrx_word' id='word_1_364' title='bbox 3573 2890 3694 2965; x_wconf 91' lang='lat' dir='ltr'><strong>pal-</strong></span> 
     </span>
    </p>
   </div>
   <div class='ocr_carea' id='block_1_31' title="bbox 418 2981 3618 3059">
    <p class='ocr_par' dir='ltr' id='par_1_31' title="bbox 418 2981 3618 3059">
     <span class='ocr_line' id='line_1_31' title="bbox 418 2981 3618 3059; baseline 0.003 -22"><span class='ocrx_word' id='word_1_365' title='bbox 418 2981 503 3037; x_wconf 83' lang='lat' dir='ltr'><strong>An</strong></span> <span class='ocrx_word' id='word_1_366' title='bbox 533 2982 768 3038; x_wconf 85' lang='lat' dir='ltr'><strong>latebras</strong></span> <span class='ocrx_word' id='word_1_367' title='bbox 796 2986 966 3042; x_wconf 72' lang='lat' dir='ltr'><strong>terrae</strong></span> <span class='ocrx_word' id='word_1_368' title='bbox 988 2991 1237 3058; x_wconf 67' lang='lat' dir='ltr'><strong>quaerent</strong></span> <span class='ocrx_word' id='word_1_369' title='bbox 1267 2988 1531 3058; x_wconf 88' lang='lat' dir='ltr'><strong>liquidive</strong></span> <span class='ocrx_word' id='word_1_370' title='bbox 1554 2985 1862 3059; x_wconf 83' lang='lat' dir='ltr'><strong>profundi?</strong></span> <span class='ocrx_word' id='word_1_371' title='bbox 3444 2985 3618 3050; x_wconf 64' lang='grc' dir='ltr'><strong>[ωηεν</strong></span> 
     </span>
    </p>
   </div>
   <div class='ocr_carea' id='block_1_32' title="bbox 420 3069 3459 3151">
    <p class='ocr_par' dir='ltr' id='par_1_32' title="bbox 420 3069 3459 3151">
     <span class='ocr_line' id='line_1_32' title="bbox 420 3069 3459 3151; baseline 0.001 -27"><span class='ocrx_word' id='word_1_372' title='bbox 420 3069 602 3125; x_wconf 83' lang='lat' dir='ltr'><strong>Oderit</strong></span> <span class='ocrx_word' id='word_1_373' title='bbox 632 3071 924 3141; x_wconf 77' lang='lat' dir='ltr'><strong>Hesperiae,</strong></span> <span class='ocrx_word' id='word_1_374' title='bbox 956 3077 1110 3145; x_wconf 73' lang='lat' dir='ltr'><strong>faxo,</strong></span> <span class='ocrx_word' id='word_1_375' title='bbox 1141 3076 1259 3131; x_wconf 71' lang='lat' dir='ltr'><strong>dux</strong></span> <span class='ocrx_word' id='word_1_376' title='bbox 1285 3092 1484 3132; x_wconf 87' lang='lat' dir='ltr'><strong>nomen</strong></span> <span class='ocrx_word' id='word_1_377' title='bbox 1513 3080 1709 3131; x_wconf 75' lang='lat' dir='ltr'><strong>amatae</strong></span> <span class='ocrx_word' id='word_1_378' title='bbox 1968 3145 2000 3151; x_wconf 90' lang='lat'>_</span> <span class='ocrx_word' id='word_1_379' title='bbox 2182 3078 2393 3136; x_wconf 87' lang='lat' dir='ltr'><strong>Oscula</strong></span> <span class='ocrx_word' id='word_1_380' title='bbox 2423 3096 2551 3151; x_wconf 83' lang='lat' dir='ltr'><strong>quas</strong></span> <span class='ocrx_word' id='word_1_381' title='bbox 2583 3076 2765 3134; x_wconf 72' lang='lat' dir='ltr'><strong>solitae</strong></span> <span class='ocrx_word' id='word_1_382' title='bbox 2795 3075 2979 3133; x_wconf 88' lang='lat' dir='ltr'><strong>sacris</strong></span> <span class='ocrx_word' id='word_1_383' title='bbox 3011 3073 3227 3130; x_wconf 88' lang='lat' dir='ltr'><strong>sentire</strong></span> <span class='ocrx_word' id='word_1_384' title='bbox 3253 3070 3459 3127; x_wconf 87' lang='lat' dir='ltr'><strong>litatis.</strong></span> 
     </span>
    </p>
   </div>
   <div class='ocr_carea' id='block_1_33' title="bbox 418 3145 1985 3236">
    <p class='ocr_par' dir='ltr' id='par_1_33' title="bbox 418 3145 1985 3236">
     <span class='ocr_line' id='line_1_33' title="bbox 418 3145 1985 3236; baseline -0.002 -21"><span class='ocrx_word' id='word_1_385' title='bbox 418 3158 716 3229; x_wconf 86' lang='lat' dir='ltr'><strong>Improbus,</strong></span> <span class='ocrx_word' id='word_1_386' title='bbox 750 3162 1009 3217; x_wconf 72' lang='lat' dir='ltr'><strong>extremis</strong></span> <span class='ocrx_word' id='word_1_387' title='bbox 1041 3166 1207 3221; x_wconf 60' lang='lat' dir='ltr'><strong>terrm</strong></span> <span class='ocrx_word' id='word_1_388' title='bbox 1237 3165 1317 3220; x_wconf 89' lang='lat' dir='ltr'><strong>vel</strong></span> <span class='ocrx_word' id='word_1_389' title='bbox 1344 3168 1530 3236; x_wconf 82' lang='lat' dir='ltr'><strong>pastus</strong></span> <span class='ocrx_word' id='word_1_390' title='bbox 1560 3166 1620 3219; x_wconf 91' lang='lat' dir='ltr'><strong>in</strong></span> <span class='ocrx_word' id='word_1_391' title='bbox 1646 3165 1757 3219; x_wconf 88' lang='lat' dir='ltr'><strong>oris</strong></span> <span class='ocrx_word' id='word_1_392' title='bbox 1786 3168 1804 3217; x_wconf 90' lang='lat'><em>!</em></span> <span class='ocrx_word' id='word_1_393' title='bbox 1885 3171 1890 3175; x_wconf 83' lang='lat'>&#39;</span> <span class='ocrx_word' id='word_1_394' title='bbox 1957 3145 1985 3212; x_wconf 80' lang='grc' dir='ltr'><strong>ί</strong></span> 
     </span>
    </p>
   </div>
   <div class='ocr_carea' id='block_1_34' title="bbox 2126 3145 3693 3236">
    <p class='ocr_par' dir='ltr' id='par_1_34' title="bbox 2181 3145 3693 3234">
     <span class='ocr_line' id='line_1_34' title="bbox 2181 3145 3693 3234; baseline -0.005 -13"><span class='ocrx_word' id='word_1_395' title='bbox 2181 3145 2762 3234; x_wconf 80' lang='lat' dir='ltr'><strong>Ambrosius,auctor</strong></span> <span class='ocrx_word' id='word_1_396' title='bbox 2778 3162 3015 3221; x_wconf 91' lang='lat' dir='ltr'><strong>sceleris</strong></span> <span class='ocrx_word' id='word_1_397' title='bbox 3047 3161 3350 3232; x_wconf 87' lang='lat' dir='ltr'><strong>fomesque</strong></span> <span class='ocrx_word' id='word_1_398' title='bbox 3372 3155 3693 3226; x_wconf 84' lang='lat' dir='ltr'><strong>malorum,</strong></span> 
     </span>
    </p>
   </div>
   <div class='ocr_carea' id='block_1_35' title="bbox 421 3245 3608 3313">
    <p class='ocr_par' dir='ltr' id='par_1_35' title="bbox 421 3245 3608 3313">
     <span class='ocr_line' id='line_1_35' title="bbox 421 3245 3608 3313; baseline 0 -13"><span class='ocrx_word' id='word_1_399' title='bbox 421 3245 665 3302; x_wconf 88' lang='lat' dir='ltr'><strong>Talibus</strong></span> <span class='ocrx_word' id='word_1_400' title='bbox 695 3247 957 3306; x_wconf 78' lang='lat' dir='ltr'><strong>infossus</strong></span> <span class='ocrx_word' id='word_1_401' title='bbox 986 3253 1303 3309; x_wconf 86' lang='lat' dir='ltr'><strong>metuenda</strong></span> <span class='ocrx_word' id='word_1_402' title='bbox 1333 3252 1484 3309; x_wconf 91' lang='lat' dir='ltr'><strong>mole</strong></span> <span class='ocrx_word' id='word_1_403' title='bbox 1517 3256 1776 3308; x_wconf 86' lang='lat' dir='ltr'><strong>catervas</strong></span> <span class='ocrx_word' id='word_1_404' title='bbox 2041 3256 2146 3313; x_wconf 77' lang='lat' dir='ltr'><strong>HO</strong></span> <span class='ocrx_word' id='word_1_405' title='bbox 2183 3256 2257 3312; x_wconf 90' lang='lat' dir='ltr'><strong>Ut</strong></span> <span class='ocrx_word' id='word_1_406' title='bbox 2283 3255 2521 3311; x_wconf 87' lang='lat' dir='ltr'><strong>tandem</strong></span> <span class='ocrx_word' id='word_1_407' title='bbox 2552 3253 2711 3309; x_wconf 88' lang='lat' dir='ltr'><strong>videt</strong></span> <span class='ocrx_word' id='word_1_408' title='bbox 2738 3250 2997 3307; x_wconf 89' lang='lat' dir='ltr'><strong>immites</strong></span> <span class='ocrx_word' id='word_1_409' title='bbox 3027 3247 3386 3306; x_wconf 87' lang='lat' dir='ltr'><strong>dominarier</strong></span> <span class='ocrx_word' id='word_1_410' title='bbox 3407 3245 3608 3302; x_wconf 89' lang='lat' dir='ltr'><strong>hostes</strong></span> 
     </span>
    </p>
   </div>
   <div class='ocr_carea' id='block_1_36' title="bbox 308 3332 3597 3412">
    <p class='ocr_par' dir='ltr' id='par_1_36' title="bbox 308 3332 3597 3412">
     <span class='ocr_line' id='line_1_36' title="bbox 308 3332 3597 3412; baseline 0 -22"><span class='ocrx_word' id='word_1_411' title='bbox 308 3335 384 3390; x_wconf 86' lang='lat'>65</span> <span class='ocrx_word' id='word_1_412' title='bbox 422 3334 747 3401; x_wconf 72' lang='lat' dir='ltr'><strong>Praestruit,</strong></span> <span class='ocrx_word' id='word_1_413' title='bbox 786 3336 1124 3411; x_wconf 87' lang='lat' dir='ltr'><strong>irarumque</strong></span> <span class='ocrx_word' id='word_1_414' title='bbox 1153 3357 1357 3412; x_wconf 88' lang='lat' dir='ltr'><strong>graves</strong></span> <span class='ocrx_word' id='word_1_415' title='bbox 1376 3339 1593 3396; x_wconf 82' lang='lat' dir='ltr'><strong>emittit</strong></span> <span class='ocrx_word' id='word_1_416' title='bbox 1636 3339 1931 3396; x_wconf 88' lang='lat' dir='ltr'><strong>habenas:</strong></span> <span class='ocrx_word' id='word_1_417' title='bbox 2181 3344 2449 3411; x_wconf 88' lang='lat' dir='ltr'><strong>Arcibus,</strong></span> <span class='ocrx_word' id='word_1_418' title='bbox 2481 3343 2770 3399; x_wconf 88' lang='lat' dir='ltr'><strong>adscensu</strong></span> <span class='ocrx_word' id='word_1_419' title='bbox 2804 3339 2976 3397; x_wconf 90' lang='lat' dir='ltr'><strong>celeri</strong></span> <span class='ocrx_word' id='word_1_420' title='bbox 3008 3337 3159 3412; x_wconf 87' lang='lat' dir='ltr'><strong>petit</strong></span> <span class='ocrx_word' id='word_1_421' title='bbox 3186 3337 3370 3393; x_wconf 90' lang='lat' dir='ltr'><strong>ardua</strong></span> <span class='ocrx_word' id='word_1_422' title='bbox 3396 3332 3597 3402; x_wconf 87' lang='lat' dir='ltr'><strong>turris,</strong></span> 
     </span>
    </p>
   </div>
   <div class='ocr_carea' id='block_1_37' title="bbox 419 3420 3579 3499">
    <p class='ocr_par' dir='ltr' id='par_1_37' title="bbox 419 3420 3579 3499">
     <span class='ocr_line' id='line_1_37' title="bbox 419 3420 3579 3499; baseline -0 -22"><span class='ocrx_word' id='word_1_423' title='bbox 419 3422 710 3479; x_wconf 88' lang='lat' dir='ltr'><strong>Eridanus</strong></span> <span class='ocrx_word' id='word_1_424' title='bbox 740 3422 940 3493; x_wconf 89' lang='lat' dir='ltr'><strong>veluti,</strong></span> <span class='ocrx_word' id='word_1_425' title='bbox 975 3425 1207 3483; x_wconf 90' lang='lat' dir='ltr'><strong>nivibus</strong></span> <span class='ocrx_word' id='word_1_426' title='bbox 1236 3428 1462 3484; x_wconf 86' lang='lat' dir='ltr'><strong>fervore</strong></span> <span class='ocrx_word' id='word_1_427' title='bbox 1492 3427 1722 3496; x_wconf 88' lang='lat' dir='ltr'><strong>solutis,</strong></span> <span class='ocrx_word' id='word_1_428' title='bbox 2184 3432 2275 3488; x_wconf 88' lang='lat' dir='ltr'><strong>Nil</strong></span> <span class='ocrx_word' id='word_1_429' title='bbox 2304 3431 2416 3489; x_wconf 91' lang='lat' dir='ltr'><strong>sibi</strong></span> <span class='ocrx_word' id='word_1_430' title='bbox 2446 3432 2557 3487; x_wconf 91' lang='lat' dir='ltr'><strong>sub</strong></span> <span class='ocrx_word' id='word_1_431' title='bbox 2588 3433 2751 3486; x_wconf 89' lang='lat' dir='ltr'><strong>tanto</strong></span> <span class='ocrx_word' id='word_1_432' title='bbox 2782 3428 2971 3485; x_wconf 84' lang='lat' dir='ltr'><strong>ﬁdens</strong></span> <span class='ocrx_word' id='word_1_433' title='bbox 3011 3439 3318 3499; x_wconf 83' lang='lat' dir='ltr'><strong>superesse</strong></span> <span class='ocrx_word' id='word_1_434' title='bbox 3341 3420 3579 3496; x_wconf 89' lang='lat' dir='ltr'><strong>periclo,</strong></span> 
     </span>
    </p>
   </div>
   <div class='ocr_carea' id='block_1_38' title="bbox 424 3511 3690 3592">
    <p class='ocr_par' dir='ltr' id='par_1_38' title="bbox 424 3511 3690 3592">
     <span class='ocr_line' id='line_1_38' title="bbox 424 3511 3690 3592; baseline -0 -26"><span class='ocrx_word' id='word_1_435' title='bbox 424 3511 786 3584; x_wconf 68' lang='lat' dir='ltr'><strong>Praeruptum</strong></span> <span class='ocrx_word' id='word_1_436' title='bbox 816 3511 933 3568; x_wconf 84' lang='lat' dir='ltr'><strong>exit</strong></span> <span class='ocrx_word' id='word_1_437' title='bbox 960 3514 1020 3569; x_wconf 88' lang='lat' dir='ltr'><strong>in</strong></span> <span class='ocrx_word' id='word_1_438' title='bbox 1053 3531 1190 3571; x_wconf 91' lang='lat' dir='ltr'><strong>arva</strong></span> <span class='ocrx_word' id='word_1_439' title='bbox 1213 3516 1421 3585; x_wconf 81' lang='lat' dir='ltr'><strong>ﬂuens,</strong></span> <span class='ocrx_word' id='word_1_440' title='bbox 1445 3532 1802 3588; x_wconf 87' lang='lat' dir='ltr'><strong>camposque</strong></span> <span class='ocrx_word' id='word_1_441' title='bbox 1831 3532 1933 3588; x_wconf 90' lang='lat' dir='ltr'><strong>per</strong></span> <span class='ocrx_word' id='word_1_442' title='bbox 2181 3521 2426 3577; x_wconf 74' lang='lat' dir='ltr'><strong>jEdibus</strong></span> <span class='ocrx_word' id='word_1_443' title='bbox 2456 3518 2729 3592; x_wconf 86' lang='lat' dir='ltr'><strong>ingenuis</strong></span> <span class='ocrx_word' id='word_1_444' title='bbox 2758 3517 3057 3590; x_wconf 90' lang='lat' dir='ltr'><strong>quondam</strong></span> <span class='ocrx_word' id='word_1_445' title='bbox 3082 3515 3212 3588; x_wconf 86' lang='lat' dir='ltr'><strong>jam</strong></span> <span class='ocrx_word' id='word_1_446' title='bbox 3240 3514 3354 3585; x_wconf 87' lang='lat'>(86)</span> <span class='ocrx_word' id='word_1_447' title='bbox 3384 3511 3569 3568; x_wconf 87' lang='lat' dir='ltr'><strong>Marte</strong></span> <span class='ocrx_word' id='word_1_448' title='bbox 3598 3523 3690 3565; x_wconf 90' lang='lat' dir='ltr'><strong>re-</strong></span> 
     </span>
    </p>
   </div>
   <div class='ocr_carea' id='block_1_39' title="bbox 1594 3598 3584 3677">
    <p class='ocr_par' dir='ltr' id='par_1_39' title="bbox 1594 3598 3584 3677">
     <span class='ocr_line' id='line_1_39' title="bbox 1594 3598 3584 3677; baseline -0.003 -16"><span class='ocrx_word' id='word_1_449' title='bbox 1594 3606 1823 3677; x_wconf 89' lang='lat' dir='ltr'><strong>[omnes</strong></span> <span class='ocrx_word' id='word_1_450' title='bbox 3378 3598 3584 3674; x_wconf 82' lang='lat' dir='ltr'><strong>[fertis.</strong></span> 
     </span>
    </p>
   </div>
   <div class='ocr_carea' id='block_1_40' title="bbox 421 3684 3696 3764">
    <p class='ocr_par' dir='ltr' id='par_1_40' title="bbox 421 3684 3696 3764">
     <span class='ocr_line' id='line_1_40' title="bbox 421 3684 3696 3764; baseline -0.001 -19"><span class='ocrx_word' id='word_1_451' title='bbox 421 3689 565 3745; x_wconf 87' lang='lat' dir='ltr'><strong>Cum</strong></span> <span class='ocrx_word' id='word_1_452' title='bbox 592 3689 1143 3749; x_wconf 85' lang='lat' dir='ltr'><strong>stabulis‘armenta</strong></span> <span class='ocrx_word' id='word_1_453' title='bbox 1173 3694 1313 3760; x_wconf 89' lang='lat' dir='ltr'><strong>ruit,</strong></span> <span class='ocrx_word' id='word_1_454' title='bbox 1346 3693 1625 3749; x_wconf 90' lang='lat' dir='ltr'><strong>radicitus</strong></span> <span class='ocrx_word' id='word_1_455' title='bbox 1657 3692 1823 3749; x_wconf 89' lang='lat' dir='ltr'><strong>alnos</strong></span> <span class='ocrx_word' id='word_1_456' title='bbox 2184 3697 2423 3755; x_wconf 89' lang='lat' dir='ltr'><strong>Pellitur</strong></span> <span class='ocrx_word' id='word_1_457' title='bbox 2454 3696 2587 3752; x_wconf 87' lang='lat' dir='ltr'><strong>inde</strong></span> <span class='ocrx_word' id='word_1_458' title='bbox 2615 3699 2835 3764; x_wconf 90' lang='lat' dir='ltr'><strong>tamen,</strong></span> <span class='ocrx_word' id='word_1_459' title='bbox 2865 3693 3036 3750; x_wconf 87' lang='lat' dir='ltr'><strong>victis</strong></span> <span class='ocrx_word' id='word_1_460' title='bbox 3081 3691 3382 3748; x_wconf 89' lang='lat' dir='ltr'><strong>accinctus</strong></span> <span class='ocrx_word' id='word_1_461' title='bbox 3430 3695 3485 3746; x_wconf 87' lang='lat' dir='ltr'><strong>et</strong></span> <span class='ocrx_word' id='word_1_462' title='bbox 3514 3684 3696 3744; x_wconf 88' lang='lat' dir='ltr'><strong>armis</strong></span> 
     </span>
    </p>
   </div>
   <div class='ocr_carea' id='block_1_41' title="bbox 423 3775 3695 3853">
    <p class='ocr_par' dir='ltr' id='par_1_41' title="bbox 423 3775 3695 3853">
     <span class='ocr_line' id='line_1_41' title="bbox 423 3775 3695 3853; baseline -0 -21"><span class='ocrx_word' id='word_1_463' title='bbox 423 3776 706 3834; x_wconf 88' lang='lat' dir='ltr'><strong>Littoreas</strong></span> <span class='ocrx_word' id='word_1_464' title='bbox 736 3778 919 3835; x_wconf 87' lang='lat' dir='ltr'><strong>ﬂuctu</strong></span> <span class='ocrx_word' id='word_1_465' title='bbox 951 3781 1246 3837; x_wconf 91' lang='lat' dir='ltr'><strong>undarum</strong></span> <span class='ocrx_word' id='word_1_466' title='bbox 1278 3781 1508 3839; x_wconf 88' lang='lat' dir='ltr'><strong>labente</strong></span> <span class='ocrx_word' id='word_1_467' title='bbox 1528 3783 1858 3839; x_wconf 89' lang='lat' dir='ltr'><strong>resorbens.</strong></span> <span class='ocrx_word' id='word_1_468' title='bbox 2043 3788 2147 3844; x_wconf 85' lang='grc'>115</span> <span class='ocrx_word' id='word_1_469' title='bbox 2181 3786 2422 3842; x_wconf 83' lang='lat' dir='ltr'><strong>Arnult‘o</strong></span> <span class='ocrx_word' id='word_1_470' title='bbox 2456 3785 2745 3841; x_wconf 90' lang='lat' dir='ltr'><strong>manibus</strong></span> <span class='ocrx_word' id='word_1_471' title='bbox 2773 3782 3028 3840; x_wconf 89' lang='lat' dir='ltr'><strong>trahitur</strong></span> <span class='ocrx_word' id='word_1_472' title='bbox 3056 3783 3189 3853; x_wconf 89' lang='lat' dir='ltr'><strong>post</strong></span> <span class='ocrx_word' id='word_1_473' title='bbox 3213 3782 3380 3851; x_wconf 84' lang='lat' dir='ltr'><strong>terga</strong></span> <span class='ocrx_word' id='word_1_474' title='bbox 3398 3775 3695 3834; x_wconf 88' lang='lat' dir='ltr'><strong>revinctis.</strong></span> 
     </span>
    </p>
   </div>
   <div class='ocr_carea' id='block_1_42' title="bbox 310 3865 3523 3939">
    <p class='ocr_par' dir='ltr' id='par_1_42' title="bbox 310 3865 3523 3939">
     <span class='ocr_line' id='line_1_42' title="bbox 310 3865 3523 3939; baseline 0 -19"><span class='ocrx_word' id='word_1_475' title='bbox 310 3866 384 3921; x_wconf 92' lang='grc'>70</span> <span class='ocrx_word' id='word_1_476' title='bbox 420 3865 669 3938; x_wconf 88' lang='lat' dir='ltr'><strong>Jamque</strong></span> <span class='ocrx_word' id='word_1_477' title='bbox 699 3866 892 3924; x_wconf 89' lang='lat' dir='ltr'><strong>solum</strong></span> <span class='ocrx_word' id='word_1_478' title='bbox 924 3872 1082 3926; x_wconf 89' lang='lat' dir='ltr'><strong>tenet</strong></span> <span class='ocrx_word' id='word_1_479' title='bbox 1110 3872 1438 3927; x_wconf 88' lang='lat' dir='ltr'><strong>Ausonium</strong></span> <span class='ocrx_word' id='word_1_480' title='bbox 1460 3872 1578 3927; x_wconf 83' lang='lat' dir='ltr'><strong>dux</strong></span> <span class='ocrx_word' id='word_1_481' title='bbox 1606 3870 1705 3928; x_wconf 91' lang='lat' dir='ltr'><strong>ille</strong></span> <span class='ocrx_word' id='word_1_482' title='bbox 1734 3887 1934 3927; x_wconf 90' lang='lat' dir='ltr'><strong>veren-</strong></span> <span class='ocrx_word' id='word_1_483' title='bbox 2183 3875 2283 3932; x_wconf 89' lang='lat' dir='ltr'><strong>Ille</strong></span> <span class='ocrx_word' id='word_1_484' title='bbox 2313 3874 2511 3930; x_wconf 89' lang='lat' dir='ltr'><strong>calens</strong></span> <span class='ocrx_word' id='word_1_485' title='bbox 2541 3873 2648 3939; x_wconf 88' lang='lat' dir='ltr'><strong>ira,</strong></span> <span class='ocrx_word' id='word_1_486' title='bbox 2682 3875 2935 3927; x_wconf 89' lang='lat' dir='ltr'><strong>testatur</strong></span> <span class='ocrx_word' id='word_1_487' title='bbox 2965 3870 3178 3926; x_wconf 86' lang='lat' dir='ltr'><strong>cuncta</strong></span> <span class='ocrx_word' id='word_1_488' title='bbox 3205 3867 3523 3931; x_wconf 87' lang='lat' dir='ltr'><strong>creantem,</strong></span> 
     </span>
    </p>
   </div>
   <div class='ocr_carea' id='block_1_43' title="bbox 732 3950 3534 4033">
    <p class='ocr_par' dir='ltr' id='par_1_43' title="bbox 732 3950 3534 4033">
     <span class='ocr_line' id='line_1_43' title="bbox 732 3950 3534 4033; baseline -0.008 -5"><span class='ocrx_word' id='word_1_489' title='bbox 732 3966 737 3969; x_wconf 17' lang='grc' dir='ltr'><strong>Α</strong></span> <span class='ocrx_word' id='word_1_490' title='bbox 1530 3961 1666 4033; x_wconf 90' lang='lat' dir='ltr'><strong>[dus</strong></span> <span class='ocrx_word' id='word_1_491' title='bbox 1697 3960 1858 4032; x_wconf 71' lang='lat'><strong>(84&quot;),</strong></span> <span class='ocrx_word' id='word_1_492' title='bbox 2184 3962 2421 4019; x_wconf 87' lang='lat' dir='ltr'><strong>Arboris</strong></span> <span class='ocrx_word' id='word_1_493' title='bbox 2445 3961 2603 4017; x_wconf 90' lang='lat' dir='ltr'><strong>hunc</strong></span> <span class='ocrx_word' id='word_1_494' title='bbox 2637 3959 2818 4016; x_wconf 86' lang='lat' dir='ltr'><strong>ramis</strong></span> <span class='ocrx_word' id='word_1_495' title='bbox 2849 3958 3046 4015; x_wconf 84' lang='lat' dir='ltr'><strong>subito</strong></span> <span class='ocrx_word' id='word_1_496' title='bbox 3080 3952 3375 4011; x_wconf 89' lang='lat' dir='ltr'><strong>demittier</strong></span> <span class='ocrx_word' id='word_1_497' title='bbox 3403 3950 3534 4008; x_wconf 80' lang='lat' dir='ltr'><strong>altae</strong></span> 
     </span>
    </p>
   </div>
   <div class='ocr_carea' id='block_1_44' title="bbox 414 4038 3607 4123">
    <p class='ocr_par' dir='ltr' id='par_1_44' title="bbox 414 4038 3607 4123">
     <span class='ocr_line' id='line_1_44' title="bbox 414 4038 3607 4123; baseline -0.002 -24"><span class='ocrx_word' id='word_1_498' title='bbox 414 4044 560 4099; x_wconf 89' lang='lat' dir='ltr'><strong>Cum</strong></span> <span class='ocrx_word' id='word_1_499' title='bbox 587 4044 856 4101; x_wconf 87' lang='lat' dir='ltr'><strong>Widonis</strong></span> <span class='ocrx_word' id='word_1_500' title='bbox 881 4046 1004 4103; x_wconf 90' lang='lat' dir='ltr'><strong>abit</strong></span> <span class='ocrx_word' id='word_1_501' title='bbox 1027 4064 1270 4104; x_wconf 88' lang='lat' dir='ltr'><strong>rancore</strong></span> <span class='ocrx_word' id='word_1_502' title='bbox 1298 4049 1498 4105; x_wconf 88' lang='lat' dir='ltr'><strong>soluta</strong></span> <span class='ocrx_word' id='word_1_503' title='bbox 1539 4049 1791 4121; x_wconf 90' lang='lat' dir='ltr'><strong>superbo</strong></span> <span class='ocrx_word' id='word_1_504' title='bbox 2184 4050 2333 4107; x_wconf 93' lang='lat' dir='ltr'><strong>Proh</strong></span> <span class='ocrx_word' id='word_1_505' title='bbox 2364 4066 2551 4123; x_wconf 90' lang='lat' dir='ltr'><strong>genus</strong></span> <span class='ocrx_word' id='word_1_506' title='bbox 2583 4047 2839 4104; x_wconf 89' lang='lat' dir='ltr'><strong>invisum</strong></span> <span class='ocrx_word' id='word_1_507' title='bbox 2868 4045 2995 4112; x_wconf 89' lang='lat' dir='ltr'><strong>leti,</strong></span> <span class='ocrx_word' id='word_1_508' title='bbox 3025 4042 3390 4115; x_wconf 86' lang='lat' dir='ltr'><strong>suspendere</strong></span> <span class='ocrx_word' id='word_1_509' title='bbox 3415 4038 3607 4097; x_wconf 89' lang='lat' dir='ltr'><strong>ventis</strong></span> 
     </span>
    </p>
   </div>
   <div class='ocr_carea' id='block_1_45' title="bbox 422 4127 3697 4209">
    <p class='ocr_par' dir='ltr' id='par_1_45' title="bbox 422 4127 3697 4209">
     <span class='ocr_line' id='line_1_45' title="bbox 422 4127 3697 4209; baseline -0.001 -24"><span class='ocrx_word' id='word_1_510' title='bbox 422 4130 604 4186; x_wconf 89' lang='lat' dir='ltr'><strong>Fama</strong></span> <span class='ocrx_word' id='word_1_511' title='bbox 631 4130 692 4186; x_wconf 91' lang='lat' dir='ltr'><strong>in</strong></span> <span class='ocrx_word' id='word_1_512' title='bbox 722 4136 917 4189; x_wconf 87' lang='lat' dir='ltr'><strong>castra</strong></span> <span class='ocrx_word' id='word_1_513' title='bbox 954 4135 1056 4190; x_wconf 89' lang='lat' dir='ltr'><strong>rei.</strong></span> <span class='ocrx_word' id='word_1_514' title='bbox 1111 4135 1318 4192; x_wconf 88' lang='lat' dir='ltr'><strong>Sociiis</strong></span> <span class='ocrx_word' id='word_1_515' title='bbox 1366 4136 1658 4209; x_wconf 83' lang='lat' dir='ltr'><strong>extemplo</strong></span> <span class='ocrx_word' id='word_1_516' title='bbox 1689 4137 1930 4206; x_wconf 87' lang='lat' dir='ltr'><strong>vocatis,</strong></span> <span class='ocrx_word' id='word_1_517' title='bbox 2184 4137 2389 4195; x_wconf 89' lang='lat' dir='ltr'><strong>Debita</strong></span> <span class='ocrx_word' id='word_1_518' title='bbox 2418 4137 2684 4193; x_wconf 88' lang='lat' dir='ltr'><strong>membra</strong></span> <span class='ocrx_word' id='word_1_519' title='bbox 2712 4133 2836 4190; x_wconf 90' lang='lat' dir='ltr'><strong>solo</strong></span> <span class='ocrx_word' id='word_1_520' title='bbox 2862 4132 2876 4188; x_wconf 86' lang='lat' dir='ltr'><strong>l</strong></span> <span class='ocrx_word' id='word_1_521' title='bbox 2912 4129 3261 4188; x_wconf 88' lang='lat' dir='ltr'><strong>Mortalibus</strong></span> <span class='ocrx_word' id='word_1_522' title='bbox 3290 4127 3475 4185; x_wconf 88' lang='lat' dir='ltr'><strong>altera</strong></span> <span class='ocrx_word' id='word_1_523' title='bbox 3497 4140 3697 4183; x_wconf 87' lang='lat' dir='ltr'><strong>rerum</strong></span> 
     </span>
    </p>
   </div>
   <div class='ocr_carea' id='block_1_46' title="bbox 425 4215 3699 4361">
    <p class='ocr_par' dir='ltr' id='par_1_46' title="bbox 425 4215 3699 4361">
     <span class='ocr_line' id='line_1_46' title="bbox 425 4215 3699 4361; baseline -0 -90"><span class='ocrx_word' id='word_1_524' title='bbox 425 4217 591 4273; x_wconf 88' lang='lat' dir='ltr'><strong>Tunc</strong></span> <span class='ocrx_word' id='word_1_525' title='bbox 650 4220 767 4274; x_wconf 86' lang='lat' dir='ltr'><strong>ait:</strong></span> <span class='ocrx_word' id='word_1_526' title='bbox 821 4222 861 4277; x_wconf 93' lang='lat'><em>0</em></span> <span class='ocrx_word' id='word_1_527' title='bbox 906 4238 1178 4293; x_wconf 87' lang='lat' dir='ltr'><strong>proceres,</strong></span> <span class='ocrx_word' id='word_1_528' title='bbox 1246 4217 1379 4295; x_wconf 88' lang='lat' dir='ltr'><strong>quid</strong></span> <span class='ocrx_word' id='word_1_529' title='bbox 1434 4242 1568 4297; x_wconf 90' lang='lat' dir='ltr'><strong>opus</strong></span> <span class='ocrx_word' id='word_1_530' title='bbox 1625 4226 1936 4298; x_wconf 84' lang='lat' dir='ltr'><strong>depromere</strong></span> <span class='ocrx_word' id='word_1_531' title='bbox 2052 4230 2148 4284; x_wconf 69' lang='lat'><strong>120</strong></span> <span class='ocrx_word' id='word_1_532' title='bbox 2184 4228 2325 4284; x_wconf 90' lang='lat' dir='ltr'><strong>Pars</strong></span> <span class='ocrx_word' id='word_1_533' title='bbox 2355 4227 2548 4293; x_wconf 88' lang='lat' dir='ltr'><strong>datur,</strong></span> <span class='ocrx_word' id='word_1_534' title='bbox 2582 4240 2648 4280; x_wconf 90' lang='lat' dir='ltr'><strong>ac</strong></span> <span class='ocrx_word' id='word_1_535' title='bbox 2678 4220 2963 4279; x_wconf 89' lang='lat' dir='ltr'><strong>membris</strong></span> <span class='ocrx_word' id='word_1_536' title='bbox 3010 4217 3357 4293; x_wconf 88' lang='lat' dir='ltr'><strong>prohibetur</strong></span> <span class='ocrx_word' id='word_1_537' title='bbox 3375 4309 3391 4361; x_wconf 57' lang='grc' dir='ltr'><strong>Ι</strong></span> <span class='ocrx_word' id='word_1_538' title='bbox 3395 4215 3578 4361; x_wconf 54' lang='lat' dir='ltr'><strong>(gleba</strong></span> <span class='ocrx_word' id='word_1_539' title='bbox 3605 4228 3699 4271; x_wconf 88' lang='lat' dir='ltr'><strong>ca-</strong></span> 
     </span>
     <span class='ocr_line' id='line_1_47' title="bbox 1610 4314 3586 4361; baseline -0.002 0"><span class='ocrx_word' id='word_1_540' title='bbox 1610 4314 1825 4361; x_wconf 71' lang='lat' dir='ltr'><strong>lnerbis-</strong></span> <span class='ocrx_word' id='word_1_541' title='bbox 3435 4318 3586 4360; x_wconf 74' lang='lat' dir='ltr'><strong>uoxs.</strong></span> 
     </span>
    </p>
   </div>
   <div class='ocr_carea' id='block_1_47' title="bbox 1610 4303 3586 4381">
    <p class='ocr_par' dir='ltr' id='par_1_47' title="bbox 1610 4303 3586 4381">
     <span class='ocr_line' id='line_1_48' title="bbox 1610 4303 3586 4381; baseline -0.006 -11"><span class='ocrx_word' id='word_1_542' title='bbox 1610 4314 1826 4381; x_wconf 79' lang='lat' dir='ltr'><strong>(verbis,</strong></span> <span class='ocrx_word' id='word_1_543' title='bbox 3375 4303 3586 4373; x_wconf 86' lang='lat' dir='ltr'><strong>[duois.</strong></span> 
     </span>
    </p>
   </div>
   <div class='ocr_carea' id='block_1_48' title="bbox 426 4392 3697 4476">
    <p class='ocr_par' dir='ltr' id='par_1_48' title="bbox 426 4392 3697 4476">
     <span class='ocr_line' id='line_1_49' title="bbox 426 4392 3697 4476; baseline -0.001 -25"><span class='ocrx_word' id='word_1_544' title='bbox 426 4396 540 4464; x_wconf 84' lang='lat' dir='ltr'><strong>Quo</strong></span> <span class='ocrx_word' id='word_1_545' title='bbox 570 4411 655 4452; x_wconf 90' lang='lat' dir='ltr'><strong>res</strong></span> <span class='ocrx_word' id='word_1_546' title='bbox 685 4399 911 4468; x_wconf 85' lang='lat' dir='ltr'><strong>imperii</strong></span> <span class='ocrx_word' id='word_1_547' title='bbox 939 4407 1237 4469; x_wconf 80' lang='lat' dir='ltr'><strong>verguntur</strong></span> <span class='ocrx_word' id='word_1_548' title='bbox 1260 4401 1500 4471; x_wconf 87' lang='lat' dir='ltr'><strong>pondere</strong></span> <span class='ocrx_word' id='word_1_549' title='bbox 1529 4403 1703 4457; x_wconf 85' lang='lat' dir='ltr'><strong>belli?</strong></span> <span class='ocrx_word' id='word_1_550' title='bbox 2184 4404 2330 4460; x_wconf 89' lang='lat' dir='ltr'><strong>Hine</strong></span> <span class='ocrx_word' id='word_1_551' title='bbox 2358 4401 2838 4476; x_wconf 86' lang='lat' dir='ltr'><strong>igiturjuvenum</strong></span> <span class='ocrx_word' id='word_1_552' title='bbox 2864 4396 3174 4454; x_wconf 88' lang='lat' dir='ltr'><strong>solvuntur</strong></span> <span class='ocrx_word' id='word_1_553' title='bbox 3201 4392 3417 4467; x_wconf 86' lang='lat' dir='ltr'><strong>frigore</strong></span> <span class='ocrx_word' id='word_1_554' title='bbox 3445 4392 3697 4450; x_wconf 77' lang='lat' dir='ltr'><strong>mentes:</strong></span> 
     </span>
    </p>
   </div>
   <div class='ocr_carea' id='block_1_49' title="bbox 317 4481 3608 4570">
    <p class='ocr_par' dir='ltr' id='par_1_49' title="bbox 317 4481 3608 4570">
     <span class='ocr_line' id='line_1_50' title="bbox 317 4481 3608 4570; baseline 0.001 -32"><span class='ocrx_word' id='word_1_555' title='bbox 317 4484 390 4539; x_wconf 90' lang='lat'>75</span> <span class='ocrx_word' id='word_1_556' title='bbox 428 4483 673 4541; x_wconf 85' lang='lat' dir='ltr'><strong>Collectis</strong></span> <span class='ocrx_word' id='word_1_557' title='bbox 703 4486 917 4556; x_wconf 85' lang='lat' dir='ltr'><strong>quando</strong></span> <span class='ocrx_word' id='word_1_558' title='bbox 934 4489 1114 4543; x_wconf 88' lang='lat' dir='ltr'><strong>Hister</strong></span> <span class='ocrx_word' id='word_1_559' title='bbox 1142 4488 1297 4544; x_wconf 82' lang='lat' dir='ltr'><strong>adest</strong></span> <span class='ocrx_word' id='word_1_560' title='bbox 1325 4489 1453 4544; x_wconf 87' lang='lat' dir='ltr'><strong>hinc</strong></span> <span class='ocrx_word' id='word_1_561' title='bbox 1482 4491 1610 4545; x_wconf 87' lang='lat' dir='ltr'><strong>inde</strong></span> <span class='ocrx_word' id='word_1_562' title='bbox 1638 4492 1863 4561; x_wconf 85' lang='lat' dir='ltr'><strong>ﬂuentis</strong></span> <span class='ocrx_word' id='word_1_563' title='bbox 1961 4506 2008 4570; x_wconf 77' lang='grc' dir='ltr'><strong>Ι)</strong></span> <span class='ocrx_word' id='word_1_564' title='bbox 2184 4492 2440 4549; x_wconf 89' lang='lat' dir='ltr'><strong>Urbibus</strong></span> <span class='ocrx_word' id='word_1_565' title='bbox 2471 4490 2781 4560; x_wconf 86' lang='lat' dir='ltr'><strong>excedunt,</strong></span> <span class='ocrx_word' id='word_1_566' title='bbox 2814 4486 3082 4559; x_wconf 86' lang='lat' dir='ltr'><strong>laxisque</strong></span> <span class='ocrx_word' id='word_1_567' title='bbox 3112 4481 3393 4558; x_wconf 89' lang='lat' dir='ltr'><strong>repagula</strong></span> <span class='ocrx_word' id='word_1_568' title='bbox 3418 4482 3608 4570; x_wconf 72' lang='lat' dir='ltr'><strong>portis</strong></span> 
     </span>
    </p>
   </div>
   <div class='ocr_carea' id='block_1_50' title="bbox 423 4568 3706 4648">
    <p class='ocr_par' dir='ltr' id='par_1_50' title="bbox 423 4568 3706 4648">
     <span class='ocr_line' id='line_1_51' title="bbox 423 4568 3706 4648; baseline -0 -19"><span class='ocrx_word' id='word_1_569' title='bbox 423 4573 651 4631; x_wconf 71' lang='lat' dir='ltr'><strong>Excidio</strong></span> <span class='ocrx_word' id='word_1_570' title='bbox 679 4576 876 4631; x_wconf 87' lang='lat' dir='ltr'><strong>nostri.</strong></span> <span class='ocrx_word' id='word_1_571' title='bbox 907 4576 1115 4646; x_wconf 83' lang='lat' dir='ltr'><strong>Moneo,</strong></span> <span class='ocrx_word' id='word_1_572' title='bbox 1141 4582 1354 4634; x_wconf 88' lang='lat' dir='ltr'><strong>servate</strong></span> <span class='ocrx_word' id='word_1_573' title='bbox 1381 4578 1633 4634; x_wconf 87' lang='lat' dir='ltr'><strong>secundis</strong></span> <span class='ocrx_word' id='word_1_574' title='bbox 1961 4568 1994 4570; x_wconf 61' lang='lat'><strong>—</strong></span> <span class='ocrx_word' id='word_1_575' title='bbox 2178 4579 2577 4647; x_wconf 87' lang='lat' dir='ltr'><strong>Disscindunt,</strong></span> <span class='ocrx_word' id='word_1_576' title='bbox 2611 4578 2929 4648; x_wconf 91' lang='lat' dir='ltr'><strong>hostesque</strong></span> <span class='ocrx_word' id='word_1_577' title='bbox 2991 4574 3158 4643; x_wconf 90' lang='lat' dir='ltr'><strong>feros</strong></span> <span class='ocrx_word' id='word_1_578' title='bbox 3215 4571 3281 4641; x_wconf 87' lang='lat' dir='ltr'><strong>in</strong></span> <span class='ocrx_word' id='word_1_579' title='bbox 3332 4569 3547 4627; x_wconf 66' lang='lat' dir='ltr'><strong>muenia</strong></span> <span class='ocrx_word' id='word_1_580' title='bbox 3584 4568 3706 4628; x_wconf 89' lang='lat' dir='ltr'><strong>lin-</strong></span> 
     </span>
    </p>
   </div>
   <div class='ocr_carea' id='block_1_51' title="bbox 390 4658 3623 4739">
    <p class='ocr_par' dir='ltr' id='par_1_51' title="bbox 390 4658 3623 4739">
     <span class='ocr_line' id='line_1_52' title="bbox 390 4658 3623 4739; baseline 0.004 -21"><span class='ocrx_word' id='word_1_581' title='bbox 390 4663 566 4719; x_wconf 88' lang='lat' dir='ltr'><strong>Rebus</strong></span> <span class='ocrx_word' id='word_1_582' title='bbox 595 4679 656 4720; x_wconf 91' lang='lat' dir='ltr'><strong>eo</strong></span> <span class='ocrx_word' id='word_1_583' title='bbox 686 4668 909 4733; x_wconf 87' lang='lat' dir='ltr'><strong>vosmet,</strong></span> <span class='ocrx_word' id='word_1_584' title='bbox 943 4667 1111 4722; x_wconf 86' lang='lat' dir='ltr'><strong>tantis</strong></span> <span class='ocrx_word' id='word_1_585' title='bbox 1142 4682 1206 4721; x_wconf 79' lang='lat' dir='ltr'><strong>ac</strong></span> <span class='ocrx_word' id='word_1_586' title='bbox 1230 4669 1443 4739; x_wconf 88' lang='lat' dir='ltr'><strong>parcite</strong></span> <span class='ocrx_word' id='word_1_587' title='bbox 1473 4667 1649 4735; x_wconf 86' lang='lat' dir='ltr'><strong>bellis,</strong></span> <span class='ocrx_word' id='word_1_588' title='bbox 3242 4660 3459 4731; x_wconf 63' lang='lat' dir='ltr'><strong>[ﬂuunt</strong></span> <span class='ocrx_word' id='word_1_589' title='bbox 3485 4658 3623 4732; x_wconf 73' lang='lat'><strong>(87)-</strong></span> 
     </span>
    </p>
   </div>
   <div class='ocr_carea' id='block_1_52' title="bbox 424 4745 3482 4828">
    <p class='ocr_par' dir='ltr' id='par_1_52' title="bbox 424 4745 3482 4828">
     <span class='ocr_line' id='line_1_53' title="bbox 424 4745 3482 4828; baseline -0.002 -21"><span class='ocrx_word' id='word_1_590' title='bbox 424 4752 685 4808; x_wconf 82' lang='lat' dir='ltr'><strong>Abscedat</strong></span> <span class='ocrx_word' id='word_1_591' title='bbox 710 4752 877 4810; x_wconf 86' lang='lat' dir='ltr'><strong>donec</strong></span> <span class='ocrx_word' id='word_1_592' title='bbox 898 4757 1151 4827; x_wconf 87' lang='lat' dir='ltr'><strong>proprios</strong></span> <span class='ocrx_word' id='word_1_593' title='bbox 1180 4756 1449 4828; x_wconf 67' lang='lat' dir='ltr'><strong>Amulius</strong></span> <span class='ocrx_word' id='word_1_594' title='bbox 1479 4756 1551 4813; x_wconf 90' lang='lat' dir='ltr'><strong>ad</strong></span> <span class='ocrx_word' id='word_1_595' title='bbox 1577 4771 1756 4828; x_wconf 86' lang='lat' dir='ltr'><strong>agros.</strong></span> <span class='ocrx_word' id='word_1_596' title='bbox 2187 4756 2298 4812; x_wconf 91' lang='lat' dir='ltr'><strong>Sed</strong></span> <span class='ocrx_word' id='word_1_597' title='bbox 2328 4755 2471 4827; x_wconf 91' lang='lat' dir='ltr'><strong>quia</strong></span> <span class='ocrx_word' id='word_1_598' title='bbox 2501 4770 2617 4810; x_wconf 91' lang='lat' dir='ltr'><strong>non</strong></span> <span class='ocrx_word' id='word_1_599' title='bbox 2648 4752 2767 4809; x_wconf 90' lang='lat' dir='ltr'><strong>illis</strong></span> <span class='ocrx_word' id='word_1_600' title='bbox 2797 4751 2991 4824; x_wconf 70' lang='lat' dir='ltr'><strong>praedo</strong></span> <span class='ocrx_word' id='word_1_601' title='bbox 3022 4745 3287 4805; x_wconf 90' lang='lat' dir='ltr'><strong>tutacula</strong></span> <span class='ocrx_word' id='word_1_602' title='bbox 3307 4745 3482 4802; x_wconf 89' lang='lat' dir='ltr'><strong>terris</strong></span> 
     </span>
    </p>
   </div>
   <div class='ocr_carea' id='block_1_53' title="bbox 500 4833 3703 4917">
    <p class='ocr_par' dir='ltr' id='par_1_53' title="bbox 500 4833 3703 4917">
     <span class='ocr_line' id='line_1_54' title="bbox 500 4833 3703 4917; baseline -0.001 -23"><span class='ocrx_word' id='word_1_603' title='bbox 500 4840 723 4914; x_wconf 89' lang='lat' dir='ltr'><strong>Pingue</strong></span> <span class='ocrx_word' id='word_1_604' title='bbox 779 4841 973 4898; x_wconf 89' lang='lat' dir='ltr'><strong>solum</strong></span> <span class='ocrx_word' id='word_1_605' title='bbox 1011 4842 1233 4900; x_wconf 89' lang='lat' dir='ltr'><strong>interea</strong></span> <span class='ocrx_word' id='word_1_606' title='bbox 1300 4861 1504 4917; x_wconf 89' lang='lat' dir='ltr'><strong>regum</strong></span> <span class='ocrx_word' id='word_1_607' title='bbox 1546 4844 1689 4900; x_wconf 89' lang='lat' dir='ltr'><strong>dum</strong></span> <span class='ocrx_word' id='word_1_608' title='bbox 1727 4842 1941 4900; x_wconf 88' lang='lat' dir='ltr'><strong>lustrat</strong></span> <span class='ocrx_word' id='word_1_609' title='bbox 2048 4847 2152 4903; x_wconf 84' lang='grc'><strong>125</strong></span> <span class='ocrx_word' id='word_1_610' title='bbox 2189 4844 2472 4909; x_wconf 88' lang='lat' dir='ltr'><strong>Obtinuit,</strong></span> <span class='ocrx_word' id='word_1_611' title='bbox 2506 4842 2700 4899; x_wconf 90' lang='lat' dir='ltr'><strong>subito</strong></span> <span class='ocrx_word' id='word_1_612' title='bbox 2749 4841 3022 4897; x_wconf 87' lang='lat' dir='ltr'><strong>Etruscas</strong></span> <span class='ocrx_word' id='word_1_613' title='bbox 3070 4835 3407 4910; x_wconf 88' lang='lat' dir='ltr'><strong>procinctus</strong></span> <span class='ocrx_word' id='word_1_614' title='bbox 3456 4833 3531 4890; x_wconf 87' lang='lat' dir='ltr'><strong>ad</strong></span> <span class='ocrx_word' id='word_1_615' title='bbox 3569 4850 3703 4892; x_wconf 84' lang='lat' dir='ltr'><strong>oras</strong></span> 
     </span>
    </p>
   </div>
   <div class='ocr_carea' id='block_1_54' title="bbox 1536 4922 3704 5006">
    <p class='ocr_par' dir='ltr' id='par_1_54' title="bbox 1536 4922 3704 5006">
     <span class='ocr_line' id='line_1_55' title="bbox 1536 4922 3704 5006; baseline -0.004 -17"><span class='ocrx_word' id='word_1_616' title='bbox 1536 4934 1828 5006; x_wconf 88' lang='lat' dir='ltr'><strong>[uterque,</strong></span> <span class='ocrx_word' id='word_1_617' title='bbox 2189 4932 2376 4988; x_wconf 86' lang='lat' dir='ltr'><strong>Vertit</strong></span> <span class='ocrx_word' id='word_1_618' title='bbox 2406 4931 2516 4987; x_wconf 88' lang='lat' dir='ltr'><strong>iter</strong></span> <span class='ocrx_word' id='word_1_619' title='bbox 2543 4929 2706 5002; x_wconf 75' lang='lat'><strong>(87&#39;),</strong></span> <span class='ocrx_word' id='word_1_620' title='bbox 2739 4943 2945 5001; x_wconf 90' lang='lat' dir='ltr'><strong>regum</strong></span> <span class='ocrx_word' id='word_1_621' title='bbox 2996 4924 3245 4998; x_wconf 91' lang='lat' dir='ltr'><strong>imperio</strong></span> <span class='ocrx_word' id='word_1_622' title='bbox 3297 4922 3561 4980; x_wconf 84' lang='lat' dir='ltr'><strong>Romana</strong></span> <span class='ocrx_word' id='word_1_623' title='bbox 3596 4938 3704 4997; x_wconf 90' lang='lat' dir='ltr'><strong>pe-</strong></span> 
     </span>
    </p>
   </div>
   <div class='ocr_carea' id='block_1_55' title="bbox 325 5012 1892 5094">
    <p class='ocr_par' dir='ltr' id='par_1_55' title="bbox 325 5015 1892 5094">
     <span class='ocr_line' id='line_1_56' title="bbox 325 5015 1892 5094; baseline 0.004 -24"><span class='ocrx_word' id='word_1_624' title='bbox 325 5015 397 5070; x_wconf 92' lang='lat'>80</span> <span class='ocrx_word' id='word_1_625' title='bbox 433 5016 699 5089; x_wconf 89' lang='lat' dir='ltr'><strong>Pergami</strong></span> <span class='ocrx_word' id='word_1_626' title='bbox 729 5020 1046 5076; x_wconf 89' lang='lat' dir='ltr'><strong>adveniunt</strong></span> <span class='ocrx_word' id='word_1_627' title='bbox 1076 5021 1303 5091; x_wconf 89' lang='lat' dir='ltr'><strong>urbem,</strong></span> <span class='ocrx_word' id='word_1_628' title='bbox 1330 5038 1506 5094; x_wconf 90' lang='lat' dir='ltr'><strong>quam</strong></span> <span class='ocrx_word' id='word_1_629' title='bbox 1538 5022 1759 5079; x_wconf 90' lang='lat' dir='ltr'><strong>detinet</strong></span> <span class='ocrx_word' id='word_1_630' title='bbox 1788 5020 1892 5076; x_wconf 81' lang='lat' dir='ltr'><strong>ulti</strong></span> 
     </span>
    </p>
   </div>
   <div class='ocr_carea' id='block_1_56' title="bbox 2057 5012 3624 5094">
    <p class='ocr_par' dir='ltr' id='par_1_56' title="bbox 3372 5012 3624 5084">
     <span class='ocr_line' id='line_1_57' title="bbox 3372 5012 3624 5084; baseline 0 -17"><span class='ocrx_word' id='word_1_631' title='bbox 3372 5012 3624 5084; x_wconf 77' lang='lat' dir='ltr'><strong>[tantum</strong></span> 
     </span>
    </p>
   </div>
   <div class='ocr_carea' id='block_1_57' title="bbox 437 5098 3688 5182">
    <p class='ocr_par' dir='ltr' id='par_1_57' title="bbox 437 5098 3688 5182">
     <span class='ocr_line' id='line_1_58' title="bbox 437 5098 3688 5182; baseline -0.001 -23"><span class='ocrx_word' id='word_1_632' title='bbox 437 5104 723 5161; x_wconf 89' lang='lat' dir='ltr'><strong>Munitam</strong></span> <span class='ocrx_word' id='word_1_633' title='bbox 746 5106 962 5177; x_wconf 87' lang='lat' dir='ltr'><strong>jaculis</strong></span> <span class='ocrx_word' id='word_1_634' title='bbox 985 5109 1233 5165; x_wconf 90' lang='lat' dir='ltr'><strong>nimium</strong></span> <span class='ocrx_word' id='word_1_635' title='bbox 1260 5109 1625 5182; x_wconf 90' lang='lat' dir='ltr'><strong>sudibusque</strong></span> <span class='ocrx_word' id='word_1_636' title='bbox 1645 5110 1937 5182; x_wconf 66' lang='lat' dir='ltr'><strong>praeustis,</strong></span> <span class='ocrx_word' id='word_1_637' title='bbox 2189 5111 2386 5179; x_wconf 89' lang='lat' dir='ltr'><strong>Atria;</strong></span> <span class='ocrx_word' id='word_1_638' title='bbox 2422 5126 2494 5165; x_wconf 92' lang='lat' dir='ltr'><strong>ne</strong></span> <span class='ocrx_word' id='word_1_639' title='bbox 2523 5123 2759 5165; x_wconf 88' lang='lat' dir='ltr'><strong>summa</strong></span> <span class='ocrx_word' id='word_1_640' title='bbox 2788 5107 2986 5168; x_wconf 76' lang='lat' dir='ltr'><strong>forsan</strong></span> <span class='ocrx_word' id='word_1_641' title='bbox 3017 5102 3158 5175; x_wconf 89' lang='lat' dir='ltr'><strong>quia</strong></span> <span class='ocrx_word' id='word_1_642' title='bbox 3188 5099 3409 5157; x_wconf 87' lang='lat' dir='ltr'><strong>mansit</strong></span> <span class='ocrx_word' id='word_1_643' title='bbox 3437 5099 3499 5156; x_wconf 88' lang='lat' dir='ltr'><strong>in</strong></span> <span class='ocrx_word' id='word_1_644' title='bbox 3530 5098 3688 5169; x_wconf 87' lang='lat' dir='ltr'><strong>aula,</strong></span> 
     </span>
    </p>
   </div>
   <div class='ocr_carea' id='block_1_58' title="bbox 389 5204 3701 5283">
    <p class='ocr_par' dir='ltr' id='par_1_58' title="bbox 389 5204 3701 5283">
     <span class='ocr_line' id='line_1_59' title="bbox 389 5204 3701 5283; baseline -0.007 0"><span class='ocrx_word' id='word_1_645' title='bbox 389 5209 482 5283; x_wconf 56' lang='lat'><strong>33)</strong></span> <span class='ocrx_word' id='word_1_646' title='bbox 511 5213 662 5283; x_wconf 71' lang='lat' dir='ltr'><strong>Intra</strong></span> <span class='ocrx_word' id='word_1_647' title='bbox 680 5214 889 5268; x_wconf 70' lang='lat' dir='ltr'><strong>mania</strong></span> <span class='ocrx_word' id='word_1_648' title='bbox 920 5215 1113 5268; x_wconf 87' lang='lat' dir='ltr'><strong>Ticini.</strong></span> <span class='ocrx_word' id='word_1_649' title='bbox 2048 5219 2230 5276; x_wconf 87' lang='lat' dir='ltr'><strong>Marte</strong></span> <span class='ocrx_word' id='word_1_650' title='bbox 2260 5214 2535 5283; x_wconf 88' lang='lat' dir='ltr'><strong>resertis;</strong></span> <span class='ocrx_word' id='word_1_651' title='bbox 2572 5213 2851 5269; x_wconf 83' lang='lat' dir='ltr'><strong>lenissimo</strong></span> <span class='ocrx_word' id='word_1_652' title='bbox 2902 5208 3142 5266; x_wconf 83' lang='lat' dir='ltr'><strong>remedio</strong></span> <span class='ocrx_word' id='word_1_653' title='bbox 3177 5204 3421 5263; x_wconf 75' lang='lat' dir='ltr'><strong>adhibito</strong></span> <span class='ocrx_word' id='word_1_654' title='bbox 3452 5205 3597 5279; x_wconf 59' lang='lat' dir='ltr'><strong>jam</strong></span> <span class='ocrx_word' id='word_1_655' title='bbox 3609 5206 3701 5263; x_wconf 85' lang='lat' dir='ltr'><strong>in-</strong></span> 
     </span>
    </p>
   </div>
   <div class='ocr_carea' id='block_1_59' title="bbox 389 5280 1956 5360">
    <p class='ocr_par' dir='ltr' id='par_1_59' title="bbox 389 5280 1299 5360">
     <span class='ocr_line' id='line_1_60' title="bbox 389 5280 1299 5360; baseline 0.001 0"><span class='ocrx_word' id='word_1_656' title='bbox 389 5280 772 5360; x_wconf 37' lang='lat' dir='ltr'><strong>ﬂict-firs-</strong></span> <span class='ocrx_word' id='word_1_657' title='bbox 804 5285 929 5360; x_wconf 59' lang='grc' dir='ltr'><strong>Λῖρ-</strong></span> <span class='ocrx_word' id='word_1_658' title='bbox 960 5286 1061 5360; x_wconf 55' lang='lat' dir='ltr'><strong>Ill,</strong></span> <span class='ocrx_word' id='word_1_659' title='bbox 1093 5301 1144 5339; x_wconf 83' lang='lat' dir='ltr'><strong>v-</strong></span> <span class='ocrx_word' id='word_1_660' title='bbox 1175 5286 1299 5360; x_wconf 60' lang='lat'><strong>6:45-</strong></span> 
     </span>
    </p>
   </div>
   <div class='ocr_carea' id='block_1_60' title="bbox 1679 5280 3246 5360">
    <p class='ocr_par' dir='ltr' id='par_1_60' title="bbox 2046 5280 3246 5360">
     <span class='ocr_line' id='line_1_61' title="bbox 2046 5280 3246 5360; baseline 0.016 -19"><span class='ocrx_word' id='word_1_661' title='bbox 2046 5289 2308 5360; x_wconf 39' lang='lat' dir='ltr'><strong>serui.&quot;</strong></span> <span class='ocrx_word' id='word_1_662' title='bbox 2414 5357 2421 5360; x_wconf 92' lang='lat'><strong>_</strong></span> <span class='ocrx_word' id='word_1_663' title='bbox 2883 5354 2894 5360; x_wconf 85' lang='lat'>_</span> <span class='ocrx_word' id='word_1_664' title='bbox 2997 5350 3027 5360; x_wconf 79' lang='grc'><strong>,.</strong></span> <span class='ocrx_word' id='word_1_665' title='bbox 3236 5349 3246 5360; x_wconf 95' lang='grc'><em>.</em></span> 
     </span>
    </p>
   </div>
   <div class='ocr_carea' id='block_1_61' title="bbox 368 5210 1935 5431">
    <p class='ocr_par' dir='ltr' id='par_1_61' title="bbox 368 5210 1299 5431">
     <span class='ocr_line' id='line_1_62' title="bbox 389 5210 1113 5269; baseline 0.01 -8"><span class='ocrx_word' id='word_1_666' title='bbox 389 5210 482 5269; x_wconf 63' lang='lat'><strong>83)</strong></span> <span class='ocrx_word' id='word_1_667' title='bbox 511 5213 662 5266; x_wconf 88' lang='lat' dir='ltr'><strong>Intra</strong></span> <span class='ocrx_word' id='word_1_668' title='bbox 680 5214 889 5268; x_wconf 78' lang='lat' dir='ltr'><strong>muenia</strong></span> <span class='ocrx_word' id='word_1_669' title='bbox 920 5215 1113 5268; x_wconf 88' lang='lat' dir='ltr'><strong>Ticini.</strong></span> 
     </span>
     <span class='ocr_line' id='line_1_63' title="bbox 368 5210 1299 5421; baseline 0.006 -87"><span class='ocrx_word' id='word_1_670' title='bbox 368 5210 480 5421; x_wconf 50' lang='grc' dir='ltr'><strong>ἓ84)</strong></span> <span class='ocrx_word' id='word_1_671' title='bbox 511 5282 592 5352; x_wconf 82' lang='lat' dir='ltr'><strong>Cf.</strong></span> <span class='ocrx_word' id='word_1_672' title='bbox 630 5283 772 5364; x_wconf 76' lang='lat' dir='ltr'><strong>Virg.</strong></span> <span class='ocrx_word' id='word_1_673' title='bbox 804 5285 929 5339; x_wconf 68' lang='lat' dir='ltr'><strong>Ain.</strong></span> <span class='ocrx_word' id='word_1_674' title='bbox 960 5286 1061 5351; x_wconf 85' lang='lat' dir='ltr'><strong>III,</strong></span> <span class='ocrx_word' id='word_1_675' title='bbox 1093 5301 1144 5339; x_wconf 89' lang='lat' dir='ltr'><strong>v.</strong></span> <span class='ocrx_word' id='word_1_676' title='bbox 1175 5286 1299 5340; x_wconf 80' lang='grc'>645.</span> 
     </span>
     <span class='ocr_line' id='line_1_64' title="bbox 376 5350 1255 5431; baseline 0.008 -27"><span class='ocrx_word' id='word_1_677' title='bbox 537 5351 623 5431; x_wconf 60' lang='lat' dir='ltr'><strong>pf.</strong></span> <span class='ocrx_word' id='word_1_678' title='bbox 658 5352 803 5431; x_wconf 56' lang='lat' dir='ltr'><strong>Virg.</strong></span> <span class='ocrx_word' id='word_1_679' title='bbox 835 5357 962 5409; x_wconf 63' lang='grc' dir='ltr'><strong>[Εη.</strong></span> <span class='ocrx_word' id='word_1_680' title='bbox 995 5357 1049 5422; x_wconf 80' lang='grc' dir='ltr'><strong>γ,</strong></span> <span class='ocrx_word' id='word_1_681' title='bbox 1082 5372 1133 5411; x_wconf 88' lang='grc' dir='ltr'><strong>υ.</strong></span> <span class='ocrx_word' id='word_1_682' title='bbox 1168 5356 1255 5410; x_wconf 82' lang='grc'><strong>42.</strong></span> 
     </span>
    </p>
   </div>
   <div class='ocr_carea' id='block_1_62' title="bbox 2134 5210 3701 5431">
    <p class='ocr_par' dir='ltr' id='par_1_62' title="bbox 2134 5210 3701 5431">
     <span class='ocr_line' id='line_1_65' title="bbox 2134 5210 3701 5300; baseline -0.007 -28"><span class='ocrx_word' id='word_1_683' title='bbox 2134 5219 2230 5300; x_wconf 56' lang='lat' dir='ltr'><strong>trte</strong></span> <span class='ocrx_word' id='word_1_684' title='bbox 2260 5214 2535 5283; x_wconf 89' lang='lat' dir='ltr'><strong>resertis;</strong></span> <span class='ocrx_word' id='word_1_685' title='bbox 2572 5213 2851 5269; x_wconf 81' lang='lat' dir='ltr'><strong>lenissimo</strong></span> <span class='ocrx_word' id='word_1_686' title='bbox 2902 5210 3142 5266; x_wconf 85' lang='lat' dir='ltr'><strong>remedio</strong></span> <span class='ocrx_word' id='word_1_687' title='bbox 3177 5210 3421 5263; x_wconf 79' lang='lat' dir='ltr'><strong>adhibito</strong></span> <span class='ocrx_word' id='word_1_688' title='bbox 3452 5210 3597 5279; x_wconf 63' lang='lat' dir='ltr'><strong>jam</strong></span> <span class='ocrx_word' id='word_1_689' title='bbox 3609 5210 3701 5263; x_wconf 84' lang='lat' dir='ltr'><strong>in-</strong></span> 
     </span>
     <span class='ocr_line' id='line_1_66' title="bbox 2134 5304 3701 5431; baseline -0.004 -17"><span class='ocrx_word' id='word_1_690' title='bbox 2264 5359 2359 5414; x_wconf 85' lang='lat' dir='ltr'><strong>Hic</strong></span> <span class='ocrx_word' id='word_1_691' title='bbox 2385 5355 2603 5431; x_wconf 74' lang='lat' dir='ltr'><strong>Arnulﬁ</strong></span> <span class='ocrx_word' id='word_1_692' title='bbox 2631 5353 2839 5412; x_wconf 86' lang='lat' dir='ltr'><strong>reditus</strong></span> <span class='ocrx_word' id='word_1_693' title='bbox 2869 5354 2932 5408; x_wconf 81' lang='lat' dir='ltr'><strong>in</strong></span> <span class='ocrx_word' id='word_1_694' title='bbox 2989 5349 3340 5407; x_wconf 84' lang='lat' dir='ltr'><strong>Germaniam</strong></span> <span class='ocrx_word' id='word_1_695' title='bbox 3388 5354 3441 5405; x_wconf 86' lang='lat' dir='ltr'><strong>et</strong></span> <span class='ocrx_word' id='word_1_696' title='bbox 3462 5346 3701 5407; x_wconf 81' lang='lat' dir='ltr'><strong>secunda</strong></span> 
     </span>
    </p>
   </div>
   <div class='ocr_carea' id='block_1_63' title="bbox 390 5420 1957 5503">
    <p class='ocr_par' dir='ltr' id='par_1_63' title="bbox 390 5420 1903 5503">
     <span class='ocr_line' id='line_1_67' title="bbox 390 5420 1903 5503; baseline 0.001 -27"><span class='ocrx_word' id='word_1_697' title='bbox 390 5420 819 5503; x_wconf 54' lang='lat' dir='ltr'><strong>§§)4_rino_8_94.</strong></span> <span class='ocrx_word' id='word_1_698' title='bbox 933 5496 976 5503; x_wconf 88' lang='lat'>__</span> <span class='ocrx_word' id='word_1_699' title='bbox 1035 5420 1097 5503; x_wconf 74' lang='grc' dir='ltr'><strong> </strong></span> <span class='ocrx_word' id='word_1_700' title='bbox 1281 5496 1296 5503; x_wconf 86' lang='lat'><strong><em>_</em></strong></span> <span class='ocrx_word' id='word_1_701' title='bbox 1428 5497 1442 5503; x_wconf 29' lang='grc' dir='ltr'><strong>Α</strong></span> <span class='ocrx_word' id='word_1_702' title='bbox 1504 5498 1579 5503; x_wconf 12' lang='grc' dir='ltr'><strong>’γ</strong></span> <span class='ocrx_word' id='word_1_703' title='bbox 1663 5499 1684 5503; x_wconf 84' lang='lat'>_</span> <span class='ocrx_word' id='word_1_704' title='bbox 1890 5498 1903 5503; x_wconf 87' lang='lat'><em>_</em></span> 
     </span>
    </p>
   </div>
   <div class='ocr_carea' id='block_1_64' title="bbox 1117 5420 2684 5503">
    <p class='ocr_par' dir='ltr' id='par_1_64' title="bbox 1281 5420 2684 5503">
     <span class='ocr_line' id='line_1_68' title="bbox 1281 5420 2684 5503; baseline -0.016 0"><span class='ocrx_word' id='word_1_705' title='bbox 1281 5496 1296 5503; x_wconf 87' lang='lat'><strong>-</strong></span> <span class='ocrx_word' id='word_1_706' title='bbox 1428 5497 1442 5503; x_wconf 80' lang='grc'><em>,</em></span> <span class='ocrx_word' id='word_1_707' title='bbox 1504 5498 1517 5503; x_wconf 92' lang='lat'><strong><em>_</em></strong></span> <span class='ocrx_word' id='word_1_708' title='bbox 1574 5502 1579 5503; x_wconf 21' lang='grc' dir='ltr'>ί</span> <span class='ocrx_word' id='word_1_709' title='bbox 1663 5499 1684 5503; x_wconf 90' lang='lat'>_</span> <span class='ocrx_word' id='word_1_710' title='bbox 1890 5498 1903 5503; x_wconf 92' lang='lat'><em>_</em></span> <span class='ocrx_word' id='word_1_711' title='bbox 2042 5420 2684 5503; x_wconf 57' lang='lat' dir='ltr'><strong>profectioomittuntur.</strong></span> 
     </span>
    </p>
   </div>
   <div class='ocr_carea' id='block_1_65' title="bbox 367 5424 2844 5573">
    <p class='ocr_par' dir='ltr' id='par_1_65' title="bbox 367 5424 2844 5573">
     <span class='ocr_line' id='line_1_69' title="bbox 367 5424 2685 5562; baseline -0.006 -69"><span class='ocrx_word' id='word_1_712' title='bbox 367 5424 481 5562; x_wconf 54' lang='lat'><strong>8:)</strong></span> <span class='ocrx_word' id='word_1_713' title='bbox 510 5424 667 5478; x_wconf 79' lang='grc' dir='ltr'><strong>Αηηο</strong></span> <span class='ocrx_word' id='word_1_714' title='bbox 696 5425 819 5505; x_wconf 65' lang='grc'><strong>894-</strong></span> <span class='ocrx_word' id='word_1_715' title='bbox 932 5498 941 5509; x_wconf 36' lang='grc'><strong><em>⁸</em></strong></span> <span class='ocrx_word' id='word_1_716' title='bbox 1890 5498 1903 5511; x_wconf 83' lang='lat'><em>_</em></span> <span class='ocrx_word' id='word_1_717' title='bbox 2042 5424 2309 5523; x_wconf 48' lang='lat' dir='ltr'><strong>profectio</strong></span> <span class='ocrx_word' id='word_1_718' title='bbox 2338 5424 2685 5484; x_wconf 84' lang='lat' dir='ltr'><strong>omittuntur.</strong></span> 
     </span>
     <span class='ocr_line' id='line_1_70' title="bbox 458 5494 2844 5573; baseline -0.005 -12"><span class='ocrx_word' id='word_1_719' title='bbox 458 5495 490 5573; x_wconf 73' lang='grc'><strong>),</strong></span> <span class='ocrx_word' id='word_1_720' title='bbox 516 5494 625 5549; x_wconf 61' lang='grc' dir='ltr'><strong>νοω</strong></span> <span class='ocrx_word' id='word_1_721' title='bbox 677 5494 768 5573; x_wconf 59' lang='lat' dir='ltr'><strong>tuo</strong></span> <span class='ocrx_word' id='word_1_722' title='bbox 820 5496 1142 5573; x_wconf 54' lang='lat' dir='ltr'><strong>egczderat;</strong></span> <span class='ocrx_word' id='word_1_723' title='bbox 1165 5496 1367 5573; x_wconf 41' lang='grc' dir='ltr'><strong>-ηεοᾴεω</strong></span> <span class='ocrx_word' id='word_1_724' title='bbox 1421 5497 1622 5573; x_wconf 71' lang='lat' dir='ltr'><strong>habet:</strong></span> <span class='ocrx_word' id='word_1_725' title='bbox 1662 5499 1940 5573; x_wconf 81' lang='lat' dir='ltr'><strong>Ingenuis</strong></span> <span class='ocrx_word' id='word_1_726' title='bbox 2120 5502 2209 5572; x_wconf 91' lang='lat'><strong>(87</strong></span> <span class='ocrx_word' id='word_1_727' title='bbox 2238 5503 2258 5569; x_wconf 95' lang='lat'>)</span> <span class='ocrx_word' id='word_1_728' title='bbox 2288 5500 2442 5555; x_wconf 84' lang='lat' dir='ltr'><strong>Anno</strong></span> <span class='ocrx_word' id='word_1_729' title='bbox 2470 5497 2595 5565; x_wconf 89' lang='lat'><strong>895,</strong></span> <span class='ocrx_word' id='word_1_730' title='bbox 2632 5494 2844 5553; x_wconf 89' lang='lat' dir='ltr'><strong>Octobr.</strong></span> 
     </span>
    </p>
   </div>
   <div class='ocr_carea' id='block_1_66' title="bbox 296 5562 1940 5642">
    <p class='ocr_par' dir='ltr' id='par_1_66' title="bbox 296 5562 1940 5642">
     <span class='ocr_line' id='line_1_71' title="bbox 296 5562 1940 5642; baseline 0.006 -23"><span class='ocrx_word' id='word_1_731' title='bbox 296 5562 595 5634; x_wconf 85' lang='lat' dir='ltr'><strong>quondam</strong></span> <span class='ocrx_word' id='word_1_732' title='bbox 624 5568 811 5623; x_wconf 88' lang='lat' dir='ltr'><strong>morte</strong></span> <span class='ocrx_word' id='word_1_733' title='bbox 843 5566 1046 5639; x_wconf 87' lang='lat' dir='ltr'><strong>Marte,</strong></span> <span class='ocrx_word' id='word_1_734' title='bbox 1084 5562 1518 5642; x_wconf 82' lang='lat' dir='ltr'><strong>Vales,ingeniis</strong></span> <span class='ocrx_word' id='word_1_735' title='bbox 1545 5562 1940 5642; x_wconf 70' lang='lat' dir='ltr'><strong>quorumdam</strong></span> 
     </span>
    </p>
   </div>
  </div>
