3968 6158
378 263 533 331 1303
1648 260 1985 331 APPEND.
2004 258 2133 330 Μ)
2154 258 2367 330 ssc.
2388 260 2490 330 ’x.
3604 252 3791 332 tam

513 400 1125 476 Haudlatuissequeat
1141 402 1341 461 Gallus
1363 419 1423 460 se
1435 402 1645 469 dicere,
1665 407 1978 475 postquam
2044 402 2099 469 Α
2265 400 2412 457 Cum
2439 404 2608 458 vocat
2633 400 2731 458 hic
2778 394 2984 458 natum
3031 404 3194 459 tanto
3244 418 3348 474 pro
3395 396 3600 460 funere
3629 420 3784 459 mm-

515 492 876 565 Fluctivagas
898 491 1735 550 RbeniArnulfusremearitad
1758 492 1968 547 undas.
3382 500 3385 509 ‘
3495 496 3700 565 [stum,

374 580 479 639 130
516 581 766 654 Fugerat
795 581 889 637 hic
904 581 1448 638 Romanavafersed
1469 580 1729 637 culmina
1752 580 2011 649 tandem,
2121 579 2226 635 180
2263 579 2393 636 Haec
2425 580 2648 637 monita
2696 581 2896 637 fractis
2950 597 3228 654 promens
3284 582 3666 638 memoranda
3689 581 3792 639 lo-

513 668 833 744 Nelepidos
854 673 1126 742 caperent
1142 670 1351 744 liquid(
1358 672 1447 741 88)
1481 671 1695 726 foedata
1710 674 2011 743 tyrannos.
3415 669 3628 742 [quelis
3652 688 3668 726 :

516 758 586 815 Hi
612 762 809 816 tamen
840 758 1037 815 accitis
1067 758 1305 816 hostilia
1332 759 1579 815 crimina
1609 759 1876 831 pandunt
2153 748 2155 751 ’
2262 760 2421 825 Nate,
2452 757 2619 826 vides,
2651 774 2817 830 quam
2862 758 3002 815 dura
3045 761 3297 831 premant
3352 758 3633 831 dispendia
3676 761 3775 814 vi-

516 846 820 921 Signiferis
852 892 866 915 ,
932 847 1141 904 vexilla
1199 849 1527 920 jubentque
1592 848 1839 904 educere
1920 862 2013 901 ca-
3548 847 3702 918 [tam,

1592 936 1753 1008 [stris
1783 936 1942 1008 (88'),
2267 935 2400 1003 Quae
2424 936 2588 991 Pater
2615 936 2714 992 ille
2736 938 3022 993 hominum
3049 938 3206 992 vetiti
3242 951 3343 1008 pro
3368 937 3599 992 crimine
3624 938 3789 1008 pomi

512 1024 750 1083 Viribus
780 1042 846 1082 ac
875 1026 1013 1082 totis
1043 1043 1253 1082 causas
1285 1026 1554 1082 insistere
1583 1029 1802 1098 portas,
2265 1025 2475 1089 Intulit,
2501 1028 2552 1080 et
2582 1030 2738 1097 rupto
2766 1026 3065 1081 macularit
3094 1025 3297 1097 [cedere
3324 1041 3586 1081 massam.

374 1114 479 1172 135
513 1112 583 1170 Vi
614 1113 824 1173 saltem
857 1115 1172 1172 reserantis
1213 1115 1373 1171 adire
1404 1119 1471 1170 ut
1499 1113 1705 1170 limina
1735 1112 1947 1169 coelum
2266 1113 2370 1167 Nec
2397 1113 2547 1167 ultra
2562 1116 2766 1185 patriis
2792 1115 2992 1185 poteris
3022 1115 3256 1170 tutarier
3277 1115 3471 1181 armis,

512 1198 803 1277 Principis
832 1203 1086 1260 ecclesiae
1116 1204 1307 1272 liceat,
1342 1220 1412 1259 ne
1443 1202 1645 1258 lrivole
1676 1206 1869 1258 tantos
2129 1200 2233 1256 185
2266 1205 2515 1273 Namque
2545 1204 2697 1273 rapit
2722 1210 2927 1259 natura
2970 1201 3117 1258 diem
3156 1219 3514 1274 somnumque
3543 1202 3778 1258 reducit.

516 1292 853 1366 Propellant
882 1293 1162 1365 ﬁgmenta
1190 1293 1348 1349 viros
1378 1298 1436 1350 et
1462 1297 1597 1349 vota
1627 1292 1923 1347 retardent
2266 1290 2493 1361 Percipe
2519 1291 2684 1346 verba
2716 1294 2901 1346 tamen
2923 1293 3090 1363 positi
3113 1292 3214 1347 sub
3241 1290 3352 1360 ﬁne
3372 1294 3637 1363 parentis,

515 1382 794 1439 Praesenti
824 1382 1115 1455 promissa
1143 1381 1270 1438 loco
1299 1381 1652 1455 templisque
1682 1378 1910 1435 dicatis.
2270 1379 2337 1433 Et
2359 1380 2575 1435 ratione
2601 1381 2748 1435 vales
2777 1395 3117 1452 quacunque,
3143 1380 3440 1436 adsciscere
3466 1382 3601 1451 forti

514 1471 759 1529 Talibus
790 1471 1053 1543 imperiis
1082 1470 1304 1544 talique
1333 1471 1663 1527 hortamine
1690 1485 1895 1541 regum
2269 1467 2587 1539 Brengario.
2622 1470 2776 1524 Hunc
2803 1470 3006 1524 etenim
3034 1470 3150 1539 fato
3177 1470 3409 1524 meliore
3434 1477 3684 1541 sequetur

374 1561 481 1618 ΗΟ
520 1561 792 1619 Induvias
824 1561 1061 1634 rapiunt
1089 1561 1285 1617 cuncti
1316 1561 1587 1616 Mavertis
1617 1557 1832 1625 anheli,
2271 1556 2554 1627 Hesperia,
2585 1565 2635 1611 et
2658 1559 2858 1613 nostris
2888 1560 3059 1613 etiam
3087 1557 3466 1613 dominabitur
3493 1558 3669 1612 arvis.

514 1650 874 1707 Commissas
902 1650 1054 1706 avidi
1086 1649 1237 1705 ferro
1269 1649 1644 1722 proscindere
1674 1650 1892 1719 portas.
2132 1643 2236 1697 190
2273 1643 2387 1699 Nec
2414 1644 2585 1715 plura
2612 1646 2844 1714 effatus,
2880 1646 3073 1701 medio
3103 1662 3375 1702 sermone
3404 1645 3644 1709 resistit,

515 1740 647 1796 Jam
678 1740 819 1811 quia
838 1744 1006 1810 parta
1022 1738 1134 1793 sibi
1161 1737 1542 1810 speculantur
1563 1736 1729 1809 nigra
1750 1733 2020 1799 Quirites,
2056 1770 2100 1811 η
2272 1732 2343 1787 Et
2369 1732 2546 1789 vitam
2580 1734 2798 1806 pariter
2826 1734 3079 1790 moriens
3110 1738 3168 1789 et
3197 1734 3421 1790 famina
3444 1732 3666 1805 linquit

517 1829 785 1901 Undique
815 1826 1062 1885 dissutis
1082 1830 1346 1883 reserant
1367 1824 1767 1897 penetralibus
1788 1822 2022 1890 Urbem,
2055 1820 2101 1836 "
2286 1820 2581 1877 Lm‘tantur
2608 1822 2829 1895 populi,
2863 1822 3067 1879 mortis
3097 1822 3372 1879 cecidisse
3420 1821 3781 1888 ministrum,

515 1914 1571 1987 Admittuntqueducesvenerandaad
1586 1910 2033 1969 delubramites.
2284 1910 2355 1965 Et
2378 1910 2536 1967 curis
2565 1910 2799 1967 soliunt
2829 1911 3057 1967 animos
3085 1926 3152 1966 ac
3184 1911 3367 1967 Marte
3397 1910 3674 1967 lacertos:

387 2008 496 2065 145
531 2007 637 2064 Hic
668 2006 768 2063 ubi
798 2003 1071 2079 perfectis
1102 2005 1327 2059 nituere
1357 2003 1566 2058 altaria
1593 2002 1773 2068 votis,
2286 1998 2358 2053 Ut
2381 1999 2493 2070 (92)
2506 2015 2640 2055 cum
2672 1998 2793 2055 sole
2816 1998 2977 2055 ‘malo
2999 1998 3271 2071 tristique
3302 1999 3522 2055 rosaria
3540 1997 3781 2072 pallent,

518 2095 698 2152 Ardet
727 2093 1086 2166 inexpletum
1118 2094 1331 2148 ductor
1359 2091 1618 2165 proferre
1649 2092 1905 2146 furorem
2141 2087 2248 2143 195
2283 2087 2425 2144 Usta
2453 2091 2589 2143 noto
2613 2105 2626 2155 ;
2659 2088 2710 2144 si
2744 2086 2903 2145 clara
2932 2087 3058 2143 dies
3082 2087 3435 2160 zephyrique
3462 2085 3669 2143 refecit

521 2183 836 2240 Barbarus.
868 2181 1128 2238 Infrenes
1160 2181 1389 2237 animos
1419 2179 1503 2236 sic
1535 2180 1621 2234 ira
1651 2179 1873 2250 fatigat.
2281 2177 2439 2231 Aura
2468 2174 2689 2248 polum,
2724 2175 2875 2231 redit
2903 2175 3096 2231 omnis
3126 2174 3675 2246 bonos,emissaque
3700 2173 3786 2230 lu-

520 2271 669 2338 Quid
699 2271 892 2339 faciat,
927 2286 1043 2343 quo
1074 2287 1137 2326 se
1185 2273 1397 2338 vertat,
1424 2286 1552 2341 quae
1601 2267 1818 2324 mmnia
1858 2267 2027 2333 visat,
3561 2264 3719 2334 [cent

522 2361 762 2437 Ignorat
790 2359 1036 2417 rationis
1076 2360 1266 2433 inops.
1299 2358 1445 2415 Nam
1497 2374 1733 2415 summa
1775 2357 2028 2421 tenebat,
2281 2352 2576 2424 Germiua,
2610 2357 2667 2408 et
2695 2353 2974 2408 informes
3014 2356 3185 2409 ornat
3215 2367 3325 2408 sua
3353 2350 3538 2424 gloria
3564 2352 3781 2425 virgas.

382 2451 491 2509 150
526 2452 671 2523 Spes
696 2450 797 2506 ubi
817 2448 1109 2523 pestiferis
1140 2448 1398 2505 restabat
1426 2450 1661 2520 postera
1692 2446 1897 2502 Gallis.
2354 2445 2496 2497 Pars
2525 2456 2760 2514 quoque
2788 2457 3004 2515 magna
3052 2440 3244 2496 virum
3293 2444 3630 2512 properant,
3658 2439 3784 2494 Wi-

518 2541 593 2597 At
621 2540 825 2595 ductor
854 2538 1001 2594 Latii
1035 2537 1261 2594 socium
1292 2536 1419 2593 sine
1451 2552 1612 2591 more
1640 2540 1956 2609 tyrannum
3255 2530 3428 2601 [done
3458 2528 3714 2601 sepulto,

522 2628 600 2685 Ut
626 2628 783 2683 videt
808 2626 1102 2700 ingruere,
1160 2624 1350 2698 placid
1417 2625 1502 2681 sic
1558 2627 1789 2696 pectore
1817 2624 2025 2695 coepit:
2278 2620 2522 2676 Orantes
2551 2618 2782 2675 veniam
2814 2617 2961 2674 Latii
2990 2617 3247 2673 ductoris
3278 2617 3351 2674 ad
3383 2616 3600 2673 aulam.

524 2717 739 2783 Desine,
771 2730 872 2770 rex
898 2712 1244 2779 venerande;
1271 2716 1404 2769 satis
1431 2714 1629 2769 virtute
1653 2719 1953 2785 peractum,
2045 2779 2050 2784 ,
2134 2709 2242 2763 200
2278 2708 2428 2764 Dum
2454 2708 2708 2764 Widone
2737 2712 2954 2775 satum,
2988 2705 3244 2763 invalido
3273 2704 3588 2762 comitante
3609 2705 3784 2761 mini-

524 2801 629 2854 Nec
656 2795 803 2851 decet
828 2795 1061 2850 ulterius
1087 2794 1255 2849 socios
1282 2792 1539 2849 deducere
1576 2792 1810 2847 Rhenos.
3396 2796 3548 2866 [stre
3572 2794 3713 2865 (93),

388 2884 491 2941 155
526 2884 667 2941 Nam
692 2884 745 2938 si
771 2880 963 2937 itidem
1000 2881 1148 2937 Wido
1176 2883 1334 2936 victis
1362 2896 1511 2952 spem
1556 2882 1712 2953 ponit
1742 2882 1801 2935 in
1832 2885 2025 2945 armis,
2277 2883 2809 2956 Deﬁciunt,duplici
2843 2883 3096 2939 nimium
3125 2880 3463 2938 discrimine
3487 2886 3779 2949 maestum,

516 2972 783 3029 Adveniat
822 2970 1084 3037 tumidus,
1133 2970 1327 3026 dextra
1357 2970 1477 3037 hac,
1533 2971 1670 3035 sine,
1724 2985 1885 3041 posco
1938 2970 2028 3026 do-
2278 2974 2460 3029 Morte
2489 2972 2672 3045 patris
2702 2972 2879 3028 simul
2910 2988 2978 3027 ac
3007 2971 3164 3028 notis
3193 2968 3557 3027 abeuntibus.
3577 2970 3783 3026 armis.

1643 3059 1915 3129 [mandus.
2074 3131 2083 3133 Α
2276 3063 2349 3116 At
2378 3061 2637 3117 recolens
2666 3064 2955 3133 praecepta
2982 3060 3356 3133 patris,jubet
3383 3059 3465 3114 ire
3496 3058 3781 3123 sodalem,

525 3150 591 3206 Te
616 3149 932 3206 dominante
959 3149 1096 3203 viris
1122 3148 1345 3219 antiquo
1372 3148 1577 3218 [aedere
1595 3148 1826 3219 junctis.
2056 3131 2101 3200 C
2279 3149 2387 3215 Qui
2408 3165 2610 3222 pacem
2638 3131 2798 3222 petat
2827 3131 2892 3205 ac
2922 3131 3121 3223 regem
3152 3131 3510 3205 summissus
3541 3148 3742 3203 adoret
3768 3166 3781 3204 :

522 3238 723 3295 Mitior
749 3237 846 3294 hic
874 3236 1068 3305 dictis,
1103 3236 1345 3309 patitur,
1379 3237 1657 3308 repedare
1683 3235 1943 3293 volentes
2134 3239 2242 3294 205
2276 3238 2358 3294 Ne
2387 3255 2612 3294 memor
2640 3254 2769 3295 esse
2798 3238 2935 3295 velit
2976 3237 3256 3310 genitoris
3306 3236 3457 3293 bella
3503 3235 3786 3309 gerentis,

524 3325 867 3384 Barbaricos
898 3340 1166 3399 proceres
1203 3325 1430 3381 diverso
1486 3325 1559 3380 ab
1608 3324 1796 3380 limite
1825 3325 2024 3395 lectos,
2278 3327 2390 3383 Sed
2422 3326 2579 3399 legat
2598 3327 2667 3381 in
2698 3342 2948 3400 regnum
2988 3325 3192 3382 sociali
3232 3325 3453 3381 {cedere
3500 3322 3786 3392 amicum,

393 3416 494 3471 160
529 3413 831 3472 Germanae
860 3414 1134 3489 princeps
1165 3412 1517 3469 metuendus
1537 3416 1593 3467 et
1612 3411 1829 3467 arbiter
1855 3411 2022 3468 aulae.
2173 3433 2182 3439 ·
2278 3413 2611 3487 Μίὶὶιίωῳιθ
2640 3415 2813 3470 etiam
2839 3415 3066 3470 Mavors
3096 3414 3146 3470 si
3179 3413 3414 3486 quando
3447 3411 3784 3467 ministrum

598 3502 708 3557 Vix
735 3501 1002 3574 proprios
1028 3501 1220 3573 tetigit
1246 3501 1393 3556 fines
1424 3515 1522 3555 rex
1560 3499 1657 3555 ille
1696 3500 1983 3555 verendus
2008 3517 2021 3555 :
2284 3503 2442 3559 Bella
2470 3503 2600 3560 ciet.
2633 3504 2762 3559 Dux
2790 3504 3011 3558 interea
3037 3501 3388 3558 venerabilis
3417 3517 3537 3557 aevo

528 3589 834 3662 Legirupis
863 3605 935 3644 en
967 3588 1134 3643 Wido
1164 3588 1277 3659 (89)
1305 3588 1465 3643 tubis
1500 3587 1752 3643 rediviva
1781 3588 2028 3644 resumit
2276 3592 2410 3647 Fert
2440 3591 2671 3663 pietatis
2702 3608 2872 3664 opem
2897 3590 3265 3647 venientibus
3295 3589 3446 3645 ultro
3477 3588 3780 3661 maniplis,

521 3674 936 3749 Agmina,item
957 3675 1164 3731 vetitos
1184 3675 1426 3746 cupiens
1439 3674 2021 3748 pervaderccampos.
2132 3679 2240 3735 2l0
2275 3680 2390 3736 Nec
2420 3678 2616 3737 Gallos
2647 3680 2845 3746 abicit,
2880 3696 2986 3735 nec
3015 3679 3265 3735 crimina
3304 3678 3468 3751 ponit
3496 3672 3782 3745 Etruscis,

496 3764 731 3821 'Saevior
755 3763 884 3836 ipse
912 3764 1090 3819 etiam
1121 3763 1285 3836 regni
1314 3766 1478 3835 pater
1511 3763 1777 3819 hostibus
1808 3780 1973 3820 arma
2268 3767 2577 3824 Praetendit
2605 3767 2774 3823 solito
2802 3783 3006 3823 verum
3037 3767 3136 3840 pia
3166 3766 3391 3822 viscera
3420 3765 3671 3821 cunctis.

374 3854 481 3910 165
516 3851 771 3921 Molitur,
805 3855 1000 3907 tantos
1033 3850 1236 3907 avidus
1266 3851 1377 3923 (90)
1410 3850 1577 3907 finire
1606 3851 1856 3908 labores.
2274 3855 2532 3912 Nuntius
2563 3856 2621 3911 in
2655 3854 2844 3913 medio
2874 3857 3112 3912 demum
3146 3859 3211 3910 ut
3240 3852 3644 3910 Lamberticus
3674 3854 3785 3909 ad-

507 3946 733 3998 lnterea
761 3958 889 3998 sors
922 3943 1035 4015 (91)
1063 3940 1213 3997 lecta
1249 3941 1372 4008 Dei,
1405 3942 1767 3997 circumdata
1814 3942 2019 4010 saccis,
3546 3945 3706 4011 [stat,

515 4033 664 4087 Vota
694 4029 851 4098 facit,
883 4030 1109 4086 vultum
1140 4029 1400 4085 lacrimis
1432 4030 1640 4085 altaria
1670 4030 1890 4086 circum
2271 4033 2342 4087 Et
2369 4048 2497 4104 quas
2527 4031 2605 4088 sit
2635 4032 2869 4087 fortuna
2895 4032 3017 4088 viro
3048 4030 3325 4103 pacisque
3366 4020 3636 4085 voluntas

518 4118 771 4187 Sutfusa,
804 4117 911 4174 bas
943 4118 1061 4173 imo
1092 4118 1376 4174 referebat
1409 4121 1635 4190 pectore
1664 4135 1867 4175 voces:
2269 4121 2501 4187 Edocet,
2534 4120 2661 4192 ipse
2689 4124 2856 4193 pater
2886 4120 3045 4176 mitis
3076 4120 3160 4175 sic
3191 4123 3423 4192 pectore
3453 4115 3646 4174 reddit
3673 4135 3688 4173 :

409 4220 412 4227 ‘
521 4206 560 4263 0
590 4223 778 4263 rerum
806 4208 1043 4275 genitor,
1072 4208 1279 4261 cunctis
1307 4206 1593 4262 metuenda
1616 4211 1865 4277 potestas.
2126 4209 2233 4263 215
2270 4210 2446 4279 Αζᾳιια
2475 4209 2680 4278 referre
2708 4210 2875 4265 malis
2902 4210 3143 4265 nimium
3172 4220 3330 4263 sacra
3349 4207 3483 4277 jura
3503 4211 3778 4262 recusant.

379 4295 489 4350 170
520 4294 755 4365 Imperio
784 4296 881 4365 qui
909 4295 1052 4349 bella
1080 4296 1223 4365 regis
1246 4310 1539 4366 pacemque
1562 4297 1813 4364 perenni,
2268 4300 2515 4369 Namque
2532 4296 2649 4368 poli
2666 4297 3000 4366 sensum(9l)
3022 4296 3318 4351 demissum
3333 4295 3608 4350 traximus
3629 4311 3775 4362 arce,

517 4382 598 4436 Da
625 4384 803 4436 tantos
830 4396 1037 4437 cessare
1060 4380 1208 4436 dolos
1230 4399 1248 4434 :
1281 4380 1352 4435 da
1377 4383 1630 4436 criminis
1653 4385 1843 4437 auctor
2270 4384 2438 4446 Cuius
2466 4388 2621 4456 egent
2642 4400 2824 4456 prona
2850 4392 2901 4439 et
2929 4387 3136 4439 terram
3162 4384 3486 4454 spectantia.
3518 4381 3710 4437 Mundi

525 4468 700 4525 Veloci
724 4471 909 4557 pereat
939 4469 1042 4523 leto
1069 4485 1088 4557 ,ξ
1116 4468 1187 4523 da
1214 4476 1453 4539 tempora
1481 4473 1664 4525 nostro
2047 4493 2095 4557 Β
2267 4474 2551 4545 Principio
2580 4473 2814 4528 indulsit
2840 4473 3146 4528 communis
3174 4470 3417 4526 conditor
3436 4464 3564 4525 illis

514 4558 702 4628 Longa
729 4554 876 4621 duci,
906 4556 1120 4628 quando
1149 4559 1368 4627 gemina
1412 4559 1521 4628 fert
1550 4558 1710 4615 laude
1736 4575 2012 4626 coronam,
2047 4554 2083 4557 _
2267 4562 2497 4617 Tantum
2520 4564 2792 4630 animam,
2822 4561 2981 4617 nobis
3027 4560 3282 4615 animum
3318 4573 3530 4631 quoque
3556 4564 3778 4613 mutuus

384 4682 389 4689 -
520 4645 749 4703 Virtutis
779 4646 992 4711 merito,
1024 4647 1074 4699 et
1103 4648 1319 4714 generis
1359 4646 1503 4718 quod
1530 4654 1809 4703 stemmate
1827 4650 2015 4720 pollet.
3495 4647 3579 4717 [ut
3607 4662 3705 4702 nos

376 4733 715 4791 175‘Audiit
743 4733 858 4789 ista
888 4737 1063 4800 sator,
1086 4736 1273 4789 totum
1306 4734 1405 4806 qui
1435 4739 1635 4791 curvat
1663 4732 1973 4809 Olympum
2002 4756 2017 4805 ;
2126 4737 2235 4791 220
2269 4736 2505 4808 Affectus
2529 4741 2711 4809 petere
2737 4738 3022 4793 auxilium
3048 4739 3102 4793 et
3125 4738 3397 4808 prestare
3413 4734 3654 4806 juberet.

510 4820 720 4879 Mortis
752 4821 956 4877 adesse
987 4821 1139 4877 diem
1172 4822 1325 4895 cogit
1373 4823 1495 4878 fera
1550 4823 1705 4879 bella
1748 4825 2020 4895 moventi,
2270 4826 2376 4880 Nec
2395 4825 2606 4895 genitus
2635 4828 2911 4897 gignentis
2939 4824 3098 4881 habet
3120 4840 3224 4897 pro
3279 4823 3513 4880 crimine
3549 4838 3772 4890 noxam,

517 4910 615 4968 Sic
645 4914 843 4966 tamen
877 4912 940 4965 ut
970 4909 1203 4983 proprio
1241 4916 1555 4982 componat
1594 4911 1821 4967 lumina
1850 4912 2018 4969 lecto.
2273 4912 2516 4969 Veridico
2545 4915 2741 4969 cecinit
2768 4914 3043 4985 quondam
3070 4913 3220 4968 velut
3248 4926 3341 4967 ore
3365 4910 3631 4982 propheta

520 4997 737 5056 Ultima
759 4998 860 5054 lux
889 4998 1087 5065 instat,
1119 5015 1225 5056 nec
1245 4999 1372 5071 jam
1402 5015 1537 5071 spes
1571 4999 1691 5056 ulla
1718 5000 1853 5056 diei.
3115 4999 3133 5073 ί
3165 4998 3391 5071 (Ezecb.
3422 4998 3703 5070 xvm,20).

400 5174 636 5386 £8821.
668 5190 742 5239 e.,
773 5173 990 5245 inquit,
1013 5204 1082 5215 ——
1113 5173 1403 5247 siquidem
1436 5176 1609 5232 Vales.
1902 5192 1907 5195 '

469 5247 538 5300 88
568 5245 585 5315 )
616 5246 770 5300 Anno
796 5245 920 5299 896.

404 5332 407 5337 ‘
466 5316 562 5385 89)
602 5315 750 5371 Wido
770 5317 891 5386 jam
945 5322 1075 5386 ante
1117 5317 1363 5386 primum
1412 5316 1631 5386 Amulli
1687 5317 1928 5374 reditum
1956 5335 1967 5374 1

2206 5176 2309 5303 i592)
2342 5178 2395 5233 ν.
2457 5178 2695 5235 194-197
2757 5194 2828 5234 ea:
2892 5177 3056 5233 Statii
3124 5177 3280 5234 Theb.
3350 5175 3458 5245 VII,
3515 5191 3570 5230 υ.
3637 5177 3773 5233 223-

2206 5288 2413 5386 ζ93)8σ.
2454 5319 2730 5376 Lamberti
2784 5326 2961 5375 matre
3015 5318 3330 5386 Ageltruda,
3387 5315 3498 5386 ﬁlii
3551 5319 3770 5375 tutrice.

660 5260 770 5300 ηηο
796 5260 920 5299 890.
2124 5260 2252 5303 226.

334 5348 341 5357 ρ
394 5332 415 5390 AL
448 5315 562 5386 (89)
602 5315 750 5390 Wido
770 5317 1077 5390 jamAante
1106 5317 1363 5390 primum
1412 5316 1631 5387 Amulli
1687 5317 1928 5374 reditum
1956 5320 2017 5374 in
2126 5388 2172 5390 μ
2196 5318 2413 5390 (A93)Sc.
2454 5319 2730 5376 Lamberti
2784 5326 2961 5375 matre
3015 5318 3330 5388 Ageltruda,
3387 5315 3498 5386 ﬁlii
3551 5319 3770 5375 tutrice.

380 5385 748 5452 Germaniam,
772 5385 834 5442 ‘a.
865 5386 990 5452 894,
1026 5385 1247 5442 obierat.
1591 5385 1598 5387 “
2123 5385 2314 5445 Vales.
3062 5385 3077 5388 ⁷
3154 5448 3157 5453 ,

470 5455 564 5592 90)
592 5457 805 5513 Avidos
832 5471 975 5512 corr.
1007 5456 1214 5514 avidus
1239 5473 1288 5512 c.

471 5524 533 5577 91
592 5524 634 5577 ι.
666 5540 738 5592 e.,
770 5525 978 5583 clerus.

2203 5459 2588 5586 Efﬁgensum
2637 5478 2785 5516 -—v.
2844 5461 2951 5516 220
2988 5476 3057 5516 ea:
3111 5460 3358 5518 Juvenal.
3415 5458 3529 5515 Sat.
3594 5459 3684 5528 15,
3719 5476 3770 5516 υ.

471 5524 564 5592 91)
592 5524 634 5577 ι.
666 5540 738 5595 e.,
770 5525 978 5583 clerus.

819 5543 978 5583 erus.
2122 5527 2147 5586 1
2158 5524 2386 5586 464150.
