3968 6158
164 344 319 412 1308
992 336 1355 403 ANONYMI
1398 328 1797 398 PANEGYR.
1843 328 2183 394 BEBENG.
2225 327 2389 391 IMP.
2435 327 2583 392 LIB.
2625 327 2734 394 IV.
3407 330 3564 392 i306

306 480 644 553 Quapropter
670 478 872 544 veniat,
904 471 1368 531 noster-dicendus
1396 471 1606 526 amicus
1837 470 1894 533 Α
1918 465 2027 520 260
2064 462 2285 519 Bucina
2310 463 2477 518 triste
2506 478 2722 553 canens
2750 463 3075 537 disjunctos
3117 481 3305 539 usque
3332 464 3565 522 sodales

304 551 680 632 Hae—ratione,
713 567 820 639 ﬁde
841 565 1004 621 violet
1031 579 1100 619 ne
1119 562 1256 635 jura
1282 562 1585 633 protervus,
2061 556 2364 619 Convocat,
2398 567 2465 607 ac
2491 551 2712 607 domini
2739 553 2920 610 letum
2947 554 3182 611 crudele
3213 554 3489 629 resignat.

166 660 272 716 225
307 660 372 715 In
403 656 509 714 levi
537 658 823 713 cumulans
850 654 1113 726 genitoris
1142 653 1352 723 pectore
1382 649 1651 705 technam.
2066 641 2183 696 Hoc
2215 639 2409 695 sonitu
2444 656 2651 695 nemus
2673 657 2842 697 omne
2862 643 3078 712 tremit,
3105 643 3455 717 fugiuntque
3475 661 3568 701 vo-

308 746 409 803 Sin
433 751 576 803 tenet
605 746 701 801 ille
723 745 927 800 donum
948 742 1190 815 juvenili
1216 746 1397 794 mente
1424 744 1742 806 resumtum,
3283 732 3496 796 [lucrcs

310 835 546 905 Colligat
573 850 731 889 arma
759 834 882 899 cito,
912 833 1171 903 patrique
1196 828 1520 884 simillimus
1548 826 1695 881 ultro
2067 817 2287 890 Elapsze
2318 818 2547 890 pennis,
2572 835 2958 892 possessaque
2986 818 3172 876 lustra
3202 822 3481 895 relinquit

310 927 579 981 Exercens
606 922 871 989 studium,
903 922 1050 993 faxit
1075 934 1175 991 per
1206 918 1349 972 bella
1374 916 1661 988 periclum.
2068 907 2251 964 Omne
2281 924 2481 980 pecus.
2513 909 2697 964 Tanto
2737 908 2932 964 sonitu
2975 908 3334 981 glomeratur
3360 912 3568 967 utrim-

311 1011 565 1084 Peroipit
594 1011 715 1066 haec
742 1009 950 1066 hilaris
980 1011 1292 1080 postquam
1321 1003 1600 1077 juvenilis
1630 1002 1816 1058 alum-
3366 1009 3501 1073 [qua

1602 1093 1760 1164 [nus,
1923 1086 2033 1141 265
2072 1089 2239 1142 Lecta
2259 1102 2469 1142 manus
2495 1085 2797 1154 comitum,
2825 1086 3091 1160 disrupto
3114 1091 3169 1143 et
3189 1091 3424 1161 gutture
3446 1105 3571 1143 mu-

154 1191 281 1246 ‘230
318 1188 592 1256 Procidit,
625 1192 684 1244 et
714 1185 963 1259 supplex
990 1185 1134 1257 regi,
1165 1187 1475 1240 veneratur
1503 1190 1782 1248 amorem,
3353 1178 3499 1243 [tum

315 1280 439 1346 Quo
468 1277 666 1345 tellus,
699 1275 943 1348 pelagus
975 1276 1210 1330 servant
1247 1278 1423 1344 atque
1465 1275 1626 1327 astra
1654 1275 1821 1326 teno-
2073 1263 2394 1320 Flebilibus
2416 1265 2691 1335 juvenem
2721 1266 2937 1321 vocitat
2965 1265 3340 1323 clamoribus.
3377 1266 3476 1323 Ille

1582 1361 1748 1430 [rem,
2073 1352 2291 1407 Nititur
2318 1353 2520 1409 infelix
2549 1354 2762 1410 fractas
2794 1355 3048 1427 proferre
3078 1355 3368 1428 loquelas;

318 1455 400 1512 Ne
430 1457 646 1527 pontus
674 1451 915 1524 liquidis
947 1466 1150 1507 arvum
1180 1450 1478 1506 subvertat
1502 1448 1753 1504 habenis
2074 1442 2338 1497 Succidit
2367 1442 2425 1498 in
2455 1443 2664 1499 mediis
2694 1445 2966 1516 equidem
2995 1446 3302 1501 conatibus
3332 1462 3501 1519 aeger,

317 1546 436 1599 Aut
461 1543 651 1615 ignita
678 1540 797 1613 poli
829 1543 1171 1612 mergantur
1200 1538 1393 1594 sidera
1421 1536 1697 1610 lymphis.
2078 1530 2332 1588 Ulterius
2362 1547 2464 1587 nec
2512 1532 2713 1605 lingua
2759 1533 2928 1602 valet,
2963 1550 3068 1590 nec
3096 1537 3271 1591 verba
3319 1551 3577 1607 sequun-

318 1632 469 1687 Binc
500 1645 790 1699 remeans,
813 1628 1017 1701 juveni
1047 1627 1230 1683 defert
1258 1643 1365 1682 sua
1392 1626 1600 1681 nuntia
1626 1624 1764 1691 voti,
3222 1630 3342 1699 [tur
3371 1624 3505 1697 (97).

175 1720 288 1777 235
313 1719 539 1776 ὀι-αίηθ
577 1721 787 1774 cuncta
834 1733 1102 1772 monens,
1134 1714 1393 1772 Tandem
1425 1731 1522 1769 rex
1567 1713 1827 1786 optimus
1934 1706 2044 1763 270
2081 1708 2242 1763 Haud
2278 1710 2389 1779 (98)
2412 1726 2619 1782 segnes
2641 1711 2780 1767 socii
2808 1716 2997 1768 crates
3022 1715 3079 1769 et
3103 1711 3279 1769 molle
3304 1714 3579 1769 feretrum

1559 1804 1758 1874 [atque
1857 1833 1906 1898 Β
2075 1798 2348 1854 Arbuteis
2378 1802 2581 1855 texunt
2608 1800 2786 1873 virgis
2817 1818 2883 1856 ac
2912 1801 3129 1857 vimine
3160 1818 3402 1873 querno,

322 1897 673 1954 Lambertus
703 1896 1034 1966 properant,
1062 1892 1163 1947 ubi
1196 1890 1402 1947 fertilis
1433 1891 1593 1946 unda
1618 1890 1825 1946 Ticini.
1859 1887 1904 1898 "
2081 1887 2531 1960 Exstructosque
2550 1892 2706 1944 toros
2723 1890 2963 1946 obtentu
2982 1890 3580 1947 frondisinumbrant.

323 1983 505 2041 Alluit
533 1983 827 2057 egregiam
861 1980 1019 2036 ﬂuvii
1050 1979 1396 2051 cognomine
1427 1979 1642 2035 dictam
2084 1975 2184 2031 Hic
2207 1977 2487 2047 juvenem
2514 1978 2728 2049 agresti
2751 1977 3065 2035 sublimem
3098 1979 3157 2034 in
3180 1980 3462 2036 stramine
3491 1997 3587 2053 po-

324 2068 563 2142 Urbem,
596 2073 657 2127 in
689 2088 807 2143 qua
834 2069 990 2127 soliti
1018 2083 1215 2141 regem
1245 2072 1507 2140 spectare
1538 2067 1749 2139 Latini,
3321 2072 3511 2141 [nunt.

320 2161 528 2219 Mutua
553 2160 731 2217 verba
760 2162 983 2227 serunt,
1015 2161 1325 2230 postquam
1356 2156 1644 2229 promittit
1672 2162 1829 2213 uter-
2085 2153 2326 2220 Qualem
2358 2154 2617 2227 virgineo
2649 2156 2984 2214 demessum
3015 2157 3221 2230 pollice
3253 2159 3455 2215 ﬂorem

1626 2247 1763 2318 [que
1940 2243 2051 2297 275
2088 2244 2199 2298 Seu
2235 2242 2428 2298 mollis
2456 2243 2619 2299 viola:
2648 2261 2748 2301 seu
2780 2244 3115 2318 languentis
3147 2246 3466 2319 hyacinthi,

183 2340 296 2396 240'
328 2339 673 2396 ManSurum
720 2337 929 2403 fcedus,
961 2334 1146 2392 roseis
1193 2334 1335 2390 dum
1382 2339 1546 2390 vecta
1591 2334 1834 2407 quadri-
2086 2330 2186 2387 Cui
2221 2348 2409 2403 neque
2441 2331 2632 2404 fulgor
2656 2333 2846 2389 adhuc
2877 2335 3129 2391 necdum
3157 2352 3265 2392 sua
3294 2336 3480 2391 forma
3510 2352 3593 2392 re-

1501 2423 1614 2497 [εἰει
1649 2424 1763 2496 (95)

3301 2424 3514 2493 [cessit

330 2515 633 2573 Fluctibus
663 2514 873 2570 Oceani
907 2512 1281 2586 perfunditur
1318 2512 1510 2569 orbita
1538 2512 1762 2578 Phoebi,
2088 2509 2212 2565 Non
2236 2510 2363 2581 jam
2396 2514 2584 2567 mater
2613 2510 2718 2567 alit
2746 2511 2921 2568 tellus
2948 2512 3217 2585 viresque
3245 2513 3563 2570 ministrat.

328 2607 445 2662 Aut
472 2603 647 2660 tellus
672 2603 919 2659 immota
947 2606 1164 2671 manet,
1196 2619 1302 2658 nec
1340 2602 1595 2669 pondere
1626 2601 1798 2668 cedit,
2086 2598 2325 2655 Talibus
2359 2603 2663 2672 expostum
2691 2601 2903 2657 studiis
2929 2602 3001 2657 ad
3026 2602 3246 2674 templa
3276 2606 3590 2675 reportant,

310 2693 600 2765 Undique
630 2691 837 2766 pulcra
876 2695 1047 2748 tuens
1088 2695 1408 2747 vertentem
1441 2691 1634 2747 sidera
1664 2708 1835 2746 mun-
2097 2690 2167 2746 Ut
2197 2689 2453 2744 condant
2480 2689 2658 2761 digno
2693 2689 2974 2761 juvenilia
3009 2692 3275 2747 membra
3303 2691 3591 2764 sepulcro.

1580 2781 1764 2848 [dum,
1944 2779 2053 2833 280
2092 2777 2195 2833 Hic
2224 2777 2325 2833 ubi
2355 2778 2614 2834 ductoris
2646 2778 2889 2851 replevit
2915 2779 3162 2835 nuntius
3187 2779 3347 2836 auris

329 2872 388 2926 Si
418 2874 505 2927 tot
530 2869 652 2926 vita
679 2869 870 2924 virum
902 2874 1100 2941 posset
1129 2869 1341 2925 durare
1372 2884 1476 2942 per
1505 2885 1710 2924 annos.
2092 2867 2414 2940 Brengarii,
2444 2866 2692 2924 Widone
2723 2871 2917 2924 satum
2950 2868 3230 2925 cecidisse
3259 2874 3523 2926 coactum

186 2961 298 3018 245
334 2960 379 3017 Ο
401 2957 674 3031 juvenalc
703 2958 905 3024 decus,
925 2958 983 3014 'si
1011 2974 1179 3014 mens
1209 2974 1325 3014 non
1357 2958 1499 3013 laeva
1527 2958 1765 3014 luisset!
2090 2956 2431 3029 Cornipedis
2461 2960 2643 3029 tergo,
2676 2956 2855 3013 trahit
2883 2958 2990 3013 has
3021 2959 3092 3015 de
3121 2964 3350 3030 pectore
3374 2975 3545 3015 voces
3574 2976 3592 3015 ‘.

326 3049 497 3121 Saepe
527 3048 695 3103 datas
724 3045 900 3103 volvit
929 3047 1089 3118 pacis
1118 3046 1450 3103 rescindere
1481 3047 1712 3103 dextras
2094 3051 2215 3101 Heu
2240 3048 2435 3101 mortis
2461 3047 2751 3102 metuenda
2785 3049 2917 3114 lues,
2940 3062 3064 3118 quae
3091 3047 3341 3102 dulcibus
3362 3051 3527 3104 annis

327 3136 661 3193 Fraudibus
691 3135 963 3191 inventis.
992 3135 1102 3191 Sed
1129 3135 1285 3190 enim
1319 3134 1544 3190 ratione
1574 3135 1769 3208 sagaci
1877 3195 1913 3208 Α
2093 3135 2377 3203 Inseritur,
2408 3137 2693 3208 tristesque
2719 3140 2880 3207 negat
2908 3151 3223 3206 componere
3250 3136 3386 3191 soles
3404 3141 3422 3190 !

300 3216 679 3298 ‘iDeprendis,
702 3227 874 3295 pater
898 3222 1056 3278 alme
1085 3223 1215 3295 (96),
1247 3222 1413 3279 dolos
1445 3239 1511 3279 ac
1537 3195 1842 3279 murmura
1871 3195 1916 3262 θ
1952 3224 2060 3279 285
2095 3224 2325 3295 Dignior
2352 3195 2441 3279 aio
2467 3195 2710 3294 genitore
2735 3195 2896 3295 foret,
2927 3195 3295 3295 conipluribus
3327 3224 3422 3279 ille

1513 3312 1767 3383 [temnis.
2098 3313 2307 3368 νέατθηί
2335 3329 2399 3368 ac
2421 3314 2642 3369 Latium
2671 3314 2916 3384 quamvis
2943 3312 3243 3367 turbaverit
3270 3313 3455 3368 annis.

366 3401 604 3461 *Tertia
643 3417 780 3457 mox
825 3403 1024 3456 tamen
1070 3401 1230 3457 hunc
1281 3401 1443 3457 Latio
1492 3402 1846 3473 produxerat
2098 3400 2365 3473 Undique
2405 3405 2529 3457 tota
2558 3401 2767 3457 cohors
2805 3401 2967 3474 regni
2999 3400 3294 3456 concurrit
3324 3400 3385 3456 in
3415 3417 3600 3457 unum

1408 3492 1599 3562 [aestas
1630 3492 1767 3564 (96')
2094 3490 2431 3547 Vociferans
2460 3507 2474 3546 :
2508 3492 2604 3546 Pie
2633 3507 2755 3558 rex,
2784 3492 2960 3546 nostri
2984 3492 3240 3546 miserere
3269 3491 3492 3556 laboris,
3572 3482 3579 3483 ⁷

172 3580 304 3637 ’250
340 3580 527 3637 Ubere
554 3577 781 3635 telluris
813 3577 1139 3650 patientem
1159 3594 1299 3650 pace
1325 3583 1628 3651 sequestra
1662 3598 1676 3635 :
1784 3602 1789 3608 -
2094 3579 2171 3634 Ne
2195 3580 2429 3650 geminis
2453 3579 2683 3651 posthac
2704 3595 2964 3651 coyamur
2984 3578 3166 3635 adesse
3195 3581 3470 3651 tyrannis,

334 3669 483 3725 Ecce
514 3667 639 3724 dies
670 3668 852 3723 instat
875 3666 1240 3738 juvenilibus
1269 3666 1481 3722 aemula
1511 3668 1698 3735 factis,
1805 3682 1808 3684 ‘
1952 3668 2060 3722 290
2099 3669 2231 3723 Cum
2255 3669 2400 3724 solus
2423 3669 2641 3740 placeas
2668 3669 2828 3724 rebus
2851 3684 3126 3738 superesse
3152 3669 3385 3723 Latinis.

308 3748 311 3753 ’
338 3756 540 3814 Mortis
570 3757 780 3812 acerba
809 3756 1020 3812 ferens.
1041 3756 1245 3811 Studio
1268 3756 1392 3826 jam
1420 3756 1580 3811 vadit
1609 3757 1668 3812 in
1696 3756 1844 3814 altos
2096 3757 2170 3813 Ut
2200 3757 2412 3812 thbo
2444 3753 2627 3813 roseis
2659 3773 2863 3812 arvum
2896 3755 3127 3812 laxante
3158 3756 3461 3829 quadrigis

333 3842 599 3899 Venandi
630 3841 814 3909 lucos,
848 3842 1090 3914 cupiens
1122 3842 1231 3898 sibi
1265 3842 1484 3899 mittier
1513 3861 1742 3915 aprum,
2093 3846 2239 3908 Vere
2258 3846 2695 3918 novo,gaudent
2711 3846 2962 3917 pecudes
2984 3845 3241 3916 fastuque
3263 3849 3599 3917 gravantur,

334 3932 651 3988 Informem
681 3936 784 3987 aut
821 3930 1043 4003 rapidis
1086 3946 1387 3988 occurrere
1438 3933 1697 3989 motibus
1748 3952 1841 3989 ur-
2094 3937 2320 3988 Humor
2350 3933 2516 3988 adest
2546 3931 2743 3987 herbis
2774 3949 2840 3987 ac
2867 3931 3046 3987 vastis
3079 3932 3305 3987 semina
3336 3931 3534 3998 sulcis,

495 4095 499 4099 Α
1578 4024 1753 4094 [sum.
2094 4022 2308 4077 Gratus
2341 4038 2439 4076 aer
2476 4021 2705 4092 pennis,
2738 4036 3051 4091 aequorque
3094 4020 3341 4075 meabile
3374 4021 3597 4089 nautis;

135 4112 143 4116 ’
176 4109 305 4167 255
324 4110 484 4166 'Avia
515 4109 616 4165 sed
648 4112 961 4181 postquam
997 4110 1179 4165 nimio
1211 4109 1465 4167 clamore
1494 4111 1741 4183 fatigant
1953 4112 2060 4167 295
2096 4113 2318 4167 Cuncta
2346 4109 2559 4177 nitent;
2585 4109 2845 4181 succedit
2875 4109 3030 4164 enim
3057 4112 3267 4164 natura
3296 4110 3563 4177 creatrix,

338 4197 672 4269 Praecipites
703 4195 865 4265 socii,
894 4196 1018 4268 ipse
1049 4215 1165 4253 uno
1196 4200 1509 4256 comitante
1540 4200 1810 4256 ministro
2098 4201 2164 4255 Et
2196 4199 2369 4254 rebus
2401 4198 2666 4270 preprias
2698 4202 2854 4253 certo
2884 4198 2984 4252 dat
3009 4201 3270 4269 tempore
3300 4198 3516 4253 formas
3550 4216 3563 4254 :

306 4304 311 4313 ’
338 4285 492 4342 Dum
512 4283 807 4342 "sternacis
832 4284 973 4356 equi
1013 4285 1233 4341 foderet
1271 4286 1596 4344 calcaribus
1626 4306 1840 4357 armos,
2097 4288 2261 4344 Haud
2296 4302 2464 4343 secus
2497 4286 2670 4341 ltalize
2702 4286 2879 4358 gestit
2909 4286 3020 4341 sub
3052 4285 3310 4357 principe
3341 4285 3535 4353 tellus,

343 4372 670 4446 Implicitus
699 4370 905 4428 cecidit
934 4371 1172 4427 sibimet
1200 4374 1311 4429 sub
1343 4379 1574 4446 pectore
1605 4377 1842 4443 collum,
2097 4377 2429 4449 Impacatus
2460 4375 2558 4431 ubi
2592 4375 2663 4431 ab
2689 4374 2918 4447 superis
2949 4391 3081 4430 cum
3117 4374 3276 4447 prole
3305 4374 3543 4431 recessit

339 4461 712 4533 Abrumpens
740 4464 1002 4515 teneram
1033 4459 1236 4516 colliso
1262 4466 1495 4534 gutture
1525 4463 1723 4531 vitam,
1876 4454 1922 4518 D
2098 4465 2286 4522 Guido
2322 4465 2502 4535 ferus,
2531 4465 2833 4537 fastusque
2864 4464 2981 4520 odii
3013 4463 3311 4521 moriendo
3344 4462 3596 4522 resolvit.

1544 4613 1863 4672 EXPLICIT
1906 4617 2117 4675 LIBER
2154 4617 2248 4672 III.

1110 4761 1575 4857 INCIPIT
1643 4766 2018 4863 LIBER
2087 4767 2688 4878 QUARTUS.

407 4965 626 5030 Quarta
674 4966 788 5039 (99)
840 4965 1019 5039 igitur
1048 4966 1211 5023 Latio
1260 4968 1496 5024 vixdum
1557 4970 1847 5030 deferbuit
2096 4970 2382 5029 Sollicitat
2412 4970 2677 5026 Rhodani
2703 4971 3083 5043 gentem;cui
3114 4970 3380 5027 moribus
3401 4974 3602 5027 auctor

1386 5057 1579 5119 [astas
1609 5060 1770 5132 (99*),
1950 5062 1986 5116 5
2130 5061 2508 5116 Temnendus
2538 5060 2867 5116 Ludovicus
2896 5064 3040 5127 erat,
3068 5060 3167 5116 sed
3199 5060 3379 5132 stirpe
3408 5060 3601 5134 legen-

338 5145 459 5197 Hac
487 5141 711 5198 ratione
738 5143 950 5198 iterum
981 5142 1152 5199 solito
1182 5142 1415 5199 sublata
1443 5162 1663 5202 veneno
3371 5150 3525 5219 [dus,

340 5228 560 5300 Bellus,
580 5230 897 5303 Tyrrhenis
923 5231 1176 5286 fundens
1208 5230 1330 5287 fera
1358 5232 1531 5288 sibila
1562 5236 1635 5290 ab
1666 5238 1802 5306 oris,
2095 5236 2408 5309 Brengario
2438 5237 2636 5309 genesi
2660 5238 3009 5309 conjunctus
3040 5238 3256 5310 quippe
3286 5237 3558 5310 superba.

416 5364 498 5447 gf.
537 5372 680 5442 Virg.
707 5374 840 5447 ΔἉΕη.
882 5373 961 5439 VI,
993 5390 1042 5428 υ.
1076 5372 1201 5428 335.

2022 5380 2135 5447 (98)
2172 5382 2225 5436 V.
2252 5380 2514 5447 270—277,
2548 5395 2617 5433 ex
2652 5381 2797 5447 Virg.
2830 5383 2955 5435 Αῐη.
2990 5382 3073 5446 XI,
3106 5398 3156 5435 v.
3189 5381 3377 5436 64-71.

293 5380 384 5511 95;
416 5380 498 5441 Cf.
541 5380 840 5455 Virg.
884 5380 961 5439 VI,
993 5390 1042 5428 υ.
1076 5380 1201 5428 535.
2043 5381 2113 5435 98
2172 5382 2225 5436 V.
2252 5380 2514 5447 270—277,
2548 5395 2617 5433 ex
2652 5381 2797 5447 Virg.
2830 5383 2955 5435 Αῐη.
2990 5382 3073 5446 XI,
3106 5398 3156 5435 v.
3189 5381 3378 5436 64-71.

220 5380 733 5524 ςέρρμΒᾳνεηαᾳζξ
2021 5380 2135 5523 ἕωζ
2167 5451 2295 5507 Inde
2336 5450 2405 5505 ab
2456 5468 2508 5505 a.
2543 5452 2669 5512 896,
2705 5467 2807 5522 quo
2866 5452 3211 5524 Lambertum
3268 5454 3594 5524 Berengario

290 5500 410 5581 96‘)
440 5500 613 5568 Anno.
624 5514 749 5568 898.
1746 5578 1751 5583 ,
1947 5500 2814 5579 ⁷ηοξέὶνᾶἀ’ίιίεῖίῇἒ

290 5583 382 5655 97)
415 5583 496 5654 cr.
535 5584 676 5657 Virg.
710 5585 836 5640 Αἰη.
869 5585 976 5651 xu,
1010 5602 1058 5640 υ.
1089 5584 1215 5653 912,
1247 5585 1374 5641 913.
2022 5593 2161 5666 (99-)
2191 5593 2347 5649 Anno
2376 5591 2501 5663 900,
2533 5593 2740 5650 Octobr.
