3968 6158
480 247 636 318 130⁸7

483 747 547 801 10

472 1282 541 1338 15

462 1904 537 1959 20

462 2879 535 2935 30

460 3856 531 3912 40

1795 487 2019 553 [arvum
2037 501 2051 551 ;

618 569 727 625 Sed
758 569 943 625 vetuit
974 570 1223 626 fortuna.
1259 571 1431 627 Modo
1458 571 1597 643 quia
1627 571 1834 627 nuntia
1860 572 2009 628 votis

616 658 860 731 Accipit,
894 658 1156 731 exemplo
1186 658 1361 716 sociis
1393 660 1465 716 ad
1492 664 1643 716 tecta
1669 662 1889 717 vocatis

618 747 797 820 Regia
831 763 843 802 :
874 748 1009 815 Quae
1037 750 1254 817 totiens,
1288 749 1504 822 inquit,
1532 751 1798 818 volvistis,
1823 752 2015 816 amici,

614 838 696 891 En
720 836 980 891 volvenda
1006 837 1121 892 dies
1150 839 1295 893 ultro
1327 839 1551 893 attulit!
1579 839 1704 894 Este
1728 841 1934 911 parati,

616 924 1032 998 Praedulcesque
1072 934 1322 998 petamus
1369 932 1565 995 agros!
1605 928 1743 983 Nam
1788 944 1920 983 rure
1966 944 2119 985 voca-

1904 1029 2051 1090 [mur

618 1104 805 1159 Vicina
834 1104 1036 1161 Italiae.
1070 1106 1217 1161 Vires
1246 1106 1349 1159 huc
1374 1107 1517 1176 forte
1543 1106 1801 1177 superbas

610 1193 752 1248 Dum
782 1194 980 1263 tulero,
1009 1195 1250 1265 pr0priis
1277 1193 1511 1249 discedet
1538 1194 1729 1251 ductor
1753 1196 1821 1250 ab
1851 1197 1983 1251 oris.

614 1281 659 1338 0
680 1281 861 1337 miser
881 1282 1058 1356 inque
1079 1282 1204 1338 dies
1226 1283 1424 1350 miser,
1448 1283 1805 1340 invictumne
1824 1284 2119 1341 lacessas?

610 1370 763 1427 Num
799 1375 855 1426 te
885 1371 1041 1427 fama
1068 1371 1236 1427 ducis
1266 1375 1453 1427 totum
1484 1371 1721 1445 vulgata
1750 1389 1853 1445 per
1882 1375 2081 1430 orbem

610 1459 914 1516 Praeterit?
943 1460 987 1516 Ο
1021 1460 1260 1516 Genitor
1288 1477 1507 1526 rerum,
1530 1477 1832 1534 compesce
1856 1462 2111 1519 furores!

609 1547 816 1606 Nescio
878 1565 1153 1621 namque,
1213 1549 1353 1606 mali
1410 1550 1553 1622 quid
1611 1566 1776 1607 mens
1832 1557 2118 1625 praesagat

1839 1641 2040 1710 [eunti.

606 1727 858 1798 Jamque
889 1727 1089 1783 valens
1137 1727 1435 1783 modicum
1480 1728 1764 1785 invalidos
1812 1730 2115 1786 Provincia
2143 1760 2192 1825 B
2221 1727 2295 1782 65

1753 1819 2044 1896 [alumnos

609 1904 789 1977 Legat
818 1905 877 1959 in
908 1906 1197 1962 Ausonios
1227 1905 1465 1962 inimico
1496 1907 1732 1963 nomine
1764 1925 2021 1981 campos.

607 1992 723 2049 Nee
752 1992 948 2050 Victor
977 1994 1155 2051 decus
1184 1998 1242 2050 et
1272 1994 1442 2061 Latii,
1474 2012 1608 2067 spes
1638 1997 1813 2052 unica
1843 1998 2027 2071 regni,

606 2082 771 2137 Tunc
800 2082 1005 2139 Veneti
1036 2099 1265 2139 servare
1296 2082 1489 2140 solum
1520 2085 1592 2141 de
1627 2085 1862 2142 nomine
1890 2087 2113 2143 dictum

604 2170 963 2235 Quartanam
988 2170 1218 2244 patiens
1238 2175 1482 2244 poterat,
1509 2189 1613 2229 nec
1636 2174 1870 2231 tendere
1892 2174 2112 2232 bellum

606 2258 907 2328 Hostibus,
932 2259 1279 2317 immodicas
1306 2260 1504 2318 animo
1527 2262 1628 2318 sed
1659 2263 1931 2335 decoquit
1957 2265 2109 2321 iras:

608 2347 683 2404 Ut
710 2348 902 2404 caveis
932 2365 1066 2404 cum
1101 2348 1243 2405 forte
1280 2348 1369 2406 leo
1399 2350 1724 2424 vinclisque
1753 2357 2002 2423 tenetur,

605 2436 731 2493 Non
766 2440 930 2493 artus
959 2438 1101 2509 (100)
1131 2438 1351 2511 agitare
1390 2438 1563 2510 valet,
1611 2457 1725 2497 non
1776 2458 2112 2514 promovere

1843 2530 2035 2599 [vires,

605 2617 677 2670 At
706 2615 851 2671 duro
882 2614 1172 2686 premitur
1201 2619 1432 2671 tantum
1463 2619 1574 2673 sub
1604 2616 1729 2691 lege
1759 2620 2069 2692 magistro;

605 2704 771 2759 Forte
802 2702 1001 2775 aliqua
1029 2707 1228 2775 partos
1256 2703 1445 2761 valeat
1473 2705 1523 2761 si
1553 2724 1823 2779 rumpere
1854 2709 2060 2777 nodos,

601 2794 790 2864 Atque
820 2792 921 2847 diu
952 2792 1193 2849 desueta
1224 2809 1397 2849 cruor
1425 2795 1795 2852 madefecerit
1824 2814 1944 2866 ora,

605 2879 736 2953 Ipse
766 2879 921 2936 lacer
950 2884 1148 2938 custos
1178 2881 1296 2938 iras
1325 2881 1484 2955 prior
1512 2882 1754 2952 imbuet,
1786 2884 1921 2940 inde

606 2968 786 3027 Obvia
813 2958 988 3026 turba
1016 2970 1207 3026 virum
1238 2987 1471 3027 morsus
1511 2972 1749 3028 satiabit
1779 2990 2031 3031 amaros.

674 3060 898 3115 Interea
929 3059 1258 3117 Ludovicus
1288 3064 1438 3131 ovat,
1469 3077 1834 3135 regnumque
1867 3062 2069 3136 fatigat

603 3147 897 3215 Fastibus,
926 3164 992 3204 ac
1020 3151 1214 3205 tantos
1244 3127 1480 3205 sibimet
1505 3127 1807 3207 blanditur
1831 3127 2102 3218 honovres,
2133 3127 2176 3194 (ἶ

602 3236 778 3294 Hoste
805 3236 963 3294 velut
985 3242 1152 3296 necto
1173 3238 1323 3311 (101)
1348 3237 1553 3311 spoliis
1583 3240 1839 3312 potiatur
1868 3240 2104 3314 opimis.

601 3324 899 3383 Infaustus
936 3326 1174 3383 Veronae
1223 3327 1400 3384 etiam
1447 3329 1747 3385 contendit
1794 3330 1867 3385 ad
1914 3346 2106 3386 arcem
2218 3326 2290 3382 80

1836 3420 2032 3489 (ιον).

599 3503 756 3559 More
781 3502 864 3574 pii
894 3502 1048 3575 regis
1077 3506 1300 3569 tamen,
1332 3508 1397 3560 ut
1427 3506 1696 3562 subsedit
1724 3506 1943 3579 apertis

604 3589 915 3660 Mcenibus,
934 3590 1211 3663 antiquos
1231 3591 1409 3648 sociis
1428 3592 1799 3651 disterminat
1827 3611 2019 3668 agros,

602 3676 695 3734 Nil
708 3678 958 3747 veritus;
980 3681 1295 3736 metuenda
1310 3680 1487 3737 nimis
1500 3682 1641 3752 quia
1657 3683 1897 3740 sustulit
1911 3684 2107 3756 ipsum

602 3766 800 3834 Fama,
825 3766 1243 3840 Berengarium
1271 3768 1371 3825 leti
1402 3768 1709 3843 dispendia
1737 3789 1977 3844 passum

601 3855 692 3910 Ah
723 3854 1127 3927 Latium,quis
1160 3861 1215 3913 te
1244 3857 1425 3914 tantis
1454 3858 1790 3916 defenderet
1819 3861 2039 3917 armis?

599 3946 749 4019 Ergo
778 3944 913 4017 pius
943 3945 1182 4002 Genitor
1206 3963 1425 4017 rerum,
1447 3952 1672 4005 servato
1696 3950 2068 4023 magistrum,

600 4033 683 4090 Ne
709 4037 951 4106 pereant
979 4050 1096 4090 uno
1128 4035 1373 4092 Latialis
1400 4038 1618 4109 gaudia
1647 4037 1762 4095 leto
1787 4039 1798 4094 !

601 4121 907 4179 Convaluit
935 4124 1075 4195 quia
1107 4128 1381 4197 regnator
1409 4129 1627 4193 tamen,
1652 4126 1912 4199 undique
1941 4127 2075 4186 lecti

602 4211 964 4268 Conveniunt
993 4229 1263 4285 proceres
1292 4213 1428 4283 laeti,
1460 4214 1785 4287 vexillaque
1814 4218 2026 4273 castris

603 4300 960 4373 Proripiunt,
993 4300 1327 4374 celeresque
1374 4302 1565 4359 Atesis
1614 4303 1686 4358 ad
1736 4305 1952 4359 moenia
1981 4309 2108 4361 ten-

1847 4393 2036 4464 [dunt,

601 4478 734 4531 Haec
764 4476 951 4532 obiter
978 4477 1128 4532 comi
1159 4482 1485 4535 reserantes
1516 4478 1738 4535 famina
1767 4481 1887 4554 regi
1915 4497 1930 4537 :

607 4565 674 4621 Te
694 4566 956 4637 petimus,
986 4567 1209 4638 pietatis
1232 4572 1423 4635 honor,
1455 4583 1555 4624 nec
1578 4585 1755 4640 parva
1775 4580 2005 4641 precatu

602 4653 887 4712 Credimus
916 4653 1060 4719 hac;
1089 4656 1280 4712 urbem
1303 4656 1544 4727 propriis
1570 4658 1621 4712 si
1646 4660 1853 4730 ceperis
1882 4662 2075 4727 armis,

603 4742 854 4799 Membra
883 4745 955 4798 vi!
970 4759 1027 4799 os
1048 4745 1170 4799 sine
1192 4746 1425 4813 curtari,
1459 4747 1557 4816 qui
1582 4744 1785 4817 fwdera
1808 4750 1967 4819 regni

603 4832 938 4888 Proturbant
962 4835 1173 4899 totiens,
1204 4834 1467 4889 damnum
1488 4835 1709 4906 pietatis
1736 4837 1944 4908 iniqua:

605 4922 682 4977 Ne
722 4920 1049 4992 patiamur!
1078 4922 1164 4977 Ad
1211 4922 1332 4979 haec
1367 4939 1381 4977 :
1422 4923 1641 4979 Animis
1687 4923 1966 4995 advertite,
1997 4925 2105 4981 du-

1869 5016 2033 5087 [ctor,

610 5098 649 5155 0
674 5113 941 5170 proceres,
970 5099 1167 5172 inquit
1195 5100 1475 5168 monitus,
1509 5104 1559 5155 et
1582 5101 1820 5157 crimina
1847 5109 2001 5173 capto

538 5260 688 5331 (100)
715 5260 884 5316 Artes
914 5259 997 5315 ed.
1029 5264 1108 5315 c.?

538 5330 685 5399 (101)
715 5331 759 5386 I.
791 5346 841 5386 e.
892 5335 1127 5401 necato;
1174 5333 1339 5388 metri
1385 5345 1568 5398 causa,
1617 5331 1678 5384 ut
1735 5330 2105 5404 Brengarius,

468 5405 696 5476 partes.

770 5406 955 5468 ostus,
988 5407 1085 5459 etc.

566 5471 691 5609 133
718 5471 1035 5603 ἒϐηηὲθῇ

569 5540 691 5603 102)
718 5542 893 5602 Mense
918 5545 1083 5603 Julia.

2140 4490 2188 4556 D

1753 256 2094 323 APPEND.
2139 257 2242 324 AD
2284 258 2475 327 SIEC.
2519 259 2596 327 X.

620 386 724 447 Hic
760 386 989 447 dudum
1031 390 1354 450 Ausonium
1399 389 1650 465 cupidus
1696 407 1973 467 regnasse
2019 410 2123 466 per
2152 399 2205 463 Α

2231 574 2304 629 55

3734 261 3884 328 1308

2368 396 2450 452 Ne
2473 397 2708 468 conferte
2735 397 2874 466 viro,
2895 397 3110 471 generis
3133 397 3264 471 quia
3289 394 3558 470 sanguine
3577 399 3780 473 pollet,

2375 488 2451 545 Et
2477 488 2667 558 forsan
2694 488 2913 557 [acinus
2938 490 3177 547 maturis
3204 489 3409 546 deseret
3440 491 3625 545 annis.

2381 576 2616 631 Testetur
2637 578 2737 648 pia
2757 578 2892 648 jura
2916 579 3056 650 poli,
3078 583 3129 633 et
3155 577 3415 635 dimissus
3442 579 3608 634 abito.

2373 666 2493 719 Hoc
2537 664 2703 721 satis.
2736 666 2806 720 Hi
2857 670 3057 723 contra
3111 667 3325 724 celeres
3382 684 3518 723 eum
3572 682 3867 722 murmure

2788 822 2797 825 μ
3543 763 3814 830 [gressus

2372 841 2707 911 Intendunt,
2742 843 2977 900 rabidas
3008 847 3282 901 acuentes
3312 846 3561 917 pectoris
3588 845 3743 912 iras;

2372 929 2464 984 Nil
2495 931 2637 987 moti
2668 931 2862 1001 dictis,
2897 933 3093 1005 potius
3122 935 3245 990 fera
3273 950 3576 990 murmura
3600 934 3838 1005 rodunt,

2371 1018 2493 1073 Non
2512 1035 2573 1075 se
2594 1036 2767 1092 posse
2784 1020 3008 1077 malum
3024 1021 3268 1093 posthac
3285 1022 3575 1080 dimittere
3592 1021 3871 1078 inultum.

2226 1106 2298 1160 60
2369 1106 2605 1163 Talibus
2648 1107 2967 1164 adveniunt
3014 1109 3241 1178 urbem,
3297 1126 3581 1183 muroque
3630 1112 3870 1183 propin—

2218 2352 2290 2405 70

2214 2794 2286 2849 75

2218 3770 2289 3824 85

2215 4392 2288 4447 90

2211 4926 2283 4982 05

3468 1204 3674 1272 [quant
3702 1201 3859 1269 (102).

2366 1284 2527 1341 Ilicet
2585 1286 2829 1342 admissi
2860 1291 3166 1358 penetrant
3201 1287 3534 1344 miserabile
3562 1287 3859 1360 templum,

2368 1373 2489 1437 Quo
2522 1374 2852 1431 Ludovicus
2881 1378 3023 1443 erat,
3058 1374 3253 1431 subito
3285 1375 3636 1447 rapiuntque
3664 1374 3861 1448 ligant-

3646 1474 3800 1536 [(Ιυθ,

2369 1551 2436 1606 Et
2463 1550 2739 1623 pulchros
2770 1552 3039 1609 adimunt
3068 1553 3289 1609 oculos.
3316 1557 3566 1609 Securus
3597 1552 3661 1607 in
3690 1550 3821 1607 aula

2369 1640 2536 1696 Forte
2567 1641 2807 1697 sedebat
2836 1641 3015 1708 enim,
3049 1642 3267 1698 idcirco
3292 1642 3390 1713 pia
3419 1657 3669 1696 munera
3698 1638 3839 1696 lucis

2367 1728 2643 1796 Perdidit,
2686 1729 2997 1786 obssessus
3044 1729 3301 1786 tenebris
3346 1744 3577 1801 quoque
3623 1727 3769 1784 solis
3812 1727 3862 1782 in

3622 1817 3800 1880 [ortu.

2365 1908 2452 1962 Tu
2485 1923 2707 1979 ponens
2737 1907 2915 1963 etiam
2954 1911 3189 1964 eurtum
3230 1906 3506 1964 femorale
3546 1905 3862 1971 Johannes,

2363 1994 2493 2051 Alta
2521 2000 2684 2053 tenes
2715 1996 2917 2065 turris,
2948 1997 2998 2052 si
3029 1996 3175 2053 forte
3205 2012 3502 2052 resumere
3527 1995 3714 2051 vitam

2366 2084 2458 2140 Sis
2489 2085 2671 2157 potis;
2718 2085 2855 2141 hinc
2902 2085 3151 2143 traheris
3180 2091 3394 2142 -tamen
3423 2084 3496 2142 a‘d
3527 2082 3863 2140 discrimina

3548 2172 3802 2240 [mortis,

2364 2263 2432 2317 Et
2462 2263 2643 2319 miser
2668 2262 2728 2318 in
2761 2262 2953 2336 patria
2982 2262 3179 2319 nudus
3203 2261 3497 2319 truncaris
3526 2277 3730 2317 arena.

2363 2351 2618 2407 Nuntius
2639 2356 2700 2407 at
2721 2354 3033 2424 postquam
3061 2350 3353 2408 sociorum
3378 2348 3656 2406 allabitur
3679 2365 3863 2419 aures,

2362 2438 2670 2495 Prazlatum
2705 2440 2982 2515 juvenem
3025 2439 3323 2495 communi
3356 2438 3580 2494 lumine
3610 2454 3862 2500 cassum.

2362 2527 2601 2583 Consilii
2635 2528 2871 2601 fugiunt
2898 2527 3123 2601 inopes,
3146 2527 3487 2601 passimque
3508 2527 3789 2583 recedunt
3818 2544 3832 2582 :

2364 2615 2562 2673 Flante
2590 2615 2751 2672 velut
2780 2616 3029 2689 zephyro
3060 2616 3392 2689 liquescunt
3419 2632 3585 2672 aeros
3615 2632 3774 2673 aura:

2360 2708 2506 2760 Vere
2525 2721 2693 2772 novo,
2708 2704 3003 2777 gremium
3024 2704 3261 2760 solvunt
3281 2721 3418 2761 cum
3438 2721 3577 2760 rura
3598 2707 3859 2760 coactum

2360 2793 2595 2867 Frigore
2624 2792 2879 2849 brumali
2908 2792 3130 2849 crebris
3159 2793 3464 2865 boreaeque
3490 2792 3747 2866 pruinis.

2356 2882 2472 2938 Nec
2500 2898 2793 2938 removere
2819 2881 2974 2938 viros
3003 2884 3196 2938 cessat
3222 2881 3294 2937 de
3321 2885 3486 2953 parte
3514 2880 3805 2954 superbos

2357 2968 2541 3026 Fortis
2593 2969 2937 3026 Adalbertus
2995 2956 3165 3043 (102')
3215 2968 3577 3042 juvenilibus
3635 2969 3862 3025 obsitus

3573 3057 3795 3130 [annis,

2356 3147 2809 3222 Apenninicolae
2839 3147 3033 3204 fausta
3060 3148 3211 3219 (103)
3243 3147 3344 3220 qui
3373 3146 3613 3203 nomine
3636 3150 3862 3203 turmas

2358 3235 2548 3305 Elicit,
2573 3236 2803 3309 egregio
2837 3235 3088 3307 cupidus
3112 3235 3329 3291 servire
3360 3234 3661 3307 magistro.

2362 3324 2615 3381 Emicuit
2644 3324 2839 3381 subito
2870 3323 2930 3379 in
2963 3323 3173 3380 mediis
3202 3322 3303 3379 lux
3332 3322 3490 3378 alma
3518 3322 3802 3388 tenebris,

2360 3415 2427 3469 Et
2456 3413 2630 3470 rediit
2659 3430 2773 3486 pax
2802 3416 2973 3486 grata
3001 3412 3136 3485 piis,
3164 3411 3367 3485 procul
3398 3411 3636 3484 agmine
3660 3410 3816 3468 tristi

2362 3503 2657 3575 Exempto,
2691 3502 3009 3575 patriisque
3038 3501 3184 3557 duce
3214 3517 3281 3557 ac
3321 3500 3584 3574 genitore
3616 3504 3859 3573 recepto.

2361 3591 2470 3658 Qui
2500 3591 2636 3647 licet
2666 3591 2882 3647 effusos
2909 3592 3030 3646 toto
3059 3589 3243 3663 egerit
3272 3589 3413 3644 orbe
3441 3588 3798 3661 triumphos,

2360 3679 2625 3736 Cluserat
2653 3678 2885 3751 imperii
2914 3678 3166 3734 necdum
3196 3678 3524 3734 diademate
3551 3675 3804 3740 vultum,

2363 3769 2624 3825 Romana
2654 3771 2893 3823 steterat
2924 3765 3137 3823 rutilus
3167 3782 3271 3821 nec
3302 3765 3563 3821 vestibus
3592 3764 3733 3820 aula

2364 3857 2850 3929 Induperatorum
2880 3853 3054 3911 solito
3084 3854 3155 3909 de
3185 3870 3347 3909 more
3375 3856 3710 3926 parentum.

2362 3944 2516 4000 Cur?
2545 3944 2671 4000 Nisi
2701 3944 2857 4016 quod
2885 3942 3097 3999 vicisse
3124 3941 3289 3998 dolos
3318 3942 3534 3997 virtute
3564 3940 3835 4007 decebat,

2360 4034 2449 4091 Ad
2480 4050 2782 4090 summum
2824 4032 3073 4089 transire
3120 4031 3390 4105 gradum,
3421 4030 3538 4086 nisi
3589 4046 3749 4103 saepe
3776 4046 3868 4085 vo-

3539 4119 3763 4190 [catum
3783 4121 3807 4172 ἒ

2362 4214 2645 4270 Summus
2661 4213 2786 4267 erat
2810 4213 3011 4283 pastor
3024 4213 3166 4265 tunc
3185 4206 3467 4280 temporis
3486 4205 3641 4263 Urbe
3659 4205 3866 4262 Johan-

3646 4293 3795 4368 lues.

2361 4390 2564 4448 Ofﬁcio
2595 4387 2818 4445 affatim
2849 4385 3044 4443 clarus
3075 4384 3399 4458 sophiaque
3427 4382 3707 4456 repletus,

2358 4482 2547 4552 Atque
2577 4477 2679 4533 diu
2708 4475 2887 4532 talem
2919 4475 3127 4531 merito
3160 4477 3427 4530 servatus
3457 4472 3530 4527 ad
3563 4488 3761 4528 usum.

2361 4570 2660 4636 Quatenus
2710 4564 2849 4621 huic
2903 4562 3254 4636 prohibebat
3309 4577 3448 4634 opes
3501 4560 3696 4617 vicina
3722 4559 3859 4615 Cha-

3555 4647 3795 4722 [rybdis,

2360 4746 2626 4816 Purpura
2653 4757 2801 4813 quas
2840 4740 3081 4798 dederat
3119 4739 3412 4811 majorum
3444 4740 3651 4811 sponte
3679 4737 3854 4818 beato,

2356 4832 2586 4890 Limina
2615 4830 2717 4902 qui
2749 4832 2970 4886 reserat
2998 4827 3177 4885 castis
3215 4826 3541 4893 rutilantia,
3571 4826 3764 4891 Petro,

2356 4923 2517 4979 Dona
2547 4919 2684 4974 duci
2717 4917 2902 4974 mittit
2932 4916 3117 4974 sacris
3148 4916 3394 4977 advecta
3420 4913 3739 4981 ministris,

2357 5011 2480 5076 Quo
2511 5024 2738 5064 memor
2764 5006 3009 5064 extremi
3040 5005 3263 5061 tribuat
3292 5020 3402 5061 sua
3423 5003 3565 5075 jura
3590 5001 3709 5059 diei

2357 5098 2657 5165 Romanis,
2681 5097 2835 5152 fovet
2857 5093 3145 5152 Ausonias
3174 5109 3291 5166 quo
3318 5091 3562 5148 numine
3588 5094 3794 5158 terras,

2287 5258 2462 5383 (ἐξ)ῖᾶ
2489 5256 2765 5383 Ἒονὲἕίω
2792 5254 3055 5322 marchio,
3076 5253 3403 5323 Berengarii
3419 5266 3606 5324 gener.
3635 5248 3861 5323 ιέυάρτ.

2287 5348 2300 5383 ι
2362 5347 2394 5383 D
2468 5370 2481 5383 .
2574 5370 2587 5383 .
2695 5368 2709 5382 .

2216 5328 2359 5387 Anta
2396 5328 2481 5386 od.
2515 5328 2587 5396 II,
2618 5328 2709 5383 33.

2281 5347 2504 5480 (1&3);
2531 5398 2749 5480 vocibus
2779 5395 2923 5453 Adal
2950 5396 3158 5480 et_bert
3192 5394 3493 5469 potentiam
3522 5400 3577 5450 et
3606 5390 3851 5465 splendo.

2218 5469 2335 5531 rem
2363 5469 2736 5529 indicantibus
2763 5469 3071 5541 composito.
