3968 6158
171 326 308 388 1321

1411 325 1476 388 S.
1523 323 1953 389 MATHILDIS
1996 319 2308 386 REGINA.

3403 319 3557 381 i322

169 460 436 528 audisset,
469 473 623 533 genu
653 455 714 515 in
736 464 949 516 terram
1000 461 1164 525 flexo,
1199 461 1487 515 catervam
1539 459 1653 515 Deo
1685 457 1802 515 illic
1829 461 1886 528 Α
1916 457 2108 514 verbis
2138 457 2472 528 increpans,
2505 470 2742 510 currum
2792 459 2948 510 stare
2971 453 3174 525 jussit,
3208 458 3264 510 et
3293 468 3426 509 eum
3458 452 3561 526 qui

172 549 542 606 servientium
590 565 935 615 convocans,
995 547 1291 603 imnidicis
1334 547 1518 602 Deum
1567 547 1806 603 laudare

161 635 335 710 jussit
363 639 645 709 signaque
677 637 934 693 ecclesia
967 637 1299 702 consonari,
1332 640 1535 692 natum
1586 636 1802 691 cmlesti

173 728 286 801 regi
317 727 784 784 commendando
813 725 1144 797 parvulum,
1180 731 1236 780 et
1265 727 1393 796 ejus
1437 727 1562 779 vitae
1595 730 1802 796 optans

163 818 600 889 prosperitatem
667 815 900 886 inquit:
935 815 1032 869 Hic
1077 817 1285 869 caeteris
1337 814 1606 868 illustrior
1653 816 1806 884 fama

164 907 310 962 nobis
331 905 548 977 aliquid
572 903 904 976 praebiturus
933 912 1011 959 est
1040 905 1258 974 insigne
1285 903 1620 974 parentibus.

236 995 314 1050 11.
347 995 514 1048 Nunc
533 993 658 1064 jam
693 996 1055 1047 revertamur
1085 992 1154 1046 ad
1179 993 1442 1061 ejusdem
1475 992 1619 1046 bene
1640 995 1805 1063 gesta

166 1082 512 1146 Machtildis,
553 1097 680 1153 qua:
713 1081 762 1136 si
812 1097 915 1153 per
963 1079 1196 1153 singula
1243 1085 1800 1146 transcurreremus,

161 1171 490 1227 inmensum
521 1170 851 1243 legentibus
881 1169 1271 1224 edidissemus
1297 1168 1590 1234 volumen,
1614 1185 1803 1240 neque

162 1260 308 1316 enim
339 1259 538 1314 omnia
553 1258 966 1329 comprehendi
988 1261 1254 1329 possunt,
1275 1274 1377 1312 nec
1407 1258 1605 1312 omnia
1626 1258 1804 1313 latere

161 1349 431 1421 patimur.
467 1348 613 1403 Nam
645 1348 772 1417 ejus
802 1345 1037 1401 animus
1068 1346 1184 1400 Deo
1204 1345 1391 1418 magis
1423 1363 1488 1400 ac
1511 1346 1697 1418 magis
1721 1346 1805 1400 in-

163 1442 378 1504 tentus,
409 1441 467 1492 et
495 1437 567 1491 de
598 1435 813 1490 virtute
844 1435 1154 1506 proficiens
1186 1434 1244 1488 in
1276 1435 1574 1501 virtutem,
1609 1451 1804 1489 mona-

162 1524 334 1581 steria
345 1524 610 1596 augendo
623 1521 836 1578 Palithi
850 1523 1193 1578 clericorum
1209 1523 1468 1577 instituit
1490 1526 1798 1578 catervam.

160 1615 361 1671 Postea
389 1611 914 1684 Quidilingaburgh
937 1612 994 1666 in
1027 1611 1196 1681 valle,
1225 1611 1670 1682 eadisponcnte,
1690 1611 1804 1666 alia

161 1701 439 1759 succrevit
467 1701 714 1756 fratrum
748 1700 1150 1772 congregatio,
1184 1704 1241 1755 et
1271 1700 1328 1754 in
1361 1704 1559 1755 monte
1610 1717 1800 1755 coeno-

158 1790 317 1846 bium
343 1788 882 1846 sanctimonalium.
916 1788 1027 1844 Sed
1079 1794 1134 1844 et
1167 1787 1325 1843 aliud
1359 1787 1418 1843 in
1474 1789 1801 1860 propinquo

157 1879 278 1936 loco
307 1875 609 1934 Gerendod
642 1878 775 1948 (15),
809 1876 980 1950 plura
997 1892 1226 1949 quoque
1247 1877 1510 1932 coenobia
1538 1881 1800 1932 constru-

155 1969 276 2036 xit;
308 1983 436 2040 quae
465 1984 579 2022 non
612 1966 805 2022 solum
835 1983 938 2038 per
985 1965 1360 2032 monasteria,
1408 1971 1472 2020 ut
1519 1965 1795 2033 diximus,

154 2057 271 2114 Deo
301 2055 712 2122 servientibus,
742 2056 840 2110 sed
867 2054 1096 2110 cunctis
1115 2054 1381 2110 extiterat
1412 2057 1508 2126 pia
1531 2054 1798 2127 indigen-

151 2145 330 2201 tibus.
363 2145 510 2200 Nam
543 2149 754 2217 praeter
787 2143 1141 2198 cotidianam
1175 2159 1500 2214 pauperum
1535 2143 1796 2198 refectio-

152 2234 414 2305 nem,bis
441 2233 501 2289 in
533 2233 627 2288 die
652 2232 892 2288 collecta
909 2231 1304 2297 multitudine,
1334 2247 1480 2302 quos
1503 2229 1823 2302 regalibus‘

150 2323 446 2380 refovebat
473 2322 638 2390 cibis,
671 2338 903 2393 semper
932 2321 1140 2376 diebus
1171 2320 1549 2376 sabbatorum
1591 2317 1798 2374 balneo

150 2410 354 2484 parato
386 2427 672 2484 pauperes
703 2414 758 2465 et
810 2410 1148 2484 peregrinos
1209 2408 1450 2465 recreari
1502 2408 1659 2471 fecit,
1693 2407 1796 2462 ali-

151 2502 387 2572 quando
411 2501 539 2572 ipsa
567 2499 926 2572 ingrediens,
961 2498 1280 2571 aliquando
1331 2514 1464 2552 vero
1516 2495 1794 2569 populum

151 2587 462 2645 devitando
493 2588 1042 2644 suosintromittens
1060 2603 1361 2658 sequaces,
1381 2586 1646 2641 membra
1668 2602 1794 2640 mu-

154 2677 370 2734 lierum
402 2674 1543 2750 singuladiluebat.Egredientibusinde
1577 2691 1690 2729 non
1710 2690 1800 2728 so-

149 2766 277 2822 lum
311 2781 476 2822 escas
507 2765 799 2837 praebebat
829 2763 1053 2831 solitas,
1087 2765 1186 2820 sed
1210 2764 1383 2819 etiam
1416 2764 1665 2831 vestium
1690 2761 1797 2817 mi-

150 2853 444 2910 nistrabat
473 2854 831 2925 adjumenta.
850 2852 1051 2923 Itaque
1071 2869 1186 2907 non
1210 2852 1406 2907 minus
1436 2855 1557 2906 erat
1579 2850 1802 2906 miscri-

153 2942 366 2998 cOrdize
381 2958 546 3010 usus,
581 2957 757 3013 quam
777 2942 848 2996 de
864 2940 1026 3012 plebe
1041 2940 1430 3012 indigentium
1458 2956 1797 3006 concursus,

152 3049 263 3088 nec
294 3033 533 3087 deerant
565 3031 663 3102 qui
698 3034 978 3102 peterent,
1014 3046 1116 3085 nec
1156 3030 1463 3084 deficiebat
1512 3030 1664 3100 quod
1699 3029 1800 3084 do-

1914 546 2226 602 transierat
2256 544 2576 601 revocando
2627 545 2976 614 procurabat
3026 560 3362 616 pauperem.
3407 543 3555 608 Quid

1914 634 2131 706 plura?
2183 633 2542 706 Virginalem
2601 634 3044 703 propemodum,
3091 632 3410 688 benefactis
3439 632 3557 687 illis

1914 723 2404 794 promerentibus,
2452 721 2812 793 adquisierat
2857 721 3132 791 palmam,
3180 721 3292 777 nisi
3322 726 3555 776 tantum

1913 811 2274 867 secularibus
2304 812 2553 866 vestium
2587 811 2915 865 ﬂoresceret
2936 810 3316 864 ornamentis.
3347 809 3556 866 Nullus

1912 902 2067 956 enim
2101 901 2245 966 dies,
2279 899 2442 955 nulla
2474 899 2654 954 ferme
2684 899 2829 954 hora
2860 916 2988 953 eam
3022 915 3054 952 a
3087 899 3255 953 bonis
3285 899 3409 953 ocio
3435 903 3554 954 tor—

1911 995 2142 1062 pentem
2174 989 2502 1044 inveniebat
2531 989 2824 1060 cperibus,
2881 987 3046 1043 festis
3077 1003 3310 1058 quoque
3350 986 3556 1043 diebus

1911 1078 2143 1134 lectioni
2167 1096 2377 1134 vacans
2399 1096 2459 1134 se
2490 1077 2924 1149 occupaba‘taut
2951 1075 3078 1148 ipsa
3109 1076 3351 1148 legendo
3369 1079 3470 1130 aut
3484 1076 3557 1130 ab

1911 1168 2042 1221 aliis
2061 1165 2685 1236 audiendo,cotidianis
2697 1182 2830 1221 vero
2854 1165 3079 1231 diebus,
3097 1164 3314 1236 quibus
3328 1163 3555 1236 operari

1910 1257 2064 1323 licet,
2081 1255 2325 1310 orationi
2342 1261 2442 1310 aut
2474 1254 2810 1327 psalmodiis
2825 1254 3214 1318 imcumbens,
3231 1255 3295 1308 ut
3327 1269 3558 1324 semper

1911 1345 2443 1411 solebat,manuum
2460 1350 2654 1401 tamen
2670 1343 3229 1415 instabatoperibus.
3250 1341 3309 1398 Si
3323 1341 3556 1414 quando

1911 1451 2014 1506 per
2042 1438 2229 1489 totum
2263 1434 2420 1488 diem
2481 1434 2726 1489 diversis
2768 1432 3112 1504 populorum
3167 1431 3560 1487 oircumclusa

1912 1523 2303 1590 sermonibus,
2337 1528 2402 1577 ut
2430 1523 2523 1577 his
2551 1522 2740 1577 evenit
2771 1521 2870 1593 qui
2904 1537 3082 1594 regno
3114 1520 3558 1592 prmsidentter—

1911 1629 2071 1678 reno,
2105 1611 2250 1666 hora
2281 1611 2486 1666 saltem
2533 1611 2864 1667 refectionis
2911 1615 3075 1665 stans
3107 1614 3241 1665 ante
3289 1627 3555 1665 mensam

1913 1700 2132 1773 aliquid
2157 1718 2304 1772 opus
2331 1700 2596 1765 faciebat,
2623 1701 3022 1772 priusquam“
3053 1715 3248 1755 escam
3269 1702 3554 1771 gustaret,

1911 1789 2055 1844 illud
2089 1806 2422 1845 memorans
2481 1806 2545 1844 ac
2576 1789 2814 1845 dicens:
2870 1790 2976 1857 Qui
3022 1804 3131 1844 non
3192 1787 3316 1843 vult
3339 1787 3560 1860 operari

1910 1895 2020 1934 non
2047 1879 2333 1934 manducet
2365 1879 2436 1951 (II
2469 1879 2642 1934 Thess.
2677 1894 2764 1946 III,
2800 1879 2911 1949 40).

1981 1968 2066 2021 12.
2100 1967 2445 2023 Hisactibus
2475 1967 3013 2038 beatisoccupatam
3047 1965 3560 2022 intantumdivina

1909 2057 2166 2127 provexit
2192 2055 2519 2119 clementia,
2549 2059 2613 2110 ut
2645 2056 2820 2111 etiam
2852 2055 3102 2110 Domino
3133 2054 3413 2129 largiente
3445 2056 3555 2110 mi-

1908 2143 2238 2198 raculorum
2257 2143 2625 2200 inclaruisset
2653 2143 2800 2198 luce.
2829 2144 2975 2198 Nam
2994 2145 3050 2198 in
3067 2143 3557 2215 Quidilingaburg

1909 2233 2141 2288 civitate
2162 2233 2255 2288 die
2287 2233 2541 2303 quadam
2575 2237 2739 2287 stans
2783 2249 2962 2304 supra
3012 2231 3232 2288 montis
3260 2231 3558 2302 verticem,

1908 2337 2231 2393 pauperum
2265 2321 2322 2374 in
2355 2319 2505 2375 valle
2552 2323 2884 2376 vescentem
2930 2320 3235 2392 conspexit
3275 2324 3558 2386 turmam,

1910 2426 1966 2465 m
1978 2410 2366 2480 iuistrumque
2381 2409 2829 2480 intcrrogavit,si
2844 2410 3012 2481 panis
3024 2409 3378 2481 pauperibus
3391 2407 3567 2464 datus

1908 2503 2064 2554 esset
2094 2514 2226 2552 cum
2241 2498 2447 2554 ceteris
2462 2497 2774 2563 alimentis,
2791 2499 2976 2570 etaille
3010 2499 3370 2571 respondens
3382 2500 3529 2555 dixit
3550 2523 3567 2566 ς

1912 2589 2155 2642 Nini-me.
2192 2587 2337 2642 Hinc
2368 2587 2535 2659 quasi
2568 2587 2626 2642 in
2657 2587 3122 2659 dispensatorem
3154 2588 3325 2658 irata,
3367 2590 3561 2646 subito

1909 2693 2060 2748 pane
2091 2681 2311 2747 erepto,
2341 2675 2508 2748 signo
2541 2676 2730 2731 crucis
2760 2676 3283 2749 manulimpresso,
3324 2676 3561 2734 Domini

1908 2764 2172 2820 invocato
2208 2764 2460 2833 nomine,
2497 2770 2559 2820 ut
2581 2765 2652 2819 ad
2685 2765 2882 2820 omnia
2913 2764 3153 2831 solebat,
3189 2765 3259 2821 de
3284 2766 3400 2822 alto
3432 2783 3561 2839 pro-

1902 2852 2046 2923 jecit
2074 2853 2400 2919 cacumine,
2434 2854 2531 2925 qui
2556 2870 2658 2924 per
2686 2871 2826 2909 saxa
2854 2853 3147 2910 volutatus
3163 2859 3220 2910 et
3249 2856 3560 2928 sepem,in-

1911 2941 2159 2997 columis
2174 2943 2484 3013 cujusdam
2513 2943 2785 3014 pauperis
2814 2945 3143 3014 pervenitin
3159 2945 3376 3011 sinum,
3403 2942 3557 3015 quod

1913 3031 2012 3102 qui
2026 3031 2267 3085 aderant
2286 3030 2547 3084 videntes
2575 3031 2766 3084 mirati
2784 3035 2940 3096 sunt,
2958 3031 3225 3087 divinaid
3241 3033 3558 3104 contigisse

150 3123 340 3175 naret.
368 3119 513 3174 Cum
562 3123 758 3174 autem
810 3119 938 3189 ipsa
995 3135 1281 3189 pransura
1311 3122 1453 3184 erat,
1507 3121 1595 3172 ter
1625 3134 1803 3190 supra
1850 3189 1857 3190 γ
1911 3124 2192 3174 testantes
2221 3119 2450 3173 virtute.
2487 3117 2769 3190 Fulgebat
2790 3127 2846 3174 et
2873 3118 2986 3174 alio
3016 3120 3076 3175 in
3108 3121 3307 3176 eadem
3329 3120 3560 3176 civitate

150 3224 422 3264 mensam
456 3207 667 3262 cotidie
708 3205 1151 3278 omnigenorum
1203 3205 1396 3260 allatis
1447 3189 1800 3260 ferculorum
1832 3189 1874 3256 C
1915 3207 2219 3262 miraculo.
2252 3207 2398 3262 Nam
2431 3224 2563 3261 cum
2590 3206 2650 3261 in
2689 3207 2935 3263 ecclesia
2984 3208 3099 3263 Deo
3148 3208 3558 3264 holocaustum

150 3297 403 3365 deliciis,
431 3296 785 3352 monasterio
817 3296 864 3351 si
899 3294 1119 3363 aderat,
1150 3293 1378 3350 nullum
1419 3296 1692 3367 gustabat
1721 3294 1804 3350 ci-

148 3389 297 3444 bum
331 3386 676 3459 priusquam
694 3383 1047 3440 christicolis
1075 3384 1273 3438 omnia
1297 3383 1493 3438 divisit
1517 3401 1528 3450 ;
1556 3383 1645 3438 sin
1673 3400 1804 3438 vero

150 3474 419 3531 ccenobio
451 3474 657 3542 abfuit,
692 3472 990 3545 languidis
1021 3471 1353 3543 hospitibus
1406 3472 1634 3543 sibique
1680 3488 1805 3526 ser-

146 3563 448 3620 vientibus
479 3562 600 3618 haec
631 3561 904 3618 similiter
942 3562 1149 3632 jejuna
1199 3560 1470 3631 porrexit.
1525 3559 1668 3615 lllud
1703 3576 1808 3615 nec

149 3652 652 3726 przetereundum,
686 3655 751 3705 ut
781 3649 1235 3722 quibuscunque
1267 3653 1391 3704 erat
1438 3647 1602 3713 locis,
1654 3647 1807 3719 ignis

153 3759 277 3798 non
310 3741 614 3796 deficiebat
642 3757 742 3812 per
771 3744 1021 3804 noctem,
1054 3755 1169 3793 non
1202 3737 1392 3793 solum
1425 3736 1480 3790 in
1514 3735 1678 3791 tectis
1707 3737 1808 3791 sed

153 3830 338 3886 etiam
370 3830 527 3885 nudo
588 3828 699 3884 sub
733 3845 863 3884 aere
907 3827 1181 3883 omnibus
1208 3827 1276 3881 ad
1329 3825 1640 3881 utilitatem
1689 3824 1808 3879 illic

153 3917 688 3976 commorantibus.
750 3916 924 3973 Moris
981 3932 1216 3987 quoque
1245 3915 1399 3970 soliti
1447 3914 1567 3969 haec
1609 3918 1812 3970 sancta

155 4008 416 4064 habebat
445 4007 680 4074 femina,
709 4005 1213 4078 quotienscunque
1234 4004 1472 4075 longum
1507 4019 1608 4058 seu
1641 4004 1811 4059 breve

155 4101 428 4169 pergeret
460 4097 590 4162 iter,
624 4094 896 4150 candelas
928 4110 1146 4158 secum,
1199 4092 1448 4165 singulis
1480 4097 1546 4147 ut
1592 4091 1813 4148 videret

155 4185 456 4253 oratoriis,
489 4188 546 4239 et
577 4183 796 4239 cibaria
819 4183 987 4252 juxta
1019 4197 1257 4235 currum
1288 4181 1511 4236 deferre
1541 4181 1604 4247 ‘3,
1638 4188 1701 4235 ut
1722 4179 1810 4234 in-

154 4272 434 4346 digentes
465 4288 567 4344 per
595 4272 748 4326 viam
774 4271 1037 4325 reﬁceret
1065 4269 1154 4323 vel
1177 4273 1440 4340 aegrotos.
1474 4269 1550 4336 Si,
1578 4270 1812 4340 quando

155 4376 406 4418 currum
440 4359 716 4416 insidenti
731 4357 1398 4428 somnusirrepserat,ut
1426 4358 1668 4412 fortasse
1687 4375 1813 4429 quas

156 4449 360 4508 noctis
385 4447 616 4521 vigilias
648 4463 799 4518 saepe
828 4445 1126 4501 exsomnis
1141 4445 1358 4500 orando
1381 4445 1649 4510 ducebat,
1669 4446 1816 4500 indi-

1916 3294 2146 3349 oli‘erret
2171 3293 2546 3349 devotissime
2578 3294 2640 3360 ‘5,
2676 3295 2944 3366 quadam
2979 3295 3211 3351 cervula
3240 3296 3562 3351 domestica

1915 3383 2070 3437 intra
2093 3381 2414 3437 claustrum
2435 3383 2936 3449 edomita,occulte
2953 3383 3403 3455 ampullam,vas
3421 3401 3561 3457 quo-

1918 3487 2030 3542 que
2062 3471 2274 3538 vini,ut
2296 3471 2517 3543 scepein
2536 3472 2907 3529 monasteriis
2925 3472 3159 3543 assolet,
3179 3473 3560 3546 subripiendo

1918 3561 2227 3626 devoravit,
2259 3578 2434 3632 quam
2467 3565 2783 3633 praesentes
2812 3562 3200 3634 obstupefacti
3233 3564 3415 3619 feram
3449 3579 3559 3618 caa-

1919 3649 2127 3717 dendo,
2162 3650 2460 3714 minando,
2478 3651 2751 3706 manibus
2769 3650 3100 3723 plaudendo
3127 3653 3422 3724 requirere
3445 3670 3558 3709 non

1917 3737 2208 3804 valebant,
2240 3739 2421 3794 donec
2451 3739 2629 3811 digna
2654 3739 2769 3796 Deo
2801 3740 3002 3814 regina
3027 3741 3113 3796 ori
3143 3742 3342 3798 bestias
3378 3757 3556 3798 manu

1919 3830 2185 3898 porrecta
2231 3826 2462 3882 blandis
2491 3829 2681 3884 verbis
2736 3829 3014 3885 dixisset:
3063 3830 3272 3898 Reddo,-
3315 3839 3564 3886 nostrum

1919 3923 2014 3981 est,
2048 3915 2187 3987 quod
2200 3916 2394 3971 tulisti.
2412 3914 2518 3970 llla
2545 3916 2698 3972 dicto
2716 3917 2888 3972 citius
2901 3917 3050 3972 hanc
3082 3934 3259 3990 quam
3284 3918 3565 3974 hauserat

1920 4002 2560 4074 revomuitampullam.
2576 4004 2714 4067 Quis
2727 4005 3286 4078 dubitetsupernum
3305 4007 3567 4062 domina-

1921 4097 2106 4148 torem
2138 4092 2268 4162 ejus
2301 4091 2524 4146 meritis
2557 4091 2796 4147 feralem
2827 4093 2886 4148 in
2937 4093 3568 4164 humanum‘fgvertisse

1922 4185 2200 4236 sensum?
2231 4179 2490 4235 Plurima
2508 4197 2642 4236 vero
2667 4181 2726 4235 in
2759 4198 2825 4236 ea
2845 4186 3118 4254 operatus
3149 4188 3237 4239 est
3258 4184 3564 4255 Dominus,

1923 4285 2048 4341 quae
2082 4269 2131 4324 si
2164 4286 2267 4341 per
2297 4270 2337 4303 ¹⁷
2369 4268 2600 4341 singula
2624 4269 2814 4326 notari
2841 4275 3099 4342 possent,
3132 4271 3401 4335 miranda
3419 4272 3572 4329 vide-

1923 4362 2164 4426 rentur;
2198 4359 2296 4414 sed
2349 4358 2703 4414 intrinsecus
2753 4359 2941 4433 magis
2989 4361 3200 4417 enituit
3227 4360 3568 4430 virtutibus,

1928 4463 2102 4518 quam
2137 4447 2462 4504 forinsecus
2493 4447 2910 4505 miraculorum
2935 4449 3140 4522 signis.

160 4538 436 4612 gentium
470 4536 785 4608 quisquam
805 4534 1011 4590 obvius
1043 4533 1817 4598 factusfuisset,sanctimo-
1848 4550 1895 4613 D
1999 4537 2087 4590 13.
2141 4537 2363 4592 Interea
2418 4555 2612 4609 regem
2661 4538 2928 4595 Ottonem
2985 4539 3278 4612 papa(l6)
3324 4540 3572 4597 Romam

158 4627 344 4684 nialis
377 4629 570 4683 autem
602 4629 734 4680 ante
755 4641 883 4680 eam
899 4623 1109 4679 sedens
1127 4622 1363 4678 nomine
1396 4623 1672 4694 Ricburg,
1693 4641 1820 4695 quae
1931 4624 2669 4696 vocante,imperialem,ut
2689 4627 3110 4695 credimus,Dei
3123 4629 3300 4698 jussu
3314 4629 3575 4700 accipere

159 4715 362 4788 ipsius
395 4714 450 4768 in
469 4712 861 4768 ministerium
907 4710 1212 4784 praeelecta
1235 4715 1376 4778 erat,
1404 4712 1449 4765 si
1472 4713 1706 4767 incaute
1721 4716 1823 4767 aut
1931 4729 2228 4777 coronam,
2264 4712 2862 4784 Italiamadipiscendi
2885 4715 3073 4787 gratia
3094 4715 3261 4787 petiit
3282 4716 3572 4788 (An.960),

156 4804 302 4876 ipsa
332 4803 676 4869 dormitans,
709 4817 812 4857 seu
845 4799 1061 4856 librum
1095 4798 1701 4871 inspiciendolegeret,
1727 4816 1823 4855 cu-
1932 4819 2109 4874 quam
2142 4802 2306 4873 prius
2338 4801 2537 4873 regina
2567 4802 2843 4858 Adelbeid
2876 4804 2935 4858 in
2969 4804 3161 4860 dotem
3211 4806 3571 4875 possederat.

159 4907 300 4947 ram
333 4890 584 4963 neglexit
609 4889 884 4962 pauperis
909 4891 967 4954 ¹⁴,
1003 4906 1130 4944 eam
1147 4905 1260 4943 non
1294 4887 1586 4955 excitaret,
1620 4890 1823 4961 regina
1933 4890 2074 4946 Filio
2107 4890 2288 4963 igitur
2318 4907 2423 4945 suo
2454 4890 2648 4946 Ottoni
2681 4908 2858 4963 regno
2889 4892 3122 4960 tradito,
3163 4892 3288 4964 ipse
3337 4893 3576 4950 fortium

161 4979 377 5036 statim
435 4979 850 5050 expergefacta,
901 4977 1218 5033 salutiferis
1267 4993 1462 5032 caram
1511 4994 1819 5048 sequacem
1928 4979 2397 5052 pectorumviros
2427 4978 3138 5036 secumtollendoivituna
3158 4984 3577 5055 cumconjuge,

1505 5084 1742 5141 VARIIE
1782 5086 2195 5142 LECTIONES.

244 5187 288 5267 ιξ
317 5184 530 5267 deferri
587 5183 702 5240 cod.
740 5255 754 5267 ἱ
782 5184 825 5219 ¹⁴
855 5182 1116 5267 excidisse
1145 5179 1360 5267 videtur
1388 5186 1484 5251 et;
1512 5185 1776 5254 perplexa
1801 5185 1878 5241 est
1905 5185 2196 5240 verborum
2223 5187 2570 5252 constructio,
2650 5186 2690 5220 ίδ
2724 5187 2803 5242 ita
2856 5185 3175 5258 legendum,-
3206 5187 3328 5246 cod.
3381 5205 3580 5265 quam.

160 5259 218 5296 ¹⁶
252 5256 632 5313 devotissima
658 5255 774 5311 cod.
856 5256 897 5290 ³⁷
922 5271 1098 5327 super
1126 5254 1242 5311 cod.

1769 5342 2002 5402 ΝΟΤᾸΞ.

251 5443 366 5516 (15)
399 5443 544 5497 Ann.
570 5440 990 5516 Quedlinburg.
1025 5439 1098 5496 ad
1138 5440 1297 5516 {014,
1330 5444 1394 5516 et_
1433 5437 1829 5510 Thietmarus,
1943 5440 2282 5516 fundatione
2316 5442 2616 5516 Mathildis
2645 5442 2874 5516 legitur.

163 5511 356 5588 11,13
382 5512 720 5588 monasterii
753 5511 1113 5588 conditorem
1148 5513 1328 5566 fuisse
1359 5514 1656 5588 _Ger9nem_
1676 5528 1831 5588 mar-
2016 5515 2126 5588 (46)
2157 5515 2382 5572 Joanne
2415 5515 2536 5576 XII.

162 5585 454 5650 chionem
485 5584 744 5653 tradunt,
786 5599 976 5656 neque
1006 5581 1172 5650 alias,
1224 5582 1379 5656 quod
1411 5582 1592 5639 sciam
1625 5583 1694 5641 de
1721 5582 1832 5652 hac

505 5709 768 5777 ΡΑτιιοι.
813 5707 957 5778 CLI.
3189 5723 3273 5798 η
