3968 6158
403 294 561 359 1323

1686 289 2023 373 APPEND.
2068 290 2169 360 AD
2214 291 2405 361 SJEC.
2447 290 2524 359 Χη.

3647 294 3817 363 1321

400 432 457 485 et
487 426 1856 487 CbristoduceexcellentissimusvictorLatium
1870 447 2043 503 expu-
2071 431 2126 497 Α
2158 430 2215 485 in
2250 429 2343 486 his
2375 430 2718 486 morabatur
2748 428 3088 503 regionibus
3110 429 3233 503 (An.
3255 430 3403 504 966).
3437 430 3684 490 Romam
3708 435 3818 491 dc-

399 518 617 591 gnavit,
649 518 1200 593 Berengariumque,
1251 520 1351 592 qui
1399 536 1645 592 regnum
1699 520 2041 575 Latinorum

396 613 798 682 usurpaverat,
833 610 1013 665 armis
1071 626 1363 681 premens,
1414 609 1709 681 captivum
1757 626 1890 663 cum
1923 613 2045 664 tota

397 694 622 753 familia
651 698 712 754 in
729 698 1126 754 Bawariorum
1142 697 1436 771 regionem
1450 699 1660 755 ducere
1666 699 1864 773 jussit.
1877 698 2042 751 Dein-

398 786 470 842 de
482 791 768 860 angustus
782 787 969 843 sancti
997 787 1145 842 Petri
1164 788 1236 843 ad
1251 788 1588 843 cathedram
1610 804 1744 843 cum
1760 804 1935 842 uxore
1949 804 2041 841 co-

398 879 642 933 ronatus
672 875 795 947 (An.
827 875 978 948 954),
1006 876 1335 933 Romanum
1356 880 1563 932 tenens
1582 876 1918 948 imperium,
1946 893 2048 947 per

400 963 690 1020 Ausonias
712 964 885 1020 urbes
898 981 1133 1021 summa
1146 969 1430 1038 potestate
1462 966 1872 1037 regnabat.His
1894 970 2046 1020 certe

403 1052 611 1109 diebus
634 1053 850 1126 quibus
872 1070 969 1110 rex
981 1053 1240 1127 primum
1259 1054 1516 1110 adiverat
1530 1053 1755 1109 Italiam
1780 1054 1901 1124 (An.
1918 1055 2043 1117 962,

401 1141 552 1197 Febr.
587 1141 665 1214 2),
697 1142 827 1214 ipsa
854 1144 983 1214 ejus
1013 1143 1263 1216 genitrix
1292 1160 1393 1216 spe
1410 1143 1735 1214 timoreque
1762 1146 2047 1214 correpta,

402 1230 658 1287 assiduis
688 1231 874 1287 Deum
906 1250 1009 1304 pro
1037 1232 1154 1288 tilio
1180 1231 1588 1304 interpellabat
1618 1231 1907 1303 precibus,
1933 1248 2047 1302 quo

401 1318 638 1376 interim
668 1337 772 1393 pro
803 1321 924 1376 nati
955 1321 1195 1377 victoria
1218 1320 1503 1394 singulari
1537 1320 1820 1375 sacriﬁcio
1858 1319 2049 1375 fortis-

404 1407 623 1465 simum
656 1409 912 1483 placaret
931 1409 1291 1466 bellatorem.

474 1499 563 1554 14.
595 1499 727 1554 Haec
756 1498 952 1556 animo
980 1499 1268 1556 sententia
1314 1498 1586 1555 tractanti
1638 1497 1789 1553 sedit
1820 1498 1877 1551 in
1909 1497 2048 1552 imo.

403 1588 738 1644 Construxit
766 1589 943 1645 etiam
973 1589 1033 1644 in
1065 1588 1398 1644 Northusen
1432 1587 1783 1654 cmnobium,
1818 1602 2054 1658 congre-

405 1693 552 1750 gans
577 1694 843 1734 sororum
878 1681 1166 1734 catervam
1199 1696 1303 1750 pro
1335 1695 1443 1734 sua
1472 1692 1832 1747 suorumque
1865 1677 2052 1729 salute

2155 536 2271 575 nuo
2305 522 2345 554 ¹⁹
2378 520 2563 591 petiit,
2596 519 2713 574 filio
2746 518 2924 575 simul
2957 524 3241 576 assumto.

2228 610 2312 662 15.
2344 608 2869 680 Adpropinquabat
2908 613 3105 665 autem
3149 610 3313 674 hora,
3358 627 3490 667 cum
3522 612 3819 669 Dominus

2154 697 2346 752 electae
2371 714 2487 752 suae
2506 697 2737 752 famulae
2763 697 3061 754 Machtildi
3093 700 3507 771 temporalium
3538 700 3820 758 laborum

2157 787 2484 841 mercedem
2519 788 2757 842 reddere
2809 788 3222 845 destinaverat.
3273 790 3581 863 Egrotans
3632 790 3822 865 igitur

2157 892 2267 946 per
2289 875 2423 929 anni
2484 875 2789 943 circulum,
2842 893 3008 933 casas
3040 881 3097 933 et
3154 877 3396 933 castella
3441 881 3815 952 peragrabat,

2154 962 2555 1019 infirmitatem
2572 970 2745 1036 prout
2762 966 2955 1037 potuit
2969 965 3628 1024 occultans.Northusen
3645 968 3816 1038 adiit,

2159 1056 2214 1107 et
2247 1051 2537 1125 Ricliurga
2564 1054 3050 1110 iidelisuacoram
3070 1059 3437 1127 praesentata,
3473 1074 3650 1129 quam
3671 1074 3815 1130 prae-

2156 1140 2275 1197 fato
2307 1142 2569 1197 coenobio
2640 1143 3001 1199 abbatissam
3034 1160 3284 1216 praeesse
3312 1145 3544 1210 fecerat,
3571 1151 3814 1218 speratae

2157 1245 2337 1285 causa
2359 1230 2490 1285 ﬁdei
2519 1231 2937 1303 pauperculam
2951 1233 3096 1289 bene
3118 1234 3468 1305 procurandi
3491 1239 3807 1303 catervam,

2159 1318 2240 1373 ait
2270 1319 2341 1373 ad
2376 1319 2533 1373 illam
2564 1336 2577 1374 :
2613 1320 2797 1375 Sentio
2829 1337 2912 1376 me
2952 1322 3139 1378 morbo
3185 1327 3457 1379 crescente
3491 1325 3615 1396 jam
3644 1340 3810 1380 reces-

2159 1424 2370 1479 suram,
2402 1416 2452 1463 et
2472 1409 2663 1463 vellem
2692 1410 2790 1463 hoc
2818 1410 2932 1465 loco
2960 1412 3202 1481 sepeliri,
3227 1418 3288 1466 ut
3311 1412 3421 1480 lilii
3448 1414 3559 1467 mei
3580 1428 3707 1482 erga
3723 1429 3812 1469 vos

2160 1497 2339 1567 major
2366 1505 2502 1552 esset
2555 1500 2872 1568 procuratio
2888 1515 2909 1559 ;
2965 1499 3059 1555 sed
3086 1501 3195 1555 scio
3224 1501 3269 1535 ²⁰
3297 1502 3397 1556 hoc
3452 1502 3607 1557 nullo
3659 1502 3812 1558 modo

2159 1588 2479 1652 ronsentiri,
2513 1604 2644 1639 nam
2699 1587 2950 1643 dominus
2979 1592 3163 1644 noster
3214 1589 3671 1661 Quidilingaburg
3718 1608 3815 1647 re-

2161 1676 2388 1743 quiescit
2421 1675 2704 1729 Henricus.
2741 1676 2855 1743 Quo
2881 1692 3009 1745 ergo
3030 1693 3148 1748 spes
3192 1681 3369 1733 vestra
3420 1679 3690 1735 tendenda
3718 1684 3814 1745 est,

407 1766 739 1821 animarum
770 1771 826 1821 et
845 1783 1177 1838 corporum,
1200 1767 1292 1822 sui
1318 1782 1550 1838 quoque
1580 1764 1806 1836 nepotis
1824 1764 2052 1819 Ottonis
2084 1801 2131 1865 Β
2160 1778 2265 1832 quo
2298 1765 2516 1817 animus
2547 1764 2866 1833 (lirz'gendus
2889 1768 2912 1820 ξ’
2933 1764 3005 1819 ad
3036 1767 3206 1821 Deum
3256 1783 3512 1838 namque.
3566 1767 3820 1824 Plurima

402 1855 659 1925 jnnioris
690 1872 999 1911 consensu.
1025 1856 1187 1919 Quod
1213 1872 1247 1910 a
1278 1855 1655 1909 fundamento
1688 1858 2052 1921 construens,

411 1942 574 1999 illius
605 1943 922 2000 maximam
982 1961 1214 2016 semper
1261 1947 1521 1999 materne
1574 1943 2062 2024 gerebahcuram

414 2031 807 2106 impendendo
826 2049 997 2088 omne
1016 2032 1294 2104 quicquid
1326 2036 1449 2087 erat
1481 2030 1901 2097 necessarium,
1921 2032 2063 2086 dum

413 2120 474 2176 in
504 2122 622 2177 vita
640 2120 854 2178 viveret
890 2123 1180 2194 praesenti.
1201 2122 1463 2193 Cumque
1494 2121 1811 2192 imperator
1842 2119 2064 2175 devicto

415 2210 578 2267 Latio
610 2210 669 2266 in
698 2211 945 2283 patriam
978 2227 1246 2267 reversus
1276 2214 1451 2278 esset,
1504 2210 1805 2265 Coloniam
1860 2210 2064 2264 urbem

413 2302 619 2372 petens
649 2300 784 2371 (17),
815 2299 915 2356 ubi
948 2300 1126 2356 frater
1155 2301 1283 2371 ejus
1334 2300 1527 2354 Bruno
1586 2298 2064 2369 archiepiscopus

416 2388 785 2461 praesidebat,
820 2393 1069 2445 matrem
1100 2388 1239 2444 illuc
1270 2405 1402 2444 cum
1439 2404 1572 2461 rege
1607 2387 1725 2442 tilio
1758 2386 1978 2457 pariter
2011 2389 2071 2441 et

418 2476 664 2549 pulchra
690 2477 912 2550 virgine
943 2479 1053 2549 (18)
1103 2478 1332 2533 obviam
1383 2476 1495 2532 sibi
1525 2474 1719 2531 vocari
1769 2475 2066 2547 praecepit.

421 2565 596 2622 Venit
650 2570 708 2622 et
768 2566 969 2638 regina
1046 2567 1327 2638 Gerburg,
1404 2581 1568 2620 soror
1626 2564 1775 2634 ejus,
1835 2568 1891 2617 et
1949 2566 2072 2617 tota

428 2654 644 2727 regalis
719 2655 1027 2726 utriusque
1100 2670 1272 2709 sexus
1348 2652 1676 2725 progenies,
1755 2668 1951 2707 amore
2008 2666 2071 2705 se

428 2741 679 2799 invicem
738 2743 973 2798 videndi
1045 2745 1412 2815 congregata,
1491 2740 1707 2807 divina,
1769 2744 1833 2793 ut
1890 2739 2068 2795 conﬁ-

430 2830 650 2897 dimus,
681 2830 764 2886 ita
798 2831 1141 2903 disponente
1189 2829 1532 2897 clementia;
1587 2845 1722 2884 nam
1771 2831 1905 2900 post
1950 2827 2071 2882 haec

436 2919 616 2976 simul
669 2937 730 2976 se
787 2937 903 2975 non
959 2920 1254 2987 videbant,
1318 2934 1424 2974 nec
1473 2915 1719 2972 ulterius
1778 2920 2069 2987 tempora-

434 3007 567 3064 liter
618 3008 985 3064 videbantur.
1046 3007 1157 3063 Sed
1214 3012 1271 3063 et
1300 3005 1401 3061 illa
1458 3005 1659 3060 inclita
1716 3009 1903 3060 mater
1952 3004 2072 3058 Ma-

431 3095 669 3155 chtildis
699 3097 922 3170 regina,
978 3100 1277 3152 tantorum
1331 3094 1467 3150 felix
1515 3110 1821 3167 procerum
1877 3096 2072 3165 partu,

2175 1867 2308 1906 vero
2336 1851 2483 1905 dans
2514 1852 2596 1905 eis
2629 1850 2930 1908 salutifera
2951 1854 3195 1920 monita,
3222 1855 3429 1910 deinde
3457 1856 3816 1930 Quidilinga-

2173 1940 2325 2011 burg
2356 1940 2633 2010 pervenit,
2680 1940 2756 1995 ibi
2815 1942 3054 1997 tandem
3113 1943 3296 1999 nimia
3327 1944 3489 2000 clade
3535 1951 3817 2019 correpta,

2173 2027 2469 2083 inﬁrmata
2495 2034 2794 2101 estusque
2823 2031 2893 2085 ad
2910 2031 3159 2087 obitum.
3179 2032 3398 2090 Videas
3428 2038 3623 2091 autem
3645 2040 3820 2091 extre-

2175 2133 2339 2171 mum
2368 2117 2655 2173 inminere
2686 2118 2797 2173 sibi
2832 2118 3008 2187 diem,
3036 2119 3215 2175 divini
3239 2138 3464 2178 memor
3490 2124 3674 2190 verbi,
3724 2125 3817 2180 ubi

2174 2204 2426 2261 dicitur:
2469 2207 2641 2261 Vende
2671 2208 2857 2263 omnia
2888 2223 3014 2279 quae
3066 2208 3228 2265 habes
3254 2218 3306 2265 et
3352 2211 3424 2266 da
3465 2216 3820 2284 pauperibus,

2173 2298 2223 2349 et
2256 2296 2399 2364 veni,
2429 2310 2651 2366 sequere
2682 2312 2766 2351 me
2796 2295 3005 2367 (Matth.
3039 2314 3115 2364 1x,
3142 2300 3253 2369 21),
3288 2316 3521 2356 omnem
3549 2304 3819 2359 continuo

2176 2382 2513 2437 divitiarum
2546 2382 3013 2440 habundantiam
3044 2403 3172 2458 qua
3204 2388 3480 2457 restabat,
3511 2389 3819 2464 episcopis,

2177 2471 2519 2543 presbiteris
2550 2476 2725 2544 atque
2759 2472 3160 2545 indigentibus
3180 2477 3404 2549 erogari
3435 2482 3494 2533 et
3523 2478 3677 2534 inter
3707 2496 3823 2535 mo-

2179 2561 2433 2615 nasteria
2464 2560 2641 2615 dividi
2689 2562 2982 2634 praecepit,
3030 2581 3149 2619 una
3203 2569 3435 2622 tantum
3467 2567 3579 2622 sibi
3624 2568 3822 2623 relicta

2178 2664 2296 2719 qua
2326 2649 2631 2719 tegebatur
2658 2655 2840 2718 veste,
2866 2650 2997 2706 aliis
3027 2652 3257 2708 duobus
3290 2652 3504 2725 palliis,
3537 2672 3655 2711 uno
3700 2674 3821 2713 coc-

2179 2736 2343 2791 cineo
2375 2742 2431 2791 et
2460 2737 2572 2792 alio
2603 2736 2778 2802 lineo,
2814 2755 2941 2810 quae
2973 2741 3043 2795 ad
3077 2741 3441 2813 sepulturam
3472 2744 3583 2799 sibi
3607 2745 3821 2802 servari

2171 2823 2372 2895 jussit.
2405 2824 2667 2897 Cumque
2686 2827 3019 2898 frequentes
3032 2830 3597 2905 conﬂuerentpopuli
3616 2834 3822 2891 divites

2180 2917 2237 2967 et
2266 2930 2572 2986 pauperes,
2605 2931 2711 2970 nec
2732 2916 3045 2988 quisquam
3068 2917 3383 2976 indonatus
3409 2921 3613 2991 abiret,
3639 2923 3823 2978 adfuit

2182 3005 2239 3057 et
2266 3002 2675 3059 Willehclmus
2714 3004 3090 3077 Mogontinus
3119 3007 3614 3082 archiepiscopus,
3669 3012 3822 3068 ﬁlius

2186 3090 2414 3147 Ottonis
2444 3091 2832 3164 imperatoris.
2863 3094 3090 3150 Ostium
3121 3096 3334 3152 domus
3364 3099 3601 3154 turbata
3630 3106 3821 3156 mente

427 3187 688 3261 primum
720 3167 1010 3258 acaesare,
1037 3185 1246 3241 deinde
1271 3184 1343 3240 ab
1374 3184 1649 3239 omnibus
1680 3181 1927 3254 posteris
1958 3180 2070 3236 ho-
2100 3167 2142 3234 C
2180 3179 2537 3253 ingrediens,
2559 3181 2657 3237 ubi
2678 3182 3149 3254 inﬁrmajacebat
3165 3185 3424 3252 domina,
3446 3186 3824 3261 lacrimisque

426 3276 664 3333 noriflce
714 3279 1006 3348 suscepta,
1059 3292 1196 3331 suos
1242 3273 1543 3345 complexa
1579 3271 1808 3327 laetatur
1852 3269 2069 3325 vidisse
2179 3269 2451 3339 perfusus
2482 3269 3043 3339 deflevitituram;et
3074 3273 3122 3329 si
3138 3275 3422 3331 rationem
3452 3276 3634 3332 ullam
3659 3278 3824 3334 dolor

424 3365 1015 3437 nepotes,etmaxime
1046 3362 1597 3419 ﬁliumincolumem
1612 3359 1715 3416 tali
1748 3364 2066 3432 augustum
2178 3357 2528 3425 admitteret,
2561 3359 2815 3430 gaudere
2838 3361 3035 3431 potius
3057 3362 3311 3429 deberet,
3344 3380 3481 3421 nam
3514 3364 3614 3420 illa
3630 3366 3820 3436 justo-

421 3453 653 3510 venisse
674 3453 734 3508 in
763 3453 951 3525 gloria
980 3451 1199 3508 exultat
1240 3451 1355 3506 Deo
1414 3451 1633 3523 gratias
1687 3449 1929 3521 agendo.
1962 3447 2064 3502 Cui
2176 3462 2306 3501 rum
2338 3446 2605 3518 gregi,ut
2621 3450 3027 3519 speramus,in
3059 3467 3199 3522 pace
3216 3453 3528 3524 conjuncta
3544 3455 3815 3526 quiescit.

422 3545 632 3597 cuncta
660 3558 787 3614 quae.
814 3542 885 3597 de
933 3540 1289 3597 monasterio
1335 3540 1557 3594 interea
1604 3538 1817 3593 fecerat
1863 3536 2063 3592 ordine
2173 3533 2353 3597 Quem
2383 3538 2447 3590 ut
2475 3536 2619 3591 vidit
2647 3536 2962 3606 dolentem,
2998 3540 3319 3611 ingemuit:
3355 3542 3489 3609 Tibi,
3523 3543 3818 3615 inquiens,

419 3630 709 3702 exposuit,
738 3628 823 3685 vel
844 3629 1002 3702 quali
1024 3629 1736 3702 angereturtimore,opus
1764 3627 2062 3697 inceptum
2170 3622 2484 3678 commendo
2513 3626 2762 3680 animam
2806 3644 3002 3693 meam,
3064 3630 3376 3686 commendo
3403 3635 3456 3686 et
3502 3631 3818 3689 destitutam

419 3735 535 3775 non
566 3733 737 3791 posse
758 3720 1055 3791 perficere,
1088 3720 1350 3774 orbatam
1383 3717 1474 3773 sui
1504 3720 1636 3787 post
1684 3718 1932 3770 mortem
1967 3731 2060 3769 re-
2170 3712 2587 3767 Northusensem
2617 3718 2914 3783 catervam,
2944 3733 3054 3772 non
3100 3718 3277 3772 solum
3301 3736 3338 3774 a
3366 3722 3416 3773 te
3455 3722 3813 3790 procurandi,

418 3806 736 3879 linquendo
753 3812 1063 3877 catervam,
1080 3824 1257 3879 seque
1261 3808 1284 3878 j
1295 3822 1389 3861 am
1420 3808 1585 3860 aetate
1600 3807 1892 3859 maturam
1908 3803 2063 3857 intu-
2170 3816 2356 3854 verum
2388 3803 2554 3855 etiam
2587 3803 2969 3873 imperatorem
2984 3821 3084 3875 pro
3105 3808 3185 3861 eis
3203 3806 3533 3863 admonendi
3558 3825 3731 3865 causa
3748 3812 3813 3879 ",

417 3895 506 3966 lit,
538 3900 596 3953 et
624 3895 872 3954 aliorum
906 3914 1104 3953 curam
1129 3897 1258 3952 ideo
1290 3913 1405 3952 non
1436 3894 1710 3968 gessisse,
1743 3892 1881 3965 quia
1895 3892 2059 3965 prius
2167 3892 2299 3959 quia
2329 3905 2503 3960 neque
2530 3890 2708 3945 adhuc
2737 3907 2898 3963 opere
2915 3897 3157 3965 profecto
3187 3897 3489 3951 maximam
3538 3898 3666 3953 inde
3689 3915 3815 3970 prae

415 3984 647 4058 incepta
677 3986 718 4021 ¹⁸
746 3986 1008 4042 nondum
1038 3986 1291 4058 perfecta
1319 3989 1503 4041 erant.
1539 3982 1641 4037 Cui
1689 3999 1787 4037 rex
1816 3981 2056 4037 caritate
2165 3978 2355 4033 ceteris
2383 3994 2575 4033 curam
2602 3995 2730 4047 gero
2761 3982 3038 4038 caenobiis.
3064 3983 3170 4047 Qui
3194 3984 3393 4040 omnia
3420 4002 3547 4058 quae
3566 3987 3815 4059 petierat

414 4072 514 4130 Dei
527 4074 843 4147 etproximi
856 4072 1662 4146 succensus,congratulando
1678 4072 1806 4141 ejus
1830 4068 2054 4125 meritis
2166 4064 2547 4137 impleturum
2565 4083 2625 4122 se
2658 4069 2945 4140 promisit.
2971 4074 3184 4128 Praeter
3211 4072 3332 4128 haec
3357 4072 3540 4130 multa
3570 4075 3695 4130 ﬁlio
3711 4076 3809 4132 0t-

412 4163 563 4221 scire
592 4180 654 4220 se
686 4164 832 4220 dixit
860 4163 1119 4221 extitisse
1171 4164 1468 4227 victorem,
1517 4165 1668 4216 etne
1714 4163 1909 4215 tantos
1940 4157 2052 4213 sibi
2162 4153 2581 4210 tonimandata
2608 4155 2767 4211 dedit
2782 4159 3090 4229 portanda,
3105 4161 3207 4216 sed
3225 4161 3285 4215 in
3318 4179 3530 4218 vanum
3553 4162 3807 4235 quiaille

410 4251 655 4326 fingeret
683 4258 895 4321 metus,
930 4253 1194 4308 animum
1220 4257 1551 4307 maternum
1569 4249 1740 4305 dictis
1756 4247 2049 4312 leniendo,
2160 4258 2355 4315 regem
2386 4242 2538 4298 ultra
2566 4260 2681 4300 non
2712 4245 2876 4313 vidit,
2913 4263 3046 4301 nam
3080 4249 3376 4305 modicum
3408 4255 3540 4322 post
3583 4251 3800 4319 vivens,

408 4356 471 4396 se
495 4342 809 4412 superstite
866 4341 1110 4413 suisque
1166 4340 1414 4412 posteris
1462 4338 1719 4410 jurando
1778 4334 2050 4407 promisit
2161 4334 2406 4386 mortem
2441 4332 2623 4387 subiit
2655 4333 3168 4406 (An.968Mart.2).
3199 4335 3378 4409 Cujus
3392 4338 3612 4395 exitum
3629 4340 3803 4413 digna

406 4428 593 4483 eidem
625 4429 885 4483 ecenobio
916 4445 1218 4500 nunquam
1240 4429 1442 4483 deesse
1462 4426 1655 4482 omnis
1685 4423 1937 4480 subsidii
1960 4440 2049 4479 so-
2156 4419 2257 4474 illa
2284 4420 2499 4475 Christi
2531 4420 2755 4476 famula
2781 4422 3172 4492 vaticinando,
3191 4427 3360 4497 quasi
3384 4427 3531 4484 bene
3547 4430 3793 4493 conscia,

402 4514 619 4571 lamen.
652 4515 891 4571 Talibus
922 4517 1219 4572 dominam
1251 4513 1620 4588 permulcens
1652 4513 2041 4586 sermonibus,
2074 4532 2121 4595 Β
2156 4525 2290 4563 cum
2323 4509 2528 4575 abiret,
2550 4510 3025 4581 praedixitdicens
3050 4518 3244 4571 :Estne
3261 4516 3417 4571 nobis
3438 4518 3795 4589 atiquidquod

399 4607 774 4660 transeuntes
805 4604 1163 4661 inSaxonum
1179 4605 1473 4677 regionem
1504 4604 1575 4659 ad
1606 4603 1874 4659 eamdem
1894 4602 2039 4656 Nar-
2158 4597 2439 4652 li’ilhelmo
2470 4597 2597 4652 (lari
2614 4601 2780 4669 possit
2811 4601 3058 4671 episeovo
3080 4603 3107 4656 ?
3128 4602 3233 4658 Cui
3263 4621 3397 4660 cum
3432 4608 3792 4679 respondere-

400 4692 614 4749 thusen
644 4693 1001 4749 devenerunt
1030 4694 1341 4760 civitatem,
1375 4698 1432 4749 et
1461 4692 1532 4748 ad
1565 4692 1868 4765 praefatum
1912 4707 2036 4746 mo-
2145 4691 2243 4741 tur
2272 4685 2453 4741 nichil
2484 4703 2632 4752 esse,
2666 4688 2747 4742 ait
2777 4687 2916 4744 illa:
2956 4692 3057 4746 Ubi
3083 4697 3208 4747 sunt
3234 4694 3435 4765 pallia,
3466 4700 3791 4766 quwnostra‘

399 4782 723 4838 nasterium
755 4783 1029 4855 quicquid
1061 4787 1246 4837 mater
1272 4782 1355 4837 vel
1405 4782 1561 4837 illius
1612 4798 1710 4836 rex
1758 4781 2039 4837 dederant
2145 4776 2446 4847 sepulturae
2492 4775 2763 4844 jussimus
2820 4778 3200 4836 observanda?
3244 4784 3454 4838 Dentur
3499 4785 3638 4853 hac,
3668 4802 3789 4840 nam

398 4872 641 4939 addens,
674 4876 731 4927 et
768 4871 893 4943 ipse
940 4872 1341 4944 possessiones
1389 4877 1549 4927 casta
1577 4888 1753 4926 manu
1803 4868 2037 4941 propria
2146 4865 2241 4919 ille
2269 4864 2345 4919 ad
2377 4879 2537 4918 suum
2561 4865 2664 4918 iter
2690 4868 2866 4936 magis
2895 4867 2983 4923 his
3002 4884 3134 4941 opus
3180 4871 3359 4927 habet.
3395 4873 3459 4926 In
3505 4874 3663 4929 nobis
3695 4891 3788 4930 au-

396 4957 1864 5034 subsignatafirmiterinperpetuumtradidit.Inde
1891 4955 2035 5011 alias
2142 4954 2251 5006 tem
2285 4950 2633 5022 implebitur,
2683 4956 2825 5024 quod
2854 4971 2947 5010 ore
2993 4959 3147 5027 vulgi
3192 4960 3434 5017 dicitur:
3479 4985 3509 5012 «
3537 4964 3789 5020 Parentes

394 5050 682 5124 populum
714 5050 965 5123 regendo
986 5065 1303 5122 peragrans
1332 5047 1777 5119 urbes,aliquod
1802 5052 2034 5116 tempus
2143 5042 2447 5112 nuptialem
2478 5048 2674 5097 vestem
2710 5045 3001 5101 inveniunt
3028 5050 3080 5102 et
3126 5049 3434 5119 lugubrem.
3470 5073 3500 5101 ››
3533 5051 3788 5108 Circum-

1746 5198 1987 5254 VARI/E
2025 5192 2433 5253 LECTIONES.

386 5319 430 5358 “
461 5319 499 5378 i.
535 5336 592 5378 η.
626 5319 819 5379 desunt
842 5322 902 5379 in
932 5341 980 5381 c.
1011 5319 1105 5380 sed
1129 5317 1448 5396 supplenda.
1528 5320 1571 5356 ‘9
1599 5316 1776 5376 decus
1795 5336 1842 5375 e.
1919 5314 1963 5353 9°
1992 5310 2182 5373 sciens
2211 5330 2259 5369 ε.
2335 5312 2375 5347 ²¹
2408 5311 2612 5368 excidit
2641 5315 2701 5369 in
2732 5312 2846 5371 cod.

1964 5446 2193 5507 NOTE.

452 5567 564 5650 (17)
594 5568 725 5627 Vite
754 5570 981 5630 Ottonis
1015 5572 1037 5630 Ι
1064 5572 1297 5631 tabulas
1324 5572 1431 5630 293
1460 5586 1588 5646 sqq.
1625 5588 1718 5646 ap.
1753 5567 2025 5628 Bohmer.
2212 5564 2327 5639 (18)
2359 5558 2645 5622 Mathilda
2666 5560 2805 5623 filia.
