3968 6158
205 319 234 384 Ἰ
245 320 357 386 325

1471 291 1535 383 ε.
1581 301 2010 385 MATHILDIS
2050 317 2370 403 suam.

3464 323 3618 387 1826

207 461 426 515 stantes
455 456 651 513 autem
671 453 1005 511 nescierunt
1025 453 1097 511 ad
1120 454 1259 527 quid
1282 455 1390 512 hoc
1410 455 1652 523 dixerat,
1676 459 1845 528 puta-
1880 457 1932 524 Α
1968 454 2205 511 noriﬁce
2235 455 2451 511 tradita
2479 457 2810 529 sepulturae,
2827 460 2998 531 juxta
3015 455 3354 532 sepulcrum
3394 455 3617 513 domini

204 548 339 604 bant
367 546 525 602 enim
555 561 691 601 eum
720 544 1085 617 Mogonciam
1119 545 1373 601 iturum.
1406 546 1516 601 Sed
1548 544 1728 601 nichil
1757 544 1856 601 ho~

202 652 329 692 rum
340 634 747 708 imperfectum
760 632 1055 705 praeteriit,
1072 649 1198 706 quae
1211 634 1863 707 sanctaprOphetaverat

201 724 434 790 femina,
455 739 643 794 neque
657 722 729 778 de
743 722 997 777 transitu
1028 722 1311 795 episcopi,
1331 722 1857 795 nequedevestium

201 811 507 869 oblatione.
525 812 672 867 Nam
703 827 837 866 cum
868 811 1144 867 defuncta
1190 812 1404 868 feretro
1436 813 1838 884 imponeretur

204 903 486 956 venerunt
508 898 707 954 nuncii
731 898 861 953 ﬁlias
884 899 1013 970 ejus
1036 898 1249 970 reginae
1265 900 1581 972 Gerburgis
1608 898 1852 971 pallium

204 989 447 1045 ferentes
478 1003 622 1043 auro
652 986 964 1054 intextum,
998 988 1157 1059 quod
1185 1004 1367 1043 suum
1398 987 1739 1059 dominique
1761 988 1855 1043 sui

204 1077 355 1152 regis
410 1077 645 1133 Henrici
679 1075 1019 1149 sepulcrum
1060 1082 1261 1148 aptum
1285 1081 1410 1132 erat
1430 1077 1499 1131 ad
1524 1076 1854 1149 cooperien-

204 1167 362 1223 dum.
383 1164 645 1232 Quodam
661 1164 843 1237 igitur
864 1165 958 1220 die
980 1165 1227 1232 sabbati,
1245 1181 1419 1237 quem
1436 1181 1667 1237 semper
1680 1165 1850 1221 bonis

205 1258 497 1312 amaverat
523 1254 819 1325 operibus,
840 1253 1115 1309 extremis
1145 1253 1716 1325 supervenientibus,
1750 1271 1848 1310 ne-

204 1343 426 1417 ptulam
440 1342 1010 1414 suam,imperatoris
1023 1341 1475 1408 ﬁliam,cmnobii
1490 1342 1848 1398 abbatissam

207 1432 277 1488 ad
297 1449 359 1488 se
380 1447 612 1499 vocans,
629 1428 951 1486 salutiferis
974 1429 1302 1485 insistendo
1334 1428 1596 1496 monitis,
1618 1429 1777 1502 piam
1794 1433 1852 1485 et

206 1518 513 1586 humilem,
530 1518 878 1592 prudentem
900 1522 957 1574 et
975 1522 1208 1574 cautam
1225 1517 1337 1573 sibi
1360 1518 1676 1573 commisso
1688 1516 1849 1591 gregi

206 1608 464 1664 studiose
479 1607 778 1679 providere
800 1606 1025 1673 docuit;
1046 1605 1463 1662 monasterium
1479 1623 1608 1662 raro
1630 1607 1847 1679 egredi,

205 1697 388 1753 sacris
418 1698 673 1752 mentem
698 1694 1003 1769 indulgere
1022 1695 1352 1768 scripturis,
1386 1701 1442 1751 et
1471 1712 1598 1766 quae
1632 1695 1850 1768 legeret

1970 543 2062 600 sui
2098 544 2324 599 Henrici
2356 544 2697 616 requiescit.

2043 634 2128 689 16.
2164 637 2304 689 Post
2333 634 2504 704 cujus
2534 649 2835 690 excessum
2866 635 3041 708 legati
3091 636 3308 709 scripta
3362 635 3614 692 ferentes

1967 721 2025 776 in
2049 722 2276 777 Italiam
2300 721 2550 795 ingressi
2567 722 3620 798 sunt,ubiﬁ1iuseiusOttoimperator

1967 826 2090 865 rem
2120 810 2420 883 publicam
2454 811 2819 884 gubernabat
2848 812 3029 880 Latio,
3062 811 3149 867 vir
3186 813 3346 869 omni
3402 813 3615 886 pietate

1965 900 2174 954 merito
2199 899 2698 971 praedicandus,si
2725 902 2775 955 ei
2797 899 2885 955 vel
2918 900 3190 956 diadema
3208 917 3325 955 non
3354 900 3613 974 legitime

1963 988 2066 1043 sed
2088 988 2482 1045 tumultuante
2496 988 2682 1045 milite
2697 989 3041 1061 impositum
3059 988 3367 1061 repudiare
3381 989 3616 1061 (28),ve1

1962 1076 2143 1132 armis
2156 1077 2449 1133 abstinere
2464 1077 2746 1133 licuisset.
2766 1078 2877 1133 Sed
2891 1094 3172 1151 magnum
3188 1076 3502 1150 imperium
3514 1094 3621 1135 nec

1959 1165 2085 1220 sine
2143 1167 2322 1221 armis
2372 1165 2563 1238 potuit
2610 1167 2813 1222 teneri.
2849 1166 2977 1222 Non
3021 1171 3220 1221 tamen
3277 1163 3449 1220 illum
3480 1181 3622 1237 opes

1960 1254 2144 1325 regni,
2170 1270 2275 1310 nec
2305 1253 2533 1327 imperii
2559 1253 2836 1327 dignitas,
2866 1272 2983 1310 non
3012 1254 3305 1327 diadema,
3336 1269 3454 1310 non
3484 1270 3624 1326 pur-

1956 1359 2123 1414 pura,
2147 1342 2359 1398 Christi
2393 1360 2427 1398 a
2469 1343 2757 1399 famulatu
2836 1342 3111 1399 divellere
3157 1346 3445 1416 poterant.
3478 1343 3625 1399 Huic

1958 1430 2257 1502 palaeium
2284 1431 2562 1487 insidenti
2608 1431 2803 1506 legati,
2840 1436 2905 1488 ut
2945 1432 3224 1501 diximus,
3254 1431 3622 1505 introgressi,

1960 1536 2074 1592 quo
2135 1536 2234 1575 rex
2287 1520 2404 1575 alto
2455 1521 2694 1577 sedebat
2721 1521 2887 1590 solio,
2920 1526 2978 1578 et
3015 1538 3213 1578 coram
3270 1522 3408 1578 data
3455 1519 3626 1594 copia

1960 1607 2141 1674 fandi,
2162 1607 2442 1680 epistolas
2457 1609 2773 1680 aperiendo
2789 1614 3037 1667 matrem
3053 1609 3239 1683 ipsius
3253 1610 3447 1666 obisse
3468 1626 3622 1666 nun-

1959 1696 2206 1751 ciarunt.
2234 1696 2471 1761 Quaille
2491 1714 2629 1752 voce
2650 1704 2922 1771 percepta
2941 1703 3099 1755 totus
3138 1715 3443 1767 excussus,
3473 1698 3619 1755 facie

205 1786 350 1842 alias
376 1787 422 1821 ²¹
453 1786 660 1841 docere
700 1784 979 1857 quicquid
1014 1800 1148 1839 vero
1179 1784 1324 1839 alias
1359 1784 1650 1840 monendo
1674 1783 1848 1840 insti-
1892 1827 1938 1890 Β
1968 1785 2515 1858 pallidus,lacrimis
2552 1786 2774 1842 obortis
2813 1788 3108 1844 uberrime
3141 1787 3317 1854 ﬂevit,
3350 1790 3614 1844 materno

207 1873 628 1946 mularet,ipsa
656 1873 819 1946 prius
850 1872 1128 1929 omnibus
1158 1872 1496 1944 relinquens
1526 1871 1859 1944 exemplum

218 1964 393 2020 bonis
420 1961 671 2036 inpleret
701 1963 996 2035 operibus.
1026 1962 1175 2026 Quin
1200 1960 1374 2017 etiam
1405 1961 1859 2032 computarium,

208 2053 267 2108 in
293 2069 411 2126 quo
436 2056 604 2108 erant
623 2052 865 2107 nomina
878 2067 1185 2124 procerum
1201 2049 1858 2122 seriptadefunctorum,

212 2141 272 2196 in
306 2157 549 2196 manum
581 2140 769 2212 ipsius
827 2141 996 2206 dans,
1026 2139 1286 2195 animam
1319 2137 1402 2192 illi
1434 2137 1865 2194 commendavit

211 2229 466 2286 Heinrici
495 2245 600 2285 nec
627 2246 740 2284 non
760 2233 816 2284 et
838 2245 1031 2292 suam,
1051 2229 1150 2284 sed
1196 2231 1255 2283 et
1300 2226 1564 2281 omnium
1608 2242 1858 2298 quorum

208 2319 340 2391 ipsa
356 2318 701 2375 memoriam
723 2316 1015 2373 recolebat
1046 2315 1330 2371 ﬁdelium.
1360 2314 1685 2369 Novissime
1715 2330 1857 2386 quo-

207 2423 322 2478 que
335 2407 591 2479 Ricburg
603 2404 1234 2461 abbatissaNorthusen
1242 2403 1323 2459 sis
1337 2406 1543 2458 mmsta
1556 2397 1857 2475 processit,

207 2494 420 2567 reginae
443 2495 619 2566 pedes
648 2494 796 2549 ﬂens
828 2493 1236 2565 amplectende
1271 2509 1283 2546 :
1320 2491 1421 2546 Cui
1450 2506 1568 2557 nos,
1607 2491 1708 2558 ait,
1739 2507 1859 2561 spes

206 2584 386 2639 nostri
439 2584 689 2639 omnium
736 2589 788 2637 et
840 2582 1105 2646 solamen,
1135 2580 1407 2636 desolatas
1449 2580 1759 2650 relinquis?
1788 2581 1859 2634 At

207 2669 331 2738 illa,
365 2669 551 2727 oculis
579 2669 817 2727 elevatis
849 2674 907 2724 et
935 2669 1212 2724 manibus
1254 2667 1529 2740 expansis
1565 2684 1577 2722 :
1608 2670 1856 2735 Summo,

209 2758 423 2833 inquit,
464 2775 555 2815 vos
599 2758 910 2815 commendo
960 2759 1191 2830 pastori.
1255 2758 1422 2813 Credo
1477 2760 1626 2813 enim
1677 2758 1860 2828 ﬁlium

206 2864 393 2905 meum
403 2849 607 2921 prioris
626 2846 772 2902 haud
794 2848 1165 2903 immemorem
1177 2848 1577 2919 promissionis,
1608 2846 1857 2913 dicentis,

208 2953 272 2993 se
297 2939 583 3012 superstite
610 2938 832 3008 suisque
859 2938 1083 3009 posteris
1114 2936 1286 2992 eidem
1304 2953 1590 3007 nunquam
1619 2937 1861 2992 solamen

208 3026 397 3083 deesse
421 3027 697 3088 emnobio;
725 3027 816 3081 sin
846 3034 1050 3094 autem,
1076 3042 1167 3081 vos
1196 3026 1263 3081 ab
1293 3025 1603 3082 hominibus
1634 3027 1856 3094 relictae,

210 3117 343 3187 quia
360 3117 499 3171 Deus
518 3117 579 3171 in
602 3131 659 3171 se
686 3118 966 3186 sperantes
1014 3130 1123 3169 non
1161 3114 1377 3183 deserit,
1406 3117 1652 3186 primum
1702 3130 1858 3185 qua:-

208 3206 319 3260 rite
351 3220 579 3275 regnum
613 3205 730 3271 Dei,
749 3212 803 3259 et
834 3204 1020 3259 omnia
1049 3202 1383 3274 adﬁcientur
1410 3205 1557 3260 vobis
1579 3204 1728 3275 (Luc.
1753 3204 1851 3274 xii,
1888 3189 1932 3257 C

209 3291 325 3363 31).
354 3291 568 3348 Deinde
590 3292 662 3349 ad
694 3291 1146 3347 circumstantes
1176 3307 1455 3346 conversa
1494 3291 1639 3345 dixit
1670 3307 1683 3346 :
1720 3294 1863 3347 Bene

208 3382 381 3452 agite,
412 3381 762 3453 ciliciuqu
780 3381 925 3435 mihi
942 3380 1237 3452 svbponite,
1250 3396 1337 3436 me
1353 3397 1572 3435 sursum
1598 3397 1769 3436 versa:
1803 3384 1862 3435 ut

207 3470 445 3541 spiritus
472 3468 656 3525 redeat
680 3468 751 3524 ad
781 3473 976 3536 Deum,
1004 3484 1129 3523 caro
1159 3484 1283 3523 vere
1336 3469 1620 3540 redigatur
1642 3472 1703 3525 in
1732 3471 1862 3541 pul-

209 3574 413 3614 verem.
447 3556 549 3613 His
578 3556 776 3630 itaque
805 3557 1083 3614 omnibus
1106 3557 1277 3628 juxta
1305 3557 1567 3614 divinum
1598 3558 1862 3615 ordinem

210 3645 542 3719 dispositis,
560 3646 731 3719 plena
745 3646 970 3702 dierum
994 3650 1053 3701 et
1066 3646 1318 3718 perfecta
1332 3651 1516 3714 aetate,
1532 3647 1864 3720 exemplum

212 3734 356 3790 boni
379 3733 570 3807 operis
601 3733 850 3806 posteris
880 3733 1237 3806 relinquens,
1262 3734 1492 3791 soboles
1521 3753 1661 3792 suas
1692 3741 1866 3808 atque

212 3841 289 3880 ex
319 3823 405 3881 eis
437 3823 642 3879 videns
674 3827 913 3896 nepotes
945 3839 1133 3896 usque
1159 3823 1219 3879 in
1250 3828 1518 3896 quartam
1550 3824 1871 3897 generatio-

216 3930 356 3969 nem
389 3913 524 3985 (19),
549 3912 843 3969 Mactildis
875 3912 1078 3985 regina
1112 3919 1222 3969 Deo
1253 3918 1309 3969 et
1339 3912 1565 3986 angelis
1594 3912 1870 3985 spiritum

215 4000 497 4067 reddidit,
513 4000 903 4073 migravitque
923 4000 996 4055 ad
1019 4000 1330 4056 Dominum
1352 4002 1388 4053 2
1418 4000 1556 4056 Idus
1589 4000 1788 4056 Marcii
1811 4000 1868 4055 in

1972 1873 2138 1929 illum
2162 1874 2446 1929 excitante
2468 1890 2685 1931 amore.
2702 1875 2919 1932 Deinde
2939 1877 3139 1932 omnia
3160 1892 3221 1933 se
3252 1875 3616 1950 inpleturum

1972 1979 2098 2034 quae
2110 1963 2359 2033 genitrix
2377 1964 2621 2034 petierat
2642 1964 2993 2020 afﬁrmabat.
3010 1964 3397 2022 Perfecitvero
3415 1964 3616 2021 statim

1970 2056 2026 2106 et
2056 2050 2256 2123 aliqua
2282 2051 2671 2108 Northusensi
2701 2052 2963 2109 coenobio
2989 2053 3204 2109 tradita
3222 2056 3386 2125 parte
3416 2053 3619 2109 matri-

1970 2139 2151 2194 monii
2173 2139 2420 2194 materni
2443 2139 2504 2194 in
2527 2139 2871 2197 occidentali
2902 2141 3158 2212 regione.
3192 2140 3351 2197 Misit
3390 2144 3448 2196 et
3476 2139 3618 2195 illuc

1970 2226 2338 2299 privilegium
2370 2244 2403 2282 a
2434 2229 2695 2284 Romano
2728 2245 2880 2300 papa
2909 2227 3620 2300 datum,utipsadomina

1969 2315 2133 2388 prius
2149 2315 2562 2388 postulaverat.
2582 2317 2693 2372 Sed
2716 2316 2953 2388 aliquod
2974 2316 3035 2371 in
3052 2316 3313 2372 Ausonia
3325 2317 3370 2351 ³³
3385 2320 3619 2388 tempus

1971 2405 2331 2473 morabatur,
2352 2405 2533 2461 donec
2557 2404 2675 2461 ﬁlio
2699 2422 2806 2461 suo
2825 2404 3248 2477 Ottonijuniori
3268 2405 3340 2461 de
3353 2404 3620 2477 partibus

1968 2493 2218 2562 Graeciae,
2235 2494 2468 2566 augusti
2493 2494 2563 2549 de
2586 2493 2824 2566 palatio,
2847 2493 3060 2567 regalis
3091 2494 3298 2550 fuisset
3327 2493 3463 2549 data
3490 2508 3623 2549 con-

1960 2584 2068 2654 jux
2102 2582 2378 2654 praeclara
2407 2583 2562 2638 dicta
2591 2582 2828 2638 nomine
2860 2582 3225 2656 Theophanu
3264 2598 3401 2638 cum
3443 2581 3619 2638 innu-

1970 2672 2149 2727 meris
2181 2671 2595 2727 thesaurorum
2640 2672 2857 2727 divitiis
2894 2671 3008 2743 (2l)
3030 2672 3154 2743 (An.
3184 2671 3313 2737 972,
3343 2671 3472 2742 Apr.
3506 2670 3617 2742 14).

1968 2762 2181 2816 Etcum
2199 2760 2429 2817 fecisset
2440 2761 2643 2816 ambos
2657 2759 2945 2833 imperiali
2959 2759 3218 2817 decorari
3231 2759 3469 2815 nomine
3480 2758 3618 2829 (22),

1966 2854 2106 2906 tunc
2118 2850 2355 2905 demum
2371 2851 2619 2923 conjuge
2631 2848 2808 2905 simul
2823 2848 3139 2906 comitante
3151 2847 3387 2921 ﬁlioque
3398 2846 3619 2920 pariter

1968 2956 2103 2995 cum
2133 2956 2331 3003 uxore,
2346 2939 2596 3010 patriam
2638 2943 2931 2994 Saxonum
2965 2937 3164 2994 revisit
3185 2937 3315 3010 (23).
3348 2934 3619 2993 Paschali

1968 3045 2101 3083 vero
2126 3033 2386 3099 tempore
2411 3028 2483 3082 ad
2515 3027 2723 3083 urbem
2770 3025 3260 3098 Quidilingaburg
3304 3023 3463 3080 venit
3492 3022 3617 3095 (An.

1966 3118 2092 3183 973,
2106 3118 2263 3171 Mart.
2278 3118 2392 3188 23),
2409 3116 2507 3172 ubi
2525 3116 2710 3187 patris
2733 3115 2921 3170 fuerat
2941 3131 3007 3170 ac
3037 3113 3243 3170 matris
3255 3111 3617 3185 sepulcrum,

1968 3206 2168 3277 ibique
2199 3204 2516 3260 honoriﬁce
2547 3208 2875 3276 susceptus,
2908 3202 3069 3258 omni
3099 3202 3314 3276 populo
3362 3200 3415 3258 ei
3445 3201 3489 3238 ³⁸
3518 3199 3622 3257 ob-

1966 3293 2122 3348 viam
2167 3296 2539 3365 congregato,
2574 3291 3008 3348 sacratissimos
3055 3289 3176 3347 illic
3232 3288 3620 3363 permanebat

1970 3382 2113 3437 dies.
2147 3381 2284 3436 Inde
2298 3382 2422 3452 jam
2447 3396 2720 3453 egressus
2744 3378 3106 3435 Mimilevum
3137 3382 3389 3451 aegrotus
3419 3393 3622 3450 perve-

1973 3470 2189 3543 nit(2/i)
2220 3470 2364 3541 (Mai.
2399 3469 2476 3539 6),
2510 3469 2707 3540 ibique
2737 3466 2830 3523 die
2856 3467 3109 3540 quadam
3155 3466 3476 3523 oratorium
3530 3465 3620 3521 in-

1974 3560 2187 3614 ductus
2209 3563 2265 3613 et
2284 3556 2646 3630 vespertinas
2666 3556 2870 3612 laudes
2892 3556 3158 3624 audiens,
3181 3559 3248 3611 ut
3277 3571 3509 3628 semper
3527 3570 3621 3610 ec-

1975 3647 2181 3703 clesias
2197 3646 2414 3717 Deique
2427 3644 2728 3701 servitium
2742 3643 3044 3715 diligebat,
3062 3643 3287 3718 angelis
3303 3643 3624 3716 suscipien-

1974 3736 2135 3791 tibus
2151 3734 2348 3790 emisit
2368 3733 2642 3806 spiritum
2660 3733 2808 3803 (Mai.
2821 3732 2896 3803 7).
2913 3732 3240 3805 Igiturpost
3257 3734 3386 3805 ejus
3398 3733 3622 3789 exitum

1977 3827 2108 3880 Otto
2141 3822 2364 3893 junior,
2397 3822 2555 3877 ﬁlius
2605 3821 2735 3892 ejus
2793 3819 3339 3886 excellentissimus,
3370 3835 3622 3892 regnum

1980 3912 2321 3969 Latinorum
2381 3910 2641 3982 possedit
2687 3913 2744 3966 et
2787 3912 3102 3977 Saxonum,
3137 3923 3314 3980 quem
3369 3911 3625 3980 paterna

1982 4001 2265 4072 avitasque
2287 4016 2401 4054 non
2433 3998 2717 4070 imparem
2750 3997 3045 4053 credimus
3066 3995 3297 4052 virtutis
3314 3997 3627 4068 praestante

214 4089 711 4162 Quidilingaburg
736 4088 968 4144 civitate
998 4089 1121 4160 (An.
1155 4088 1281 4156 968,
1327 4089 1483 4144 Mart.
1528 4090 1637 4160 14),
1673 4089 1872 4161 ibique
1907 4129 1953 4162 η
1984 4088 2223 4145 domino
2246 4093 2445 4144 nostro
2474 4088 2615 4143 Jesu
2647 4086 2898 4154 Christo,
2929 4086 3030 4157 qui
3059 4084 3199 4142 vivit
3226 4087 3285 4142 et
3339 4087 3543 4158 regnat
3565 4083 3626 4143 in

214 4180 282 4235 in
300 4176 544 4235 basilica
563 4178 751 4233 sancti
776 4176 1027 4232 Servacii
1048 4176 1307 4249 episcopi
1329 4180 1385 4233 et
1399 4176 1750 4234 confessoris
1772 4177 1870 4234 ho-

1981 4176 2184 4234 omnia
2211 4175 2425 4233 secula.
2460 4178 2667 4232 Amen.

1605 4318 1843 4376 VARIzE
1884 4317 2279 4376 LECTIONES

293 4436 340 4472 ”
369 4434 517 4492 alios
544 4451 592 4491 c.
668 4434 715 4469 ³³
739 4431 903 4490 Italia
930 4433 1111 4503 glossa
1138 4433 1198 4487 in
1226 4431 1344 4489 cod.
1421 4433 1466 4467 ²⁴
1496 4432 1556 4488 in
1583 4449 1629 4488 c.

1788 4544 2021 4608 NOTAE.

296 4664 408 4738 (19)
437 4663 567 4738 Otto
624 4664 743 4722 dux
771 4664 1010 4733 Sueviae,
1045 4660 1202 4721 ﬁlius
1259 4661 1527 4733 Liudolﬁ,
1562 4667 1737 4720 natus
1785 4669 1875 4720 est
1983 4680 2110 4738 esse
2141 4667 2387 4738 constat,
2422 4661 2862 4738 TheOphaniam
2886 4679 2920 4720 a
2950 4679 3099 4738 papa
3121 4662 3345 4738 Joanne
3376 4662 3502 4720 XIII
3521 4663 3632 4738 im-

217 4738 351 4794 954.
381 4737 661 4809 ΟΓηΟοηιτ
694 4739 829 4809 Reg.

299 4809 412 4881 (20)
444 4807 562 4865 Hoc
592 4806 807 4881 falsum
839 4824 967 4865 esse
999 4812 1260 4881 constat;
1284 4806 1447 4881 bella
1475 4824 1602 4881 quae
1636 4823 1876 4881 corona-

219 4878 445 4935 tio‘nem
497 4880 897 4952 sequebantur
950 4882 1022 4936 ad
1082 4880 1234 4936 hanc
1279 4880 1467 4952 ipsam
1492 4878 1649 4936 falso
1684 4878 1881 4935 retulit

224 4954 531 5093 “(stivae
563 5021 818 5078 Annales
850 5021 1111 5077 Hildesh.
1146 5022 1216 5077 ad
1241 5039 1293 5077 a.
1325 5021 1448 5077 972.

307 5022 419 5165 (22)
449 5091 718 5149 Ottonem
750 5092 817 5162 ΙΙ,
852 5109 904 5148 a.
935 5093 1064 5161 967,
1095 5093 1448 5164 imperatore:

449 5091 718 5149 Ottonem
750 5092 817 5162 ΙΙ,
852 5109 904 5148 a.
935 5093 1064 5161 967,
1095 5093 1505 5164 imperatorem
1536 5098 1880 5150 coronatum

2028 4734 2265 4792 erialem
2297 4734 2885 4792 accepisse—coronam
2916 4734 3043 4791 soli‘
3058 4734 3272 4790 habent
3326 4740 3480 4790 Ann.
3520 4736 3628 4791 Lo-

1988 4753 2588 4863 gerialemgpgeipisae
2610 4753 2674 4862 pp

2032 4825 2221 4863 lenses
2362 4850 2375 4873 ,
2469 4850 2482 4862 .
2568 4848 2580 4862 .
2665 4849 2676 4861 .

2062 4880 2176 4960 (23)
2212 4878 2677 4960 Inﬂg‘ermaniam
2709 4878 3029 4935 redierata.
3061 4877 3188 4946 972,
3222 4876 3282 4932 in
3317 4874 3630 4936 Saxoniam

1990 4950 2147 5004 venit
2177 4966 2230 5004 a.
2263 4950 2390 5004 973.

2063 5020 2175 5093 (24)
2205 5020 2288 5076 Cf.
2320 5017 2664 5076 Widukind.
2697 5018 2792 5088 III,
2812 5021 2903 5077 75.
