4026 6176
432 261 592 336 1327
1726 269 2022 333 APPENI

2270 271 2438 336 ΞᾸΞΕ.
2482 270 2558 338 Χ.
3688 277 3860 354 1323

847 555 1616 716 EPISTULA
1713 562 2408 718 INEDITA
2503 566 3412 729 MATHILDIS

1905 818 2361 930 SUEVfE

953 1009 1258 1066 SORORIS
1297 1010 1528 1067 GISLJE
1567 1011 2081 1070 IMPERATRICIS
2121 1016 2212 1071 ET
2251 1015 2438 1072 AVUE
2477 1017 2876 1075 MATHILDIS
2919 1019 3265 1078 TOSCANE

434 394 2456 428 ψ

1653 1165 1816 1211 nam
1861 1165 2023 1212 ANNO
2068 1152 2220 1212 1027
2267 1169 2391 1214 an'r
2434 1153 2593 1213 1028

2087 1310 2159 1349 AD

1481 1439 2543 1546 MISBGONBM
2631 1447 2764 1546 II

1858 1647 2119 1693 POLONLE
2165 1647 2366 1692 REGEM

1029 1769 1447 1850 (Preefationis
1477 1771 1617 1832 loco
1651 1772 1729 1832 ad
1762 1772 2043 1833 codicem
2073 1773 2456 1851 Liturgicum
2489 1773 3055 1836 Carolino-Alcuinv.
3071 1773 3196 1854 um)

789 1921 916 2009 ET
974 1919 1768 2012 COMMENTARIUS
1828 1923 3466 2015 GRITIGO-HISTORICO-EXEGETICUS

1723 2093 1802 2154 IN
1846 2093 2012 2154 EAM
2057 2094 2510 2157 EPISTOLAM

2091 2253 2215 2291 SIVE

545 2365 971 2440 VlNDICI/E
1017 2367 1407 2444 QUATUOR
1447 2367 1910 2432 PRIMORUM
1944 2368 2135 2431 μοι(

2103 2367 2358 2431 ιΟΝΙΛῖ
2399 2368 3336 2434 ῙΑΑΤΙΝΟ-ΟΗΒΙΞΤΙΑΝΕ
3378 2371 3693 2438 REGUM

1977 2528 2006 2566 Δ
2013 2527 2223 2566 UCTORE
2233 2554 2244 2566 .

1477 2653 1792 2741 PHIL.
1855 2650 2110 2740 ANT.
2171 2651 2773 2742 DETHIEBO

596 2810 1012 2869 PHILOSOPH.
1055 2809 1384 2867 DOCTORE
1425 2809 1516 2866 ET
1555 2810 1704 2867 SOC.
1746 2809 2290 2875 ANTIQUITATUM
2331 2809 2680 2866 THURING.
2721 2810 2969 2868 SAXON.
3011 2811 3241 2870 SODAL
3281 2813 3371 2870 ΑΒ
3410 2813 3637 2873 EPIST.

1268 2944 1441 3025 (Cum
1488 2943 1617 3005 tab.
1667 2963 1774 3005 aer.
1820 2944 1944 3005 inc.
1996 2950 2058 3006 et
2100 2926 2542 3022 stemmatogr.
2590 2945 3014 3026 Matbildina.)

1648 3087 1757 3149 [250
1791 3086 2194 3152 Exemplaribus
2222 3085 2520 3150 impressa.]

1283 3212 1552 3283 (Berolini
1573 3210 1718 3284 apud
1748 3211 2034 3278 Bchrium,
2068 3211 2228 3267 4842.
2264 3243 2332 3254 —-
2365 3212 2521 3284 Typz's
2551 3212 2928 3284 Haenelianis.)

1903 3381 2326 3394 ‘n——-—

1687 3509 2534 3617 PBZEFATIO

478 3719 662 3784 Quem
693 3718 914 3791 publici
935 3717 1090 3790 juris
1121 3734 1277 3773 nunc
1310 3718 1459 3773 facio
1491 3718 1769 3784 codicem,
1801 3720 1852 3776 is
1883 3721 2023 3776 olim
2055 3739 2168 3778 non
2203 3722 2365 3794 parvi
2395 3720 2676 3776 momenti
2708 3718 2889 3776 fuisse
2918 3720 3167 3788 videtur,
3202 3736 3386 3792 quum
3416 3719 3570 3776 inter
3609 3719 3809 3779 Slavos

410 3808 596 3881 illinc,
620 3808 759 3865 hinc
789 3808 1111 3864 Germanos
1143 3825 1155 3874 ;
1189 3807 1340 3862 inter
1368 3805 1728 3863 Christianos
1747 3809 2313 3866 GrazcmSlavonicos
2344 3811 2416 3865 ab
2447 3810 2697 3877 Oriente,
2731 3809 2803 3864 ab
2835 3807 3143 3865 Occidente
3171 3807 3532 3865 Christianos
3561 3808 3812 3876 Latinos,

406 3898 478 3954 de
508 3897 754 3972 imperio
785 3897 990 3954 mundi
1025 3899 1316 3952 certamen
1349 3895 1886 3968 pervicacissimum
1919 3904 2092 3970 atque
2122 3899 2510 3970 asperrimum
2543 3897 2724 3954 armis
2755 3896 2970 3963 dubiis,
2995 3897 3167 3954 modo
3192 3896 3484 3964 secundis,
3510 3897 3682 3952 modo
3711 3897 3812 3952 ad-

402 3988 609 4057 versis,
644 3989 745 4044 sed
777 4004 1010 4061 semper
1038 3985 1328 4044 luctuosis
1360 3990 1537 4058 atque
1559 3986 1804 4044 funestis
1833 3993 2214 4062 pugnaretur.

475 4077 798 4134 Discrimen
831 4076 974 4132 illud
1006 4074 1488 4132 cruentissimum
1522 4074 1674 4130 inter
1704 4081 1906 4147 gentes
1937 4093 2002 4131 ac
2029 4075 2336 4148 religiones
2367 4091 2469 4146 per
2497 4077 2582 4130 tot
2606 4074 2818 4130 saacula
2873 4092 3002 4130 raro
3051 4074 3350 4130 dormiens
3395 4073 3804 4146 sedatumque,

404 4165 621 4223 nostris
651 4165 1016 4238 temporibus
1043 4165 1101 4219 in
1134 4163 1260 4220 dies
1291 4162 1534 4229 crescit;
1568 4162 1860 4219 discordia
1882 4165 2006 4234 jam
2025 4164 2152 4234 jam
2165 4167 2463 4236 eruptura,
2496 4167 2669 4236 atque
2693 4163 2860 4220 bellis
2885 4164 3083 4220 futura
3100 4163 3374 4237 genitrix,
3389 4161 3660 4220 omnium
3684 4163 3804 4220 fere

401 4256 631 4312 animos
660 4254 1115 4327 conﬂagratione
1146 4269 1255 4308 sua
1277 4252 1446 4324 rapit.

471 4345 534 4398 In
552 4343 775 4399 edendo
807 4342 915 4398 hoc
944 4343 1099 4413 apud
1129 4339 1378 4396 Polonos
1411 4343 1792 4394 monumento
1819 4339 1998 4395 studii
2032 4339 2178 4396 ritus
2201 4340 2366 4396 latini
2399 4340 2458 4396 in
2485 4339 2694 4397 saeculo
2727 4340 3056 4408 undecimo,
3076 4341 3217 4413 quid
3250 4340 3477 4396 facilius
3490 4357 3557 4396 ac
3581 4340 3803 4397 obtem-

398 4446 600 4501 perare
627 4429 716 4485 vel
747 4427 971 4484 adulari
998 4429 1089 4484 bis
1121 4427 1349 4483 illisve?
1378 4427 1526 4490 Quid
1559 4443 1590 4482 e
1620 4432 1823 4482 contra
1852 4427 2156 4484 difficilius
2187 4446 2252 4485 ac
2285 4445 2520 4485 servare.
2554 4445 2682 4484 eam
2713 4429 2924 4484 animae
2981 4428 3472 4501 tranquilitatem,
3503 4428 3632 4485 sine
3685 4445 3797 4500 qua

394 4516 536 4573 recti
559 4516 700 4588 quid
731 4516 1049 4572 consistere
1080 4515 1322 4586 nequit?

463 4606 680 4663 Verum
703 4605 996 4662 enimvero
1027 4605 1085 4659 id
1113 4604 1386 4660 scribenti
1417 4621 1530 4659 non
1564 4603 1672 4659 soli
1703 4606 2148 4676 pracavendum
2179 4605 2279 4662 sed
2309 4605 2524 4678 legenti
2551 4622 2666 4660 non
2691 4605 2908 4662 minus.
2931 4606 3245 4663 Veritatem
3269 4606 3791 4682 puram—utinam

393 4695 520 4753 sine
551 4695 780 4752 errore!
817 4693 1082 4766 nihilque
1115 4692 1230 4748 nisi
1260 4693 1559 4750 veritatem
1593 4692 1930 4750 historicam
1964 4694 2230 4766 quaesivit
2253 4693 2431 4749 libelli
2464 4695 2836 4758 auctor.0uae
2870 4695 3082 4750 veritas
3113 4695 3409 4752 ratissime
3459 4695 3792 4768 ubicunque

391 4785 619 4859 placere
650 4787 875 4858 potest;
901 4787 1157 4838 attamen
1198 4783 1418 4853 optimo
1475 4781 1687 4853 cuique
1729 4784 2072 4854 saepissime.
2108 4783 2324 4848 Quodsi
2356 4788 2553 4837 mtnor
2584 4783 2932 4855 paginarum
2964 4799 3247 4840 numerus
3277 4783 3474 4841 lectori
3505 4783 3790 4857 displicet,

391 4875 642 4946 scriptor
669 4874 907 4945 quidem
939 4889 1052 4926 non
1085 4894 1114 4921 ‹‹
1139 4870 1387 4926 sublimi
1423 4875 1621 4942 tanget
1651 4871 1842 4927 sidera
1871 4873 2151 4937 vertice,»
2192 4872 2291 4926 sed
2323 4875 2567 4942 uterque
2593 4871 2764 4927 laude
2791 4871 2954 4944 digni
2984 4889 3112 4929 esse
3140 4871 3426 4929 videntur.

461 4963 798 5020 Scribebam
833 4960 1086 5017 Berolini
1118 4976 1318 5015 mense
1347 4959 1624 5014 Januario
1657 4961 1789 5015 anni
1826 4961 2230 5016 MDCCCXLII.

618 5189 751 5243 CAP.
787 5186 830 5241 Ι.
863 5217 931 5227 --
955 5183 1137 5241 Modus
1167 5184 1453 5240 historiam
1487 5183 1775 5238 tractandi.
2135 5180 2367 5255 longius
2398 5181 2457 5237 hi
2490 5183 2762 5238 abessent
2793 5200 2826 5240 a
2865 5182 2996 5240 luce
3025 5183 3356 5241 christiana:
3388 5183 3546 5252 ﬁdei,
3575 5184 3787 5258 quippe

458 5277 612 5333 Inter
641 5293 845 5332 omnes
877 5275 976 5347 qui
1010 5273 1266 5329 historiae
1299 5273 1554 5340 student,
1563 5272 1690 5342 jam
1723 5272 1866 5328 satis
1899 5288 2029 5327 con-
2137 5289 2263 5344 quo:
2282 5276 2561 5342 tanquam
2587 5272 2678 5326 fax
2696 5289 2809 5326 non
2833 5273 3009 5329 corda
3027 5274 3198 5330 modo
3217 5274 3318 5330 sed
3342 5277 3398 5329 et
3415 5271 3790 5331 arteslibera-

383 5369 518 5434 stat,
543 5381 670 5436 qua:
695 5366 752 5420 in
784 5365 972 5437 priore
1004 5360 1177 5418 medii
1202 5361 1300 5415 aevi
1328 5364 1488 5432 parte
1519 5360 1596 5415 sit
1619 5365 2025 5415 monumento-
2139 5360 2223 5414 les
2255 5358 2551 5414 illuminat
2581 5363 2637 5414 et
2658 5359 2892 5417 fallaces
2924 5361 3266 5434 ignorantia":
3308 5361 3580 5418 tenebras
3627 5363 3789 5436 fugat

381 5469 514 5508 rum
537 5469 859 5508 coaevorum
884 5449 1443 5517 raritas;neminem
1479 5448 1705 5520 fugiteo
1737 5449 2030 5505 obscurio-
2137 5449 2359 5502 Aurora
2399 5461 2630 5519 quoque
2683 5448 3022 5518 christiana,
3085 5449 3232 5523 proh
3287 5449 3454 5506 dolor
3483 5451 3494 5504 l
3525 5450 3786 5507 nubibus

380 5555 503 5594 rem
536 5554 662 5595 esse
691 5540 998 5598 historiam
1033 5536 1381 5612 populorum
1401 5541 1540 5590 tunc
1557 5535 1870 5592 viventium
1881 5555 2028 5614 ,quo
2138 5536 2425 5611 sanguine
2456 5535 2648 5592 rubris
2679 5536 3199 5609 obducta,nonnisi
3234 5538 3382 5596 raris
3412 5538 3590 5595 radiis
3618 5555 3785 5597 coru-
