  <div class='ocr_page' id='page_1' title='image "/cluster/home/n/w/nwhite01/storage/ocr_20150623/151/hvd.32044054760095/670.png"; bbox 0 0 3948 6168; ppageno 0'>
   <div class='ocr_carea' id='block_1_1' title="bbox 184 383 344 464">
    <p class='ocr_par' dir='ltr' id='par_1_1' title="bbox 184 383 344 464">
     <span class='ocr_line' id='line_1_1' title="bbox 184 383 344 464; baseline -0.013 0"><span class='ocrx_word' id='word_1_1' title='bbox 184 383 344 464; x_wconf 63' lang='grc' dir='ltr'>ιθεθ</span> 
     </span>
    </p>
   </div>
   <div class='ocr_carea' id='block_1_2' title="bbox 1448 393 2360 466">
    <p class='ocr_par' dir='ltr' id='par_1_2' title="bbox 1448 393 2360 466">
     <span class='ocr_line' id='line_1_2' title="bbox 1448 393 2360 466; baseline -0.001 0"><span class='ocrx_word' id='word_1_2' title='bbox 1448 395 1514 466; x_wconf 74' lang='lat' dir='ltr'>S.</span> <span class='ocrx_word' id='word_1_3' title='bbox 1561 397 1806 466; x_wconf 80' lang='lat' dir='ltr'>MATH.-</span> <span class='ocrx_word' id='word_1_4' title='bbox 1827 395 1993 464; x_wconf 82' lang='lat' dir='ltr'>LDIS</span> <span class='ocrx_word' id='word_1_5' title='bbox 2038 393 2360 465; x_wconf 81' lang='lat' dir='ltr'>REGINA.‘</span> 
     </span>
    </p>
   </div>
   <div class='ocr_carea' id='block_1_3' title="bbox 3441 381 3599 468">
    <p class='ocr_par' dir='ltr' id='par_1_3' title="bbox 3441 381 3599 468">
     <span class='ocr_line' id='line_1_3' title="bbox 3441 381 3599 468; baseline 0.013 -2"><span class='ocrx_word' id='word_1_6' title='bbox 3441 381 3599 468; x_wconf 62' lang='lat'>1336</span> 
     </span>
    </p>
   </div>
   <div class='ocr_carea' id='block_1_4' title="bbox 185 531 3602 612">
    <p class='ocr_par' dir='ltr' id='par_1_4' title="bbox 185 531 3602 612">
     <span class='ocr_line' id='line_1_4' title="bbox 185 531 3602 612; baseline 0.002 -20"><span class='ocrx_word' id='word_1_7' title='bbox 185 551 381 603; x_wconf 85' lang='lat' dir='ltr'>scans,</span> <span class='ocrx_word' id='word_1_8' title='bbox 403 537 610 605; x_wconf 88' lang='lat' dir='ltr'>terras,</span> <span class='ocrx_word' id='word_1_9' title='bbox 632 531 810 608; x_wconf 90' lang='lat' dir='ltr'>viros,</span> <span class='ocrx_word' id='word_1_10' title='bbox 849 531 1109 594; x_wconf 82' lang='lat' dir='ltr'>facinora</span> <span class='ocrx_word' id='word_1_11' title='bbox 1139 553 1254 594; x_wconf 90' lang='lat' dir='ltr'>non</span> <span class='ocrx_word' id='word_1_12' title='bbox 1284 535 1562 606; x_wconf 79' lang='lat' dir='ltr'>illustrat,</span> <span class='ocrx_word' id='word_1_13' title='bbox 1585 536 1685 593; x_wconf 89' lang='lat' dir='ltr'>sed</span> <span class='ocrx_word' id='word_1_14' title='bbox 1718 552 1841 592; x_wconf 84' lang='lat' dir='ltr'>om-</span> <span class='ocrx_word' id='word_1_15' title='bbox 1870 536 1925 605; x_wconf 80' lang='grc' dir='ltr'><strong>Α</strong></span> <span class='ocrx_word' id='word_1_16' title='bbox 1956 533 2149 591; x_wconf 68' lang='lat' dir='ltr'>Mariae</span> <span class='ocrx_word' id='word_1_17' title='bbox 2169 536 2241 592; x_wconf 91' lang='lat' dir='ltr'>de</span> <span class='ocrx_word' id='word_1_18' title='bbox 2261 531 2934 602; x_wconf 75' lang='lat' dir='ltr'>Nova-CellatNuenzelle</span> <span class='ocrx_word' id='word_1_19' title='bbox 2964 535 3119 612; x_wconf 87' lang='lat' dir='ltr'>apud</span> <span class='ocrx_word' id='word_1_20' title='bbox 3153 532 3602 598; x_wconf 70' lang='lat' dir='ltr'>Francofurtum</span> 
     </span>
    </p>
   </div>
   <div class='ocr_carea' id='block_1_5' title="bbox 184 621 1850 699">
    <p class='ocr_par' dir='ltr' id='par_1_5' title="bbox 184 621 1850 699">
     <span class='ocr_line' id='line_1_5' title="bbox 184 621 1850 699; baseline -0.001 -18"><span class='ocrx_word' id='word_1_21' title='bbox 184 624 287 681; x_wconf 90' lang='lat' dir='ltr'>nia</span> <span class='ocrx_word' id='word_1_22' title='bbox 317 623 415 682; x_wconf 91' lang='lat' dir='ltr'>hic</span> <span class='ocrx_word' id='word_1_23' title='bbox 444 623 815 698; x_wconf 75' lang='lat' dir='ltr'>splendentia</span> <span class='ocrx_word' id='word_1_24' title='bbox 842 626 960 683; x_wconf 89' lang='lat' dir='ltr'>illic</span> <span class='ocrx_word' id='word_1_25' title='bbox 991 627 1291 684; x_wconf 84' lang='lat' dir='ltr'>horrentia</span> <span class='ocrx_word' id='word_1_26' title='bbox 1308 627 1399 682; x_wconf 86' lang='lat' dir='ltr'>vix</span> <span class='ocrx_word' id='word_1_27' title='bbox 1423 626 1608 686; x_wconf 87' lang='lat' dir='ltr'>oculis</span> <span class='ocrx_word' id='word_1_28' title='bbox 1631 621 1850 699; x_wconf 89' lang='lat' dir='ltr'>perspi-</span> 
     </span>
    </p>
   </div>
   <div class='ocr_carea' id='block_1_6' title="bbox 195 713 1846 791">
    <p class='ocr_par' dir='ltr' id='par_1_6' title="bbox 195 713 1846 791">
     <span class='ocr_line' id='line_1_6' title="bbox 195 713 1846 791; baseline -0.001 -21"><span class='ocrx_word' id='word_1_29' title='bbox 195 714 524 771; x_wconf 88' lang='lat' dir='ltr'>cacissimis</span> <span class='ocrx_word' id='word_1_30' title='bbox 561 715 959 788; x_wconf 89' lang='lat' dir='ltr'>dignoscenda</span> <span class='ocrx_word' id='word_1_31' title='bbox 992 717 1230 791; x_wconf 82' lang='lat' dir='ltr'>praebet.</span> <span class='ocrx_word' id='word_1_32' title='bbox 1265 715 1599 790; x_wconf 75' lang='lat' dir='ltr'>Saepissime</span> <span class='ocrx_word' id='word_1_33' title='bbox 1637 713 1846 770; x_wconf 82' lang='lat' dir='ltr'>harioli</span> 
     </span>
    </p>
   </div>
   <div class='ocr_carea' id='block_1_7' title="bbox 188 805 705 879">
    <p class='ocr_par' dir='ltr' id='par_1_7' title="bbox 188 805 705 879">
     <span class='ocr_line' id='line_1_7' title="bbox 188 805 705 879; baseline -0.002 -19"><span class='ocrx_word' id='word_1_34' title='bbox 188 805 527 876; x_wconf 89' lang='lat' dir='ltr'>conjectura</span> <span class='ocrx_word' id='word_1_35' title='bbox 558 810 705 879; x_wconf 85' lang='lat' dir='ltr'>eget.</span> 
     </span>
    </p>
   </div>
   <div class='ocr_carea' id='block_1_8' title="bbox 252 893 1849 967">
    <p class='ocr_par' dir='ltr' id='par_1_8' title="bbox 252 893 1849 967">
     <span class='ocr_line' id='line_1_8' title="bbox 252 893 1849 967; baseline -0.001 -19"><span class='ocrx_word' id='word_1_36' title='bbox 252 894 415 949; x_wconf 85' lang='lat' dir='ltr'>Adde</span> <span class='ocrx_word' id='word_1_37' title='bbox 439 897 637 950; x_wconf 88' lang='lat' dir='ltr'>tamen</span> <span class='ocrx_word' id='word_1_38' title='bbox 661 893 818 950; x_wconf 84' lang='lat' dir='ltr'>aliud</span> <span class='ocrx_word' id='word_1_39' title='bbox 843 895 1188 965; x_wconf 87' lang='lat' dir='ltr'>maximum,</span> <span class='ocrx_word' id='word_1_40' title='bbox 1207 913 1337 952; x_wconf 88' lang='lat' dir='ltr'>mea</span> <span class='ocrx_word' id='word_1_41' title='bbox 1360 896 1596 967; x_wconf 89' lang='lat' dir='ltr'>quidem</span> <span class='ocrx_word' id='word_1_42' title='bbox 1619 898 1849 950; x_wconf 83' lang='lat' dir='ltr'>senten‘</span> 
     </span>
    </p>
   </div>
   <div class='ocr_carea' id='block_1_9' title="bbox 184 981 1845 1058">
    <p class='ocr_par' dir='ltr' id='par_1_9' title="bbox 184 981 1845 1058">
     <span class='ocr_line' id='line_1_9' title="bbox 184 981 1845 1058; baseline 0 -21"><span class='ocrx_word' id='word_1_43' title='bbox 184 981 288 1051; x_wconf 90' lang='lat' dir='ltr'>tia,</span> <span class='ocrx_word' id='word_1_44' title='bbox 319 982 590 1039; x_wconf 81' lang='lat' dir='ltr'>veritatis</span> <span class='ocrx_word' id='word_1_45' title='bbox 622 983 680 1038; x_wconf 91' lang='lat' dir='ltr'>in</span> <span class='ocrx_word' id='word_1_46' title='bbox 712 983 963 1041; x_wconf 86' lang='lat' dir='ltr'>historia</span> <span class='ocrx_word' id='word_1_47' title='bbox 1003 986 1416 1058; x_wconf 83' lang='lat' dir='ltr'>cognoscendae</span> <span class='ocrx_word' id='word_1_48' title='bbox 1455 983 1845 1056; x_wconf 86' lang='lat' dir='ltr'>impedimen-</span> 
     </span>
    </p>
   </div>
   <div class='ocr_carea' id='block_1_10' title="bbox 181 1073 1866 1150">
    <p class='ocr_par' dir='ltr' id='par_1_10' title="bbox 181 1073 1866 1150">
     <span class='ocr_line' id='line_1_10' title="bbox 181 1073 1866 1150; baseline -0.001 -23"><span class='ocrx_word' id='word_1_49' title='bbox 181 1075 310 1128; x_wconf 88' lang='lat' dir='ltr'>tum</span> <span class='ocrx_word' id='word_1_50' title='bbox 337 1090 349 1128; x_wconf 92' lang='lat'><strong>:</strong></span> <span class='ocrx_word' id='word_1_51' title='bbox 375 1087 585 1145; x_wconf 86' lang='lat' dir='ltr'>nempe</span> <span class='ocrx_word' id='word_1_52' title='bbox 611 1089 816 1128; x_wconf 89' lang='lat' dir='ltr'>omnes</span> <span class='ocrx_word' id='word_1_53' title='bbox 850 1073 986 1143; x_wconf 89' lang='lat' dir='ltr'>fere,</span> <span class='ocrx_word' id='word_1_54' title='bbox 1003 1073 1104 1146; x_wconf 90' lang='lat' dir='ltr'>qui</span> <span class='ocrx_word' id='word_1_55' title='bbox 1136 1073 1412 1129; x_wconf 86' lang='lat' dir='ltr'>historias</span> <span class='ocrx_word' id='word_1_56' title='bbox 1457 1073 1866 1150; x_wconf 24' lang='lat' dir='ltr'>scripseruntp</span> 
     </span>
    </p>
   </div>
   <div class='ocr_carea' id='block_1_11' title="bbox 183 1159 1840 1236">
    <p class='ocr_par' dir='ltr' id='par_1_11' title="bbox 183 1159 1840 1236">
     <span class='ocr_line' id='line_1_11' title="bbox 183 1159 1840 1236; baseline 0 -21"><span class='ocrx_word' id='word_1_57' title='bbox 183 1177 245 1236; x_wconf 89' lang='lat' dir='ltr'>r_e</span> <span class='ocrx_word' id='word_1_58' title='bbox 275 1160 406 1234; x_wconf 90' lang='lat' dir='ltr'>ipsa</span> <span class='ocrx_word' id='word_1_59' title='bbox 435 1159 672 1217; x_wconf 86' lang='lat' dir='ltr'>nolente</span> <span class='ocrx_word' id='word_1_60' title='bbox 700 1161 950 1230; x_wconf 90' lang='lat' dir='ltr'>volente,</span> <span class='ocrx_word' id='word_1_61' title='bbox 975 1179 1079 1236; x_wconf 90' lang='lat' dir='ltr'>pro</span> <span class='ocrx_word' id='word_1_62' title='bbox 1113 1162 1230 1218; x_wconf 91' lang='lat' dir='ltr'>aris</span> <span class='ocrx_word' id='word_1_63' title='bbox 1261 1167 1320 1218; x_wconf 90' lang='lat' dir='ltr'>et</span> <span class='ocrx_word' id='word_1_64' title='bbox 1350 1162 1494 1218; x_wconf 87' lang='lat' dir='ltr'>focis</span> <span class='ocrx_word' id='word_1_65' title='bbox 1527 1161 1638 1218; x_wconf 85' lang='lat' dir='ltr'>sibi</span> <span class='ocrx_word' id='word_1_66' title='bbox 1669 1161 1840 1216; x_wconf 90' lang='lat' dir='ltr'>dimi-</span> 
     </span>
    </p>
   </div>
   <div class='ocr_carea' id='block_1_12' title="bbox 183 1250 1843 1324">
    <p class='ocr_par' dir='ltr' id='par_1_12' title="bbox 183 1250 1843 1324">
     <span class='ocr_line' id='line_1_12' title="bbox 183 1250 1843 1324; baseline 0.001 -19"><span class='ocrx_word' id='word_1_67' title='bbox 183 1251 442 1306; x_wconf 89' lang='lat' dir='ltr'>candum</span> <span class='ocrx_word' id='word_1_68' title='bbox 476 1267 604 1306; x_wconf 89' lang='lat' dir='ltr'>esse</span> <span class='ocrx_word' id='word_1_69' title='bbox 639 1255 1022 1320; x_wconf 89' lang='lat' dir='ltr'>censuerunt;</span> <span class='ocrx_word' id='word_1_70' title='bbox 1057 1269 1173 1324; x_wconf 92' lang='lat' dir='ltr'>qua</span> <span class='ocrx_word' id='word_1_71' title='bbox 1203 1269 1262 1308; x_wconf 89' lang='lat' dir='ltr'>re</span> <span class='ocrx_word' id='word_1_72' title='bbox 1292 1252 1376 1323; x_wconf 87' lang='lat' dir='ltr'>ﬁt,</span> <span class='ocrx_word' id='word_1_73' title='bbox 1403 1257 1466 1307; x_wconf 93' lang='lat' dir='ltr'>ut</span> <span class='ocrx_word' id='word_1_74' title='bbox 1510 1250 1667 1307; x_wconf 89' lang='lat' dir='ltr'>idem</span> <span class='ocrx_word' id='word_1_75' title='bbox 1709 1250 1843 1306; x_wconf 77' lang='lat' dir='ltr'>faci-</span> 
     </span>
    </p>
   </div>
   <div class='ocr_carea' id='block_1_13' title="bbox 182 1338 1841 1411">
    <p class='ocr_par' dir='ltr' id='par_1_13' title="bbox 182 1338 1841 1411">
     <span class='ocr_line' id='line_1_13' title="bbox 182 1338 1841 1411; baseline 0 -17"><span class='ocrx_word' id='word_1_76' title='bbox 182 1355 321 1405; x_wconf 87' lang='lat' dir='ltr'>nus,</span> <span class='ocrx_word' id='word_1_77' title='bbox 349 1341 526 1411; x_wconf 88' lang='lat' dir='ltr'>prout</span> <span class='ocrx_word' id='word_1_78' title='bbox 553 1338 692 1395; x_wconf 90' lang='lat' dir='ltr'>hinc</span> <span class='ocrx_word' id='word_1_79' title='bbox 721 1344 824 1396; x_wconf 91' lang='lat' dir='ltr'>aut</span> <span class='ocrx_word' id='word_1_80' title='bbox 854 1339 1017 1396; x_wconf 89' lang='lat' dir='ltr'>illinc</span> <span class='ocrx_word' id='word_1_81' title='bbox 1039 1341 1323 1411; x_wconf 85' lang='lat' dir='ltr'>tradatur,</span> <span class='ocrx_word' id='word_1_82' title='bbox 1351 1340 1462 1396; x_wconf 89' lang='lat' dir='ltr'>sibi</span> <span class='ocrx_word' id='word_1_83' title='bbox 1493 1339 1841 1396; x_wconf 89' lang='lat' dir='ltr'>dissimilius</span> 
     </span>
    </p>
   </div>
   <div class='ocr_carea' id='block_1_14' title="bbox 180 1426 1838 1501">
    <p class='ocr_par' dir='ltr' id='par_1_14' title="bbox 180 1426 1838 1501">
     <span class='ocr_line' id='line_1_14' title="bbox 180 1426 1838 1501; baseline -0.001 -17"><span class='ocrx_word' id='word_1_84' title='bbox 180 1427 278 1494; x_wconf 86' lang='lat' dir='ltr'>sit,</span> <span class='ocrx_word' id='word_1_85' title='bbox 303 1445 481 1500; x_wconf 89' lang='lat' dir='ltr'>quam</span> <span class='ocrx_word' id='word_1_86' title='bbox 513 1426 671 1484; x_wconf 89' lang='lat' dir='ltr'>color</span> <span class='ocrx_word' id='word_1_87' title='bbox 713 1428 878 1501; x_wconf 86' lang='lat' dir='ltr'>niger</span> <span class='ocrx_word' id='word_1_88' title='bbox 917 1428 1049 1485; x_wconf 88' lang='lat' dir='ltr'>albo</span> <span class='ocrx_word' id='word_1_89' title='bbox 1078 1436 1234 1486; x_wconf 80' lang='grc' dir='ltr'>Ἀλλο</span> <span class='ocrx_word' id='word_1_90' title='bbox 1271 1437 1442 1500; x_wconf 79' lang='grc' dir='ltr'>γλαῦξ,</span> <span class='ocrx_word' id='word_1_91' title='bbox 1481 1437 1608 1486; x_wconf 77' lang='grc' dir='ltr'>ἄλλο</span> <span class='ocrx_word' id='word_1_92' title='bbox 1645 1438 1838 1501; x_wconf 72' lang='grc' dir='ltr'>κορώνη</span> 
     </span>
    </p>
   </div>
   <div class='ocr_carea' id='block_1_15' title="bbox 179 1516 1840 1591">
    <p class='ocr_par' dir='ltr' id='par_1_15' title="bbox 179 1516 1840 1591">
     <span class='ocr_line' id='line_1_15' title="bbox 179 1516 1840 1591; baseline -0.001 -17"><span class='ocrx_word' id='word_1_93' title='bbox 179 1526 454 1591; x_wconf 74' lang='grc' dir='ltr'><strong>φθέγγεται.</strong></span> <span class='ocrx_word' id='word_1_94' title='bbox 491 1516 673 1586; x_wconf 90' lang='lat' dir='ltr'>Tolle,</span> <span class='ocrx_word' id='word_1_95' title='bbox 708 1517 934 1585; x_wconf 89' lang='lat' dir='ltr'>rabula,</span> <span class='ocrx_word' id='word_1_96' title='bbox 968 1534 1182 1573; x_wconf 90' lang='lat' dir='ltr'>manus</span> <span class='ocrx_word' id='word_1_97' title='bbox 1210 1519 1485 1590; x_wconf 89' lang='lat' dir='ltr'>profanas</span> <span class='ocrx_word' id='word_1_98' title='bbox 1513 1519 1840 1574; x_wconf 87' lang='lat' dir='ltr'>aSanctua-</span> 
     </span>
    </p>
   </div>
   <div class='ocr_carea' id='block_1_16' title="bbox 181 1605 1837 1680">
    <p class='ocr_par' dir='ltr' id='par_1_16' title="bbox 181 1605 1837 1680">
     <span class='ocr_line' id='line_1_16' title="bbox 181 1605 1837 1680; baseline -0.001 -17"><span class='ocrx_word' id='word_1_99' title='bbox 181 1607 270 1663; x_wconf 90' lang='lat' dir='ltr'>rio</span> <span class='ocrx_word' id='word_1_100' title='bbox 301 1605 580 1673; x_wconf 67' lang='lat' dir='ltr'>historiae,</span> <span class='ocrx_word' id='word_1_101' title='bbox 615 1623 792 1678; x_wconf 89' lang='lat' dir='ltr'>quam</span> <span class='ocrx_word' id='word_1_102' title='bbox 833 1607 989 1663; x_wconf 90' lang='lat' dir='ltr'>Deus</span> <span class='ocrx_word' id='word_1_103' title='bbox 1021 1607 1166 1680; x_wconf 90' lang='lat' dir='ltr'>ipse,</span> <span class='ocrx_word' id='word_1_104' title='bbox 1200 1606 1297 1662; x_wconf 90' lang='lat' dir='ltr'>ille</span> <span class='ocrx_word' id='word_1_105' title='bbox 1334 1606 1600 1663; x_wconf 90' lang='lat' dir='ltr'>omnium</span> <span class='ocrx_word' id='word_1_106' title='bbox 1641 1622 1837 1662; x_wconf 90' lang='lat' dir='ltr'>rerum</span> 
     </span>
    </p>
   </div>
   <div class='ocr_carea' id='block_1_17' title="bbox 176 1695 1835 1768">
    <p class='ocr_par' dir='ltr' id='par_1_17' title="bbox 176 1695 1835 1768">
     <span class='ocr_line' id='line_1_17' title="bbox 176 1695 1835 1768; baseline -0.001 -16"><span class='ocrx_word' id='word_1_107' title='bbox 176 1697 517 1752; x_wconf 83' lang='lat' dir='ltr'>moderator</span> <span class='ocrx_word' id='word_1_108' title='bbox 546 1696 1023 1768; x_wconf 87' lang='lat' dir='ltr'>sapientissimus</span> <span class='ocrx_word' id='word_1_109' title='bbox 1049 1695 1133 1752; x_wconf 90' lang='lat' dir='ltr'>sic</span> <span class='ocrx_word' id='word_1_110' title='bbox 1161 1713 1290 1752; x_wconf 89' lang='lat' dir='ltr'>esse</span> <span class='ocrx_word' id='word_1_111' title='bbox 1309 1695 1524 1765; x_wconf 90' lang='lat' dir='ltr'>voluit;</span> <span class='ocrx_word' id='word_1_112' title='bbox 1550 1712 1725 1768; x_wconf 90' lang='lat' dir='ltr'>quam</span> <span class='ocrx_word' id='word_1_113' title='bbox 1749 1695 1835 1751; x_wconf 89' lang='lat' dir='ltr'>vel</span> 
     </span>
    </p>
   </div>
   <div class='ocr_carea' id='block_1_18' title="bbox 174 1785 1835 1859">
    <p class='ocr_par' dir='ltr' id='par_1_18' title="bbox 174 1785 1835 1859">
     <span class='ocr_line' id='line_1_18' title="bbox 174 1785 1835 1859; baseline -0.001 -18"><span class='ocrx_word' id='word_1_114' title='bbox 174 1787 420 1859; x_wconf 89' lang='lat' dir='ltr'>impune</span> <span class='ocrx_word' id='word_1_115' title='bbox 460 1801 632 1840; x_wconf 90' lang='lat' dir='ltr'>nemo</span> <span class='ocrx_word' id='word_1_116' title='bbox 663 1801 929 1856; x_wconf 86' lang='lat' dir='ltr'>unquam</span> <span class='ocrx_word' id='word_1_117' title='bbox 961 1785 1130 1849; x_wconf 61' lang='lat' dir='ltr'>laesit,</span> <span class='ocrx_word' id='word_1_118' title='bbox 1164 1801 1227 1842; x_wconf 91' lang='lat' dir='ltr'>se</span> <span class='ocrx_word' id='word_1_119' title='bbox 1271 1785 1386 1841; x_wconf 90' lang='lat' dir='ltr'>Deo</span> <span class='ocrx_word' id='word_1_120' title='bbox 1419 1785 1835 1858; x_wconf 82' lang='lat' dir='ltr'>sapientiorem</span> 
     </span>
    </p>
   </div>
   <div class='ocr_carea' id='block_1_19' title="bbox 176 1872 1836 1948">
    <p class='ocr_par' dir='ltr' id='par_1_19' title="bbox 176 1872 1836 1948">
     <span class='ocr_line' id='line_1_19' title="bbox 176 1872 1836 1948; baseline -0.002 -17"><span class='ocrx_word' id='word_1_121' title='bbox 176 1879 428 1948; x_wconf 89' lang='lat' dir='ltr'>putans;</span> <span class='ocrx_word' id='word_1_122' title='bbox 461 1890 577 1929; x_wconf 90' lang='lat' dir='ltr'>non</span> <span class='ocrx_word' id='word_1_123' title='bbox 605 1873 846 1947; x_wconf 88' lang='lat' dir='ltr'>impune</span> <span class='ocrx_word' id='word_1_124' title='bbox 867 1873 1250 1946; x_wconf 91' lang='lat' dir='ltr'>dico,quippe</span> <span class='ocrx_word' id='word_1_125' title='bbox 1273 1891 1402 1946; x_wconf 68' lang='lat' dir='ltr'>quae</span> <span class='ocrx_word' id='word_1_126' title='bbox 1431 1892 1545 1931; x_wconf 89' lang='lat' dir='ltr'>non</span> <span class='ocrx_word' id='word_1_127' title='bbox 1578 1875 1636 1929; x_wconf 91' lang='lat' dir='ltr'>in</span> <span class='ocrx_word' id='word_1_128' title='bbox 1669 1872 1836 1929; x_wconf 92' lang='lat' dir='ltr'>libris</span> 
     </span>
    </p>
   </div>
   <div class='ocr_carea' id='block_1_20' title="bbox 173 1962 1835 2037">
    <p class='ocr_par' dir='ltr' id='par_1_20' title="bbox 173 1962 1835 2037">
     <span class='ocr_line' id='line_1_20' title="bbox 173 1962 1835 2037; baseline -0.002 -17"><span class='ocrx_word' id='word_1_129' title='bbox 173 1964 371 2030; x_wconf 91' lang='lat' dir='ltr'>modo,</span> <span class='ocrx_word' id='word_1_130' title='bbox 405 1963 506 2018; x_wconf 89' lang='lat' dir='ltr'>sed</span> <span class='ocrx_word' id='word_1_131' title='bbox 537 1963 599 2018; x_wconf 90' lang='lat' dir='ltr'>in</span> <span class='ocrx_word' id='word_1_132' title='bbox 629 1962 747 2018; x_wconf 89' lang='lat' dir='ltr'>vita</span> <span class='ocrx_word' id='word_1_133' title='bbox 789 1963 918 2036; x_wconf 89' lang='lat' dir='ltr'>ipsa</span> <span class='ocrx_word' id='word_1_134' title='bbox 965 1962 1176 2019; x_wconf 79' lang='lat' dir='ltr'>vindex</span> <span class='ocrx_word' id='word_1_135' title='bbox 1225 1963 1441 2037; x_wconf 84' lang='lat' dir='ltr'>gravis,</span> <span class='ocrx_word' id='word_1_136' title='bbox 1467 1979 1622 2032; x_wconf 90' lang='lat' dir='ltr'>acer,</span> <span class='ocrx_word' id='word_1_137' title='bbox 1653 1962 1835 2017; x_wconf 90' lang='lat' dir='ltr'>immo</span> 
     </span>
    </p>
   </div>
   <div class='ocr_carea' id='block_1_21' title="bbox 172 2051 1834 2124">
    <p class='ocr_par' dir='ltr' id='par_1_21' title="bbox 172 2051 1834 2124">
     <span class='ocr_line' id='line_1_21' title="bbox 172 2051 1834 2124; baseline -0.002 -14"><span class='ocrx_word' id='word_1_138' title='bbox 172 2055 456 2110; x_wconf 88' lang='lat' dir='ltr'>cruentus</span> <span class='ocrx_word' id='word_1_139' title='bbox 509 2067 742 2124; x_wconf 88' lang='lat' dir='ltr'>semper</span> <span class='ocrx_word' id='word_1_140' title='bbox 793 2051 1011 2121; x_wconf 84' lang='lat' dir='ltr'>extitit;</span> <span class='ocrx_word' id='word_1_141' title='bbox 1043 2069 1109 2108; x_wconf 88' lang='lat' dir='ltr'>eo</span> <span class='ocrx_word' id='word_1_142' title='bbox 1143 2053 1436 2108; x_wconf 85' lang='lat' dir='ltr'>cruentior</span> <span class='ocrx_word' id='word_1_143' title='bbox 1494 2053 1669 2108; x_wconf 86' lang='lat' dir='ltr'>etiam</span> <span class='ocrx_word' id='word_1_144' title='bbox 1719 2069 1834 2124; x_wconf 88' lang='lat' dir='ltr'>quo</span> 
     </span>
    </p>
   </div>
   <div class='ocr_carea' id='block_1_22' title="bbox 170 2140 1832 2214">
    <p class='ocr_par' dir='ltr' id='par_1_22' title="bbox 170 2140 1832 2214">
     <span class='ocr_line' id='line_1_22' title="bbox 170 2140 1832 2214; baseline -0.001 -15"><span class='ocrx_word' id='word_1_145' title='bbox 170 2142 416 2199; x_wconf 84' lang='lat' dir='ltr'>tardior.</span> <span class='ocrx_word' id='word_1_146' title='bbox 445 2141 526 2197; x_wconf 89' lang='lat' dir='ltr'>Ne</span> <span class='ocrx_word' id='word_1_147' title='bbox 558 2141 692 2214; x_wconf 88' lang='lat' dir='ltr'>quis</span> <span class='ocrx_word' id='word_1_148' title='bbox 725 2140 871 2196; x_wconf 92' lang='lat' dir='ltr'>mihi</span> <span class='ocrx_word' id='word_1_149' title='bbox 914 2141 1172 2212; x_wconf 81' lang='lat' dir='ltr'>obiiciat,</span> <span class='ocrx_word' id='word_1_150' title='bbox 1214 2141 1432 2196; x_wconf 88' lang='lat' dir='ltr'>nostris</span> <span class='ocrx_word' id='word_1_151' title='bbox 1465 2141 1832 2214; x_wconf 89' lang='lat' dir='ltr'>temporibus</span> 
     </span>
    </p>
   </div>
   <div class='ocr_carea' id='block_1_23' title="bbox 173 2229 1831 2304">
    <p class='ocr_par' dir='ltr' id='par_1_23' title="bbox 173 2229 1831 2304">
     <span class='ocr_line' id='line_1_23' title="bbox 173 2229 1831 2304; baseline -0.002 -16"><span class='ocrx_word' id='word_1_152' title='bbox 173 2249 276 2288; x_wconf 89' lang='lat' dir='ltr'>eos</span> <span class='ocrx_word' id='word_1_153' title='bbox 300 2230 399 2304; x_wconf 91' lang='lat' dir='ltr'>qui</span> <span class='ocrx_word' id='word_1_154' title='bbox 431 2230 606 2286; x_wconf 88' lang='lat' dir='ltr'>rebus</span> <span class='ocrx_word' id='word_1_155' title='bbox 639 2229 878 2302; x_wconf 83' lang='lat' dir='ltr'>praesint</span> <span class='ocrx_word' id='word_1_156' title='bbox 902 2229 1151 2302; x_wconf 88' lang='lat' dir='ltr'>publicis</span> <span class='ocrx_word' id='word_1_157' title='bbox 1181 2231 1333 2286; x_wconf 90' lang='lat' dir='ltr'>hanc</span> <span class='ocrx_word' id='word_1_158' title='bbox 1363 2230 1831 2304; x_wconf 85' lang='lat' dir='ltr'>profanationem</span> 
     </span>
    </p>
   </div>
   <div class='ocr_carea' id='block_1_24' title="bbox 171 2317 1832 2392">
    <p class='ocr_par' dir='ltr' id='par_1_24' title="bbox 171 2317 1832 2392">
     <span class='ocr_line' id='line_1_24' title="bbox 171 2317 1832 2392; baseline -0.001 -16"><span class='ocrx_word' id='word_1_159' title='bbox 171 2319 456 2390; x_wconf 70' lang='lat' dir='ltr'>historiae,</span> <span class='ocrx_word' id='word_1_160' title='bbox 480 2317 632 2375; x_wconf 89' lang='lat' dir='ltr'>hanc</span> <span class='ocrx_word' id='word_1_161' title='bbox 664 2322 888 2392; x_wconf 88' lang='lat' dir='ltr'>pestem</span> <span class='ocrx_word' id='word_1_162' title='bbox 909 2319 1124 2386; x_wconf 86' lang='lat' dir='ltr'>fovere,</span> <span class='ocrx_word' id='word_1_163' title='bbox 1142 2335 1332 2392; x_wconf 89' lang='lat' dir='ltr'>neque</span> <span class='ocrx_word' id='word_1_164' title='bbox 1353 2319 1625 2392; x_wconf 87' lang='lat' dir='ltr'>cuiquam</span> <span class='ocrx_word' id='word_1_165' title='bbox 1659 2318 1832 2375; x_wconf 89' lang='lat' dir='ltr'>licere</span> 
     </span>
    </p>
   </div>
   <div class='ocr_carea' id='block_1_25' title="bbox 173 2407 1831 2465">
    <p class='ocr_par' dir='ltr' id='par_1_25' title="bbox 173 2407 1831 2465">
     <span class='ocr_line' id='line_1_25' title="bbox 173 2407 1831 2465; baseline 0 -1"><span class='ocrx_word' id='word_1_166' title='bbox 173 2408 424 2464; x_wconf 90' lang='lat' dir='ltr'>memori</span> <span class='ocrx_word' id='word_1_167' title='bbox 455 2424 584 2464; x_wconf 90' lang='lat' dir='ltr'>esse</span> <span class='ocrx_word' id='word_1_168' title='bbox 613 2407 797 2463; x_wconf 87' lang='lat' dir='ltr'>Taciti</span> <span class='ocrx_word' id='word_1_169' title='bbox 830 2408 1022 2464; x_wconf 89' lang='lat' dir='ltr'>verbis</span> <span class='ocrx_word' id='word_1_170' title='bbox 1047 2431 1074 2458; x_wconf 84' lang='lat'><strong>«</strong></span> <span class='ocrx_word' id='word_1_171' title='bbox 1097 2409 1234 2464; x_wconf 90' lang='lat' dir='ltr'>Sine</span> <span class='ocrx_word' id='word_1_172' title='bbox 1263 2409 1352 2463; x_wconf 89' lang='lat' dir='ltr'>ira</span> <span class='ocrx_word' id='word_1_173' title='bbox 1383 2412 1438 2464; x_wconf 91' lang='lat' dir='ltr'>et</span> <span class='ocrx_word' id='word_1_174' title='bbox 1468 2408 1663 2465; x_wconf 89' lang='lat' dir='ltr'>studio</span> <span class='ocrx_word' id='word_1_175' title='bbox 1689 2427 1701 2464; x_wconf 89' lang='lat'>:</span> <span class='ocrx_word' id='word_1_176' title='bbox 1729 2430 1831 2458; x_wconf 84' lang='lat'>»——-</span> 
     </span>
    </p>
   </div>
   <div class='ocr_carea' id='block_1_26' title="bbox 174 2496 1828 2570">
    <p class='ocr_par' dir='ltr' id='par_1_26' title="bbox 174 2496 1828 2570">
     <span class='ocr_line' id='line_1_26' title="bbox 174 2496 1828 2570; baseline 0.001 -19"><span class='ocrx_word' id='word_1_177' title='bbox 174 2520 206 2550; x_wconf 82' lang='lat'><strong>«</strong></span> <span class='ocrx_word' id='word_1_178' title='bbox 238 2497 376 2566; x_wconf 90' lang='lat' dir='ltr'>Nos,</span> <span class='ocrx_word' id='word_1_179' title='bbox 407 2496 544 2564; x_wconf 87' lang='lat' dir='ltr'>Nos,</span> <span class='ocrx_word' id='word_1_180' title='bbox 577 2496 873 2567; x_wconf 88' lang='lat' dir='ltr'>consules,</span> <span class='ocrx_word' id='word_1_181' title='bbox 913 2497 1224 2570; x_wconf 58' lang='lat' dir='ltr'>desumus}!</span> <span class='ocrx_word' id='word_1_182' title='bbox 1261 2521 1288 2547; x_wconf 86' lang='lat'>»</span> <span class='ocrx_word' id='word_1_183' title='bbox 1311 2499 1390 2553; x_wconf 92' lang='lat' dir='ltr'>Eo</span> <span class='ocrx_word' id='word_1_184' title='bbox 1423 2497 1612 2569; x_wconf 87' lang='lat' dir='ltr'>magis</span> <span class='ocrx_word' id='word_1_185' title='bbox 1652 2497 1828 2553; x_wconf 88' lang='lat' dir='ltr'>etiam</span> 
     </span>
    </p>
   </div>
   <div class='ocr_carea' id='block_1_27' title="bbox 173 2585 1827 2660">
    <p class='ocr_par' dir='ltr' id='par_1_27' title="bbox 173 2585 1827 2660">
     <span class='ocr_line' id='line_1_27' title="bbox 173 2585 1827 2660; baseline -0.001 -18"><span class='ocrx_word' id='word_1_186' title='bbox 173 2586 435 2643; x_wconf 81' lang='lat' dir='ltr'>Historia</span> <span class='ocrx_word' id='word_1_187' title='bbox 455 2585 820 2659; x_wconf 82' lang='lat' dir='ltr'>indignatur,</span> <span class='ocrx_word' id='word_1_188' title='bbox 837 2587 1149 2660; x_wconf 91' lang='lat' dir='ltr'>scriptores</span> <span class='ocrx_word' id='word_1_189' title='bbox 1175 2603 1263 2656; x_wconf 89' lang='lat' dir='ltr'>ea,</span> <span class='ocrx_word' id='word_1_190' title='bbox 1287 2603 1414 2659; x_wconf 84' lang='lat' dir='ltr'>quae</span> <span class='ocrx_word' id='word_1_191' title='bbox 1439 2586 1496 2641; x_wconf 91' lang='lat' dir='ltr'>in</span> <span class='ocrx_word' id='word_1_192' title='bbox 1520 2603 1628 2642; x_wconf 91' lang='lat' dir='ltr'>sua</span> <span class='ocrx_word' id='word_1_193' title='bbox 1651 2603 1827 2642; x_wconf 88' lang='lat' dir='ltr'>manu</span> 
     </span>
    </p>
   </div>
   <div class='ocr_carea' id='block_1_28' title="bbox 172 2673 1828 2749">
    <p class='ocr_par' dir='ltr' id='par_1_28' title="bbox 172 2673 1828 2749">
     <span class='ocr_line' id='line_1_28' title="bbox 172 2673 1828 2749; baseline -0.001 -17"><span class='ocrx_word' id='word_1_194' title='bbox 172 2679 336 2742; x_wconf 87' lang='lat' dir='ltr'>sunt,</span> <span class='ocrx_word' id='word_1_195' title='bbox 362 2673 509 2731; x_wconf 88' lang='lat' dir='ltr'>falso</span> <span class='ocrx_word' id='word_1_196' title='bbox 541 2673 756 2743; x_wconf 88' lang='lat' dir='ltr'>studio,</span> <span class='ocrx_word' id='word_1_197' title='bbox 781 2679 883 2730; x_wconf 90' lang='lat' dir='ltr'>aut</span> <span class='ocrx_word' id='word_1_198' title='bbox 911 2675 1000 2730; x_wconf 89' lang='lat' dir='ltr'>ira</span> <span class='ocrx_word' id='word_1_199' title='bbox 1028 2693 1180 2749; x_wconf 64' lang='lat' dir='ltr'>saepe</span> <span class='ocrx_word' id='word_1_200' title='bbox 1211 2676 1364 2746; x_wconf 84' lang='lat' dir='ltr'>ficta,</span> <span class='ocrx_word' id='word_1_201' title='bbox 1389 2677 1714 2732; x_wconf 87' lang='lat' dir='ltr'>deformare</span> <span class='ocrx_word' id='word_1_202' title='bbox 1738 2676 1828 2732; x_wconf 80' lang='lat' dir='ltr'>vel</span> 
     </span>
    </p>
   </div>
   <div class='ocr_carea' id='block_1_29' title="bbox 171 2763 1783 2837">
    <p class='ocr_par' dir='ltr' id='par_1_29' title="bbox 171 2763 1783 2837">
     <span class='ocr_line' id='line_1_29' title="bbox 171 2763 1783 2837; baseline 0.001 -17"><span class='ocrx_word' id='word_1_203' title='bbox 171 2763 506 2837; x_wconf 68' lang='lat' dir='ltr'>impinare,</span> <span class='ocrx_word' id='word_1_204' title='bbox 528 2763 966 2837; x_wconf 89' lang='lat' dir='ltr'>legentiumque</span> <span class='ocrx_word' id='word_1_205' title='bbox 987 2768 1250 2837; x_wconf 91' lang='lat' dir='ltr'>tempore</span> <span class='ocrx_word' id='word_1_206' title='bbox 1273 2769 1328 2821; x_wconf 91' lang='lat' dir='ltr'>et</span> <span class='ocrx_word' id='word_1_207' title='bbox 1351 2765 1577 2836; x_wconf 90' lang='lat' dir='ltr'>judicio</span> <span class='ocrx_word' id='word_1_208' title='bbox 1605 2765 1783 2822; x_wconf 89' lang='lat' dir='ltr'>abuti.</span> 
     </span>
    </p>
   </div>
   <div class='ocr_carea' id='block_1_30' title="bbox 245 2852 1825 2924">
    <p class='ocr_par' dir='ltr' id='par_1_30' title="bbox 245 2852 1825 2924">
     <span class='ocr_line' id='line_1_30' title="bbox 245 2852 1825 2924; baseline -0.001 -15"><span class='ocrx_word' id='word_1_209' title='bbox 245 2853 406 2909; x_wconf 89' lang='lat' dir='ltr'>Licet</span> <span class='ocrx_word' id='word_1_210' title='bbox 429 2852 694 2924; x_wconf 82' lang='lat' dir='ltr'>exempla</span> <span class='ocrx_word' id='word_1_211' title='bbox 716 2853 958 2910; x_wconf 89' lang='lat' dir='ltr'>minime</span> <span class='ocrx_word' id='word_1_212' title='bbox 980 2871 1112 2909; x_wconf 91' lang='lat' dir='ltr'>rara</span> <span class='ocrx_word' id='word_1_213' title='bbox 1133 2855 1270 2924; x_wconf 90' lang='lat' dir='ltr'>sint,</span> <span class='ocrx_word' id='word_1_214' title='bbox 1289 2859 1483 2910; x_wconf 88' lang='lat' dir='ltr'>tamen</span> <span class='ocrx_word' id='word_1_215' title='bbox 1511 2871 1694 2909; x_wconf 91' lang='lat' dir='ltr'>unum</span> <span class='ocrx_word' id='word_1_216' title='bbox 1720 2853 1825 2909; x_wconf 88' lang='lat' dir='ltr'>tibi</span> 
     </span>
    </p>
   </div>
   <div class='ocr_carea' id='block_1_31' title="bbox 171 2940 1821 3017">
    <p class='ocr_par' dir='ltr' id='par_1_31' title="bbox 171 2940 1821 3017">
     <span class='ocr_line' id='line_1_31' title="bbox 171 2940 1821 3017; baseline -0.001 -18"><span class='ocrx_word' id='word_1_217' title='bbox 171 2942 415 3000; x_wconf 76' lang='lat' dir='ltr'>offeram</span> <span class='ocrx_word' id='word_1_218' title='bbox 465 2941 524 2998; x_wconf 91' lang='lat' dir='ltr'>in</span> <span class='ocrx_word' id='word_1_219' title='bbox 575 2940 848 2998; x_wconf 91' lang='lat' dir='ltr'>Miceslao</span> <span class='ocrx_word' id='word_1_220' title='bbox 879 2943 925 2998; x_wconf 93' lang='lat' dir='ltr'>II</span> <span class='ocrx_word' id='word_1_221' title='bbox 956 2943 1064 3015; x_wconf 80' lang='lat' dir='ltr'>(vel</span> <span class='ocrx_word' id='word_1_222' title='bbox 1106 2943 1421 3017; x_wconf 90' lang='lat' dir='ltr'>Misegone)</span> <span class='ocrx_word' id='word_1_223' title='bbox 1471 2942 1821 3000; x_wconf 91' lang='lat' dir='ltr'>Polonorum</span> 
     </span>
    </p>
   </div>
   <div class='ocr_carea' id='block_1_32' title="bbox 171 3030 1821 3105">
    <p class='ocr_par' dir='ltr' id='par_1_32' title="bbox 171 3030 1821 3105">
     <span class='ocr_line' id='line_1_32' title="bbox 171 3030 1821 3105; baseline -0.001 -17"><span class='ocrx_word' id='word_1_224' title='bbox 171 3048 330 3105; x_wconf 86' lang='lat' dir='ltr'>rege,</span> <span class='ocrx_word' id='word_1_225' title='bbox 350 3047 526 3104; x_wconf 88' lang='lat' dir='ltr'>quem</span> <span class='ocrx_word' id='word_1_226' title='bbox 557 3031 628 3087; x_wconf 90' lang='lat' dir='ltr'>ab</span> <span class='ocrx_word' id='word_1_227' title='bbox 677 3030 970 3105; x_wconf 86' lang='lat' dir='ltr'>indigenis</span> <span class='ocrx_word' id='word_1_228' title='bbox 999 3036 1057 3088; x_wconf 88' lang='lat' dir='ltr'>et</span> <span class='ocrx_word' id='word_1_229' title='bbox 1085 3033 1381 3105; x_wconf 89' lang='lat' dir='ltr'>germanis</span> <span class='ocrx_word' id='word_1_230' title='bbox 1426 3037 1548 3089; x_wconf 89' lang='lat' dir='ltr'>tam</span> <span class='ocrx_word' id='word_1_231' title='bbox 1580 3031 1821 3088; x_wconf 84' lang='lat' dir='ltr'>diversi-</span> 
     </span>
    </p>
   </div>
   <div class='ocr_carea' id='block_1_33' title="bbox 170 3120 1820 3193">
    <p class='ocr_par' dir='ltr' id='par_1_33' title="bbox 170 3120 1820 3193">
     <span class='ocr_line' id='line_1_33' title="bbox 170 3120 1820 3193; baseline -0.001 -15"><span class='ocrx_word' id='word_1_232' title='bbox 170 3121 348 3178; x_wconf 91' lang='lat' dir='ltr'>modo</span> <span class='ocrx_word' id='word_1_233' title='bbox 380 3121 739 3193; x_wconf 88' lang='lat' dir='ltr'>descriptum</span> <span class='ocrx_word' id='word_1_234' title='bbox 769 3120 1050 3188; x_wconf 86' lang='lat' dir='ltr'>invenies,</span> <span class='ocrx_word' id='word_1_235' title='bbox 1075 3125 1138 3176; x_wconf 91' lang='lat' dir='ltr'>ut</span> <span class='ocrx_word' id='word_1_236' title='bbox 1167 3121 1311 3176; x_wconf 88' lang='lat' dir='ltr'>nihil</span> <span class='ocrx_word' id='word_1_237' title='bbox 1343 3122 1458 3177; x_wconf 77' lang='lat' dir='ltr'>fere</span> <span class='ocrx_word' id='word_1_238' title='bbox 1490 3122 1559 3177; x_wconf 92' lang='lat' dir='ltr'>de</span> <span class='ocrx_word' id='word_1_239' title='bbox 1590 3137 1655 3177; x_wconf 90' lang='lat' dir='ltr'>eo</span> <span class='ocrx_word' id='word_1_240' title='bbox 1688 3138 1820 3193; x_wconf 35' lang='lat' dir='ltr'>pros</span> 
     </span>
    </p>
   </div>
   <div class='ocr_carea' id='block_1_34' title="bbox 167 3209 1550 3282">
    <p class='ocr_par' dir='ltr' id='par_1_34' title="bbox 167 3209 1550 3282">
     <span class='ocr_line' id='line_1_34' title="bbox 167 3209 1550 3282; baseline 0 -16"><span class='ocrx_word' id='word_1_241' title='bbox 167 3211 307 3267; x_wconf 86' lang='lat' dir='ltr'>ferri</span> <span class='ocrx_word' id='word_1_242' title='bbox 340 3213 534 3282; x_wconf 88' lang='lat' dir='ltr'>queat,</span> <span class='ocrx_word' id='word_1_243' title='bbox 566 3210 736 3281; x_wconf 89' lang='lat' dir='ltr'>cujus</span> <span class='ocrx_word' id='word_1_244' title='bbox 765 3209 847 3266; x_wconf 90' lang='lat' dir='ltr'>rei</span> <span class='ocrx_word' id='word_1_245' title='bbox 877 3214 1140 3266; x_wconf 88' lang='lat' dir='ltr'>autorem</span> <span class='ocrx_word' id='word_1_246' title='bbox 1171 3227 1285 3267; x_wconf 90' lang='lat' dir='ltr'>non</span> <span class='ocrx_word' id='word_1_247' title='bbox 1315 3210 1550 3266; x_wconf 86' lang='lat' dir='ltr'>habeas.</span> 
     </span>
    </p>
   </div>
   <div class='ocr_carea' id='block_1_35' title="bbox 1957 624 3604 699">
    <p class='ocr_par' dir='ltr' id='par_1_35' title="bbox 1957 624 3604 699">
     <span class='ocr_line' id='line_1_35' title="bbox 1957 624 3604 699; baseline 0.004 -19"><span class='ocrx_word' id='word_1_248' title='bbox 1957 625 2028 680; x_wconf 89' lang='lat' dir='ltr'>ad</span> <span class='ocrx_word' id='word_1_249' title='bbox 2061 624 2383 696; x_wconf 86' lang='lat' dir='ltr'>Viadrum),</span> <span class='ocrx_word' id='word_1_250' title='bbox 2407 643 2441 682; x_wconf 90' lang='lat' dir='ltr'>a</span> <span class='ocrx_word' id='word_1_251' title='bbox 2481 643 2612 699; x_wconf 89' lang='lat' dir='ltr'>rege</span> <span class='ocrx_word' id='word_1_252' title='bbox 2655 628 2928 684; x_wconf 91' lang='lat' dir='ltr'>defuncto</span> <span class='ocrx_word' id='word_1_253' title='bbox 2960 629 3249 686; x_wconf 90' lang='lat' dir='ltr'>Friderico</span> <span class='ocrx_word' id='word_1_254' title='bbox 3283 629 3604 686; x_wconf 86' lang='lat' dir='ltr'>Wilhelmo</span> 
     </span>
    </p>
   </div>
   <div class='ocr_carea' id='block_1_36' title="bbox 1955 714 3608 794">
    <p class='ocr_par' dir='ltr' id='par_1_36' title="bbox 1955 714 3608 794">
     <span class='ocr_line' id='line_1_36' title="bbox 1955 714 3608 794; baseline 0.005 -26"><span class='ocrx_word' id='word_1_255' title='bbox 1955 714 2127 769; x_wconf 90' lang='lat' dir='ltr'>tertio</span> <span class='ocrx_word' id='word_1_256' title='bbox 2182 714 2596 782; x_wconf 72' lang='lat' dir='ltr'>sazcularisati;</span> <span class='ocrx_word' id='word_1_257' title='bbox 2632 715 2822 771; x_wconf 88' lang='lat' dir='ltr'>inveni</span> <span class='ocrx_word' id='word_1_258' title='bbox 2870 717 3086 774; x_wconf 89' lang='lat' dir='ltr'>librum</span> <span class='ocrx_word' id='word_1_259' title='bbox 3135 719 3608 794; x_wconf 86' lang='lat' dir='ltr'>manuscriptum</span> 
     </span>
    </p>
   </div>
   <div class='ocr_carea' id='block_1_37' title="bbox 1956 803 3610 878">
    <p class='ocr_par' dir='ltr' id='par_1_37' title="bbox 1956 803 3610 878">
     <span class='ocr_line' id='line_1_37' title="bbox 1956 803 3610 878; baseline 0.005 -20"><span class='ocrx_word' id='word_1_260' title='bbox 1956 803 2490 873; x_wconf 88' lang='lat' dir='ltr'>membranaceum,</span> <span class='ocrx_word' id='word_1_261' title='bbox 2519 804 2790 861; x_wconf 87' lang='lat' dir='ltr'>foliorum</span> <span class='ocrx_word' id='word_1_262' title='bbox 2841 807 3136 878; x_wconf 87' lang='lat' dir='ltr'>octoginta</span> <span class='ocrx_word' id='word_1_263' title='bbox 3179 809 3382 876; x_wconf 90' lang='lat' dir='ltr'>trium,</span> <span class='ocrx_word' id='word_1_264' title='bbox 3407 809 3610 867; x_wconf 58' lang='lat' dir='ltr'>forma</span> 
     </span>
    </p>
   </div>
   <div class='ocr_carea' id='block_1_38' title="bbox 1955 892 3611 970">
    <p class='ocr_par' dir='ltr' id='par_1_38' title="bbox 1955 892 3611 970">
     <span class='ocr_line' id='line_1_38' title="bbox 1955 892 3611 970; baseline 0.006 -25"><span class='ocrx_word' id='word_1_265' title='bbox 1955 892 2271 964; x_wconf 72' lang='lat' dir='ltr'>quadratae.</span> <span class='ocrx_word' id='word_1_266' title='bbox 2310 892 2624 966; x_wconf 88' lang='lat' dir='ltr'>Catalogus</span> <span class='ocrx_word' id='word_1_267' title='bbox 2657 893 2891 950; x_wconf 90' lang='lat' dir='ltr'>illorum</span> <span class='ocrx_word' id='word_1_268' title='bbox 2931 894 3216 951; x_wconf 89' lang='lat' dir='ltr'>librorum</span> <span class='ocrx_word' id='word_1_269' title='bbox 3249 897 3611 970; x_wconf 85' lang='lat' dir='ltr'>negligenter</span> 
     </span>
    </p>
   </div>
   <div class='ocr_carea' id='block_1_39' title="bbox 1955 981 3602 1054">
    <p class='ocr_par' dir='ltr' id='par_1_39' title="bbox 1955 981 3602 1054">
     <span class='ocr_line' id='line_1_39' title="bbox 1955 981 3602 1054; baseline 0.005 -19"><span class='ocrx_word' id='word_1_270' title='bbox 1955 982 2324 1054; x_wconf 88' lang='lat' dir='ltr'>conscriptus</span> <span class='ocrx_word' id='word_1_271' title='bbox 2354 981 2542 1037; x_wconf 75' lang='lat' dir='ltr'>hazcce</span> <span class='ocrx_word' id='word_1_272' title='bbox 2583 983 2655 1038; x_wconf 91' lang='lat' dir='ltr'>de</span> <span class='ocrx_word' id='word_1_273' title='bbox 2700 983 2810 1038; x_wconf 92' lang='lat' dir='ltr'>hoc</span> <span class='ocrx_word' id='word_1_274' title='bbox 2867 982 3015 1039; x_wconf 89' lang='lat' dir='ltr'>libro</span> <span class='ocrx_word' id='word_1_275' title='bbox 3073 985 3332 1040; x_wconf 87' lang='lat' dir='ltr'>continet</span> <span class='ocrx_word' id='word_1_276' title='bbox 3379 987 3602 1045; x_wconf 88' lang='lat' dir='ltr'>verba:</span> 
     </span>
    </p>
   </div>
   <div class='ocr_carea' id='block_1_40' title="bbox 1960 1069 3605 1146">
    <p class='ocr_par' dir='ltr' id='par_1_40' title="bbox 1960 1069 3605 1146">
     <span class='ocr_line' id='line_1_40' title="bbox 1960 1069 3605 1146; baseline 0.006 -25"><span class='ocrx_word' id='word_1_277' title='bbox 1960 1090 1981 1121; x_wconf 83' lang='grc' dir='ltr'>ι</span> <span class='ocrx_word' id='word_1_278' title='bbox 2017 1070 2118 1124; x_wconf 91' lang='lat' dir='ltr'>Ein</span> <span class='ocrx_word' id='word_1_279' title='bbox 2154 1069 2544 1126; x_wconf 88' lang='lat' dir='ltr'>lateincsches</span> <span class='ocrx_word' id='word_1_280' title='bbox 2586 1073 2907 1144; x_wconf 89' lang='lat' dir='ltr'>Manscript</span> <span class='ocrx_word' id='word_1_281' title='bbox 2937 1072 3044 1128; x_wconf 86' lang='lat' dir='ltr'>auf</span> <span class='ocrx_word' id='word_1_282' title='bbox 3075 1072 3438 1146; x_wconf 77' lang='lat' dir='ltr'>Pergament&#39;,</span> <span class='ocrx_word' id='word_1_283' title='bbox 3471 1075 3605 1132; x_wconf 88' lang='lat' dir='ltr'>dem</span> 
     </span>
    </p>
   </div>
   <div class='ocr_carea' id='block_1_41' title="bbox 1957 1159 3608 1236">
    <p class='ocr_par' dir='ltr' id='par_1_41' title="bbox 1957 1159 3608 1236">
     <span class='ocr_line' id='line_1_41' title="bbox 1957 1159 3608 1236; baseline 0.007 -26"><span class='ocrx_word' id='word_1_284' title='bbox 1957 1181 1979 1209; x_wconf 74' lang='grc' dir='ltr'>α</span> <span class='ocrx_word' id='word_1_285' title='bbox 2013 1159 2247 1214; x_wconf 87' lang='lat' dir='ltr'>Ansehn</span> <span class='ocrx_word' id='word_1_286' title='bbox 2276 1161 2424 1216; x_wconf 90' lang='lat' dir='ltr'>naeh</span> <span class='ocrx_word' id='word_1_287' title='bbox 2459 1161 2594 1217; x_wconf 90' lang='lat' dir='ltr'>sehr</span> <span class='ocrx_word' id='word_1_288' title='bbox 2619 1161 2718 1230; x_wconf 90' lang='lat' dir='ltr'>alt,</span> <span class='ocrx_word' id='word_1_289' title='bbox 2753 1162 2905 1218; x_wconf 90' lang='lat' dir='ltr'>ohne</span> <span class='ocrx_word' id='word_1_290' title='bbox 2936 1161 3102 1230; x_wconf 89' lang='lat' dir='ltr'>Titel,</span> <span class='ocrx_word' id='word_1_291' title='bbox 3133 1163 3240 1219; x_wconf 91' lang='lat' dir='ltr'>mit</span> <span class='ocrx_word' id='word_1_292' title='bbox 3269 1163 3608 1236; x_wconf 84' lang='lat' dir='ltr'>gothischer</span> 
     </span>
    </p>
   </div>
   <div class='ocr_carea' id='block_1_42' title="bbox 1951 1249 3600 1326">
    <p class='ocr_par' dir='ltr' id='par_1_42' title="bbox 1951 1249 3600 1326">
     <span class='ocr_line' id='line_1_42' title="bbox 1951 1249 3600 1326; baseline 0.007 -27"><span class='ocrx_word' id='word_1_293' title='bbox 1951 1271 1980 1298; x_wconf 85' lang='lat'><strong>«</strong></span> <span class='ocrx_word' id='word_1_294' title='bbox 2016 1249 2250 1315; x_wconf 86' lang='lat' dir='ltr'>Schrift,</span> <span class='ocrx_word' id='word_1_295' title='bbox 2280 1250 2428 1305; x_wconf 91' lang='lat' dir='ltr'>nach</span> <span class='ocrx_word' id='word_1_296' title='bbox 2461 1251 2565 1306; x_wconf 90' lang='lat' dir='ltr'>der</span> <span class='ocrx_word' id='word_1_297' title='bbox 2593 1250 2873 1324; x_wconf 90' lang='lat' dir='ltr'>Meinung</span> <span class='ocrx_word' id='word_1_298' title='bbox 2902 1251 3004 1307; x_wconf 90' lang='lat' dir='ltr'>des</span> <span class='ocrx_word' id='word_1_299' title='bbox 3022 1250 3166 1307; x_wconf 89' lang='lat' dir='ltr'>Abts</span> <span class='ocrx_word' id='word_1_300' title='bbox 3188 1253 3436 1326; x_wconf 87' lang='lat' dir='ltr'>Optatus</span> <span class='ocrx_word' id='word_1_301' title='bbox 3459 1252 3600 1310; x_wconf 85' lang='lat' dir='ltr'>Paul</span> 
     </span>
    </p>
   </div>
   <div class='ocr_carea' id='block_1_43' title="bbox 1951 1336 2637 1410">
    <p class='ocr_par' dir='ltr' id='par_1_43' title="bbox 1951 1336 2637 1410">
     <span class='ocr_line' id='line_1_43' title="bbox 1951 1336 2637 1410; baseline 0.004 -18"><span class='ocrx_word' id='word_1_302' title='bbox 1951 1360 1978 1386; x_wconf 88' lang='lat'>«</span> <span class='ocrx_word' id='word_1_303' title='bbox 2013 1336 2104 1393; x_wconf 91' lang='lat' dir='ltr'>ein</span> <span class='ocrx_word' id='word_1_304' title='bbox 2135 1337 2637 1410; x_wconf 88' lang='lat' dir='ltr'>Chorgebetbuch.</span> 
     </span>
    </p>
   </div>
   <div class='ocr_carea' id='block_1_44' title="bbox 2020 1425 3600 1502">
    <p class='ocr_par' dir='ltr' id='par_1_44' title="bbox 2020 1425 3600 1502">
     <span class='ocr_line' id='line_1_44' title="bbox 2020 1425 3600 1502; baseline 0.004 -21"><span class='ocrx_word' id='word_1_305' title='bbox 2020 1425 2210 1489; x_wconf 90' lang='lat' dir='ltr'>Quum</span> <span class='ocrx_word' id='word_1_306' title='bbox 2244 1427 2581 1500; x_wconf 89' lang='lat' dir='ltr'>diligentius</span> <span class='ocrx_word' id='word_1_307' title='bbox 2629 1428 2999 1502; x_wconf 88' lang='lat' dir='ltr'>inspicerem,</span> <span class='ocrx_word' id='word_1_308' title='bbox 3037 1430 3241 1486; x_wconf 81' lang='lat' dir='ltr'>statim</span> <span class='ocrx_word' id='word_1_309' title='bbox 3269 1431 3388 1488; x_wconf 81' lang='lat' dir='ltr'>vidi</span> <span class='ocrx_word' id='word_1_310' title='bbox 3436 1430 3600 1490; x_wconf 77' lang='lat' dir='ltr'>codi-</span> 
     </span>
    </p>
   </div>
   <div class='ocr_carea' id='block_1_45' title="bbox 1949 1517 2726 1590">
    <p class='ocr_par' dir='ltr' id='par_1_45' title="bbox 1949 1517 2726 1590">
     <span class='ocr_line' id='line_1_45' title="bbox 1949 1517 2726 1590; baseline 0.004 -20"><span class='ocrx_word' id='word_1_311' title='bbox 1949 1531 2072 1571; x_wconf 88' lang='lat' dir='ltr'>cem</span> <span class='ocrx_word' id='word_1_312' title='bbox 2103 1517 2344 1587; x_wconf 86' lang='lat' dir='ltr'>majoris</span> <span class='ocrx_word' id='word_1_313' title='bbox 2375 1534 2504 1573; x_wconf 89' lang='lat' dir='ltr'>esse</span> <span class='ocrx_word' id='word_1_314' title='bbox 2535 1518 2726 1590; x_wconf 88' lang='lat' dir='ltr'>pretii.</span> 
     </span>
    </p>
   </div>
   <div class='ocr_carea' id='block_1_46' title="bbox 2021 1605 3600 1684">
    <p class='ocr_par' dir='ltr' id='par_1_46' title="bbox 2021 1605 3600 1684">
     <span class='ocr_line' id='line_1_46' title="bbox 2021 1605 3600 1684; baseline 0.006 -25"><span class='ocrx_word' id='word_1_315' title='bbox 2021 1606 2080 1660; x_wconf 88' lang='lat' dir='ltr'>In</span> <span class='ocrx_word' id='word_1_316' title='bbox 2115 1605 2270 1673; x_wconf 82' lang='lat' dir='ltr'>folio,</span> <span class='ocrx_word' id='word_1_317' title='bbox 2297 1610 2362 1661; x_wconf 91' lang='lat' dir='ltr'>ut</span> <span class='ocrx_word' id='word_1_318' title='bbox 2391 1624 2547 1662; x_wconf 91' lang='lat' dir='ltr'>nunc</span> <span class='ocrx_word' id='word_1_319' title='bbox 2579 1624 2640 1663; x_wconf 89' lang='lat' dir='ltr'>se</span> <span class='ocrx_word' id='word_1_320' title='bbox 2669 1608 2862 1677; x_wconf 90' lang='lat' dir='ltr'>habet,</span> <span class='ocrx_word' id='word_1_321' title='bbox 2896 1608 3107 1680; x_wconf 90' lang='lat' dir='ltr'>primo,</span> <span class='ocrx_word' id='word_1_322' title='bbox 3140 1609 3354 1684; x_wconf 86' lang='lat' dir='ltr'>legitur</span> <span class='ocrx_word' id='word_1_323' title='bbox 3413 1628 3600 1668; x_wconf 87' lang='lat' dir='ltr'>manu</span> 
     </span>
    </p>
   </div>
   <div class='ocr_carea' id='block_1_47' title="bbox 1947 1693 3601 1758">
    <p class='ocr_par' dir='ltr' id='par_1_47' title="bbox 1947 1693 3601 1758">
     <span class='ocr_line' id='line_1_47' title="bbox 1947 1693 3601 1758; baseline 0.006 -10"><span class='ocrx_word' id='word_1_324' title='bbox 1947 1693 2357 1750; x_wconf 85' lang='lat' dir='ltr'>recentissima</span> <span class='ocrx_word' id='word_1_325' title='bbox 2388 1712 2422 1750; x_wconf 89' lang='lat' dir='ltr'>a</span> <span class='ocrx_word' id='word_1_326' title='bbox 2451 1696 2639 1752; x_wconf 87' lang='lat' dir='ltr'>fronte</span> <span class='ocrx_word' id='word_1_327' title='bbox 2665 1715 2716 1752; x_wconf 87' lang='lat'>:«</span> <span class='ocrx_word' id='word_1_328' title='bbox 2738 1697 2820 1752; x_wconf 85' lang='lat' dir='ltr'>Ex</span> <span class='ocrx_word' id='word_1_329' title='bbox 2841 1697 3194 1754; x_wconf 89' lang='lat' dir='ltr'>bibliotheca</span> <span class='ocrx_word' id='word_1_330' title='bbox 3212 1698 3323 1756; x_wconf 80' lang='lat' dir='ltr'>Dﬁi</span> <span class='ocrx_word' id='word_1_331' title='bbox 3353 1699 3601 1758; x_wconf 87' lang='lat' dir='ltr'>Abbatis</span> 
     </span>
    </p>
   </div>
   <div class='ocr_carea' id='block_1_48' title="bbox 1947 1782 3600 1861">
    <p class='ocr_par' dir='ltr' id='par_1_48' title="bbox 1947 1782 3600 1861">
     <span class='ocr_line' id='line_1_48' title="bbox 1947 1782 3600 1861; baseline 0.005 -25"><span class='ocrx_word' id='word_1_332' title='bbox 1947 1782 2281 1838; x_wconf 89' lang='lat' dir='ltr'>Monasterii</span> <span class='ocrx_word' id='word_1_333' title='bbox 2311 1784 2371 1838; x_wconf 92' lang='lat' dir='ltr'>B.</span> <span class='ocrx_word' id='word_1_334' title='bbox 2391 1784 2461 1838; x_wconf 91' lang='lat' dir='ltr'>V.</span> <span class='ocrx_word' id='word_1_335' title='bbox 2481 1784 2674 1840; x_wconf 83' lang='lat' dir='ltr'>Mariae</span> <span class='ocrx_word' id='word_1_336' title='bbox 2697 1785 2766 1841; x_wconf 91' lang='lat' dir='ltr'>de</span> <span class='ocrx_word' id='word_1_337' title='bbox 2797 1786 2956 1841; x_wconf 89' lang='lat' dir='ltr'>Nova</span> <span class='ocrx_word' id='word_1_338' title='bbox 2985 1786 3192 1843; x_wconf 65' lang='lat' dir='ltr'>Cella.»</span> <span class='ocrx_word' id='word_1_339' title='bbox 3221 1787 3378 1844; x_wconf 89' lang='lat' dir='ltr'>Folio</span> <span class='ocrx_word' id='word_1_340' title='bbox 3408 1788 3600 1861; x_wconf 86' lang='lat' dir='ltr'>primo</span> 
     </span>
    </p>
   </div>
   <div class='ocr_carea' id='block_1_49' title="bbox 1944 1871 3598 1950">
    <p class='ocr_par' dir='ltr' id='par_1_49' title="bbox 1944 1871 3598 1950">
     <span class='ocr_line' id='line_1_49' title="bbox 1944 1871 3598 1950; baseline 0.004 -23"><span class='ocrx_word' id='word_1_341' title='bbox 1944 1888 2108 1927; x_wconf 89' lang='lat' dir='ltr'>verso</span> <span class='ocrx_word' id='word_1_342' title='bbox 2140 1876 2197 1926; x_wconf 90' lang='lat' dir='ltr'>et</span> <span class='ocrx_word' id='word_1_343' title='bbox 2238 1871 2375 1928; x_wconf 92' lang='lat' dir='ltr'>folio</span> <span class='ocrx_word' id='word_1_344' title='bbox 2426 1874 2682 1930; x_wconf 90' lang='lat' dir='ltr'>secundo</span> <span class='ocrx_word' id='word_1_345' title='bbox 2714 1891 2748 1930; x_wconf 89' lang='lat' dir='ltr'>a</span> <span class='ocrx_word' id='word_1_346' title='bbox 2778 1875 2965 1930; x_wconf 89' lang='lat' dir='ltr'>fronte</span> <span class='ocrx_word' id='word_1_347' title='bbox 3010 1875 3226 1949; x_wconf 87' lang='lat' dir='ltr'>legitur</span> <span class='ocrx_word' id='word_1_348' title='bbox 3252 1875 3510 1950; x_wconf 90' lang='lat' dir='ltr'>hymnus</span> <span class='ocrx_word' id='word_1_349' title='bbox 3538 1877 3598 1934; x_wconf 93' lang='lat' dir='ltr'>in</span> 
     </span>
    </p>
   </div>
   <div class='ocr_carea' id='block_1_50' title="bbox 1944 1961 3599 2037">
    <p class='ocr_par' dir='ltr' id='par_1_50' title="bbox 1944 1961 3599 2037">
     <span class='ocr_line' id='line_1_50' title="bbox 1944 1961 3599 2037; baseline 0.004 -22"><span class='ocrx_word' id='word_1_350' title='bbox 1944 1961 2326 2034; x_wconf 87' lang='lat' dir='ltr'>archangelos</span> <span class='ocrx_word' id='word_1_351' title='bbox 2374 1962 2432 2018; x_wconf 92' lang='lat' dir='ltr'>S.</span> <span class='ocrx_word' id='word_1_352' title='bbox 2467 1961 2829 2032; x_wconf 88' lang='lat' dir='ltr'>Michaelem,</span> <span class='ocrx_word' id='word_1_353' title='bbox 2854 1963 3206 2032; x_wconf 89' lang='lat' dir='ltr'>Gabrielem,</span> <span class='ocrx_word' id='word_1_354' title='bbox 3229 1968 3286 2020; x_wconf 90' lang='lat' dir='ltr'>et</span> <span class='ocrx_word' id='word_1_355' title='bbox 3332 1964 3599 2037; x_wconf 87' lang='lat' dir='ltr'>Raphae-</span> 
     </span>
    </p>
   </div>
   <div class='ocr_carea' id='block_1_51' title="bbox 1944 2048 3599 2125">
    <p class='ocr_par' dir='ltr' id='par_1_51' title="bbox 1944 2048 3599 2125">
     <span class='ocr_line' id='line_1_51' title="bbox 1944 2048 3599 2125; baseline 0.005 -21"><span class='ocrx_word' id='word_1_356' title='bbox 1944 2048 2080 2118; x_wconf 87' lang='lat' dir='ltr'>lem,</span> <span class='ocrx_word' id='word_1_357' title='bbox 2105 2055 2160 2105; x_wconf 92' lang='lat' dir='ltr'>et</span> <span class='ocrx_word' id='word_1_358' title='bbox 2187 2050 2246 2105; x_wconf 91' lang='lat' dir='ltr'>in</span> <span class='ocrx_word' id='word_1_359' title='bbox 2275 2051 2536 2124; x_wconf 90' lang='lat' dir='ltr'>margine</span> <span class='ocrx_word' id='word_1_360' title='bbox 2563 2051 2766 2125; x_wconf 84' lang='lat' dir='ltr'>hymni</span> <span class='ocrx_word' id='word_1_361' title='bbox 2785 2051 3034 2109; x_wconf 89' lang='lat' dir='ltr'>Alleluia</span> <span class='ocrx_word' id='word_1_362' title='bbox 3064 2070 3196 2109; x_wconf 89' lang='lat' dir='ltr'>cum</span> <span class='ocrx_word' id='word_1_363' title='bbox 3221 2053 3440 2111; x_wconf 91' lang='lat' dir='ltr'>notulis</span> <span class='ocrx_word' id='word_1_364' title='bbox 3460 2071 3599 2112; x_wconf 87' lang='lat' dir='ltr'>can-</span> 
     </span>
    </p>
   </div>
   <div class='ocr_carea' id='block_1_52' title="bbox 1941 2139 3597 2216">
    <p class='ocr_par' dir='ltr' id='par_1_52' title="bbox 1941 2139 3597 2216">
     <span class='ocr_line' id='line_1_52' title="bbox 1941 2139 3597 2216; baseline 0.005 -24"><span class='ocrx_word' id='word_1_365' title='bbox 1941 2139 2155 2194; x_wconf 90' lang='lat' dir='ltr'>tandis.</span> <span class='ocrx_word' id='word_1_366' title='bbox 2189 2140 2454 2212; x_wconf 88' lang='lat' dir='ltr'>Scriptus</span> <span class='ocrx_word' id='word_1_367' title='bbox 2485 2157 2613 2196; x_wconf 91' lang='lat' dir='ltr'>esse</span> <span class='ocrx_word' id='word_1_368' title='bbox 2643 2140 2874 2197; x_wconf 92' lang='lat' dir='ltr'>videtur</span> <span class='ocrx_word' id='word_1_369' title='bbox 2918 2142 3014 2198; x_wconf 90' lang='lat' dir='ltr'>hic</span> <span class='ocrx_word' id='word_1_370' title='bbox 3064 2143 3321 2216; x_wconf 85' lang='lat' dir='ltr'>hymnus</span> <span class='ocrx_word' id='word_1_371' title='bbox 3351 2161 3386 2199; x_wconf 83' lang='lat' dir='ltr'>a</span> <span class='ocrx_word' id='word_1_372' title='bbox 3414 2159 3597 2200; x_wconf 87' lang='lat' dir='ltr'>manu</span> 
     </span>
    </p>
   </div>
   <div class='ocr_carea' id='block_1_53' title="bbox 1942 2227 3594 2304">
    <p class='ocr_par' dir='ltr' id='par_1_53' title="bbox 1942 2227 3594 2304">
     <span class='ocr_line' id='line_1_53' title="bbox 1942 2227 3594 2304; baseline 0.004 -22"><span class='ocrx_word' id='word_1_373' title='bbox 1942 2227 2245 2284; x_wconf 87' lang='lat' dir='ltr'>recentiori</span> <span class='ocrx_word' id='word_1_374' title='bbox 2277 2245 2453 2301; x_wconf 90' lang='lat' dir='ltr'>quam</span> <span class='ocrx_word' id='word_1_375' title='bbox 2487 2246 2612 2301; x_wconf 70' lang='lat' dir='ltr'>qua:</span> <span class='ocrx_word' id='word_1_376' title='bbox 2661 2229 2720 2284; x_wconf 91' lang='lat' dir='ltr'>in</span> <span class='ocrx_word' id='word_1_377' title='bbox 2761 2228 2986 2302; x_wconf 87' lang='lat' dir='ltr'>reliqua</span> <span class='ocrx_word' id='word_1_378' title='bbox 3036 2229 3170 2287; x_wconf 93' lang='lat' dir='ltr'>libri</span> <span class='ocrx_word' id='word_1_379' title='bbox 3219 2235 3384 2304; x_wconf 88' lang='lat' dir='ltr'>parte</span> <span class='ocrx_word' id='word_1_380' title='bbox 3433 2235 3594 2289; x_wconf 87' lang='lat' dir='ltr'>sunt.</span> 
     </span>
    </p>
   </div>
   <div class='ocr_carea' id='block_1_54' title="bbox 1941 2316 3598 2389">
    <p class='ocr_par' dir='ltr' id='par_1_54' title="bbox 1941 2316 3598 2389">
     <span class='ocr_line' id='line_1_54' title="bbox 1941 2316 3598 2389; baseline 0.005 -18"><span class='ocrx_word' id='word_1_381' title='bbox 1941 2317 2087 2372; x_wconf 88' lang='lat' dir='ltr'>Nam</span> <span class='ocrx_word' id='word_1_382' title='bbox 2115 2316 2316 2373; x_wconf 67' lang='lat' dir='ltr'>litterae</span> <span class='ocrx_word' id='word_1_383' title='bbox 2350 2316 2548 2389; x_wconf 91' lang='lat' dir='ltr'>paullo</span> <span class='ocrx_word' id='word_1_384' title='bbox 2580 2318 2868 2374; x_wconf 69' lang='lat' dir='ltr'>inclinatas</span> <span class='ocrx_word' id='word_1_385' title='bbox 2899 2323 3060 2386; x_wconf 86' lang='lat' dir='ltr'>sunt,</span> <span class='ocrx_word' id='word_1_386' title='bbox 3090 2318 3228 2376; x_wconf 89' lang='lat' dir='ltr'>licet</span> <span class='ocrx_word' id='word_1_387' title='bbox 3269 2320 3330 2376; x_wconf 92' lang='lat' dir='ltr'>in</span> <span class='ocrx_word' id='word_1_388' title='bbox 3377 2320 3598 2380; x_wconf 82' lang='lat' dir='ltr'>notulis</span> 
     </span>
    </p>
   </div>
   <div class='ocr_carea' id='block_1_55' title="bbox 1939 2405 3594 2482">
    <p class='ocr_par' dir='ltr' id='par_1_55' title="bbox 1939 2405 3594 2482">
     <span class='ocr_line' id='line_1_55' title="bbox 1939 2405 3594 2482; baseline 0.004 -21"><span class='ocrx_word' id='word_1_389' title='bbox 1939 2405 2104 2462; x_wconf 82' lang='lat' dir='ltr'>lineae</span> <span class='ocrx_word' id='word_1_390' title='bbox 2137 2407 2328 2462; x_wconf 88' lang='lat' dir='ltr'>desint</span> <span class='ocrx_word' id='word_1_391' title='bbox 2376 2411 2432 2462; x_wconf 90' lang='lat' dir='ltr'>et</span> <span class='ocrx_word' id='word_1_392' title='bbox 2481 2407 2837 2481; x_wconf 89' lang='lat' dir='ltr'>Gregoriana</span> <span class='ocrx_word' id='word_1_393' title='bbox 2865 2411 3317 2482; x_wconf 53' lang='lat' dir='ltr'>Ineumata,quaa</span> <span class='ocrx_word' id='word_1_394' title='bbox 3371 2409 3594 2480; x_wconf 89' lang='lat' dir='ltr'>dicunt,</span> 
     </span>
    </p>
   </div>
   <div class='ocr_carea' id='block_1_56' title="bbox 1939 2497 3600 2573">
    <p class='ocr_par' dir='ltr' id='par_1_56' title="bbox 1939 2497 3600 2573">
     <span class='ocr_line' id='line_1_56' title="bbox 1939 2497 3600 2573; baseline 0.004 -23"><span class='ocrx_word' id='word_1_395' title='bbox 1939 2512 2067 2551; x_wconf 91' lang='lat' dir='ltr'>esse</span> <span class='ocrx_word' id='word_1_396' title='bbox 2093 2497 2421 2565; x_wconf 89' lang='lat' dir='ltr'>videantur,</span> <span class='ocrx_word' id='word_1_397' title='bbox 2451 2498 2622 2569; x_wconf 87' lang='lat' dir='ltr'>cujus</span> <span class='ocrx_word' id='word_1_398' title='bbox 2653 2497 2984 2570; x_wconf 85' lang='lat' dir='ltr'>exemplum</span> <span class='ocrx_word' id='word_1_399' title='bbox 3008 2515 3206 2571; x_wconf 87' lang='lat' dir='ltr'>supra,</span> <span class='ocrx_word' id='word_1_400' title='bbox 3228 2498 3288 2554; x_wconf 93' lang='lat' dir='ltr'>in</span> <span class='ocrx_word' id='word_1_401' title='bbox 3317 2499 3509 2573; x_wconf 85' lang='lat' dir='ltr'>figura</span> <span class='ocrx_word' id='word_1_402' title='bbox 3536 2503 3600 2568; x_wconf 89' lang='lat'>2,</span> 
     </span>
    </p>
   </div>
   <div class='ocr_carea' id='block_1_57' title="bbox 1939 2584 3596 2662">
    <p class='ocr_par' dir='ltr' id='par_1_57' title="bbox 1939 2584 3596 2662">
     <span class='ocr_line' id='line_1_57' title="bbox 1939 2584 3596 2662; baseline 0.004 -23"><span class='ocrx_word' id='word_1_403' title='bbox 1939 2584 2119 2642; x_wconf 89' lang='lat' dir='ltr'>habes</span> <span class='ocrx_word' id='word_1_404' title='bbox 2149 2586 2220 2640; x_wconf 91' lang='lat' dir='ltr'>ad</span> <span class='ocrx_word' id='word_1_405' title='bbox 2252 2603 2486 2642; x_wconf 90' lang='lat' dir='ltr'>versum</span> <span class='ocrx_word' id='word_1_406' title='bbox 2520 2603 2532 2641; x_wconf 91' lang='lat'><strong>:</strong></span> <span class='ocrx_word' id='word_1_407' title='bbox 2560 2609 2586 2635; x_wconf 92' lang='grc'>‹‹</span> <span class='ocrx_word' id='word_1_408' title='bbox 2621 2587 2728 2642; x_wconf 88' lang='lat' dir='ltr'>Per</span> <span class='ocrx_word' id='word_1_409' title='bbox 2755 2603 2914 2660; x_wconf 84' lang='lat' dir='ltr'>quem</span> <span class='ocrx_word' id='word_1_410' title='bbox 2947 2587 3238 2644; x_wconf 80' lang='lat' dir='ltr'>letabunda</span> <span class='ocrx_word' id='word_1_411' title='bbox 3261 2595 3596 2662; x_wconf 78' lang='lat' dir='ltr'>perematur</span> 
     </span>
    </p>
   </div>
   <div class='ocr_carea' id='block_1_58' title="bbox 1937 2675 2638 2731">
    <p class='ocr_par' dir='ltr' id='par_1_58' title="bbox 1937 2675 2638 2731">
     <span class='ocr_line' id='line_1_58' title="bbox 1937 2675 2638 2731; baseline -0.006 -2"><span class='ocrx_word' id='word_1_412' title='bbox 1937 2675 2192 2730; x_wconf 80' lang='lat' dir='ltr'>machina</span> <span class='ocrx_word' id='word_1_413' title='bbox 2222 2676 2415 2730; x_wconf 83' lang='lat' dir='ltr'>mundi</span> <span class='ocrx_word' id='word_1_414' title='bbox 2444 2682 2571 2731; x_wconf 86' lang='lat' dir='ltr'>tota.</span> <span class='ocrx_word' id='word_1_415' title='bbox 2609 2697 2638 2726; x_wconf 90' lang='grc'><strong>››</strong></span> 
     </span>
    </p>
   </div>
   <div class='ocr_carea' id='block_1_59' title="bbox 2008 2763 3590 2823">
    <p class='ocr_par' dir='ltr' id='par_1_59' title="bbox 2008 2763 3590 2823">
     <span class='ocr_line' id='line_1_59' title="bbox 2008 2763 3590 2823; baseline 0.003 -4"><span class='ocrx_word' id='word_1_416' title='bbox 2008 2763 2236 2820; x_wconf 87' lang='lat' dir='ltr'>Folium</span> <span class='ocrx_word' id='word_1_417' title='bbox 2269 2765 2595 2820; x_wconf 87' lang='lat' dir='ltr'>secundum</span> <span class='ocrx_word' id='word_1_418' title='bbox 2639 2781 2874 2821; x_wconf 90' lang='lat' dir='ltr'>versum</span> <span class='ocrx_word' id='word_1_419' title='bbox 2924 2768 2983 2820; x_wconf 93' lang='lat' dir='ltr'>et</span> <span class='ocrx_word' id='word_1_420' title='bbox 3028 2763 3234 2822; x_wconf 87' lang='lat' dir='ltr'>folium</span> <span class='ocrx_word' id='word_1_421' title='bbox 3282 2765 3522 2823; x_wconf 89' lang='lat' dir='ltr'>tertium</span> <span class='ocrx_word' id='word_1_422' title='bbox 3555 2783 3590 2823; x_wconf 86' lang='lat' dir='ltr'>a</span> 
     </span>
    </p>
   </div>
   <div class='ocr_carea' id='block_1_60' title="bbox 1933 2853 3588 2928">
    <p class='ocr_par' dir='ltr' id='par_1_60' title="bbox 1933 2853 3588 2928">
     <span class='ocr_line' id='line_1_60' title="bbox 1933 2853 3588 2928; baseline 0.002 -20"><span class='ocrx_word' id='word_1_423' title='bbox 1933 2854 2144 2920; x_wconf 87' lang='lat' dir='ltr'>fronte,</span> <span class='ocrx_word' id='word_1_424' title='bbox 2169 2855 2467 2910; x_wconf 90' lang='lat' dir='ltr'>continent</span> <span class='ocrx_word' id='word_1_425' title='bbox 2492 2853 2802 2926; x_wconf 86' lang='lat' dir='ltr'>epistolam</span> <span class='ocrx_word' id='word_1_426' title='bbox 2829 2853 3268 2924; x_wconf 87' lang='lat' dir='ltr'>dedicatoriam,</span> <span class='ocrx_word' id='word_1_427' title='bbox 3293 2871 3420 2928; x_wconf 67' lang='lat' dir='ltr'>quae</span> <span class='ocrx_word' id='word_1_428' title='bbox 3443 2854 3588 2913; x_wconf 89' lang='lat' dir='ltr'>inci-</span> 
     </span>
    </p>
   </div>
   <div class='ocr_carea' id='block_1_61' title="bbox 1931 2942 3589 3017">
    <p class='ocr_par' dir='ltr' id='par_1_61' title="bbox 1931 2942 3589 3017">
     <span class='ocr_line' id='line_1_61' title="bbox 1931 2942 3589 3017; baseline 0.002 -19"><span class='ocrx_word' id='word_1_429' title='bbox 1931 2943 2016 3015; x_wconf 87' lang='lat' dir='ltr'>pit</span> <span class='ocrx_word' id='word_1_430' title='bbox 2045 2960 2178 2999; x_wconf 89' lang='lat' dir='ltr'>cum</span> <span class='ocrx_word' id='word_1_431' title='bbox 2209 2942 2400 2998; x_wconf 90' lang='lat' dir='ltr'>verbis</span> <span class='ocrx_word' id='word_1_432' title='bbox 2435 2961 2447 2998; x_wconf 93' lang='lat'><strong>:</strong></span> <span class='ocrx_word' id='word_1_433' title='bbox 2475 2966 2501 2993; x_wconf 86' lang='lat'><strong>«</strong></span> <span class='ocrx_word' id='word_1_434' title='bbox 2531 2945 2736 3000; x_wconf 85' lang='lat' dir='ltr'>Damno</span> <span class='ocrx_word' id='word_1_435' title='bbox 2767 2943 2834 2999; x_wconf 84' lang='grc' dir='ltr'>Μ.</span> <span class='ocrx_word' id='word_1_436' title='bbox 2861 2965 2890 2992; x_wconf 87' lang='grc'><strong>››</strong></span> <span class='ocrx_word' id='word_1_437' title='bbox 2924 2947 2981 2999; x_wconf 90' lang='lat' dir='ltr'>et</span> <span class='ocrx_word' id='word_1_438' title='bbox 3010 2944 3081 2999; x_wconf 90' lang='lat' dir='ltr'>de</span> <span class='ocrx_word' id='word_1_439' title='bbox 3111 2961 3231 3017; x_wconf 90' lang='lat' dir='ltr'>qua</span> <span class='ocrx_word' id='word_1_440' title='bbox 3252 2943 3310 3000; x_wconf 87' lang='lat' dir='ltr'>in</span> <span class='ocrx_word' id='word_1_441' title='bbox 3341 2943 3451 3002; x_wconf 88' lang='lat' dir='ltr'>hac</span> <span class='ocrx_word' id='word_1_442' title='bbox 3471 2944 3589 3002; x_wconf 84' lang='lat' dir='ltr'>dis-</span> 
     </span>
    </p>
   </div>
   <div class='ocr_carea' id='block_1_62' title="bbox 1931 3032 2801 3104">
    <p class='ocr_par' dir='ltr' id='par_1_62' title="bbox 1931 3032 2801 3104">
     <span class='ocr_line' id='line_1_62' title="bbox 1931 3032 2801 3104; baseline 0 -17"><span class='ocrx_word' id='word_1_443' title='bbox 1931 3033 2243 3090; x_wconf 86' lang='lat' dir='ltr'>sertatione</span> <span class='ocrx_word' id='word_1_444' title='bbox 2273 3032 2512 3087; x_wconf 88' lang='lat' dir='ltr'>uberius</span> <span class='ocrx_word' id='word_1_445' title='bbox 2537 3049 2801 3104; x_wconf 88' lang='lat' dir='ltr'>agemus.</span> 
     </span>
    </p>
   </div>
   <div class='ocr_carea' id='block_1_63' title="bbox 1998 3120 3574 3195">
    <p class='ocr_par' dir='ltr' id='par_1_63' title="bbox 1998 3120 3574 3195">
     <span class='ocr_line' id='line_1_63' title="bbox 1998 3120 3574 3195; baseline 0.001 -19"><span class='ocrx_word' id='word_1_446' title='bbox 1998 3122 2222 3178; x_wconf 85' lang='lat' dir='ltr'>Folium</span> <span class='ocrx_word' id='word_1_447' title='bbox 2252 3120 2490 3176; x_wconf 85' lang='lat' dir='ltr'>tertium</span> <span class='ocrx_word' id='word_1_448' title='bbox 2514 3137 2749 3177; x_wconf 88' lang='lat' dir='ltr'>versum</span> <span class='ocrx_word' id='word_1_449' title='bbox 2781 3120 2985 3192; x_wconf 87' lang='lat' dir='ltr'>implet</span> <span class='ocrx_word' id='word_1_450' title='bbox 3005 3121 3079 3194; x_wconf 93' lang='lat' dir='ltr'>(v.</span> <span class='ocrx_word' id='word_1_451' title='bbox 3105 3121 3224 3195; x_wconf 86' lang='lat' dir='ltr'>Fig.</span> <span class='ocrx_word' id='word_1_452' title='bbox 3251 3121 3347 3194; x_wconf 85' lang='grc'>1.),</span> <span class='ocrx_word' id='word_1_453' title='bbox 3379 3121 3574 3195; x_wconf 88' lang='lat' dir='ltr'>imago</span> 
     </span>
    </p>
   </div>
   <div class='ocr_carea' id='block_1_64' title="bbox 1924 3208 3578 3283">
    <p class='ocr_par' dir='ltr' id='par_1_64' title="bbox 1924 3208 3578 3283">
     <span class='ocr_line' id='line_1_64' title="bbox 1924 3208 3578 3283; baseline 0.001 -18"><span class='ocrx_word' id='word_1_454' title='bbox 1924 3210 2082 3283; x_wconf 88' lang='lat' dir='ltr'>picta</span> <span class='ocrx_word' id='word_1_455' title='bbox 2110 3209 2392 3282; x_wconf 89' lang='lat' dir='ltr'>principis</span> <span class='ocrx_word' id='word_1_456' title='bbox 2420 3209 2730 3280; x_wconf 89' lang='lat' dir='ltr'>cujusdam</span> <span class='ocrx_word' id='word_1_457' title='bbox 2759 3208 3037 3279; x_wconf 87' lang='lat' dir='ltr'>coronati,</span> <span class='ocrx_word' id='word_1_458' title='bbox 3070 3209 3401 3283; x_wconf 89' lang='lat' dir='ltr'>purpurati,</span> <span class='ocrx_word' id='word_1_459' title='bbox 3431 3208 3578 3266; x_wconf 91' lang='lat' dir='ltr'>solio</span> 
     </span>
    </p>
   </div>
   <div class='ocr_carea' id='block_1_65' title="bbox 241 3285 3577 3372">
    <p class='ocr_par' dir='ltr' id='par_1_65' title="bbox 241 3285 3577 3372">
     <span class='ocr_line' id='line_1_65' title="bbox 241 3285 3577 3372; baseline 0 -17"><span class='ocrx_word' id='word_1_460' title='bbox 241 3298 461 3372; x_wconf 90' lang='lat' dir='ltr'>Optimi</span> <span class='ocrx_word' id='word_1_461' title='bbox 490 3299 709 3370; x_wconf 88' lang='lat' dir='ltr'>quique</span> <span class='ocrx_word' id='word_1_462' title='bbox 739 3315 894 3354; x_wconf 92' lang='lat' dir='ltr'>nunc</span> <span class='ocrx_word' id='word_1_463' title='bbox 935 3299 993 3354; x_wconf 92' lang='lat' dir='ltr'>in</span> <span class='ocrx_word' id='word_1_464' title='bbox 1037 3299 1282 3354; x_wconf 90' lang='lat' dir='ltr'>historia</span> <span class='ocrx_word' id='word_1_465' title='bbox 1311 3298 1715 3370; x_wconf 88' lang='lat' dir='ltr'>investiganda</span> <span class='ocrx_word' id='word_1_466' title='bbox 1744 3298 1815 3354; x_wconf 88' lang='lat' dir='ltr'>ad</span> <span class='ocrx_word' id='word_1_467' title='bbox 1848 3285 1890 3353; x_wconf 83' lang='lat' dir='ltr'>C</span> <span class='ocrx_word' id='word_1_468' title='bbox 1929 3299 2262 3365; x_wconf 89' lang='lat' dir='ltr'>insidentis,</span> <span class='ocrx_word' id='word_1_469' title='bbox 2287 3297 2525 3354; x_wconf 89' lang='lat' dir='ltr'>sinistra</span> <span class='ocrx_word' id='word_1_470' title='bbox 2547 3302 2842 3370; x_wconf 88' lang='lat' dir='ltr'>sceptrum</span> <span class='ocrx_word' id='word_1_471' title='bbox 2865 3298 3424 3371; x_wconf 81' lang='lat' dir='ltr'>gestantis,dextera</span> <span class='ocrx_word' id='word_1_472' title='bbox 3440 3315 3577 3355; x_wconf 87' lang='lat' dir='ltr'>vero</span> 
     </span>
    </p>
   </div>
   <div class='ocr_carea' id='block_1_66' title="bbox 167 3388 1822 3462">
    <p class='ocr_par' dir='ltr' id='par_1_66' title="bbox 167 3388 1822 3462">
     <span class='ocr_line' id='line_1_66' title="bbox 167 3388 1822 3462; baseline -0.002 -17"><span class='ocrx_word' id='word_1_473' title='bbox 167 3391 554 3445; x_wconf 89' lang='lat' dir='ltr'>monumenta</span> <span class='ocrx_word' id='word_1_474' title='bbox 584 3388 713 3460; x_wconf 90' lang='lat' dir='ltr'>ipsa</span> <span class='ocrx_word' id='word_1_475' title='bbox 733 3392 1061 3456; x_wconf 88' lang='lat' dir='ltr'>recurrunt,</span> <span class='ocrx_word' id='word_1_476' title='bbox 1083 3388 1408 3462; x_wconf 88' lang='lat' dir='ltr'>diplomata</span> <span class='ocrx_word' id='word_1_477' title='bbox 1428 3405 1615 3444; x_wconf 83' lang='lat' dir='ltr'>coaeva</span> <span class='ocrx_word' id='word_1_478' title='bbox 1635 3403 1703 3442; x_wconf 87' lang='lat' dir='ltr'>ex</span> <span class='ocrx_word' id='word_1_479' title='bbox 1735 3405 1822 3443; x_wconf 92' lang='lat' dir='ltr'>ar-</span> 
     </span>
    </p>
   </div>
   <div class='ocr_carea' id='block_1_67' title="bbox 167 3476 1818 3550">
    <p class='ocr_par' dir='ltr' id='par_1_67' title="bbox 167 3476 1818 3550">
     <span class='ocr_line' id='line_1_67' title="bbox 167 3476 1818 3550; baseline -0.002 -15"><span class='ocrx_word' id='word_1_480' title='bbox 167 3477 355 3535; x_wconf 91' lang='lat' dir='ltr'>chivis</span> <span class='ocrx_word' id='word_1_481' title='bbox 404 3477 658 3550; x_wconf 91' lang='lat' dir='ltr'>publicis</span> <span class='ocrx_word' id='word_1_482' title='bbox 688 3493 754 3532; x_wconf 87' lang='lat' dir='ltr'>ac</span> <span class='ocrx_word' id='word_1_483' title='bbox 793 3477 1033 3550; x_wconf 87' lang='lat' dir='ltr'>privatis</span> <span class='ocrx_word' id='word_1_484' title='bbox 1088 3479 1334 3534; x_wconf 89' lang='lat' dir='ltr'>formica</span> <span class='ocrx_word' id='word_1_485' title='bbox 1381 3476 1703 3535; x_wconf 90' lang='lat' dir='ltr'>seduliores</span> <span class='ocrx_word' id='word_1_486' title='bbox 1747 3477 1818 3532; x_wconf 87' lang='lat' dir='ltr'>ad</span> 
     </span>
    </p>
   </div>
   <div class='ocr_carea' id='block_1_68' title="bbox 161 3565 1822 3640">
    <p class='ocr_par' dir='ltr' id='par_1_68' title="bbox 161 3565 1822 3640">
     <span class='ocr_line' id='line_1_68' title="bbox 161 3565 1822 3640; baseline -0.002 -17"><span class='ocrx_word' id='word_1_487' title='bbox 161 3567 361 3624; x_wconf 90' lang='lat' dir='ltr'>lucem</span> <span class='ocrx_word' id='word_1_488' title='bbox 395 3566 753 3640; x_wconf 90' lang='lat' dir='ltr'>producunt;</span> <span class='ocrx_word' id='word_1_489' title='bbox 788 3565 895 3622; x_wconf 90' lang='lat' dir='ltr'>hos</span> <span class='ocrx_word' id='word_1_490' title='bbox 923 3583 1158 3622; x_wconf 88' lang='lat' dir='ltr'>acervos</span> <span class='ocrx_word' id='word_1_491' title='bbox 1181 3569 1694 3622; x_wconf 88' lang='lat' dir='ltr'>monumentorum</span> <span class='ocrx_word' id='word_1_492' title='bbox 1718 3583 1822 3620; x_wconf 91' lang='lat' dir='ltr'>un-</span> 
     </span>
    </p>
   </div>
   <div class='ocr_carea' id='block_1_69' title="bbox 159 3653 1816 3728">
    <p class='ocr_par' dir='ltr' id='par_1_69' title="bbox 159 3653 1816 3728">
     <span class='ocr_line' id='line_1_69' title="bbox 159 3653 1816 3728; baseline -0.001 -16"><span class='ocrx_word' id='word_1_493' title='bbox 159 3656 341 3728; x_wconf 87' lang='lat' dir='ltr'>dique</span> <span class='ocrx_word' id='word_1_494' title='bbox 373 3653 722 3711; x_wconf 89' lang='lat' dir='ltr'>collatorum</span> <span class='ocrx_word' id='word_1_495' title='bbox 763 3653 861 3710; x_wconf 90' lang='lat' dir='ltr'>alii</span> <span class='ocrx_word' id='word_1_496' title='bbox 908 3654 1235 3727; x_wconf 82' lang='lat' dir='ltr'>explorant,</span> <span class='ocrx_word' id='word_1_497' title='bbox 1275 3659 1636 3727; x_wconf 90' lang='lat' dir='ltr'>componunt</span> <span class='ocrx_word' id='word_1_498' title='bbox 1683 3672 1816 3710; x_wconf 88' lang='lat' dir='ltr'>cum</span> 
     </span>
    </p>
   </div>
   <div class='ocr_carea' id='block_1_70' title="bbox 159 3743 1818 3816">
    <p class='ocr_par' dir='ltr' id='par_1_70' title="bbox 159 3743 1818 3816">
     <span class='ocr_line' id='line_1_70' title="bbox 159 3743 1818 3816; baseline -0.001 -15"><span class='ocrx_word' id='word_1_499' title='bbox 159 3743 458 3801; x_wconf 88' lang='lat' dir='ltr'>chronicis</span> <span class='ocrx_word' id='word_1_500' title='bbox 483 3747 540 3800; x_wconf 88' lang='lat' dir='ltr'>et</span> <span class='ocrx_word' id='word_1_501' title='bbox 562 3743 998 3809; x_wconf 87' lang='lat' dir='ltr'>traditionibus,</span> <span class='ocrx_word' id='word_1_502' title='bbox 1027 3749 1084 3800; x_wconf 88' lang='lat' dir='ltr'>et</span> <span class='ocrx_word' id='word_1_503' title='bbox 1109 3762 1236 3816; x_wconf 86' lang='lat' dir='ltr'>quae</span> <span class='ocrx_word' id='word_1_504' title='bbox 1270 3745 1328 3799; x_wconf 90' lang='lat' dir='ltr'>in</span> <span class='ocrx_word' id='word_1_505' title='bbox 1354 3744 1446 3800; x_wconf 92' lang='lat' dir='ltr'>his</span> <span class='ocrx_word' id='word_1_506' title='bbox 1473 3761 1608 3799; x_wconf 88' lang='lat' dir='ltr'>cum</span> <span class='ocrx_word' id='word_1_507' title='bbox 1636 3743 1818 3816; x_wconf 87' lang='lat' dir='ltr'>diplo-</span> 
     </span>
    </p>
   </div>
   <div class='ocr_carea' id='block_1_71' title="bbox 153 3832 1814 3905">
    <p class='ocr_par' dir='ltr' id='par_1_71' title="bbox 153 3832 1814 3905">
     <span class='ocr_line' id='line_1_71' title="bbox 153 3832 1814 3905; baseline -0.002 -15"><span class='ocrx_word' id='word_1_508' title='bbox 153 3832 415 3890; x_wconf 79' lang='lat' dir='ltr'>matibus</span> <span class='ocrx_word' id='word_1_509' title='bbox 444 3849 561 3888; x_wconf 88' lang='lat' dir='ltr'>non</span> <span class='ocrx_word' id='word_1_510' title='bbox 606 3832 998 3900; x_wconf 87' lang='lat' dir='ltr'>consentiunt,</span> <span class='ocrx_word' id='word_1_511' title='bbox 1022 3836 1304 3905; x_wconf 87' lang='lat' dir='ltr'>tanquam</span> <span class='ocrx_word' id='word_1_512' title='bbox 1357 3836 1656 3905; x_wconf 75' lang='lat' dir='ltr'>suapecta,</span> <span class='ocrx_word' id='word_1_513' title='bbox 1691 3849 1814 3888; x_wconf 89' lang='lat' dir='ltr'>cor-</span> 
     </span>
    </p>
   </div>
   <div class='ocr_carea' id='block_1_72' title="bbox 151 3921 1813 3995">
    <p class='ocr_par' dir='ltr' id='par_1_72' title="bbox 151 3921 1813 3995">
     <span class='ocr_line' id='line_1_72' title="bbox 151 3921 1813 3995; baseline -0.002 -15"><span class='ocrx_word' id='word_1_514' title='bbox 151 3925 329 3995; x_wconf 89' lang='lat' dir='ltr'>rupta</span> <span class='ocrx_word' id='word_1_515' title='bbox 359 3925 461 3978; x_wconf 89' lang='lat' dir='ltr'>aut</span> <span class='ocrx_word' id='word_1_516' title='bbox 509 3921 758 3977; x_wconf 81' lang='lat' dir='ltr'>conficta</span> <span class='ocrx_word' id='word_1_517' title='bbox 805 3925 1111 3993; x_wconf 90' lang='lat' dir='ltr'>respuunt.</span> <span class='ocrx_word' id='word_1_518' title='bbox 1139 3923 1323 3992; x_wconf 82' lang='lat' dir='ltr'>Cuius</span> <span class='ocrx_word' id='word_1_519' title='bbox 1372 3922 1473 3977; x_wconf 79' lang='lat' dir='ltr'>Rei</span> <span class='ocrx_word' id='word_1_520' title='bbox 1526 3921 1813 3993; x_wconf 89' lang='lat' dir='ltr'>optimum</span> 
     </span>
    </p>
   </div>
   <div class='ocr_carea' id='block_1_73' title="bbox 152 4009 1812 4083">
    <p class='ocr_par' dir='ltr' id='par_1_73' title="bbox 152 4009 1812 4083">
     <span class='ocr_line' id='line_1_73' title="bbox 152 4009 1812 4083; baseline -0.002 -15"><span class='ocrx_word' id='word_1_521' title='bbox 152 4009 490 4083; x_wconf 74' lang='lat' dir='ltr'>exemplum</span> <span class='ocrx_word' id='word_1_522' title='bbox 527 4010 818 4067; x_wconf 88' lang='lat' dir='ltr'>habemus</span> <span class='ocrx_word' id='word_1_523' title='bbox 865 4010 925 4066; x_wconf 91' lang='lat' dir='ltr'>in</span> <span class='ocrx_word' id='word_1_524' title='bbox 971 4010 1120 4066; x_wconf 90' lang='lat' dir='ltr'>libro</span> <span class='ocrx_word' id='word_1_525' title='bbox 1160 4009 1568 4068; x_wconf 89' lang='lat' dir='ltr'>celeberrimo:</span> <span class='ocrx_word' id='word_1_526' title='bbox 1593 4011 1812 4077; x_wconf 77' lang='lat' dir='ltr'>Ranke,</span> 
     </span>
    </p>
   </div>
   <div class='ocr_carea' id='block_1_74' title="bbox 152 4099 1812 4167">
    <p class='ocr_par' dir='ltr' id='par_1_74' title="bbox 152 4099 1812 4167">
     <span class='ocr_line' id='line_1_74' title="bbox 152 4099 1812 4167; baseline -0.001 -9"><span class='ocrx_word' id='word_1_527' title='bbox 152 4099 522 4159; x_wconf 75' lang='lat' dir='ltr'>Jahrbﬁcber</span> <span class='ocrx_word' id='word_1_528' title='bbox 544 4100 648 4156; x_wconf 88' lang='lat' dir='ltr'>der</span> <span class='ocrx_word' id='word_1_529' title='bbox 669 4099 1056 4156; x_wconf 86' lang='lat' dir='ltr'>Sachsischen</span> <span class='ocrx_word' id='word_1_530' title='bbox 1078 4100 1300 4157; x_wconf 88' lang='lat' dir='ltr'>Kaiser.</span> <span class='ocrx_word' id='word_1_531' title='bbox 1325 4101 1574 4157; x_wconf 88' lang='lat' dir='ltr'>Videant</span> <span class='ocrx_word' id='word_1_532' title='bbox 1595 4104 1812 4167; x_wconf 88' lang='lat' dir='ltr'>tamen,</span> 
     </span>
    </p>
   </div>
   <div class='ocr_carea' id='block_1_75' title="bbox 153 4189 1814 4263">
    <p class='ocr_par' dir='ltr' id='par_1_75' title="bbox 153 4189 1814 4263">
     <span class='ocr_line' id='line_1_75' title="bbox 153 4189 1814 4263; baseline -0.002 -16"><span class='ocrx_word' id='word_1_533' title='bbox 153 4207 229 4247; x_wconf 90' lang='lat' dir='ltr'>ne</span> <span class='ocrx_word' id='word_1_534' title='bbox 252 4206 320 4245; x_wconf 86' lang='lat' dir='ltr'>ex</span> <span class='ocrx_word' id='word_1_535' title='bbox 343 4189 534 4262; x_wconf 80' lang='lat' dir='ltr'>Scylla</span> <span class='ocrx_word' id='word_1_536' title='bbox 554 4189 610 4244; x_wconf 94' lang='lat' dir='ltr'>in</span> <span class='ocrx_word' id='word_1_537' title='bbox 637 4189 954 4246; x_wconf 90' lang='lat' dir='ltr'>Charibdin</span> <span class='ocrx_word' id='word_1_538' title='bbox 982 4193 1212 4246; x_wconf 88' lang='lat' dir='ltr'>abeant.</span> <span class='ocrx_word' id='word_1_539' title='bbox 1229 4191 1391 4263; x_wconf 67' lang='lat' dir='ltr'>Saepe</span> <span class='ocrx_word' id='word_1_540' title='bbox 1412 4191 1571 4247; x_wconf 88' lang='lat' dir='ltr'>enim</span> <span class='ocrx_word' id='word_1_541' title='bbox 1604 4191 1662 4245; x_wconf 92' lang='lat' dir='ltr'>in</span> <span class='ocrx_word' id='word_1_542' title='bbox 1697 4193 1814 4245; x_wconf 36' lang='lat' dir='ltr'>tras</span> 
     </span>
    </p>
   </div>
   <div class='ocr_carea' id='block_1_76' title="bbox 148 4277 1815 4351">
    <p class='ocr_par' dir='ltr' id='par_1_76' title="bbox 148 4277 1815 4351">
     <span class='ocr_line' id='line_1_76' title="bbox 148 4277 1815 4351; baseline 0 -16"><span class='ocrx_word' id='word_1_543' title='bbox 148 4279 370 4336; x_wconf 83' lang='lat' dir='ltr'>ditione</span> <span class='ocrx_word' id='word_1_544' title='bbox 405 4277 772 4334; x_wconf 78' lang='lat' dir='ltr'>m‘odicillum</span> <span class='ocrx_word' id='word_1_545' title='bbox 795 4279 1092 4351; x_wconf 88' lang='lat' dir='ltr'>quoddam</span> <span class='ocrx_word' id='word_1_546' title='bbox 1143 4296 1414 4351; x_wconf 75' lang='lat' dir='ltr'>Spercum</span> <span class='ocrx_word' id='word_1_547' title='bbox 1471 4283 1560 4334; x_wconf 92' lang='lat' dir='ltr'>est</span> <span class='ocrx_word' id='word_1_548' title='bbox 1616 4284 1673 4336; x_wconf 88' lang='lat' dir='ltr'>et</span> <span class='ocrx_word' id='word_1_549' title='bbox 1700 4279 1815 4335; x_wconf 90' lang='lat' dir='ltr'>tale</span> 
     </span>
    </p>
   </div>
   <div class='ocr_carea' id='block_1_77' title="bbox 149 4367 1816 4439">
    <p class='ocr_par' dir='ltr' id='par_1_77' title="bbox 149 4367 1816 4439">
     <span class='ocr_line' id='line_1_77' title="bbox 149 4367 1816 4439; baseline -0.002 -12"><span class='ocrx_word' id='word_1_550' title='bbox 149 4384 283 4427; x_wconf 88' lang='lat' dir='ltr'>esse</span> <span class='ocrx_word' id='word_1_551' title='bbox 306 4367 474 4424; x_wconf 90' lang='lat' dir='ltr'>facile</span> <span class='ocrx_word' id='word_1_552' title='bbox 497 4368 814 4439; x_wconf 90' lang='lat' dir='ltr'>probatur;</span> <span class='ocrx_word' id='word_1_553' title='bbox 849 4383 993 4422; x_wconf 90' lang='lat' dir='ltr'>num</span> <span class='ocrx_word' id='word_1_554' title='bbox 1026 4367 1155 4423; x_wconf 91' lang='lat' dir='ltr'>ideo</span> <span class='ocrx_word' id='word_1_555' title='bbox 1181 4370 1304 4423; x_wconf 86' lang='lat' dir='ltr'>tota</span> <span class='ocrx_word' id='word_1_556' title='bbox 1332 4367 1434 4422; x_wconf 87' lang='lat' dir='ltr'>illa</span> <span class='ocrx_word' id='word_1_557' title='bbox 1454 4367 1689 4424; x_wconf 88' lang='lat' dir='ltr'>traditio</span> <span class='ocrx_word' id='word_1_558' title='bbox 1721 4369 1816 4425; x_wconf 89' lang='lat' dir='ltr'>ab-</span> 
     </span>
    </p>
   </div>
   <div class='ocr_carea' id='block_1_78' title="bbox 145 4455 1812 4532">
    <p class='ocr_par' dir='ltr' id='par_1_78' title="bbox 145 4455 1812 4532">
     <span class='ocr_line' id='line_1_78' title="bbox 145 4455 1812 4532; baseline -0.002 -18"><span class='ocrx_word' id='word_1_559' title='bbox 145 4456 411 4532; x_wconf 88' lang='lat' dir='ltr'>jicienda</span> <span class='ocrx_word' id='word_1_560' title='bbox 439 4457 562 4512; x_wconf 84' lang='lat' dir='ltr'>est?</span> <span class='ocrx_word' id='word_1_561' title='bbox 593 4456 651 4511; x_wconf 90' lang='lat' dir='ltr'>Si</span> <span class='ocrx_word' id='word_1_562' title='bbox 685 4455 930 4528; x_wconf 83' lang='lat' dir='ltr'>exempli</span> <span class='ocrx_word' id='word_1_563' title='bbox 962 4455 1150 4528; x_wconf 87' lang='lat' dir='ltr'>gratia</span> <span class='ocrx_word' id='word_1_564' title='bbox 1179 4456 1268 4511; x_wconf 88' lang='lat' dir='ltr'>lex</span> <span class='ocrx_word' id='word_1_565' title='bbox 1298 4457 1564 4528; x_wconf 81' lang='lat' dir='ltr'>quaedam</span> <span class='ocrx_word' id='word_1_566' title='bbox 1599 4457 1812 4511; x_wconf 80' lang='lat' dir='ltr'>Romu-</span> 
     </span>
    </p>
   </div>
   <div class='ocr_carea' id='block_1_79' title="bbox 150 4544 1816 4613">
    <p class='ocr_par' dir='ltr' id='par_1_79' title="bbox 150 4544 1816 4613">
     <span class='ocr_line' id='line_1_79' title="bbox 150 4544 1816 4613; baseline -0.002 -9"><span class='ocrx_word' id='word_1_567' title='bbox 150 4547 245 4604; x_wconf 89' lang='lat' dir='ltr'>lea</span> <span class='ocrx_word' id='word_1_568' title='bbox 274 4561 404 4602; x_wconf 86' lang='lat' dir='ltr'>esse</span> <span class='ocrx_word' id='word_1_569' title='bbox 425 4544 668 4613; x_wconf 90' lang='lat' dir='ltr'>dicitur,</span> <span class='ocrx_word' id='word_1_570' title='bbox 695 4549 752 4600; x_wconf 90' lang='lat' dir='ltr'>et</span> <span class='ocrx_word' id='word_1_571' title='bbox 780 4544 1195 4602; x_wconf 89' lang='lat' dir='ltr'>celeberrimus</span> <span class='ocrx_word' id='word_1_572' title='bbox 1215 4544 1573 4600; x_wconf 88' lang='lat' dir='ltr'>Niebuhrius</span> <span class='ocrx_word' id='word_1_573' title='bbox 1605 4545 1816 4600; x_wconf 81' lang='lat' dir='ltr'>Romu-</span> 
     </span>
    </p>
   </div>
   <div class='ocr_carea' id='block_1_80' title="bbox 1930 3386 3582 3460">
    <p class='ocr_par' dir='ltr' id='par_1_80' title="bbox 1930 3386 3582 3460">
     <span class='ocr_line' id='line_1_80' title="bbox 1930 3386 3582 3460; baseline 0.001 -17"><span class='ocrx_word' id='word_1_574' title='bbox 1930 3387 2269 3460; x_wconf 88' lang='lat' dir='ltr'>accipientis</span> <span class='ocrx_word' id='word_1_575' title='bbox 2313 3387 2550 3455; x_wconf 90' lang='lat' dir='ltr'>librum,</span> <span class='ocrx_word' id='word_1_576' title='bbox 2585 3403 2758 3459; x_wconf 91' lang='lat' dir='ltr'>quem</span> <span class='ocrx_word' id='word_1_577' title='bbox 2811 3386 3084 3443; x_wconf 90' lang='lat' dir='ltr'>manibus</span> <span class='ocrx_word' id='word_1_578' title='bbox 3112 3386 3316 3444; x_wconf 87' lang='lat' dir='ltr'>velatis</span> <span class='ocrx_word' id='word_1_579' title='bbox 3362 3387 3582 3444; x_wconf 87' lang='lat' dir='ltr'>femina</span> 
     </span>
    </p>
   </div>
   <div class='ocr_carea' id='block_1_81' title="bbox 1929 3474 3578 3549">
    <p class='ocr_par' dir='ltr' id='par_1_81' title="bbox 1929 3474 3578 3549">
     <span class='ocr_line' id='line_1_81' title="bbox 1929 3474 3578 3549; baseline 0.001 -17"><span class='ocrx_word' id='word_1_580' title='bbox 1929 3477 2197 3549; x_wconf 76' lang='lat' dir='ltr'>quaedam</span> <span class='ocrx_word' id='word_1_581' title='bbox 2219 3477 2403 3531; x_wconf 82' lang='lat' dir='ltr'>offert.</span> <span class='ocrx_word' id='word_1_582' title='bbox 2424 3475 2869 3548; x_wconf 89' lang='lat' dir='ltr'>Suprascriptos</span> <span class='ocrx_word' id='word_1_583' title='bbox 2889 3474 3144 3549; x_wconf 88' lang='lat' dir='ltr'>legimus</span> <span class='ocrx_word' id='word_1_584' title='bbox 3165 3475 3349 3532; x_wconf 91' lang='lat' dir='ltr'>minio</span> <span class='ocrx_word' id='word_1_585' title='bbox 3369 3475 3578 3549; x_wconf 85' lang='lat' dir='ltr'>pictos,</span> 
     </span>
    </p>
   </div>
   <div class='ocr_carea' id='block_1_82' title="bbox 1929 3563 3580 3637">
    <p class='ocr_par' dir='ltr' id='par_1_82' title="bbox 1929 3563 3580 3637">
     <span class='ocr_line' id='line_1_82' title="bbox 1929 3563 3580 3637; baseline 0.002 -17"><span class='ocrx_word' id='word_1_586' title='bbox 1929 3565 2138 3623; x_wconf 89' lang='lat' dir='ltr'>litteris</span> <span class='ocrx_word' id='word_1_587' title='bbox 2163 3565 2529 3637; x_wconf 86' lang='lat' dir='ltr'>majusculis,</span> <span class='ocrx_word' id='word_1_588' title='bbox 2550 3564 2726 3620; x_wconf 90' lang='lat' dir='ltr'>hosce</span> <span class='ocrx_word' id='word_1_589' title='bbox 2755 3563 3021 3636; x_wconf 89' lang='lat' dir='ltr'>geminos</span> <span class='ocrx_word' id='word_1_590' title='bbox 3040 3579 3248 3622; x_wconf 89' lang='lat' dir='ltr'>versus</span> <span class='ocrx_word' id='word_1_591' title='bbox 3268 3565 3580 3633; x_wconf 88' lang='lat' dir='ltr'>Leoninos,</span> 
     </span>
    </p>
   </div>
   <div class='ocr_carea' id='block_1_83' title="bbox 1927 3653 3580 3727">
    <p class='ocr_par' dir='ltr' id='par_1_83' title="bbox 1927 3653 3580 3727">
     <span class='ocr_line' id='line_1_83' title="bbox 1927 3653 3580 3727; baseline 0.001 -17"><span class='ocrx_word' id='word_1_592' title='bbox 1927 3655 1965 3710; x_wconf 91' lang='lat' dir='ltr'>i.</span> <span class='ocrx_word' id='word_1_593' title='bbox 1982 3672 2042 3711; x_wconf 91' lang='lat' dir='ltr'>e:</span> <span class='ocrx_word' id='word_1_594' title='bbox 2066 3656 2720 3726; x_wconf 85' lang='lat' dir='ltr'>Hexametros,quorum</span> <span class='ocrx_word' id='word_1_595' title='bbox 2739 3654 2904 3727; x_wconf 90' lang='lat' dir='ltr'>prius</span> <span class='ocrx_word' id='word_1_596' title='bbox 2921 3653 3310 3711; x_wconf 90' lang='lat' dir='ltr'>hemistichon</span> <span class='ocrx_word' id='word_1_597' title='bbox 3327 3655 3580 3711; x_wconf 88' lang='lat' dir='ltr'>eundem</span> 
     </span>
    </p>
   </div>
   <div class='ocr_carea' id='block_1_84' title="bbox 1926 3742 3584 3816">
    <p class='ocr_par' dir='ltr' id='par_1_84' title="bbox 1926 3742 3584 3816">
     <span class='ocr_line' id='line_1_84' title="bbox 1926 3742 3584 3816; baseline 0.001 -18"><span class='ocrx_word' id='word_1_598' title='bbox 1926 3743 1986 3798; x_wconf 89' lang='lat' dir='ltr'>in</span> <span class='ocrx_word' id='word_1_599' title='bbox 2021 3745 2134 3799; x_wconf 79' lang='lat' dir='ltr'>line</span> <span class='ocrx_word' id='word_1_600' title='bbox 2167 3761 2378 3800; x_wconf 91' lang='lat' dir='ltr'>sonum</span> <span class='ocrx_word' id='word_1_601' title='bbox 2411 3743 2607 3811; x_wconf 88' lang='lat' dir='ltr'>habet,</span> <span class='ocrx_word' id='word_1_602' title='bbox 2629 3759 2802 3816; x_wconf 92' lang='lat' dir='ltr'>quem</span> <span class='ocrx_word' id='word_1_603' title='bbox 2827 3743 3144 3816; x_wconf 88' lang='lat' dir='ltr'>posterius,</span> <span class='ocrx_word' id='word_1_604' title='bbox 3167 3744 3224 3800; x_wconf 91' lang='lat' dir='ltr'>id</span> <span class='ocrx_word' id='word_1_605' title='bbox 3247 3748 3356 3812; x_wconf 89' lang='lat' dir='ltr'>est,</span> <span class='ocrx_word' id='word_1_606' title='bbox 3378 3747 3446 3800; x_wconf 90' lang='lat' dir='ltr'>ut</span> <span class='ocrx_word' id='word_1_607' title='bbox 3475 3742 3584 3800; x_wconf 88' lang='lat' dir='ltr'>lin-</span> 
     </span>
    </p>
   </div>
   <div class='ocr_carea' id='block_1_85' title="bbox 1925 3832 3149 3907">
    <p class='ocr_par' dir='ltr' id='par_1_85' title="bbox 1925 3832 3149 3907">
     <span class='ocr_line' id='line_1_85' title="bbox 1925 3832 3149 3907; baseline 0.002 -19"><span class='ocrx_word' id='word_1_608' title='bbox 1925 3835 2058 3907; x_wconf 90' lang='lat' dir='ltr'>guis</span> <span class='ocrx_word' id='word_1_609' title='bbox 2087 3832 2416 3889; x_wconf 89' lang='lat' dir='ltr'>vernaculis</span> <span class='ocrx_word' id='word_1_610' title='bbox 2444 3833 2666 3897; x_wconf 89' lang='lat' dir='ltr'>dicunt,</span> <span class='ocrx_word' id='word_1_611' title='bbox 2692 3833 2906 3889; x_wconf 90' lang='lat' dir='ltr'>rimam</span> <span class='ocrx_word' id='word_1_612' title='bbox 2929 3833 3149 3904; x_wconf 81' lang='lat' dir='ltr'>(Reim).</span> 
     </span>
    </p>
   </div>
   <div class='ocr_carea' id='block_1_86' title="bbox 1926 3921 3330 3992">
    <p class='ocr_par' dir='ltr' id='par_1_86' title="bbox 1926 3921 3330 3992">
     <span class='ocr_line' id='line_1_86' title="bbox 1926 3921 3330 3992; baseline 0.006 -19"><span class='ocrx_word' id='word_1_613' title='bbox 1926 3946 1954 3973; x_wconf 87' lang='lat'>«</span> <span class='ocrx_word' id='word_1_614' title='bbox 1989 3925 2142 3978; x_wconf 84' lang='lat' dir='ltr'>Hunc</span> <span class='ocrx_word' id='word_1_615' title='bbox 2172 3923 2376 3977; x_wconf 82' lang='lat' dir='ltr'>librum</span> <span class='ocrx_word' id='word_1_616' title='bbox 2409 3923 2538 3991; x_wconf 83' lang='lat' dir='ltr'>Regi</span> <span class='ocrx_word' id='word_1_617' title='bbox 2566 3921 2817 3977; x_wconf 83' lang='lat' dir='ltr'>Mahthilt</span> <span class='ocrx_word' id='word_1_618' title='bbox 2844 3922 3012 3977; x_wconf 86' lang='lat' dir='ltr'>donat</span> <span class='ocrx_word' id='word_1_619' title='bbox 3039 3922 3330 3992; x_wconf 79' lang='lat' dir='ltr'>Misegom&#39;.‘</span> 
     </span>
    </p>
   </div>
   <div class='ocr_carea' id='block_1_87' title="bbox 1928 4011 3543 4081">
    <p class='ocr_par' dir='ltr' id='par_1_87' title="bbox 1928 4011 3543 4081">
     <span class='ocr_line' id='line_1_87' title="bbox 1928 4011 3543 4081; baseline -0.002 -18"><span class='ocrx_word' id='word_1_620' title='bbox 1928 4034 1956 4063; x_wconf 85' lang='lat'><strong>«</strong></span> <span class='ocrx_word' id='word_1_621' title='bbox 1989 4013 2163 4081; x_wconf 82' lang='lat' dir='ltr'>Quam</span> <span class='ocrx_word' id='word_1_622' title='bbox 2191 4013 2379 4081; x_wconf 78' lang='lat' dir='ltr'>genuit</span> <span class='ocrx_word' id='word_1_623' title='bbox 2409 4011 2592 4065; x_wconf 81' lang='lat' dir='ltr'>clarus</span> <span class='ocrx_word' id='word_1_624' title='bbox 2614 4011 2932 4067; x_wconf 71' lang='lat' dir='ltr'>Suaevorum</span> <span class='ocrx_word' id='word_1_625' title='bbox 2960 4012 3086 4066; x_wconf 73' lang='lat' dir='ltr'>Dux</span> <span class='ocrx_word' id='word_1_626' title='bbox 3114 4012 3543 4066; x_wconf 81' lang='lat' dir='ltr'>Herimannus.»</span> 
     </span>
    </p>
   </div>
   <div class='ocr_carea' id='block_1_88' title="bbox 1997 4097 3576 4171">
    <p class='ocr_par' dir='ltr' id='par_1_88' title="bbox 1997 4097 3576 4171">
     <span class='ocr_line' id='line_1_88' title="bbox 1997 4097 3576 4171; baseline 0 -15"><span class='ocrx_word' id='word_1_627' title='bbox 1997 4101 2155 4156; x_wconf 81' lang='lat' dir='ltr'>Folio</span> <span class='ocrx_word' id='word_1_628' title='bbox 2183 4100 2419 4155; x_wconf 90' lang='lat' dir='ltr'>tandem</span> <span class='ocrx_word' id='word_1_629' title='bbox 2454 4103 2662 4171; x_wconf 87' lang='lat' dir='ltr'>quarto</span> <span class='ocrx_word' id='word_1_630' title='bbox 2693 4104 2848 4156; x_wconf 87' lang='lat' dir='ltr'>recto</span> <span class='ocrx_word' id='word_1_631' title='bbox 2868 4114 3042 4155; x_wconf 86' lang='lat' dir='ltr'>verus</span> <span class='ocrx_word' id='word_1_632' title='bbox 3073 4102 3162 4155; x_wconf 90' lang='lat' dir='ltr'>est</span> <span class='ocrx_word' id='word_1_633' title='bbox 3190 4098 3324 4154; x_wconf 86' lang='lat' dir='ltr'>libri</span> <span class='ocrx_word' id='word_1_634' title='bbox 3344 4097 3576 4169; x_wconf 85' lang='lat' dir='ltr'>titulus,</span> 
     </span>
    </p>
   </div>
   <div class='ocr_carea' id='block_1_89' title="bbox 1926 4186 3578 4262">
    <p class='ocr_par' dir='ltr' id='par_1_89' title="bbox 1926 4186 3578 4262">
     <span class='ocr_line' id='line_1_89' title="bbox 1926 4186 3578 4262; baseline -0.001 -17"><span class='ocrx_word' id='word_1_635' title='bbox 1926 4190 2107 4245; x_wconf 90' lang='lat' dir='ltr'>minio</span> <span class='ocrx_word' id='word_1_636' title='bbox 2149 4189 2360 4262; x_wconf 90' lang='lat' dir='ltr'>pictus,</span> <span class='ocrx_word' id='word_1_637' title='bbox 2397 4187 2607 4243; x_wconf 90' lang='lat' dir='ltr'>litteris</span> <span class='ocrx_word' id='word_1_638' title='bbox 2656 4187 3003 4260; x_wconf 90' lang='lat' dir='ltr'>majusculis</span> <span class='ocrx_word' id='word_1_639' title='bbox 3028 4204 3078 4244; x_wconf 89' lang='lat'>:«</span> <span class='ocrx_word' id='word_1_640' title='bbox 3111 4189 3179 4244; x_wconf 91' lang='lat' dir='ltr'>In</span> <span class='ocrx_word' id='word_1_641' title='bbox 3209 4186 3424 4244; x_wconf 88' lang='lat' dir='ltr'>Christi</span> <span class='ocrx_word' id='word_1_642' title='bbox 3473 4205 3578 4244; x_wconf 88' lang='lat' dir='ltr'>no-</span> 
     </span>
    </p>
   </div>
   <div class='ocr_carea' id='block_1_90' title="bbox 1926 4276 3578 4351">
    <p class='ocr_par' dir='ltr' id='par_1_90' title="bbox 1926 4276 3578 4351">
     <span class='ocr_line' id='line_1_90' title="bbox 1926 4276 3578 4351; baseline 0 -19"><span class='ocrx_word' id='word_1_643' title='bbox 1926 4303 1954 4332; x_wconf 85' lang='lat'><strong>«</strong></span> <span class='ocrx_word' id='word_1_644' title='bbox 1987 4279 2144 4334; x_wconf 88' lang='lat' dir='ltr'>mine</span> <span class='ocrx_word' id='word_1_645' title='bbox 2177 4277 2383 4351; x_wconf 87' lang='lat' dir='ltr'>incipit</span> <span class='ocrx_word' id='word_1_646' title='bbox 2412 4276 2570 4348; x_wconf 25' lang='lat' dir='ltr'>liber,</span> <span class='ocrx_word' id='word_1_647' title='bbox 2589 4276 2918 4342; x_wconf 81' lang='lat' dir='ltr'>ofﬁciorum</span> <span class='ocrx_word' id='word_1_648' title='bbox 2949 4292 3125 4350; x_wconf 90' lang='lat' dir='ltr'>quem</span> <span class='ocrx_word' id='word_1_649' title='bbox 3153 4281 3462 4333; x_wconf 84' lang='lat' dir='ltr'>Romanum</span> <span class='ocrx_word' id='word_1_650' title='bbox 3488 4292 3578 4334; x_wconf 90' lang='lat' dir='ltr'>or-</span> 
     </span>
    </p>
   </div>
   <div class='ocr_carea' id='block_1_91' title="bbox 1923 4365 3582 4441">
    <p class='ocr_par' dir='ltr' id='par_1_91' title="bbox 1923 4365 3582 4441">
     <span class='ocr_line' id='line_1_91' title="bbox 1923 4365 3582 4441; baseline -0.001 -17"><span class='ocrx_word' id='word_1_651' title='bbox 1923 4370 2110 4425; x_wconf 83' lang='lat' dir='ltr'>dinem</span> <span class='ocrx_word' id='word_1_652' title='bbox 2144 4367 2459 4441; x_wconf 87' lang='lat' dir='ltr'>appellant.</span> <span class='ocrx_word' id='word_1_653' title='bbox 2487 4390 2515 4416; x_wconf 82' lang='lat'>»</span> <span class='ocrx_word' id='word_1_654' title='bbox 2549 4368 2612 4422; x_wconf 91' lang='lat' dir='ltr'>In</span> <span class='ocrx_word' id='word_1_655' title='bbox 2647 4366 2912 4440; x_wconf 87' lang='lat' dir='ltr'>margine</span> <span class='ocrx_word' id='word_1_656' title='bbox 2959 4365 3310 4423; x_wconf 88' lang='lat' dir='ltr'>minusculis</span> <span class='ocrx_word' id='word_1_657' title='bbox 3346 4365 3582 4423; x_wconf 86' lang='lat' dir='ltr'>rubrica</span> 
     </span>
    </p>
   </div>
   <div class='ocr_carea' id='block_1_92' title="bbox 1925 4457 2794 4514">
    <p class='ocr_par' dir='ltr' id='par_1_92' title="bbox 1925 4457 2794 4514">
     <span class='ocr_line' id='line_1_92' title="bbox 1925 4457 2794 4514; baseline -0.002 -1"><span class='ocrx_word' id='word_1_658' title='bbox 1925 4459 2163 4513; x_wconf 88' lang='lat' dir='ltr'>additur</span> <span class='ocrx_word' id='word_1_659' title='bbox 2193 4476 2205 4514; x_wconf 90' lang='lat'><strong>:</strong></span> <span class='ocrx_word' id='word_1_660' title='bbox 2233 4482 2258 4508; x_wconf 92' lang='grc'>‹‹</span> <span class='ocrx_word' id='word_1_661' title='bbox 2292 4459 2367 4512; x_wconf 88' lang='lat' dir='ltr'>De</span> <span class='ocrx_word' id='word_1_662' title='bbox 2394 4457 2584 4512; x_wconf 82' lang='lat' dir='ltr'>natale</span> <span class='ocrx_word' id='word_1_663' title='bbox 2611 4457 2740 4512; x_wconf 80' lang='grc' dir='ltr'>Βῆί.</span> <span class='ocrx_word' id='word_1_664' title='bbox 2765 4477 2794 4505; x_wconf 84' lang='grc'><strong>››</strong></span> 
     </span>
    </p>
   </div>
   <div class='ocr_carea' id='block_1_93' title="bbox 1995 4544 3584 4618">
    <p class='ocr_par' dir='ltr' id='par_1_93' title="bbox 1995 4544 3584 4618">
     <span class='ocr_line' id='line_1_93' title="bbox 1995 4544 3584 4618; baseline -0.001 -16"><span class='ocrx_word' id='word_1_665' title='bbox 1995 4546 2273 4618; x_wconf 87' lang='lat' dir='ltr'>Sequitur</span> <span class='ocrx_word' id='word_1_666' title='bbox 2297 4546 2507 4602; x_wconf 89' lang='lat' dir='ltr'>litteris</span> <span class='ocrx_word' id='word_1_667' title='bbox 2541 4544 2886 4616; x_wconf 88' lang='lat' dir='ltr'>majusculis</span> <span class='ocrx_word' id='word_1_668' title='bbox 2914 4561 3050 4601; x_wconf 91' lang='lat' dir='ltr'>cum</span> <span class='ocrx_word' id='word_1_669' title='bbox 3081 4544 3294 4602; x_wconf 89' lang='lat' dir='ltr'>initiali</span> <span class='ocrx_word' id='word_1_670' title='bbox 3325 4544 3584 4601; x_wconf 84' lang='lat' dir='ltr'>maxima</span> 
     </span>
    </p>
   </div>
   <div class='ocr_carea' id='block_1_94' title="bbox 148 4633 3582 4718">
    <p class='ocr_par' dir='ltr' id='par_1_94' title="bbox 148 4633 3582 4718">
     <span class='ocr_line' id='line_1_94' title="bbox 148 4633 3582 4718; baseline -0.001 -26"><span class='ocrx_word' id='word_1_671' title='bbox 148 4637 279 4692; x_wconf 90' lang='lat' dir='ltr'>lum</span> <span class='ocrx_word' id='word_1_672' title='bbox 312 4650 508 4707; x_wconf 89' lang='lat' dir='ltr'>regem</span> <span class='ocrx_word' id='word_1_673' title='bbox 561 4634 617 4690; x_wconf 91' lang='lat' dir='ltr'>in</span> <span class='ocrx_word' id='word_1_674' title='bbox 671 4634 908 4708; x_wconf 86' lang='lat' dir='ltr'>mythos</span> <span class='ocrx_word' id='word_1_675' title='bbox 958 4635 1215 4700; x_wconf 91' lang='lat' dir='ltr'>abducit,</span> <span class='ocrx_word' id='word_1_676' title='bbox 1241 4651 1311 4690; x_wconf 91' lang='lat' dir='ltr'>an</span> <span class='ocrx_word' id='word_1_677' title='bbox 1363 4633 1638 4690; x_wconf 87' lang='lat' dir='ltr'>continuo</span> <span class='ocrx_word' id='word_1_678' title='bbox 1686 4649 1811 4689; x_wconf 89' lang='lat' dir='ltr'>eam</span> <span class='ocrx_word' id='word_1_679' title='bbox 1845 4655 1891 4718; x_wconf 83' lang='lat' dir='ltr'><strong>D</strong></span> <span class='ocrx_word' id='word_1_680' title='bbox 1925 4635 2419 4706; x_wconf 85' lang='lat' dir='ltr'>ornatissimaque</span> <span class='ocrx_word' id='word_1_681' title='bbox 2459 4635 2536 4705; x_wconf 73' lang='grc' dir='ltr'>(ν.</span> <span class='ocrx_word' id='word_1_682' title='bbox 2580 4635 2806 4705; x_wconf 89' lang='lat' dir='ltr'>Fig.3.)</span> <span class='ocrx_word' id='word_1_683' title='bbox 2839 4653 2851 4690; x_wconf 85' lang='lat'><strong>:</strong></span> <span class='ocrx_word' id='word_1_684' title='bbox 2879 4657 2906 4684; x_wconf 85' lang='lat'><strong>«</strong></span> <span class='ocrx_word' id='word_1_685' title='bbox 2941 4633 3356 4690; x_wconf 86' lang='lat' dir='ltr'>Sacratissima</span> <span class='ocrx_word' id='word_1_686' title='bbox 3402 4633 3582 4706; x_wconf 89' lang='lat' dir='ltr'>hujus</span> 
     </span>
    </p>
   </div>
   <div class='ocr_carea' id='block_1_95' title="bbox 153 4722 1450 4798">
    <p class='ocr_par' dir='ltr' id='par_1_95' title="bbox 153 4722 1450 4798">
     <span class='ocr_line' id='line_1_95' title="bbox 153 4722 1450 4798; baseline -0.005 -16"><span class='ocrx_word' id='word_1_687' title='bbox 153 4726 352 4798; x_wconf 90' lang='lat' dir='ltr'>legem</span> <span class='ocrx_word' id='word_1_688' title='bbox 379 4740 493 4780; x_wconf 90' lang='lat' dir='ltr'>non</span> <span class='ocrx_word' id='word_1_689' title='bbox 525 4723 786 4780; x_wconf 84' lang='lat' dir='ltr'>extitisse</span> <span class='ocrx_word' id='word_1_690' title='bbox 815 4723 1284 4780; x_wconf 89' lang='lat' dir='ltr'>demonstratum</span> <span class='ocrx_word' id='word_1_691' title='bbox 1319 4722 1450 4778; x_wconf 81' lang='lat' dir='ltr'>est?</span> 
     </span>
    </p>
   </div>
   <div class='ocr_carea' id='block_1_96' title="bbox 225 4811 1809 4887">
    <p class='ocr_par' dir='ltr' id='par_1_96' title="bbox 225 4811 1809 4887">
     <span class='ocr_line' id='line_1_96' title="bbox 225 4811 1809 4887; baseline -0.003 -17"><span class='ocrx_word' id='word_1_692' title='bbox 225 4814 344 4870; x_wconf 91' lang='lat' dir='ltr'>Nos</span> <span class='ocrx_word' id='word_1_693' title='bbox 373 4812 433 4868; x_wconf 88' lang='lat' dir='ltr'>in</span> <span class='ocrx_word' id='word_1_694' title='bbox 463 4812 573 4869; x_wconf 89' lang='lat' dir='ltr'>hac</span> <span class='ocrx_word' id='word_1_695' title='bbox 604 4813 1017 4870; x_wconf 87' lang='lat' dir='ltr'>dissertatione</span> <span class='ocrx_word' id='word_1_696' title='bbox 1057 4830 1210 4887; x_wconf 62' lang='lat' dir='ltr'>sape</span> <span class='ocrx_word' id='word_1_697' title='bbox 1258 4811 1639 4879; x_wconf 87' lang='lat' dir='ltr'>tentabimus,</span> <span class='ocrx_word' id='word_1_698' title='bbox 1676 4811 1809 4882; x_wconf 86' lang='lat' dir='ltr'>reji-</span> 
     </span>
    </p>
   </div>
   <div class='ocr_carea' id='block_1_97' title="bbox 158 4902 1812 4974">
    <p class='ocr_par' dir='ltr' id='par_1_97' title="bbox 158 4902 1812 4974">
     <span class='ocr_line' id='line_1_97' title="bbox 158 4902 1812 4974; baseline -0.005 -12"><span class='ocrx_word' id='word_1_699' title='bbox 158 4903 382 4962; x_wconf 88' lang='lat' dir='ltr'>cieutes</span> <span class='ocrx_word' id='word_1_700' title='bbox 429 4902 668 4974; x_wconf 83' lang='lat' dir='ltr'>quidem</span> <span class='ocrx_word' id='word_1_701' title='bbox 724 4907 1019 4974; x_wconf 89' lang='lat' dir='ltr'>suspecta,</span> <span class='ocrx_word' id='word_1_702' title='bbox 1053 4918 1393 4958; x_wconf 88' lang='lat' dir='ltr'>conservare</span> <span class='ocrx_word' id='word_1_703' title='bbox 1438 4905 1632 4957; x_wconf 85' lang='lat' dir='ltr'>tamen</span> <span class='ocrx_word' id='word_1_704' title='bbox 1683 4917 1812 4955; x_wconf 90' lang='lat' dir='ltr'>eam</span> 
     </span>
    </p>
   </div>
   <div class='ocr_carea' id='block_1_98' title="bbox 157 4989 1813 5064">
    <p class='ocr_par' dir='ltr' id='par_1_98' title="bbox 157 4989 1813 5064">
     <span class='ocr_line' id='line_1_98' title="bbox 157 4989 1813 5064; baseline -0.002 -17"><span class='ocrx_word' id='word_1_705' title='bbox 157 4995 384 5064; x_wconf 89' lang='lat' dir='ltr'>partem</span> <span class='ocrx_word' id='word_1_706' title='bbox 414 4990 748 5047; x_wconf 86' lang='lat' dir='ltr'>traditionis</span> <span class='ocrx_word' id='word_1_707' title='bbox 769 5007 896 5064; x_wconf 72' lang='lat' dir='ltr'>quae</span> <span class='ocrx_word' id='word_1_708' title='bbox 916 5008 1053 5046; x_wconf 90' lang='lat' dir='ltr'>vera</span> <span class='ocrx_word' id='word_1_709' title='bbox 1071 4992 1321 5046; x_wconf 88' lang='lat' dir='ltr'>videtur.</span> <span class='ocrx_word' id='word_1_710' title='bbox 1347 4996 1460 5046; x_wconf 89' lang='lat' dir='ltr'>Cur</span> <span class='ocrx_word' id='word_1_711' title='bbox 1488 4989 1813 5063; x_wconf 85' lang='lat' dir='ltr'>periculum</span> 
     </span>
    </p>
   </div>
   <div class='ocr_carea' id='block_1_99' title="bbox 156 5078 1813 5152">
    <p class='ocr_par' dir='ltr' id='par_1_99' title="bbox 156 5078 1813 5152">
     <span class='ocr_line' id='line_1_99' title="bbox 156 5078 1813 5152; baseline -0.001 -18"><span class='ocrx_word' id='word_1_712' title='bbox 156 5079 472 5135; x_wconf 89' lang='lat' dir='ltr'>fecerimus</span> <span class='ocrx_word' id='word_1_713' title='bbox 509 5078 569 5133; x_wconf 90' lang='lat' dir='ltr'>in</span> <span class='ocrx_word' id='word_1_714' title='bbox 622 5079 831 5150; x_wconf 89' lang='lat' dir='ltr'>primis</span> <span class='ocrx_word' id='word_1_715' title='bbox 877 5080 1114 5152; x_wconf 89' lang='lat' dir='ltr'>regibus</span> <span class='ocrx_word' id='word_1_716' title='bbox 1143 5079 1490 5136; x_wconf 72' lang='lat' dir='ltr'>Christianae</span> <span class='ocrx_word' id='word_1_717' title='bbox 1539 5079 1813 5148; x_wconf 79' lang='lat' dir='ltr'>Poloniae,</span> 
     </span>
    </p>
   </div>
   <div class='ocr_carea' id='block_1_100' title="bbox 159 5166 994 5239">
    <p class='ocr_par' dir='ltr' id='par_1_100' title="bbox 159 5166 994 5239">
     <span class='ocr_line' id='line_1_100' title="bbox 159 5166 994 5239; baseline -0.002 -15"><span class='ocrx_word' id='word_1_718' title='bbox 159 5171 339 5239; x_wconf 89' lang='lat' dir='ltr'>caput</span> <span class='ocrx_word' id='word_1_719' title='bbox 368 5181 623 5238; x_wconf 89' lang='lat' dir='ltr'>sequens</span> <span class='ocrx_word' id='word_1_720' title='bbox 653 5166 994 5223; x_wconf 88' lang='lat' dir='ltr'>declarabit.</span> 
     </span>
    </p>
   </div>
   <div class='ocr_carea' id='block_1_101' title="bbox 162 5273 1820 5346">
    <p class='ocr_par' dir='ltr' id='par_1_101' title="bbox 162 5273 1820 5346">
     <span class='ocr_line' id='line_1_101' title="bbox 162 5273 1820 5346; baseline -0.001 -15"><span class='ocrx_word' id='word_1_721' title='bbox 162 5275 297 5331; x_wconf 76' lang='lat' dir='ltr'>CAP.</span> <span class='ocrx_word' id='word_1_722' title='bbox 334 5274 475 5329; x_wconf 89' lang='lat' dir='ltr'>II.—</span> <span class='ocrx_word' id='word_1_723' title='bbox 501 5275 659 5329; x_wconf 86' lang='lat' dir='ltr'>Liber</span> <span class='ocrx_word' id='word_1_724' title='bbox 687 5275 979 5342; x_wconf 84' lang='lat' dir='ltr'>liturgicus</span> <span class='ocrx_word' id='word_1_725' title='bbox 1000 5276 1405 5346; x_wconf 81' lang='lat' dir='ltr'>manuscriptus</span> <span class='ocrx_word' id='word_1_726' title='bbox 1429 5273 1614 5329; x_wconf 84' lang='lat' dir='ltr'>Caroli</span> <span class='ocrx_word' id='word_1_727' title='bbox 1639 5275 1820 5346; x_wconf 79' lang='lat' dir='ltr'>Magni</span> 
     </span>
    </p>
   </div>
   <div class='ocr_carea' id='block_1_102' title="bbox 647 5346 1327 5402">
    <p class='ocr_par' dir='ltr' id='par_1_102' title="bbox 647 5346 1327 5402">
     <span class='ocr_line' id='line_1_102' title="bbox 647 5346 1327 5402; baseline -0.003 -1"><span class='ocrx_word' id='word_1_728' title='bbox 647 5354 697 5402; x_wconf 89' lang='lat' dir='ltr'>et</span> <span class='ocrx_word' id='word_1_729' title='bbox 723 5347 947 5402; x_wconf 76' lang='grc' dir='ltr'>Αἰσαίηὶ</span> <span class='ocrx_word' id='word_1_730' title='bbox 985 5346 1327 5402; x_wconf 78' lang='lat' dir='ltr'>describitur.</span> 
     </span>
    </p>
   </div>
   <div class='ocr_carea' id='block_1_103' title="bbox 233 5434 1822 5507">
    <p class='ocr_par' dir='ltr' id='par_1_103' title="bbox 233 5434 1822 5507">
     <span class='ocr_line' id='line_1_103' title="bbox 233 5434 1822 5507; baseline 0.001 -16"><span class='ocrx_word' id='word_1_731' title='bbox 233 5435 380 5492; x_wconf 91' lang='lat' dir='ltr'>Cum</span> <span class='ocrx_word' id='word_1_732' title='bbox 413 5439 547 5490; x_wconf 90' lang='lat' dir='ltr'>ante</span> <span class='ocrx_word' id='word_1_733' title='bbox 593 5435 700 5491; x_wconf 91' lang='lat' dir='ltr'>hos</span> <span class='ocrx_word' id='word_1_734' title='bbox 746 5434 968 5507; x_wconf 89' lang='lat' dir='ltr'>aliquot</span> <span class='ocrx_word' id='word_1_735' title='bbox 1008 5452 1213 5500; x_wconf 89' lang='lat' dir='ltr'>annos,</span> <span class='ocrx_word' id='word_1_736' title='bbox 1255 5435 1432 5506; x_wconf 88' lang='lat' dir='ltr'>jussu</span> <span class='ocrx_word' id='word_1_737' title='bbox 1474 5435 1822 5494; x_wconf 88' lang='lat' dir='ltr'>venerabilis</span> 
     </span>
    </p>
   </div>
   <div class='ocr_carea' id='block_1_104' title="bbox 160 5522 1823 5599">
    <p class='ocr_par' dir='ltr' id='par_1_104' title="bbox 160 5522 1823 5599">
     <span class='ocr_line' id='line_1_104' title="bbox 160 5522 1823 5599; baseline 0.001 -19"><span class='ocrx_word' id='word_1_738' title='bbox 160 5523 458 5599; x_wconf 69' lang='lat' dir='ltr'>praepositi</span> <span class='ocrx_word' id='word_1_739' title='bbox 484 5523 1182 5595; x_wconf 86' lang='lat' dir='ltr'>Fischeri,perlustrarem</span> <span class='ocrx_word' id='word_1_740' title='bbox 1206 5522 1618 5580; x_wconf 88' lang='lat' dir='ltr'>bibliothecam</span> <span class='ocrx_word' id='word_1_741' title='bbox 1649 5525 1823 5581; x_wconf 85' lang='lat' dir='ltr'>eccle-</span> 
     </span>
    </p>
   </div>
   <div class='ocr_carea' id='block_1_105' title="bbox 165 5611 1822 5686">
    <p class='ocr_par' dir='ltr' id='par_1_105' title="bbox 165 5611 1822 5686">
     <span class='ocr_line' id='line_1_105' title="bbox 165 5611 1822 5686; baseline -0.002 -15"><span class='ocrx_word' id='word_1_742' title='bbox 165 5615 264 5671; x_wconf 73' lang='lat' dir='ltr'>sia:</span> <span class='ocrx_word' id='word_1_743' title='bbox 313 5611 612 5670; x_wconf 73' lang='lat' dir='ltr'>catholicae</span> <span class='ocrx_word' id='word_1_744' title='bbox 645 5615 870 5670; x_wconf 80' lang='lat' dir='ltr'>Sanctae</span> <span class='ocrx_word' id='word_1_745' title='bbox 916 5613 1218 5686; x_wconf 80' lang='lat' dir='ltr'>Hedwigis</span> <span class='ocrx_word' id='word_1_746' title='bbox 1247 5611 1659 5680; x_wconf 78' lang='lat' dir='ltr'>Berolinensis,</span> <span class='ocrx_word' id='word_1_747' title='bbox 1695 5630 1822 5686; x_wconf 67' lang='lat' dir='ltr'>qua:</span> 
     </span>
    </p>
   </div>
   <div class='ocr_carea' id='block_1_106' title="bbox 167 5701 1822 5775">
    <p class='ocr_par' dir='ltr' id='par_1_106' title="bbox 167 5701 1822 5775">
     <span class='ocr_line' id='line_1_106' title="bbox 167 5701 1822 5775; baseline 0 -15"><span class='ocrx_word' id='word_1_748' title='bbox 167 5703 488 5760; x_wconf 86' lang='lat' dir='ltr'>maximam</span> <span class='ocrx_word' id='word_1_749' title='bbox 531 5706 756 5775; x_wconf 88' lang='lat' dir='ltr'>partem</span> <span class='ocrx_word' id='word_1_750' title='bbox 789 5706 1017 5760; x_wconf 89' lang='lat' dir='ltr'>constat</span> <span class='ocrx_word' id='word_1_751' title='bbox 1059 5719 1128 5759; x_wconf 88' lang='lat' dir='ltr'>ex</span> <span class='ocrx_word' id='word_1_752' title='bbox 1176 5701 1343 5760; x_wconf 90' lang='lat' dir='ltr'>libris</span> <span class='ocrx_word' id='word_1_753' title='bbox 1393 5701 1731 5759; x_wconf 86' lang='lat' dir='ltr'>Monasterii</span> <span class='ocrx_word' id='word_1_754' title='bbox 1763 5704 1822 5760; x_wconf 92' lang='lat' dir='ltr'>S.</span> 
     </span>
    </p>
   </div>
   <div class='ocr_carea' id='block_1_107' title="bbox 1926 4721 3584 4794">
    <p class='ocr_par' dir='ltr' id='par_1_107' title="bbox 1926 4721 3584 4794">
     <span class='ocr_line' id='line_1_107' title="bbox 1926 4721 3584 4794; baseline 0.003 -21"><span class='ocrx_word' id='word_1_755' title='bbox 1926 4746 1955 4773; x_wconf 90' lang='grc'>‹‹</span> <span class='ocrx_word' id='word_1_756' title='bbox 1978 4723 2097 4778; x_wconf 90' lang='lat' dir='ltr'>Diei</span> <span class='ocrx_word' id='word_1_757' title='bbox 2125 4723 2406 4777; x_wconf 86' lang='lat' dir='ltr'>Nativitas</span> <span class='ocrx_word' id='word_1_758' title='bbox 2457 4721 2874 4793; x_wconf 48' lang='lat' dir='ltr'>ideo.diciturl</span> <span class='ocrx_word' id='word_1_759' title='bbox 2902 4722 3059 4794; x_wconf 91' lang='lat' dir='ltr'>quod</span> <span class='ocrx_word' id='word_1_760' title='bbox 3090 4722 3151 4776; x_wconf 93' lang='lat' dir='ltr'>in</span> <span class='ocrx_word' id='word_1_761' title='bbox 3183 4739 3251 4779; x_wconf 89' lang='lat' dir='ltr'>ea</span> <span class='ocrx_word' id='word_1_762' title='bbox 3281 4724 3458 4777; x_wconf 88' lang='lat' dir='ltr'>natus</span> <span class='ocrx_word' id='word_1_763' title='bbox 3495 4725 3584 4778; x_wconf 90' lang='lat' dir='ltr'>est</span> 
     </span>
    </p>
   </div>
   <div class='ocr_carea' id='block_1_108' title="bbox 1923 4808 3580 4883">
    <p class='ocr_par' dir='ltr' id='par_1_108' title="bbox 1923 4808 3580 4883">
     <span class='ocr_line' id='line_1_108' title="bbox 1923 4808 3580 4883; baseline 0.002 -21"><span class='ocrx_word' id='word_1_764' title='bbox 1923 4835 1950 4862; x_wconf 89' lang='grc'>‹‹</span> <span class='ocrx_word' id='word_1_765' title='bbox 1984 4810 2269 4866; x_wconf 89' lang='lat' dir='ltr'>Christus.</span> <span class='ocrx_word' id='word_1_766' title='bbox 2292 4833 2319 4860; x_wconf 87' lang='lat'>»</span> <span class='ocrx_word' id='word_1_767' title='bbox 2336 4815 2393 4865; x_wconf 86' lang='lat' dir='ltr'>et</span> <span class='ocrx_word' id='word_1_768' title='bbox 2409 4814 2517 4865; x_wconf 88' lang='lat' dir='ltr'>cet.</span> <span class='ocrx_word' id='word_1_769' title='bbox 2535 4809 2691 4866; x_wconf 91' lang='lat' dir='ltr'>Folio</span> <span class='ocrx_word' id='word_1_770' title='bbox 2715 4809 2920 4882; x_wconf 87' lang='lat' dir='ltr'>quinto</span> <span class='ocrx_word' id='word_1_771' title='bbox 2937 4826 3104 4866; x_wconf 89' lang='lat' dir='ltr'>verso</span> <span class='ocrx_word' id='word_1_772' title='bbox 3123 4809 3436 4883; x_wconf 84' lang='lat' dir='ltr'>exponitur</span> <span class='ocrx_word' id='word_1_773' title='bbox 3455 4808 3580 4866; x_wconf 86' lang='lat' dir='ltr'>dies</span> 
     </span>
    </p>
   </div>
   <div class='ocr_carea' id='block_1_109' title="bbox 1925 4893 3578 4967">
    <p class='ocr_par' dir='ltr' id='par_1_109' title="bbox 1925 4893 3578 4967">
     <span class='ocr_line' id='line_1_109' title="bbox 1925 4893 3578 4967; baseline -0.001 -11"><span class='ocrx_word' id='word_1_774' title='bbox 1925 4902 2109 4958; x_wconf 88' lang='lat' dir='ltr'>festus</span> <span class='ocrx_word' id='word_1_775' title='bbox 2144 4919 2155 4956; x_wconf 92' lang='lat'>:</span> <span class='ocrx_word' id='word_1_776' title='bbox 2185 4922 2210 4950; x_wconf 85' lang='lat'>«</span> <span class='ocrx_word' id='word_1_777' title='bbox 2243 4899 2308 4956; x_wconf 87' lang='lat' dir='ltr'>de</span> <span class='ocrx_word' id='word_1_778' title='bbox 2337 4900 2753 4956; x_wconf 73' lang='lat' dir='ltr'>circumcisione</span> <span class='ocrx_word' id='word_1_779' title='bbox 2803 4900 3062 4967; x_wconf 85' lang='lat' dir='ltr'>Domini;</span> <span class='ocrx_word' id='word_1_780' title='bbox 3088 4919 3117 4948; x_wconf 87' lang='grc'>››</span> <span class='ocrx_word' id='word_1_781' title='bbox 3149 4902 3206 4954; x_wconf 89' lang='lat' dir='ltr'>et</span> <span class='ocrx_word' id='word_1_782' title='bbox 3250 4895 3338 4955; x_wconf 87' lang='lat' dir='ltr'>sic</span> <span class='ocrx_word' id='word_1_783' title='bbox 3380 4893 3441 4953; x_wconf 84' lang='lat' dir='ltr'>in</span> <span class='ocrx_word' id='word_1_784' title='bbox 3487 4913 3578 4954; x_wconf 88' lang='lat' dir='ltr'>se-</span> 
     </span>
    </p>
   </div>
   <div class='ocr_carea' id='block_1_110' title="bbox 1925 4984 3582 5063">
    <p class='ocr_par' dir='ltr' id='par_1_110' title="bbox 1925 4984 3582 5063">
     <span class='ocr_line' id='line_1_110' title="bbox 1925 4984 3582 5063; baseline -0.003 -17"><span class='ocrx_word' id='word_1_785' title='bbox 1925 4988 2242 5063; x_wconf 88' lang='lat' dir='ltr'>quentibus</span> <span class='ocrx_word' id='word_1_786' title='bbox 2293 5005 2500 5044; x_wconf 87' lang='lat' dir='ltr'>omnes</span> <span class='ocrx_word' id='word_1_787' title='bbox 2557 4988 2682 5044; x_wconf 90' lang='lat' dir='ltr'>dies</span> <span class='ocrx_word' id='word_1_788' title='bbox 2730 4988 3025 5046; x_wconf 84' lang='lat' dir='ltr'>solemnes</span> <span class='ocrx_word' id='word_1_789' title='bbox 3074 4985 3214 5043; x_wconf 88' lang='lat' dir='ltr'>anni</span> <span class='ocrx_word' id='word_1_790' title='bbox 3262 4984 3582 5042; x_wconf 88' lang='lat' dir='ltr'>Christiani</span> 
     </span>
    </p>
   </div>
   <div class='ocr_carea' id='block_1_111' title="bbox 1926 5072 3581 5150">
    <p class='ocr_par' dir='ltr' id='par_1_111' title="bbox 1926 5072 3581 5150">
     <span class='ocr_line' id='line_1_111' title="bbox 1926 5072 3581 5150; baseline -0.004 -14"><span class='ocrx_word' id='word_1_791' title='bbox 1926 5098 1960 5136; x_wconf 89' lang='lat' dir='ltr'>a</span> <span class='ocrx_word' id='word_1_792' title='bbox 1989 5077 2300 5135; x_wconf 86' lang='lat' dir='ltr'>Nativitate</span> <span class='ocrx_word' id='word_1_793' title='bbox 2333 5077 2558 5133; x_wconf 87' lang='lat' dir='ltr'>Domini</span> <span class='ocrx_word' id='word_1_794' title='bbox 2585 5094 2773 5150; x_wconf 91' lang='lat' dir='ltr'>usque</span> <span class='ocrx_word' id='word_1_795' title='bbox 2802 5077 2875 5133; x_wconf 88' lang='lat' dir='ltr'>ad</span> <span class='ocrx_word' id='word_1_796' title='bbox 2908 5075 3283 5133; x_wconf 71' lang='lat' dir='ltr'>festivitatem</span> <span class='ocrx_word' id='word_1_797' title='bbox 3313 5072 3581 5130; x_wconf 88' lang='lat' dir='ltr'>omnium</span> 
     </span>
    </p>
   </div>
   <div class='ocr_carea' id='block_1_112' title="bbox 1927 5159 3582 5239">
    <p class='ocr_par' dir='ltr' id='par_1_112' title="bbox 1927 5159 3582 5239">
     <span class='ocr_line' id='line_1_112' title="bbox 1927 5159 3582 5239; baseline -0.004 -14"><span class='ocrx_word' id='word_1_798' title='bbox 1927 5171 2276 5225; x_wconf 88' lang='lat' dir='ltr'>Sanctorum</span> <span class='ocrx_word' id='word_1_799' title='bbox 2310 5166 2427 5239; x_wconf 89' lang='lat' dir='ltr'>(fol.</span> <span class='ocrx_word' id='word_1_800' title='bbox 2462 5169 2552 5235; x_wconf 82' lang='grc'>42)</span> <span class='ocrx_word' id='word_1_801' title='bbox 2585 5170 2964 5224; x_wconf 87' lang='lat' dir='ltr'>recensentur</span> <span class='ocrx_word' id='word_1_802' title='bbox 2993 5168 3052 5222; x_wconf 91' lang='lat' dir='ltr'>et</span> <span class='ocrx_word' id='word_1_803' title='bbox 3092 5164 3246 5221; x_wconf 89' lang='lat' dir='ltr'>ritus</span> <span class='ocrx_word' id='word_1_804' title='bbox 3286 5159 3582 5237; x_wconf 83' lang='lat' dir='ltr'>explican-</span> 
     </span>
    </p>
   </div>
   <div class='ocr_carea' id='block_1_113' title="bbox 1927 5263 2043 5314">
    <p class='ocr_par' dir='ltr' id='par_1_113' title="bbox 1927 5263 2043 5314">
     <span class='ocr_line' id='line_1_113' title="bbox 1927 5263 2043 5314; baseline -0.009 -1"><span class='ocrx_word' id='word_1_805' title='bbox 1927 5263 2043 5314; x_wconf 87' lang='lat' dir='ltr'>tur.</span> 
     </span>
    </p>
   </div>
   <div class='ocr_carea' id='block_1_114' title="bbox 2004 5341 3585 5418">
    <p class='ocr_par' dir='ltr' id='par_1_114' title="bbox 2004 5341 3585 5418">
     <span class='ocr_line' id='line_1_114' title="bbox 2004 5341 3585 5418; baseline -0.004 -16"><span class='ocrx_word' id='word_1_806' title='bbox 2004 5346 2160 5402; x_wconf 86' lang='lat' dir='ltr'>Folio</span> <span class='ocrx_word' id='word_1_807' title='bbox 2191 5348 2262 5401; x_wconf 80' lang='grc'>42</span> <span class='ocrx_word' id='word_1_808' title='bbox 2295 5362 2461 5401; x_wconf 91' lang='lat' dir='ltr'>verso</span> <span class='ocrx_word' id='word_1_809' title='bbox 2505 5345 2712 5418; x_wconf 91' lang='lat' dir='ltr'>incipit</span> <span class='ocrx_word' id='word_1_810' title='bbox 2759 5345 2890 5402; x_wconf 86' lang='lat' dir='ltr'>ordo</span> <span class='ocrx_word' id='word_1_811' title='bbox 2933 5345 3002 5400; x_wconf 90' lang='lat' dir='ltr'>ad</span> <span class='ocrx_word' id='word_1_812' title='bbox 3040 5341 3376 5400; x_wconf 73' lang='lat' dir='ltr'>uisitandum</span> <span class='ocrx_word' id='word_1_813' title='bbox 3423 5341 3585 5411; x_wconf 85' lang='lat' dir='ltr'>inﬁr-</span> 
     </span>
    </p>
   </div>
   <div class='ocr_carea' id='block_1_115' title="bbox 1930 5429 3584 5506">
    <p class='ocr_par' dir='ltr' id='par_1_115' title="bbox 1930 5429 3584 5506">
     <span class='ocr_line' id='line_1_115' title="bbox 1930 5429 3584 5506; baseline -0.002 -15"><span class='ocrx_word' id='word_1_814' title='bbox 1930 5453 2119 5500; x_wconf 83' lang='lat' dir='ltr'>mum;</span> <span class='ocrx_word' id='word_1_815' title='bbox 2149 5434 2284 5490; x_wconf 87' lang='lat' dir='ltr'>folio</span> <span class='ocrx_word' id='word_1_816' title='bbox 2315 5435 2384 5488; x_wconf 70' lang='grc'>43</span> <span class='ocrx_word' id='word_1_817' title='bbox 2427 5451 2592 5488; x_wconf 89' lang='lat' dir='ltr'>verso</span> <span class='ocrx_word' id='word_1_818' title='bbox 2638 5433 2767 5490; x_wconf 87' lang='lat' dir='ltr'>ordo</span> <span class='ocrx_word' id='word_1_819' title='bbox 2814 5433 3225 5506; x_wconf 81' lang='lat' dir='ltr'>defunctorum;</span> <span class='ocrx_word' id='word_1_820' title='bbox 3257 5429 3392 5488; x_wconf 78' lang='lat' dir='ltr'>folio</span> <span class='ocrx_word' id='word_1_821' title='bbox 3423 5431 3491 5486; x_wconf 81' lang='grc'><strong>46</strong></span> <span class='ocrx_word' id='word_1_822' title='bbox 3517 5430 3584 5488; x_wconf 75' lang='lat' dir='ltr'>de</span> 
     </span>
    </p>
   </div>
   <div class='ocr_carea' id='block_1_116' title="bbox 1931 5521 3583 5598">
    <p class='ocr_par' dir='ltr' id='par_1_116' title="bbox 1931 5521 3583 5598">
     <span class='ocr_line' id='line_1_116' title="bbox 1931 5521 3583 5598; baseline -0.002 -18"><span class='ocrx_word' id='word_1_823' title='bbox 1931 5525 2192 5598; x_wconf 80' lang='lat' dir='ltr'>gradibus</span> <span class='ocrx_word' id='word_1_824' title='bbox 2251 5524 2669 5587; x_wconf 75' lang='lat' dir='ltr'>ecclesiasticis;</span> <span class='ocrx_word' id='word_1_825' title='bbox 2717 5521 2855 5577; x_wconf 90' lang='lat' dir='ltr'>folio</span> <span class='ocrx_word' id='word_1_826' title='bbox 2899 5524 2968 5578; x_wconf 82' lang='grc'>48</span> <span class='ocrx_word' id='word_1_827' title='bbox 3017 5522 3256 5594; x_wconf 84' lang='lat' dir='ltr'>qualiter</span> <span class='ocrx_word' id='word_1_828' title='bbox 3302 5522 3583 5592; x_wconf 85' lang='lat' dir='ltr'>episcopus</span> 
     </span>
    </p>
   </div>
   <div class='ocr_carea' id='block_1_117' title="bbox 1933 5610 3587 5683">
    <p class='ocr_par' dir='ltr' id='par_1_117' title="bbox 1933 5610 3587 5683">
     <span class='ocr_line' id='line_1_117' title="bbox 1933 5610 3587 5683; baseline -0.002 -14"><span class='ocrx_word' id='word_1_829' title='bbox 1933 5615 2216 5669; x_wconf 81' lang='lat' dir='ltr'>ordinetur</span> <span class='ocrx_word' id='word_1_830' title='bbox 2246 5615 2302 5667; x_wconf 84' lang='lat' dir='ltr'>in.</span> <span class='ocrx_word' id='word_1_831' title='bbox 2349 5615 2590 5668; x_wconf 81' lang='lat' dir='ltr'>Romana</span> <span class='ocrx_word' id='word_1_832' title='bbox 2631 5613 2856 5668; x_wconf 83' lang='lat' dir='ltr'>ecclesia</span> <span class='ocrx_word' id='word_1_833' title='bbox 2870 5629 2891 5675; x_wconf 70' lang='grc' dir='ltr'>,ο</span> <span class='ocrx_word' id='word_1_834' title='bbox 2923 5611 3059 5668; x_wconf 85' lang='lat' dir='ltr'>folio</span> <span class='ocrx_word' id='word_1_835' title='bbox 3086 5611 3158 5668; x_wconf 74' lang='lat'>93</span> <span class='ocrx_word' id='word_1_836' title='bbox 3185 5611 3258 5667; x_wconf 90' lang='lat' dir='ltr'>ad</span> <span class='ocrx_word' id='word_1_837' title='bbox 3287 5610 3359 5666; x_wconf 78' lang='grc'>74</span> <span class='ocrx_word' id='word_1_838' title='bbox 3389 5611 3587 5683; x_wconf 82' lang='lat' dir='ltr'>incipit</span> 
     </span>
    </p>
   </div>
   <div class='ocr_carea' id='block_1_118' title="bbox 1935 5697 3584 5775">
    <p class='ocr_par' dir='ltr' id='par_1_118' title="bbox 1935 5697 3584 5775">
     <span class='ocr_line' id='line_1_118' title="bbox 1935 5697 3584 5775; baseline -0.003 -17"><span class='ocrx_word' id='word_1_839' title='bbox 1935 5703 2111 5760; x_wconf 79' lang='lat' dir='ltr'>brevis</span> <span class='ocrx_word' id='word_1_840' title='bbox 2156 5702 2420 5775; x_wconf 74' lang='lat' dir='ltr'>expositi)</span> <span class='ocrx_word' id='word_1_841' title='bbox 2469 5701 2686 5764; x_wconf 62' lang='lat' dir='ltr'>missae;</span> <span class='ocrx_word' id='word_1_842' title='bbox 2733 5699 2830 5759; x_wconf 84' lang='lat' dir='ltr'>fol.</span> <span class='ocrx_word' id='word_1_843' title='bbox 2864 5701 2937 5759; x_wconf 88' lang='grc'>74</span> <span class='ocrx_word' id='word_1_844' title='bbox 2965 5701 3030 5760; x_wconf 86' lang='lat' dir='ltr'>de</span> <span class='ocrx_word' id='word_1_845' title='bbox 3073 5700 3354 5774; x_wconf 85' lang='lat' dir='ltr'>Symboto;</span> <span class='ocrx_word' id='word_1_846' title='bbox 3381 5697 3481 5757; x_wconf 86' lang='lat' dir='ltr'>fol.</span> <span class='ocrx_word' id='word_1_847' title='bbox 3513 5699 3584 5756; x_wconf 86' lang='lat'>76</span> 
     </span>
    </p>
   </div>
  </div>
