3948 6168
362 355 517 426 1331

1609 365 2004 449 .‘APPEND.
2049 366 2153 431 AD
2198 367 2340 432 SzE.
2388 368 2466 431 x.

3620 357 3777 426 I332

361 509 526 551 verso
556 494 628 550 ad
663 493 759 552 fol.
791 496 864 554 83
893 515 962 554 ex
1007 498 1118 554 alio
1162 499 1415 572 quodam
1463 498 1612 555 libro
1658 501 2011 573 transcripta
2038 503 2094 569 Α
2191 501 2428 558 Constat
2459 500 2638 572 igitur
2665 499 2971 572 hucusque
2999 496 3218 556 librum
3261 499 3532 554 nostrum
3564 513 3776 552 manu-

362 582 430 640 de
454 585 627 640 sacris
657 586 940 642 ordinibus
968 596 1019 643 et
1045 588 1110 644 de
1134 589 1360 644 vestibus
1386 591 1828 646 sacerdotalibus.

436 673 611 730 Liber
639 674 734 730 hic
763 675 1070 748 liturgicus
1100 679 1417 733 maximam
1449 685 1676 750 partem
1707 696 1822 734 non
1853 681 2013 752 igno-

364 765 463 819 tus
485 762 785 836 est.Vulgo
808 779 940 819 eum
960 765 1550 823 Pseudo-Alcuineum
1577 769 2012 842 nominant.Ty-

364 850 455 924 pis
495 853 621 923 jam
653 857 920 908 exaratus
951 857 1058 922 est,
1087 854 1222 910 licet
1253 857 1552 924 mendose,
1574 856 1632 911 in
1675 857 2010 914 collectione

359 940 820 1012 Hittorpiana,et
839 941 1084 997 alibi.At
1103 944 1312 999 desunt
1335 949 1528 1000 tamen
1551 945 1738 1000 multa
1758 946 1816 1000 in
1839 947 2010 1002 editis

365 1044 490 1100 quae
523 1028 960 1102 manuscriptus
1005 1036 1204 1087 noster
1246 1033 1465 1088 intacta
1495 1035 1680 1089 oﬂ‘ert.
1716 1037 2010 1100 Quantum

365 1116 573 1172 attinet
602 1118 675 1172 ad
719 1121 982 1174 antorem
1031 1121 1296 1176 maxima:
1357 1122 1535 1193 hujus
1568 1123 1698 1178 libri
1755 1123 2011 1198 liturgici

361 1205 566 1278 partis,
614 1207 1016 1264 demonstrare
1066 1227 1236 1281 posse
1285 1211 1427 1266 mihi
1476 1212 1694 1280 videor,
1739 1213 2011 1268 Carolum

361 1310 645 1368 magnum
674 1299 732 1351 et
751 1294 1062 1352 Alcuinum
1093 1299 1289 1355 alteris
1312 1300 1466 1354 curis
1496 1303 2013 1375 eumcomposuis-

360 1399 445 1459 se.
475 1384 586 1442 Sed
619 1384 689 1442 de
717 1385 828 1442 hac
859 1403 919 1442 re
949 1385 1063 1444 alio
1095 1387 1218 1444 loco
1246 1405 1508 1463 agemus.

2118 589 2404 661 scriptum
2444 605 2572 644 esse
2616 588 2912 661 exemplar
2941 587 3165 644 ordinis
3211 585 3468 659 liturgici
3519 585 3776 642 ecclesia

2119 679 2414 742 Romanae,
2447 695 2479 734 a
2511 677 2787 733 Matliilde
2819 678 3095 750 quadam,
3130 677 3252 732 filia
3281 675 3592 746 cujusdam
3637 679 3778 730 Her-

2118 767 2318 822 manni
2351 767 2525 822 Ducis
2552 767 2896 834 Suevorum,
2921 767 3203 822 donatum
3237 765 3358 837 regi
3396 764 3639 820 cuidam
3675 763 3778 818 Mi-

2119 857 2340 928 segoni.

2194 945 2521 1000 Redeamus
2577 946 2650 1000 ad
2719 944 3026 1017 epistolam
3103 943 3526 998 dedicatoriam
3590 941 3776 998 nostri

2119 1033 2486 1106 exemplaris,
2521 1051 2647 1106 quas
2681 1051 2839 1090 nunc
2871 1034 3119 1090 fortasse
3151 1031 3366 1088 melius
3395 1031 3647 1104 intelligi
3683 1049 3778 1103 po-

2119 1123 2272 1178 terit.
2309 1123 2388 1178 En
2422 1140 2551 1178 eam
2584 1123 2772 1195 ipsam
2805 1122 2901 1177 hic
2933 1121 3087 1194 typis
3120 1137 3479 1194 expressam,
3510 1121 3771 1176 verbote-

2121 1229 2254 1279 nus,
2287 1229 2420 1267 cum
2453 1211 2684 1267 mendis
2717 1211 3185 1284 orthographicis
3215 1214 3272 1266 et
3305 1209 3772 1284 interpunctione

2119 1301 2338 1358 intacta
2373 1317 2386 1356 :

961 1649 1094 1704 CAP.
1129 1649 1220 1704 III.
1247 1681 1312 1690 —
1341 1651 1582 1721 Epistola
1610 1651 1949 1706 dedicatoria
1989 1649 2269 1706 Mat/zildis
2298 1649 2485 1705 Saeva:
2515 1649 2584 1704 ad
2613 1651 2938 1720 Misegonem
2965 1666 3164 1722 regem.

896 1747 918 1800 1
1033 1747 1258 1802 Domno
1289 1748 1365 1802 M.
1401 1749 1476 1819 (1)
1509 1747 1740 1802 virtutis
1771 1764 1914 1802 verae
1947 1746 2152 1803 cultori
2181 1747 2507 1802 verissimo.
2544 1747 2784 1819 regique
2819 1746 3227 1805 invictissimO'

889 1837 925 1888 2
965 1835 1516 1907 M.(l)suppremum
1534 1837 1590 1891 in
1606 1837 1831 1892 Christo
1845 1837 2222 1908 gaudium.ac
2237 1836 2463 1892 felicem
2477 1853 2654 1909 super
2665 1837 2831 1892 hoste
2847 1837 3233 1910 triumphum-

894 1923 928 1977 3
966 1923 1250 1986 Quoniam
1274 1924 1379 1978 tibi
1403 1925 1598 1980 divina
1618 1925 1804 1998 gratia
1825 1926 2051 1997 regium
2077 1942 2288 1981 nomen
2314 1925 2530 1998 pariter
2551 1930 2608 1980 et
2629 1924 2907 1981 honorem
2935 1925 3240 1982 concessit.

893 2012 924 2066 4
967 2016 1205 2084 arteque
1235 2013 1516 2085 regnandi
1547 2014 1617 2069 ad
1650 2014 1706 2068 id
1741 2015 2069 2070 necessaria
2099 2014 2514 2070 honestissime
2545 2014 2781 2069 ditavit!
2817 2013 2972 2068 felici
3002 2013 3239 2086 inceptu

893 2101 929 2154 5
967 2105 1032 2154 ut
1060 2101 1274 2156 audivi.
1300 2102 1409 2173 ipsi
1435 2103 1720 2158 divinitati
1745 2103 1904 2176 regni
1933 2103 2020 2158 tui
2053 2103 2346 2176 primitias
2377 2103 2581 2158 devoto
2606 2106 2836 2175 pectore
2859 2103 3235 2158 consecrasti'

886 2189 921 2243 6
960 2189 1100 2254 Quis
1129 2191 1284 2245 enim
1317 2192 1809 2263 przedecessorum
1838 2197 2073 2248 tuorum
2095 2196 2291 2248 tantas
2313 2193 2494 2248 erexit
2515 2190 2845 2246 (ecclesias?
2875 2191 3015 2258 Quis
3040 2191 3100 2246 in
3121 2191 3244 2247 lau-

891 2279 924 2331 7
965 2279 1098 2333 dem
1151 2279 1243 2334 dei
1291 2280 1529 2336 totidem
1577 2280 1926 2336 coadunavit
1973 2280 2253 2353 linguas?
2289 2297 2422 2336 cum
2467 2279 2525 2334 in
2574 2281 2808 2352 propria
2854 2285 2910 2336 et
2953 2281 3013 2336 in
3065 2280 3247 2336 latina

889 2366 923 2419 8
964 2371 1147 2423 Deum
1178 2369 1353 2441 digne
1373 2369 1634 2425 venerari
1665 2386 1888 2442 posses,
1914 2369 1972 2424 in
1997 2369 2106 2426 hoc
2136 2369 2240 2424 tibi
2265 2386 2376 2424 non
2406 2368 2568 2424 satis.
2593 2385 2822 2442 grecam
2851 2370 3240 2441 superaddere

890 2456 926 2510 9
965 2456 1244 2513 maluisti°
1279 2462 1409 2513 Haec
1437 2462 1494 2514 et
1524 2457 1862 2530 hujusmodi
1898 2457 2093 2514 studia
2122 2462 2178 2513 to
2209 2459 2256 2513 si
2288 2457 2346 2512 in
2381 2459 2557 2514 finem
2590 2459 3066 2530 perseveraveris.
3102 2459 3236 2514 bea—

856 2545 925 2600 10
964 2545 1262 2602 tissimum
1314 2547 1648 2619 praedicant.
1683 2551 1852 2619 teque
1903 2564 2016 2602 non
2067 2547 2209 2602 adeo
2259 2547 2518 2602 humano
2558 2564 2736 2618 quam
2787 2546 2982 2602 divino
3015 2546 3238 2618 judicio

860 2636 920 2688 11
968 2634 1234 2690 electum.
1270 2636 1342 2690 ad
1385 2637 1702 2707 regendum
1749 2635 2031 2708 populum
2079 2640 2347 2691 sanctum
2381 2635 2482 2691 Dei
2514 2635 2886 2691 veracissime
2926 2639 3235 2691 testantur.

862 2724 926 2776 12
966 2723 1066 2794 qui
1096 2723 1155 2777 in
1203 2724 1428 2795 judicio
1481 2725 1781 2797 providus,
1814 2724 1870 2778 in
1905 2725 2161 2780 bonitate
2193 2724 2568 2796 conSpicuus.
2603 2724 2661 2779 in
2695 2725 2968 2780 universa
2999 2741 3231 2780 morum

861 2812 928 2865 13
967 2811 1269 2867 honestate
1301 2813 1612 2884 praeclarus
1643 2812 1896 2868 haberis.
1931 2813 2121 2868 viduis
2153 2817 2218 2868 ut
2260 2813 2364 2868 vir.
2394 2813 2672 2886 orphanis
2718 2817 2784 2868 ut
2826 2817 3008 2885 pater.
3044 2814 3243 2886 egenis

864 2900 929 2952 14
968 2902 1024 2954 et
1062 2901 1417 2973 pauperibus
1461 2902 1833 2974 incorruptus
1889 2903 2161 2958 defensor
2211 2903 2283 2956 ab
2339 2902 2613 2958 omnibus
2666 2903 3088 2975 comprobaris.
3122 2921 3236 2958 non

865 2989 932 3042 15
969 2990 1390 3047 considerando
1445 3009 1754 3062 personam
1814 2991 2106 3064 pauperis.
2158 2991 2244 3046 vel
2302 2991 2628 3047 venerando
2676 2991 2905 3047 vultum
2963 2993 3237 3064 potentis.

865 3077 932 3130 16
971 3078 1073 3132 sed
1150 3078 1300 3134 libra
1364 3081 1610 3151 justitice
1690 3097 1816 3152 quac
1893 3085 2298 3152 proponuntur
2369 3085 2579 3136 cuncta
2649 3081 2969 3136 examines
3027 3081 3242 3136 Christi

861 3168 926 3221 17
965 3168 1164 3238 procul
1197 3169 1374 3225 dubio
1406 3169 1651 3226 militem
1682 3187 1816 3225 cum
1850 3170 2017 3225 beato
2047 3170 2390 3225 Sebastiano
2423 3171 2532 3225 sub
2565 3169 2776 3242 regalis
2805 3170 3050 3226 vestitus
3080 3171 3240 3226 cultu

859 3256 925 3309 18
964 3256 1133 3313 ducis
1163 3259 1592 3314 absconditum.
1643 3259 1759 3314 Deo
1811 3263 2041 3314 tantum
2073 3262 2138 3314 ut
2169 3257 2441 3314 restituas
2495 3258 2724 3314 animas
2755 3258 3044 3314 diabolica
3081 3260 3239 3315 frau-

861 3347 928 3400 19
966 3346 1037 3402 de
1084 3347 1374 3419 deceptas.
1422 3348 1520 3419 qui
1580 3347 1864 3403 talentum
1925 3347 2030 3402 tibi
2088 3348 2473 3404 commissum
2533 3352 2825 3419 reportare
2883 3347 3242 3420 centuplica-

826 3436 926 3489 ’20
967 3440 1090 3490 tum
1122 3435 1786 3497 vehementerEanhelas.
1817 3437 2127 3492 auditurus
2165 3438 2394 3492 beatam
2425 3454 2622 3492 vocem
2655 3454 2773 3508 qua
2816 3437 3047 3492 dicitur'
3081 3439 3238 3510 Euge

861 3525 924 3578 21
962 3541 1122 3580 serve
1153 3525 1301 3581 bone
1355 3531 1411 3581 ct
1458 3525 1666 3582 ﬁdelis.
1728 3529 1784 3582 et
1843 3530 2067 3582 caztera'
2102 3525 2363 3581 Paternis
2417 3541 2626 3598 nempe
2683 3525 2966 3597 exemplis
3023 3543 3247 3582 ammo-

858 3615 929 3666 22
960 3612 1118 3669 nitus
1183 3617 1341 3669 totus
1384 3631 1532 3687 pene
1582 3613 1831 3670 versaris
1881 3614 1939 3669 in
1989 3613 2346 3670 ccclestibus.
2399 3614 2500 3685 qui
2557 3615 2617 3669 in
2679 3614 2781 3670 illa
2829 3614 3034 3670 mundi
3085 3620 3248 3686 parte

861 3703 930 3756 23
969 3689 1354 3775 quam'regis.
1380 3703 1549 3775 quasi
1581 3703 1822 3775 quidam
1856 3703 1986 3759 fons
2015 3707 2072 3758 et
2101 3703 2261 3775 origo
2303 3708 2514 3758 sanctas
2560 3703 2857 3759 catholicae
2911 3708 2966 3759 et
3013 3707 3248 3776 aposto-

860 3792 930 3846 24
970 3791 1091 3846 lica:
1114 3791 1301 3846 extitit
1321 3790 1473 3846 fidei.
1494 3793 1640 3846 Nam
1659 3807 1806 3862 quos
1825 3791 2012 3846 sancti
2051 3791 2458 3862 praedicatores
2498 3791 2784 3864 corrigere
2824 3809 2942 3848 non
2981 3798 3248 3864 poterant

861 3882 933 3935 25
968 3881 1140 3936 verbo
1157 3881 1168 3936 !
1185 3880 1281 3936 ille
1295 3881 1594 3936 insecutus
1607 3886 1694 3936 est
1707 3881 1875 3936 ferro.
1894 3879 2249 3952 compellens
2263 3879 2334 3935 ad
2350 3897 2574 3936 ccenam
2587 3881 2944 3937 dominicam
2967 3882 3247 3937 barbaras

859 3971 930 4024 26
961 3986 1027 4024 ac
1051 3969 1448 4026 ferocissimas
1478 3970 1760 4026 nationes.
1787 3974 1953 4024 Hunc
1994 3973 2191 4024 autem
2225 3968 2440 4024 librum
2475 3970 2602 4025 ideo
2644 3970 2750 4026 tibi
2789 3971 2993 4026 direxi.
3020 3972 3238 4042 nequid

859 4059 930 4111 27
969 4056 1026 4113 in
1059 4057 1272 4114 divinis
1303 4058 1512 4115 officiis
1543 4059 1909 4130 incognitum
1937 4058 2056 4113 fore
2083 4063 2196 4113 tuae
2228 4058 2395 4130 regiae
2439 4058 2731 4130 dignitati.
2782 4060 2974 4116 sciens
3027 4065 3080 4116 te
3129 4060 3249 4132 spi-

858 4146 927 4199 28
965 4145 1116 4202 ritali
1149 4148 1528 4220 praerogativa
1557 4148 1894 4220 'preditum.
1929 4147 2131 4219 procul
2180 4147 2358 4202 dubio
2409 4147 2624 4204 habere
2671 4153 2992 4221 acceptum.
3031 4149 3093 4205 In
3125 4167 3240 4222 quo

856 4236 925 4289 29
965 4234 1104 4306 quid
1118 4235 1767 4308 signiﬁcentvarietates
1781 4253 1906 4308 quae
1933 4253 2032 4308 per
2052 4236 2282 4292 diversa
2303 4241 2566 4309 tempora
2586 4237 2645 4292 in
2664 4238 2885 4294 eisdem
2908 4237 3246 4294 recoluntur

857 4325 928 4378 30
965 4323 1193 4379 ofﬁciis.
1230 4325 1496 4380 curiosus
1547 4325 1726 4379 lector
1775 4325 1941 4380 facile
1991 4324 2254 4396 reperiet-
2289 4325 2443 4381 Deus
2488 4325 2859 4397 omnipotens
2891 4327 3060 4398 cujus
3109 4343 3247 4382 con-

858 4413 923 4466 31
967 4412 1268 4466 stitutione
1315 4411 1494 4486 regali
1553 4413 1880 4468 diademate
1939 4417 2250 4469 coronatus
2305 4432 2388 4470 es.
2443 4414 2567 4487 ipse
2627 4415 2733 4470 tibi
2792 4415 3057 4488 spacium
3115 4415 3242 4471 vita:

857 4501 926 4554 32
963 4500 1338 4572 palmamque
1387 4500 1638 4557 victoriae
1693 4501 2016 4574 largiendo.
2051 4503 2277 4558 cunctis
2325 4503 2540 4560 efﬁciat
2595 4503 2865 4561 hostibus
2924 4505 3242 4561 fortiorem-

859 4588 928 4644 33
965 4589 1049 4644 Ad
1082 4587 1224 4644 velle
1255 4588 1400 4646 vale°
1427 4643 1430 4646 .

409 4839 544 4896 CAP.
577 4839 671 4896 IV.
695 4871 761 4882 —
791 4841 866 4897 De
894 4841 1207 4915 litterarum
1224 4844 1406 4913 forma
1436 4846 1486 4898 et
1518 4844 1955 4915 interpunctione
2036 4846 2084 4910 B
2187 4843 2651 4898 Minuscularum
2684 4846 2879 4899 autem
2901 4843 3120 4900 formas
3142 4845 3309 4900 otTert
3337 4842 3483 4898 liber
3505 4858 3604 4898 eas
3629 4857 3780 4914 quas

1113 4914 1257 4969 Msti.

427 5019 778 5074 Litterarum
810 5019 997 5075 forma
1025 5025 1115 5076 est
1145 5019 1520 5075 nitidissima.
1547 5021 1612 5074 In
1636 5021 2002 5092 majusculis,

356 5109 654 5181 quadratae
684 5113 742 5163 et
771 5109 1048 5163 rectilinm
1087 5108 1303 5174 latinee,
1336 5109 1527 5163 mixta:
1559 5113 1698 5164 sunt
1746 5127 1879 5164 cum
1914 5128 2001 5164 ro-

353 5196 730 5252 tundioribus
760 5196 1010 5270 gothicis
1030 5229 1097 5237 ——
1120 5197 1408 5269 (exempla
1439 5198 1644 5252 talium
1676 5197 2001 5252 litterarum

354 5285 413 5340 in
445 5285 654 5342 tabulae
683 5287 783 5359 fig.
809 5287 860 5340 4.
887 5286 1065 5356 dedi.)
1091 5318 1155 5327 —
1177 5287 1333 5356 quod
1360 5287 1582 5342 obtinet
1613 5289 1668 5341 in
1701 5286 1908 5342 litteris
1935 5287 2002 5352 D,

357 5373 434 5441 Μ,
467 5375 534 5444 Ν,
568 5377 633 5442 Q,
666 5379 733 5443 A,
765 5376 826 5444 C,
861 5375 928 5443 U,
965 5377 1025 5443 L,
1071 5376 1137 5444 Β,
1180 5377 1243 5442 Ε,
1288 5376 1354 5441 Η,
1391 5377 1432 5444 Ι,
1475 5377 1538 5430 Τ.
1583 5380 1638 5431 et
1679 5375 1736 5430 P.
1782 5377 2000 5431 Rotun-

361 5462 540 5519 dioris
569 5469 800 5521 tantum
834 5465 1031 5521 formae
1063 5466 1128 5533 Β,
1161 5467 1219 5533 F,
1255 5466 1319 5533 K,
1355 5469 1425 5530 X,
1456 5464 1506 5518 Y
1535 5468 1592 5519 et
1620 5466 1678 5519 Z.

2117 4932 2214 5004 ﬁg.
2247 4933 2302 4996 5,
2335 4930 2674 4986 incidendas
2706 4931 2924 4986 curavi.

2187 5019 2356 5094 Siglzc
2394 5036 2572 5091 quam
2603 5019 2869 5091 plurimae
2921 5024 3264 5089 occurrunt;
3299 5020 3518 5075 formas
3548 5017 3780 5090 aliquot

2114 5127 2310 5163 earum
2339 5109 2392 5162 in
2423 5109 2518 5180 tig.
2542 5110 2576 5163 6
2597 5108 2875 5173 habes,de
2901 5110 3118 5180 quibus
3141 5126 3310 5183 agam
3337 5107 3526 5180 capite
3546 5107 3776 5162 XXXII.

2185 5191 2654 5252 lstalitterarum
2706 5197 3004 5266 mixtione,
3057 5197 3524 5270 majuscularum
3568 5195 3773 5251 forma:

2113 5287 2571 5358 quadratae,cum
2590 5286 3207 5358 rotundis,praesertim
3224 5287 3542 5342 utebantur
3557 5283 3778 5340 saeculo

2116 5375 2424 5430 undecimo
2451 5381 2582 5446 post
2601 5374 2898 5430 Christum
2931 5380 3167 5446 natum;
3199 5374 3468 5448 quamvis
3500 5372 3780 5446 exempla

2116 5462 2313 5520 saeculi
2339 5464 2715 5536 prmeedentis
2737 5468 2794 5519 et
2817 5464 3200 5537 insequentis,
3220 5481 3287 5522 ea
3305 5467 3504 5520 tamen
3527 5463 3778 5520 rariora.

436 5641 510 5713 (1)
540 5641 616 5696 M.
651 5657 778 5696 esse
809 5659 911 5714 pro
937 5645 1197 5716 Μίδας]οηί
1224 5643 1588 5717 exj'ersibus
1617 5643 1816 5716 figurae
1841 5643 1967 5715 jam
2000 5646 2258 5716 apparet.
