3948 6168
143 304 302 372 433⁸1

1397 298 1466 362 S.
1508 294 1938 362 MATHILDIS
1980 291 2301 360 REGINA.‘

3393 295 3549 360 1338

144 439 334 503 Duces
355 453 422 495 ex
442 434 706 509 partibus
737 432 970 494 stetisse
997 432 1228 490 Henrici
1247 432 1466 501 Rixosi,
1490 435 1658 490 ducis
1680 434 1787 489 Ba-
1820 431 1875 498 Α
1904 431 2104 487 minus
2133 427 2408 503 superbia
2433 427 2818 503 imperatoriae
2840 427 3147 503 dignitatis
3167 432 3403 490 turbare
3425 451 3552 508 ges-

143 527 315 586 varite
343 525 478 599 (19),
511 526 635 599 qui,
672 531 740 582 ut
767 527 944 582 frater
969 523 1250 598 patruelis
1281 524 1415 580 novi
1445 523 1599 596 regis
1631 523 1796 578 Otto-

146 616 240 674 nis
273 615 988 688 secundi,secutus.patris
1008 613 1542 686 exemplum,qnem
1569 614 1798 668 constat

147 721 284 760 cum
305 704 483 761 fratre
504 703 711 760 Ottone
751 705 960 776 Magno
1009 721 1161 776 saape
1190 703 1541 769 conﬂixisse,
1574 700 1795 756 bellum

148 792 316 849 civile
345 793 798 864 movit,regnum
831 793 1130 856 affectans,
1159 797 1216 848 et
1237 791 1582 864 cognomine
1600 789 1795 846 Rixosi

148 882 366 954 dignus
388 882 524 953 (20),
539 881 883 937 afﬁnitatem
899 882 1056 938 enim
1077 881 1374 954 quandam
1396 879 1800 936 intercessisse

149 970 304 1028 inter
316 970 422 1026 hos
437 974 557 1025 tres
570 970 748 1026 duces
766 971 1085 1040 conjiciunt
1097 988 1171 1042 qu
1183 971 1334 1026 idam
1346 970 1682 1035 ,efﬁcientes
1700 969 1801 1024 Bo-

150 1059 400 1118 leslaum
414 1059 483 1116 ΙΙ.
517 1058 778 1129 (fratrem
802 1059 1230 1132 Dambrowkze)
1262 1076 1498 1115 uxorem
1523 1057 1801 1114 habuisse

151 1149 422 1207 Emmam
454 1147 909 1220 Burgundicam,
936 1165 1194 1205 sororem
1217 1147 1419 1205 Giselaa
1444 1148 1639 1203 uxoris
1657 1147 1804 1202 Hen-

150 1236 256 1294 rici
290 1235 486 1292 Rixosi
514 1236 622 1308 (21)
660 1254 673 1304 ;
707 1236 1019 1293 Henricum
1049 1241 1242 1292 autem
1275 1236 1569 1292 devictum
1602 1237 1675 1291 ab
1705 1235 1800 1290 Ot-

150 1329 288 1382 tone
317 1324 596 1392 secundo,
641 1325 919 1381 custodiae
951 1325 1207 1398 episcopi
1259 1325 1622 1396 Ultrajectini
1672 1340 1803 1379 esse

151 1413 500 1471 mandatum
526 1431 540 1481 ;
565 1417 795 1470 mortuo
814 1419 1011 1470 tamen
1033 1414 1241 1470 Ottone
1262 1415 1409 1470 II.ad
1433 1431 1598 1470 arma
1611 1414 1804 1468 ruisse

153 1502 416 1561 secunda
437 1502 582 1568 vice,
619 1502 900 1573 patruelis
934 1503 1052 1559 tilio
1084 1503 1352 1576 parvulo,
1385 1503 1577 1559 Ottoni
1613 1501 1800 1569 tertio,

156 1590 476 1663 imperium
494 1595 829 1662 erepturum
857 1609 870 1658 ;
895 1593 968 1647 ad
999 1609 1133 1647 eum
1149 1592 1566 1664 Quedlinburgi
1591 1593 1805 1663 degen-

157 1684 303 1747 tem,
335 1679 689 1736 Miseconem
712 1685 769 1736 et
789 1680 1059 1737 Mistuiet
1089 1680 1442 1738 Bolizlavum
1466 1682 1644 1736 duces
1671 1697 1806 1736 cum

157 1767 368 1827 ceteris
386 1767 783 1824 ineﬂ‘abilibus
805 1769 1174 1837 conﬂuxisse,
1195 1769 1475 1826 auxilium
1500 1772 1609 1825 sibi
1643 1770 1806 1825 dein-
1838 1805 1886 1870 Β

152 1873 295 1930 cepe
331 1860 392 1914 ut
420 1858 540 1928 regi
567 1865 617 1913 et
661 1858 880 1914 domino
917 1861 1256 1931 juramentis
1300 1862 1640 1932 afﬁrmantes
1670 1859 1804 1931 (22).

154 1945 474 2005 Henricum
503 1949 700 2002 tamen
733 1947 904 2018 paulo
927 1955 1058 2020 post
1078 1949 1260 2004 armis
1281 1949 1492 2020 Spretis
1514 1949 1573 2002 in
1607 1965 1808 2019 pacem

158 2033 407 2092 rediisse
429 2050 565 2090 cum
585 2034 817 2105 Ottone,
845 2042 1076 2092 secutos
1097 2054 1225 2093 esse
1245 2038 1444 2102 duces,
1478 2042 1534 2092 et
1561 2037 1808 2107 Misego-

159 2139 297 2180 nem
327 2139 385 2179 se
417 2124 535 2195 regi
573 2124 755 2180 Ottoni
775 2125 983 2181 dedisse
1028 2126 1174 2197 (23);
1215 2126 1487 2182 defuncta
1525 2143 1656 2181 vero
1682 2126 1808 2196 jam

158 2217 290 2269 tum
309 2212 730 2284 Dubrawka(a.
748 2215 875 2286 977)
889 2215 1353 2286 (211)Misecone1n
1370 2215 1544 2270 aliam
1573 2215 1605 2270 d
1618 2213 1810 2269 uxisse

159 2315 424 2366 uxorem,
439 2300 626 2356 Odam
645 2301 824 2357 ﬁliam
841 2302 1196 2358 marchionis
1212 2303 1467 2370 Dietrici,
1494 2302 1808 2358 monialem

158 2394 218 2446 et
239 2389 456 2446 idcirco
487 2407 603 2446 non
637 2389 762 2446 sine
789 2392 1044 2448 maxima
1069 2392 1203 2448 cieri
1239 2396 1374 2448 nota
1392 2393 1525 2464 (25),
1560 2392 1661 2448 sed
1693 2396 1809 2446 Deo

159 2479 314 2536 hanc
335 2478 682 2535 afﬁnitatem
703 2479 958 2549 volente;
979 2498 1161 2553 quum
1175 2483 1332 2538 enim
1347 2482 1579 2537 interim
1599 2479 1809 2554 pagani

155 2566 354 2624 Albim
368 2571 426 2624 et
436 2567 720 2624 Viadrum
734 2569 1067 2626 habitantes
1079 2570 1441 2626 Christianos
1454 2587 1484 2624 e
1495 2588 1604 2626 sua
1634 2569 1814 2642 regio-

160 2672 237 2714 ne
255 2655 860 2730 expulissent,saepius
873 2676 1007 2714 cum
1023 2660 1246 2716 socium
1262 2659 1548 2715 exititisse
1563 2659 1813 2730 Impera-

161 2745 316 2802 toris
344 2745 434 2801 vel
464 2745 891 2816 Marchionum,
923 2752 980 2804 et
1010 2753 1215 2804 contra
1244 2766 1502 2822 paganos
1521 2765 1814 2820 pugnasse

162 2833 300 2905 (26),
315 2833 568 2906 denique
585 2851 783 2892 senem
816 2841 1116 2894 mortuum
1140 2854 1268 2894 esse
1295 2855 1448 2894 anno
1465 2838 1591 2906 992,
1611 2841 1811 2893 octavo

163 2922 452 2982 Calendas
481 2923 690 2982 Junias
725 2924 814 2996 (25
843 2925 980 2998 Mai)
1013 2926 1143 2998 (27).

163 3028 301 3086 CAP.
337 3031 434 3084 IX.
456 3060 526 3069 ——
545 3031 689 3085 Nam
700 3031 888 3086 Miseco
891 3034 1114 3103 primus
1125 3049 1224 3087 rex
1247 3035 1485 3103 potuerit
1512 3034 1812 3100 nominari,

551 3110 603 3156 et
633 3104 900 3173 numquid
918 3104 991 3158 sit
1007 3105 1201 3175 Misego
1230 3109 1429 3160 noster.

238 3189 438 3260 Neque
471 3187 670 3245 Polodi
720 3207 911 3263 neque
959 3173 1232 3248 Germani
1273 3192 1572 3248 veritatem
1604 3210 1814 3265 puram
1847 3173 1889 3239 Ο

164 3277 388 3335 dixisse
416 3277 725 3346 videntur;
776 3278 861 3334 illi
896 3279 1054 3336 nullo
1105 3281 1299 3350 modo,
1333 3297 1522 3354 neque
1553 3299 1817 3354 unquam

163 3363 468 3422 Poloniam
491 3364 735 3438 imperio
768 3367 1165 3424 Romanorum
1198 3368 1541 3425 Germanico
1573 3370 1818 3425 obstric-

160 3457 288 3510 tam
301 3453 516 3522 fuisse;
539 3453 598 3510 hi
612 3471 740 3511 eam
757 3455 968 3512 feudali
985 3457 1262 3530 ligamine
1274 3459 1586 3515 obnoxiam
1601 3459 1819 3531 ubique

165 3543 489 3600 ostendunt
517 3544 650 3615 (28).

175 3668 180 3672 ι
241 3631 406 3688 Certe
427 3636 676 3701 constat,
701 3633 1056 3690 Miseconem
1078 3652 1260 3690 unum
1283 3638 1690 3693 tantummodo
1713 3639 1816 3694 Po-

171 3720 444 3796 lonorum
461 3721 918 3784 Posnaniensem
931 3724 1259 3780 instituisse
1272 3725 1642 3797 episcopum;
1659 3726 1822 3782 Polo-

174 3825 286 3868 nos
308 3809 657 3883 plerumque
695 3811 931 3880 invitos,
963 3829 1152 3885 neque
1191 3831 1393 3869 omnes
1422 3813 1817 3871 Christianam

174 3899 353 3957 ﬁdem
378 3915 513 3957 cum
543 3904 696 3956 Duce
715 3902 1008 3974 accepisse
1037 3921 1051 3971 ;
1101 3903 1402 3959 {initumos
1441 3904 1722 3961 barbaros
1765 3910 1822 3960 et

174 4004 436 4062 paganos
461 3993 696 4062 paratos
718 3991 902 4048 fuisse
923 3991 995 4047 ad
1022 3994 1406 4064 pugnandum
1441 4010 1545 4065 pro
1568 3994 1742 4050 idolis
1764 3998 1822 4050 et

174 4077 252 4134 ad
280 4077 628 4136 Christianis
653 4079 874 4136 bellum
919 4079 1308 4137 inferendum.
1371 4083 1586 4155 Egebat
1643 4084 1822 4156 igitur

173 4166 397 4239 Misego
427 4183 544 4224 non
575 4169 774 4224 minus
803 4168 1018 4224 auxilio
1048 4169 1445 4241 Imperatoris,
1505 4189 1681 4243 quam
1727 4173 1822 4228 hic

173 4254 513 4324 illius.Quid
528 4256 752 4314 multa?
765 4258 1022 4314 Societas
1039 4259 1307 4329 quedam
1324 4258 1468 4314 inita
1479 4265 1568 4315 est
1580 4262 1822 4332 majoris

172 4361 312 4402 cum
333 4343 746 4419 minore,vega
761 4345 998 4419 quidem
1011 4347 1112 4402 sed
1134 4345 1365 4413 intima,
1389 4363 1568 4418 quam
1582 4348 1822 4406 Ottones

245 4488 358 4560 (16)
381 4488 649 4544 Lambert.
676 4487 988 4559 Schaﬂ‘nab.
1023 4489 1094 4544 ad
1118 4489 1309 4546 a.974.
1341 4491 1542 4545 Annal.
1569 4491 1824 4548 Altahen-

170 4575 274 4630 ses.
297 4559 390 4615 ad.
409 4560 604 4631 a.9'74.
638 4559 926 4630 (Staindel.
953 4562 1187 4616 Aventin
1213 4577 1268 4631 p.
1305 4561 1428 4615 477.

243 4629 356 4704 (20)
376 4629 580 4704 Nescio
603 4629 718 4704 quo
735 4648 926 4704 errore
941 4631 1060 4688 Joh.
1101 4629 1233 4687 Dav:
1266 4633 1505 4687 Kaelerus
1529 4633 1614 4704 in
1635 4637 1822 4688 Stem-

171 4701 582 4775 matographia
598 4701 864 4786 Augpsta
885 4703 1335 4786 Saxonica‘patri
1355 4721 1468 4758 non
1483 4703 1602 4786 filio
1619 4721 1825 4786 cogno-

172 4790 308 4830 men
342 4775 681 4844 apposuerit
700 4775 916 4831 'Rixosi.
933 4776 1096 4831 Certe
1125 4775 1220 4830 ille
1249 4781 1370 4830 tam
1403 4775 1626 4831 multus
1657 4775 1715 4830 in
1749 4781 1825 4831 tc-

171 4846 367 4928 stibus
401 4845 712 4928 afferendis
731 4847 1059 4928 et‘sedulus
1088 4847 1593 4928 scriptorznull‘um
1609 4847 1822 4918 adjecit

169 4916 355 4992 hujus
377 4915 462 4992 rei
486 4919 769 4992 antorem,
804 4915 939 4992 licet
958 4921 1014 4992 et
1035 4915 1271 4988 pateret
1301 4918 1459 4974 filius
1479 4919 1588 4975 hoc
1609 4915 1822 4992 cogno-

169 4985 332 5044 mine
363 4985 703 5057 dignissimi
733 5003 862 5042 esse
889 4985 1215 5042 videantur.

171 5131 194 5186 Ι
243 5055 631 5183 (ﬁgulacky
676 5057 884 5113 Gesch.
939 5075 988 5111 ν.
1031 5057 1288 5114 Bobmen
1314 5058 1356 5114 Ι.
1392 5059 1597 5116 8.230.
1623 5063 1824 5134 Razpett

201 5172 216 5186 .
251 5147 308 5186 ο.
417 5167 434 5182 ι

267 5198 362 5272 22)
393 5198 665 5272 Thietmar
695 5216 750 5272 p.
784 5201 872 5255 65.

265 5271 357 5344 23)
397 5271 480 5344 Id.
513 5287 574 5344 p.
604 5271 695 5344 se.

265 5343 586 5416 24)Armal.
639 5343 783 5400 Saxo
823 5343 917 5400 ad.
971 5361 1023 5399 a.
1058 5344 1164 5416 977
1209 5363 1222 5414 ;
1275 5343 1491 5400 Cosmus
1531 5346 1820 5416 Chronic.,

169 5415 500 5489 Dobrowiky
533 5420 591 5471 et
611 5415 794 5489 Petset
815 5432 929 5489 scr.
983 5415 1344 5472 rer.Bobem.
1379 5417 1420 5472 Ι.
1455 5420 1606 5489 ρ.53.

245 5487 360 5556 (25)
393 5485 668 5558 Thietmar
689 5504 745 5558 p.
771 5488 879 5554 98;
924 5489 1126 5544 Annal.
1155 5491 1290 5544 Sam.
1344 5489 1414 5542 ad
1441 5485 1495 5543 εἰ.
1527 5490 1652 5544 987.
1687 5490 1823 5545 Dob-

172 5573 427 5641 ηας-γεω
443 5559 519 5641 ad
545 5557 888 5641 Hagecnlll.‘
906 5577 962 5631 p.
986 5561 1091 5641 297
1109 5576 1330 5641 annum
1359 5561 1464 5641 9,83
1492 5561 1678 5641 ponit.

248 5628 360 5700 (26)
419 5628 924 5686 Annalfllildeshi
981 5631 1054 5686 ad
1111 5647 1162 5686 a.
1195 5631 1320 5686 985.
1383 5628 1609 5702 (Leibn.
1656 5647 1749 5688 scr
1774 5649 1818 5689 r.

1906 521 2152 586 tiebant,
2175 537 2351 592 quam
2367 520 2488 576 Udo
2518 523 2620 576 aut
2640 518 2736 574 alii
2772 520 3140 578 marchiones
3165 522 3296 594 (29).

1977 612 2161 674 Quam
2175 611 2248 664 ob
2261 627 2381 664 rem
2396 609 2528 665 Wid
2539 609 2758 665 ukindo
2772 609 3118 681 simpliciter
3129 611 3355 668 amicus
3370 615 3551 686 Impe-

1909 700 2116 755 ratoris
2135 699 2471 754 nominatur
2491 699 2608 770 (III.
2633 716 2680 754 c.
2707 699 2819 770 69).
2863 699 3144 756 Caeterum
3176 702 3246 757 de
3267 703 3550 775 dignitate

1910 788 2224 860 Misegonis
2257 793 2478 854 utrum,
2512 789 2705 844 Rexne
2736 788 2930 852 fuerit,
2964 805 3036 844 an
3069 794 3210 859 Dux,
3247 791 3431 847 multa
3463 793 3552 846 di-

1909 882 2138 933 cuntur.
2167 877 2800 950 PlerumqueGermani
2824 878 3010 934 fontes
3027 895 3160 934 eum
3185 879 3554 953 ducemésed

1911 967 2148 1040 quidam
2167 966 2340 1022 etiam
2372 983 2568 1038 regem
2598 967 2906 1022 nominant
2927 969 3058 1039 (30).
3096 968 3394 1042 Principes
3419 970 3554 1026 bar-

1909 1057 2186 1112 berorum
2211 1056 2434 1127 saepein
2462 1056 2650 1111 medio
2695 1073 2813 1112 aevo
2843 1057 3162 1112 admodum
3196 1057 3556 1131 negligenter

1909 1145 1996 1201 vel
2015 1147 2191 1200 duces
2205 1144 2289 1199 vel
2306 1145 2488 1217 reguli
2506 1144 2592 1200 vel
2610 1157 2774 1218 reges
2795 1147 3193 1213 nominantur,
3231 1149 3556 1220 saepissime

1912 1239 2108 1290 tamen
2141 1251 2272 1288 cum
2321 1235 2575 1306 quadam
2607 1233 2743 1289 hinc
2784 1234 3147 1306 deprimendi
3181 1235 3342 1292 illinc
3373 1239 3555 1294 extol-

1912 1323 2063 1380 lendi
2081 1323 2966 1396 arrogantia.Optimalatinitate
2980 1325 3105 1378 Dux
3116 1325 3290 1380 etiam
3307 1327 3456 1383 male
3469 1346 3559 1385 so-

1916 1415 2081 1465 naret
2097 1427 2252 1476 ;nam
2267 1427 2477 1466 sensus
2493 1411 2882 1483 feudalis,quo
2901 1417 3021 1466 Dux
3034 1413 3449 1485 Dominijussu
3465 1416 3561 1473 he-

1914 1499 2188 1555 reditario
2204 1500 2376 1556 modo
2408 1500 2578 1556 feudo
2605 1505 2834 1571 prmest,
2868 1501 3315 1558 omninolatinis
3330 1503 3558 1563 alienus

1915 1592 2083 1655 est,et
2114 1589 2173 1644 in
2197 1590 2505 1645 undecimo
2524 1594 2734 1644 nostrze
2759 1607 2882 1644 aeris
2913 1589 3109 1646 seculo
3137 1593 3398 1648 nondum
3439 1598 3559 1652 tota

1917 1695 2026 1733 sua
2045 1677 2386 1734 viinvaluit.
2413 1678 2645 1734 Mibiea
2667 1679 2984 1751 disputatio
3030 1680 3101 1735 de
3150 1679 3283 1736 lana
3325 1683 3564 1754 caprina

1916 1784 2044 1822 esse
2069 1767 2314 1822 videtur.
2336 1767 2438 1822 Hic
2466 1784 2594 1822 eam
2610 1785 2730 1822 rem
2751 1767 3012 1840 tetigisse
3034 1769 3290 1824 sufﬁciat
3312 1789 3325 1839 ;
3347 1771 3562 1844 quippe
3640 1838 3643 1841 ,

1919 1873 2097 1928 quam
2129 1856 2279 1911 infra
2305 1855 2462 1928 (Cap.
2491 1855 2732 1928 XXXIV)
2757 1855 2994 1912 uberius
3021 1859 3428 1916 tractabimus.
3463 1861 3562 1917 Ut-

1919 1961 2149 2016 cunque
2179 1946 2306 2013 erit,
2352 1961 2523 2001 nemo
2553 1944 2774 2000 inﬁtias
2822 1945 2948 2012 ibit,
3000 1946 3156 2003 hunc
3204 1947 3562 2023 Misegonem

1918 2033 2100 2088 fuisse
2131 2033 2388 2105 primum
2423 2034 2480 2088 in
2514 2032 2754 2089 Polonia
2782 2035 3107 2107 principem
3139 2035 3561 2108 Christianum,

1919 2139 2094 2178 sensu
2117 2123 2372 2178 ecclesiae
2394 2121 2803 2194 latinae,neque
2822 2123 3002 2196 igitur
3023 2127 3248 2196 patrem
3280 2127 3409 2197 ejus
3438 2127 3562 2184 fon-

1917 2217 2034 2268 tem
2068 2212 2552 2267 Cbristianeetidei
2573 2211 2858 2267 nominari
2884 2228 3055 2284 posse
3088 2231 3120 2268 a
3143 2214 3360 2270 femina
3381 2216 3562 2272 eccle-

1921 2300 2017 2355 siae
2050 2300 2244 2356 latinae
2268 2301 2532 2356 fautrice.

1991 2390 2286 2461 Sequitur,
2321 2389 2375 2445 id
2397 2390 2550 2461 quod
2574 2390 2633 2444 in
2656 2389 2854 2445 codice
2876 2393 3073 2446 nostro
3099 2391 3170 2446 de
3195 2395 3356 2464 patre
3392 2392 3565 2449 Mise-

1921 2479 2083 2536 conis
2114 2479 2348 2546 dicitur,
2384 2477 2545 2535 nullo
2581 2479 2752 2534 modo
2783 2480 2855 2535 de
2884 2479 3267 2536 Zemomislao
3319 2480 3567 2555 intelligi

1920 2585 2091 2642 posse
2126 2587 2138 2637 ;
2171 2585 2360 2640 neque
2411 2568 2592 2640 igitur
2623 2567 2811 2624 ﬁlium
2841 2569 2969 2640 ejus
3003 2569 3354 2626 Miseconem
3387 2571 3409 2628 Ι
3441 2588 3568 2630 esse

1921 2658 2106 2714 nostri
2121 2657 2504 2729 manuscripti
2540 2657 2919 2730 Miscgonem.

1993 2747 2498 2820 SuperestMisego
2521 2747 2834 2813 secundus,
2869 2747 3042 2818 cujus
3061 2748 3293 2804 Patrem
3325 2747 3566 2806 Bolizla-

1920 2853 2059 2891 vum
2083 2852 2279 2890 revera
2302 2835 2518 2891 fontem
2539 2836 2830 2908 quendam
2853 2835 2986 2892 fidei
3005 2835 3350 2894 Christiana:
3369 2837 3427 2893 in
3459 2837 3569 2894 hac

1922 2924 2157 2997 regione
2190 2924 2600 2992 fuisse,ordine
2630 2924 2989 2980 docebimus.

1923 3089 2054 3151 CAP.
2097 3085 2161 3140 X.
2214 3118 2281 3124 —
2331 3086 2404 3141 De
2453 3085 2727 3140 Botislavo
2765 3087 2792 3141 I
2834 3087 2988 3155 patre
3035 3086 3316 3142 Miseconis
3357 3089 3423 3144 II.
3473 3089 3572 3144 To-

2000 3159 2110 3283 tiu’s
2149 3158 2396 3282 Ιζοζοῖιίιῗ
2419 3157 2711 3228 imperium
2737 3158 2966 3224 obtinet;
3001 3159 3323 3229 imperatori
3349 3160 3572 3215 auxilia

1997 3246 2063 3284 su
2082 3245 2268 3284 immzs
2295 3245 2354 3283 ra
2386 3271 2397 3282 .

2000 3378 2076 3428 De
2107 3371 2392 3429 Bolizlavo
2415 3372 2436 3428 Ι
2459 3375 2515 3427 et
2536 3373 2688 3443 apud
2717 3370 2961 3427 Polonos
2985 3376 3039 3428 et
3070 3373 3224 3444 apud
3249 3373 3575 3432 Germanos

1928 3463 2262 3535 scriptores,
2295 3461 2485 3534 magis
2515 3462 2664 3518 inter
2695 3479 2756 3518 se
2805 3461 3204 3517 convenientia
3235 3464 3572 3533 traduntur,

1929 3568 2118 3624 neque
2153 3551 2389 3608 omnino
2449 3550 2840 3622 discrepantia
2894 3551 3112 3607 habent
3167 3552 3571 3611 Ruthenorum

1929 3642 2260 3712 scriptores.
2287 3643 2410 3707 Qua
2434 3656 2515 3707 re,
2549 3656 2675 3712 quae
2698 3644 2989 3710 constant,
3022 3641 3168 3698 duce
3198 3642 3574 3714 potissimum

1930 3729 2205 3800 Rmpellio
2238 3729 2318 3799 (31
2334 3729 2373 3800 ),
2407 3729 2655 3801 carptim
2676 3730 3186 3801 narranda,neque
3207 3735 3404 3786 tamen
3427 3749 3495 3787 ea
3513 3733 3575 3790 in

1929 3818 2146 3890 quibus
2203 3819 2539 3889 discrepant
2593 3822 2848 3886 autores,
2908 3820 3310 3890 printereunda
3373 3837 3575 3877 cense-

1931 3924 2084 3962 mus.

2001 3995 2395 4052 Dambrowka
2419 3993 2676 4049 Bohema
2719 3994 3002 4068 Misegoni
3061 4011 3211 4051 anno
3247 3996 3353 4050 967
3383 3996 3571 4052 filium

1931 4087 2250 4159 pepererat,
2286 4082 2378 4138 cui
2437 4083 2711 4138 avunculi
2743 4083 2973 4154 (avique
3005 4085 3047 4153 ?)
3081 4084 3329 4140 materni
3361 4102 3580 4142 nomen

1931 4173 2275 4246 impositum
2293 4176 2381 4227 est
2410 4170 2749 4239 Bolizlavus,
2765 4171 2920 4242 quod
2940 4171 3234 4243 signiﬁcat
3254 4172 3573 4245 plurimum

1931 4264 2190 4318 famosus
2222 4262 2355 4332 (32).
2390 4261 2491 4315 Hic
2521 4264 2684 4333 patre
2700 4259 2892 4315 adhuc
2923 4260 3148 4316 vivente
3169 4266 3225 4316 et
3245 4263 3574 4334 septemde-

1931 4351 2044 4408 cim
2077 4353 2308 4406 tantum
2341 4367 2527 4406 annos
2559 4353 2753 4418 natus,
2805 4348 3081 4405 derelicta
3139 4350 3329 4422 prima
3376 4369 3573 4419 uxore,

1934 4494 2205 4548 Brunsw.
2262 4493 2306 4547 Ι.
2349 4494 2512 4573 .720.)
2568 4515 2606 4573 tt
2637 4493 2831 4573 Misaco
2977 4493 3414 4573 supplementum
3443 4511 3576 4573 c_um

1933 4579 2145 4634 magno
2177 4564 2430 4617 exercitu
2462 4564 2636 4618 venit.
2673 4586 2699 4612 »
2740 4565 2824 4619 Id.
2860 4565 2930 4619 ad
2967 4582 3017 4618 a.
3053 4565 3176 4619 986.
3219 4588 3247 4614 «
3298 4564 3428 4620 Otto
3459 4566 3581 4624 Rex

1933 4634 2122 4717 adhuc
2137 4633 2419 4717 puerulus
2437 4651 2570 4689 cum
2588 4635 3066 4717 magnqcxercitu
3113 4635 3406 4690 Saxonum
3422 4639 3582 4717 venit

1934 4706 1992 4760 in
2015 4705 2290 4770 Slaviam,
2327 4705 2526 4776 ibique
2551 4705 2711 4760 venit
2736 4707 2806 4762 ad
2839 4725 2971 4762 eum
2991 4707 3206 4761 Misaco
3221 4722 3354 4760 cum
3379 4706 3579 4762 multi-

1933 4776 2138 4849 tudine
2163 4776 2366 4839 nimia,
2409 4777 2735 4849 obtulitque
2775 4779 2824 4832 ei
2861 4777 3151 4833 camelum
3187 4781 3243 4830 et
3273 4776 3582 4849 aliaxenia

1934 4847 2140 4920 multa,
2170 4855 2221 4902 et
2247 4849 2484 4920 seipsam
2531 4847 2695 4904 etiarn
2745 4849 2987 4920 subdidit
3029 4849 3285 4920 potestati
3308 4847 3578 4920 ﬂitlius,»

1935 4919 2017 4975 Id.
2043 4919 2113 4975 ad
2139 4936 2189 4974 a.
2212 4918 2339 4992 991.
2389 4919 2612 4992 Otto....
2647 4937 2789 4992 cum,
2825 4918 3229 4992 supplemento
3269 4918 3579 4975 Misaconis

1935 4991 2359 5062 Brannanburg
2389 4991 2635 5056 obsedit,
2661 4996 2718 5047 et
2742 4991 2900 5047 vicit.

2025 5062 2116 5131 27)
2148 5059 2351 5117 Annal.
2395 5063 2633 5118 Hildesh.
2670 5063 2740 5118 ad
2783 5079 2834 5117 a.
2881 5062 2986 5117 992
3025 5079 3038 5128 ;
3092 5061 3365 5116 Thietmar
3395 5077 3450 5131 p.
3484 5059 3574 5115 99.

2025 5131 2116 5203 28)
2149 5132 2472 5204 Ipcissimis
2493 5134 2682 5190 verbis
2726 5134 2976 5189 Chronic.
3020 5134 3274 5204 Polonico
3300 5131 3579 5204 Selesiacaz

1932 5202 2192 5273 (StenZel'
2215 5205 2249 5259 l.
2279 5205 2339 5276 l.)
2377 5223 2431 5276 p.
2455 5207 2508 5260 9.
2546 5211 2655 5261 Iste
2707 5205 2919 5261 Mcsico
2967 5202 3216 5259 Posnani
3250 5203 3580 5276 recognovit

1935 5277 2058 5349 ipse
2075 5277 2394 5349 seimperii
2423 5277 2715 5347 feudate—m.

2151 5347 2443 5420 {hietmar
2471 5366 2528 5420 p.
2563 5349 2684 5420 H6.

2027 5416 2116 5490 30)
2157 5417 2444 5473 Widuki-nd
2471 5416 2586 5490 (ap.
2619 5417 2866 5474 Meibom
2912 5419 2978 5489 ι.)
3005 5433 3061 5488 p.
3107 5416 3250 5485 660;
3285 5416 3454 5472 IlI.c.
3483 5417 3575 5473 ee.

1934 5489 1992 5544 in
2034 5489 2126 5543 ed.
2155 5489 2338 5543 Pertz.
2375 5489 2608 5560 MonIp.
2643 5491 2764 5544 1163.

2026 5561 2115 5633 31)
2148 5561 2352 5631 Raapett
2377 5559 2580 5633 Gesch.
2617 5562 2823 5619 Peleus
2855 5561 2897 5616 Ι.
2933 5577 2990 5632 p.
3031 5559 3156 5616 105.
3193 5575 3323 5633 sqq.

2027 5629 2116 5704 32)
2147 5629 2382 5700 Dtiigosz.
2417 5631 2474 5701 (l.
2511 5629 2594 5704 1:)
2619 5634 2728 5693 col.
2759 5633 2849 5688 97.
