4026 6176
194 349 347 415 1341

1452 343 1519 409 S.
1563 336 1994 407 MATHILDIS
2038 330 2369 401 REGINA.’

3444 340 3605 409 1342

191 485 264 542 de
292 482 589 543 nobilibus
619 481 961 561 parentibus
990 497 1182 553 orsus,
1208 478 1327 553 qui,
1349 476 1522 553 paulo
1544 480 1676 551 post
1696 476 1839 531 Pra-
1866 473 1925 539 Α
1953 470 2048 561 dio
2080 468 2598 561 orientalemadiit
2630 468 2986 541 Porussiam,
3036 471 3132 532 ubi
3158 474 3291 547 post
3334 476 3601 548 repulsas

190 576 388 650 gensis
418 575 728 648 episcopus
741 571 1160 630 acclamatione
1187 566 1840 642 clerietpopulielectus

189 669 276 721 est
308 664 445 739 (47).
477 664 686 720 Verbis
718 661 1159 735 praedecessoris
1189 661 1514 731 correptus,
1566 655 1842 711 omnibus

190 753 486 811 deliciosis
517 753 666 809 cibis
696 756 753 808 et
796 751 1057 807 vestibus
1104 749 1370 819 abjectis,
1423 750 1597 802 noctu
1654 742 1842 800 cilicio

191 859 425 900 carnem
458 842 760 907 amiciens,
791 844 970 913 caput
992 856 1126 895 vero
1171 838 1361 893 cinere
1410 851 1749 908 aspergens,
1782 833 1842 888 in

194 931 384 988 alium‘
426 930 726 987 hominem
789 945 855 985 ex
906 928 1092 983 milite
1140 950 1168 977 «
1203 926 1445 982 delicato
1478 947 1507 975 ››
1556 926 1843 988 mutatus,

198 1021 397 1077 omnia
427 1037 555 1093 quaa
585 1020 859 1086 habebat,
892 1019 951 1074 in
983 1034 1218 1090 egenos,
1252 1015 1506 1089 pupillos
1536 1018 1593 1071 et
1639 1014 1846 1069 viduas

198 1110 457 1183 erogavit
485 1110 618 1183 (48).
653 1111 761 1166 Sed
793 1109 852 1163 in
884 1107 1100 1180 populo
1132 1110 1251 1162 tam
1276 1106 1524 1161 barbaro
1556 1103 1704 1159 ritus
1728 1102 1849 1158 Sla-

194 1198 597 1272 vonico-graaci
630 1195 1061 1266 amantissimo,
1094 1194 1175 1249 nil
1206 1195 1400 1251 verbis
1443 1192 1527 1249 nil
1568 1190 1848 1263 exemplis

195 1286 537 1360 proﬁciebat
563 1286 937 1352 Adalbertus,
972 1283 1276 1356 principiis
1306 1281 1636 1337 Occidentis
1661 1280 1850 1335 imbu-

192 1380 330 1445 tus;
364 1374 635 1447 pluribus
664 1389 894 1445 nempe,
933 1377 998 1428 ut
1036 1372 1225 1439 aiunt,
1276 1370 1559 1427 uxoribus
1610 1367 1850 1426 Bohemi

194 1463 515 1521 Christiani
545 1462 974 1528 abutebantur;
1000 1461 1247 1533 gentiles
1280 1464 1336 1516 et
1365 1458 1681 1532 sacrilegos
1703 1456 1853 1512 ritus

194 1552 598 1627 practicabant
622 1551 908 1620 ;subditos
927 1551 1213 1623 proprios,
1230 1549 1383 1605 ﬁlios
1400 1548 1672 1620 ﬁliasque
1687 1546 1765 1603 Ch
1775 1546 1850 1601 ri-

197 1642 274 1700 sti
307 1641 642 1698 charactere
668 1639 1002 1713 insignitos,
1024 1638 1244 1695 Judaeis
1276 1639 1333 1694 in
1366 1638 1852 1694 servitutemven-

198 1730 447 1798 dobant;
473 1730 598 1785 fora
611 1729 820 1785 diebus
836 1728 1157 1784 Dominicis
1175 1724 1851 1801 frequentabant;sepul-

1953 559 2266 632 plurimas,
2286 577 2518 625 sacrum
2535 560 2955 618 Germanorum
2971 563 3169 619 lucum
3184 566 3599 637 prcfanans,ab

1952 647 2243 703 idolorum
2277 651 2575 705 sacerdote
2597 655 2823 722 septem
2851 652 3191 709 vulneribus
3214 656 3458 711 affectus
3480 660 3604 712 tan-

1954 739 2084 793 dem
2119 738 2274 793 diem
2303 738 2448 793 obiit
2476 756 2820 810 supremum
2850 758 3027 814 prope
3070 734 3396 812 Tenkitten,
3444 747 3601 817 quod

1954 826 2109 882 inter
2137 827 2312 883 urbes
2331 827 2997 885 FischhausenetPillau
3030 830 3207 886 situm
3241 838 3347 896 est,
3378 834 3602 891 decimo

1954 915 2239 972 Calendas
2268 916 2446 973 Maias
2478 918 2613 972 anni
2645 919 2771 973 997.
2805 919 2955 975 Socii
2988 920 3139 993 capti
3192 921 3452 993 quidem,
3502 925 3603 980 sed

1958 1004 2189 1060 remissi
2222 1006 2354 1076 (55).
2390 1005 2612 1078 Corpus
2641 1024 2774 1064 vero
2807 1008 2863 1063 S.
2882 1009 3150 1081 Martyris
3180 1010 3506 1067 Bolizlavus
3528 1014 3549 1068 Ι
3573 1031 3607 1069 a

1958 1093 2227 1148 Porussis
2250 1094 2462 1150 emisse
2494 1096 2765 1151 traditur.
2797 1097 3036 1153 Addunt
3068 1099 3347 1156 barbaros
3376 1104 3602 1156 tantum

1957 1183 2181 1254 argenti
2215 1185 2325 1253 (56)
2358 1184 2586 1256 pondus
2619 1184 2971 1257 postulasse,
2996 1188 3201 1259 quanti
3234 1192 3389 1245 esset
3408 1192 3602 1246 Sancti

1957 1288 2190 1342 corpus,
2225 1276 2280 1327 et
2312 1272 2592 1329 miraculo
2625 1274 2853 1347 perleve
2885 1275 2941 1330 id
2971 1276 3270 1333 inventum
3301 1279 3438 1351 (57).
3470 1280 3606 1335 Cor-

1958 1377 2069 1431 pus
2098 1360 2158 1414 in
2189 1360 2489 1418 Poloniam
2520 1363 2741 1436 ingenti
2755 1364 3284 1421 ecclesiasticorum
3307 1372 3365 1423 et
3386 1368 3608 1425 secula~

1958 1448 2183 1503 riorum
2207 1450 2584 1509 multitudine
2615 1453 2896 1525 stipatum
2928 1453 3179 1510 relatum
3211 1461 3319 1527 est,
3345 1461 3523 1530 atque
3548 1458 3611 1515 in

1960 1537 2105 1593 urbe
2133 1540 2455 1595 Gnesnensi
2475 1542 2729 1597 maxima
2750 1559 2967 1616 pompa
2995 1544 3326 1616 depositum
3350 1551 3405 1602 et
3434 1547 3610 1604 hono-

1960 1626 2396 1688 riﬁcentissime
2420 1630 2739 1702 sepultum.
2764 1632 2847 1687 Ibi
2881 1649 3017 1687 mox
3039 1634 3456 1691 miraculorum
3479 1654 3609 1710 ope-

1961 1723 2189 1778 ratione
2217 1718 2477 1791 reliquire
2506 1719 2777 1793 martyris
2809 1722 2963 1793 apud
2993 1738 3197 1778 omnes
3248 1723 3613 1782 Christianos

198 1824 367 1877 turas
396 1820 455 1874 in
487 1818 747 1891 profanis
779 1818 1071 1891 eligebant
1117 1817 1285 1885 locis,
1317 1822 1374 1873 et
1404 1817 1463 1871 in
1513 1819 1851 1887 contemptu
1883 1847 1930 1911 B
1967 1810 2265 1868 celebratae
2298 1814 2439 1865 sunt
2462 1810 2595 1881 (58).

198 1910 498 1966 habebant
527 1924 762 1965 omnem
781 1907 1198 1963 correctionem
1221 1908 1293 1963 ab
1315 1907 1586 1979 episcopo
1618 1903 1851 1961 adhibi-

197 2002 341 2055 tam.
370 1999 568 2063 Quare
584 1998 799 2053 ductus
813 1996 1151 2052 cathedram
1186 2013 1340 2051 anno
1369 1996 1474 2050 989
1488 1993 1743 2051 deseruit
1766 1992 1854 2047 vir

197 2091 461 2155 sanctus,
497 2090 572 2154 et,
588 2084 1045 2158 Hierosolymam
1064 2085 1379 2141 invisurus.
1407 2086 1649 2140 Romam
1666 2081 1849 2154 petiit.

197 2179 324 2244 Qua
350 2180 548 2232 tamen
580 2175 638 2230 in
662 2175 804 2230 urbe
828 2174 1051 2230 mansit
1081 2191 1216 2229 cum
1235 2174 1410 2229 fratre
1441 2205 1510 2213 —
1538 2173 1598 2227 in
1620 2170 1850 2227 Christo

198 2270 266 2321 ut
303 2265 544 2337 quidam
590 2262 796 2319 volunt
823 2263 954 2335 ’(49)
985 2293 1054 2304 -
1082 2262 1409 2318 Gaudentio
1462 2259 1848 2316 monasticam

195 2356 377 2411 vitam
410 2352 603 2409 colens
633 2352 765 2423 (50).
798 2351 1039 2407 Bohemi
1067 2355 1302 2423 propter
1316 2349 1611 2405 Adalberti
1634 2347 1851 2403 disces-

200 2458 334 2500 sum
365 2441 427 2497 in
458 2440 680 2497 rabiem
710 2440 883 2499 versi.
946 2439 1002 2494 in
1038 2440 1298 2512 quinque
1355 2439 1562 2494 fratres
1611 2437 1760 2507 ejus,
1793 2439 1850 2490 et

198 2528 500 2603 germanis
525 2530 582 2583 et
611 2526 811 2582 latinis
842 2526 1119 2596 faventes,
1153 2542 1455 2599 genusque
1486 2529 1542 2581 et
1574 2524 1848 2597 patriam,

198 2617 383 2673 Lubic
415 2615 721 2688 oppidum,
755 2631 817 2670 se
862 2619 1117 2681 vertunt,
1173 2615 1392 2671 incolas
1446 2613 1762 2679 trucidant,
1796 2616 1852 2667 et

199 2705 483 2778 oppidum
515 2708 767 2760 exurunt
795 2703 927 2776 (51).
962 2705 1220 2759 Instante
1269 2703 1611 2776 Moguntino
1661 2700 1853 2756 archi-

200 2793 496 2868 episcopo,
526 2793 696 2864 cujus
719 2793 1125 2864 sull'raganeus
1146 2795 1286 2847 tunc
1305 2796 1429 2848 erat
1444 2790 1776 2863 Pragensis,
1797 2794 1853 2844 et

201 2886 476 2938 monente
500 2881 779 2937 Pontiﬁce
801 2880 1077 2947 maximo,
1112 2880 1354 2954 Pragam
1371 2896 1505 2936 cum
1526 2877 1851 2936 Gaudentio

199 2974 258 3027 et
288 2969 419 3026 aliis
446 2969 587 3026 viris
621 2969 734 3042 piis
765 2985 920 3025 anno
998 2970 1068 3023 94
1114 2969 1469 3036 revertitur;
1504 2968 1601 3023 sed
1634 2967 1850 3022 iterum

201 3060 400 3116 sedem
428 3057 707 3130 relinquit
735 3062 792 3112 et
811 3057 1166 3135 Hungariam
1198 3057 1362 3129 petit,
1381 3057 1624 3111 verbum
1650 3056 1750 3110 Dei
1771 3054 1850 3125 (id

198 3151 291 3205 est
319 3145 1302 3217 ritumlatinum)ibipromoturus.
1323 3147 1487 3199 Anno
1517 3144 1847 3216 insequenti

2032 1901 2163 1956 CAP.
2197 1900 2344 1955 XIII.
2378 1929 2446 1939 —~
2475 1899 2770 1956 Chrobalz‘a
2800 1916 2834 1955 a
2862 1901 3138 1957 Bolizlavo
3164 1904 3190 1957 I
3216 1904 3465 1959 subacta.

2031 1989 2316 2045 Bolizlavo
2379 1988 2496 2055 Pio,
2555 1988 2944 2045 Bohemorum
2977 1991 3143 2059 duce,
3196 1996 3429 2049 mortuo
3459 2011 3611 2051 anno

1958 2079 2087 2145 990,
2122 2078 2279 2133 ﬁlius
2308 2077 2655 2144 Bolizlavus,
2690 2078 3033 2150 cognomine
3066 2080 3272 2149 Rufus,
3306 2083 3608 2138 consobri-

1962 2186 2077 2223 nus
2136 2169 2247 2237 (59)
2299 2167 2485 2222 nostri
2562 2165 2828 2222 Bolizlavi
2904 2168 3163 2224 Polonici
3221 2170 3273 2225 ei
3333 2173 3610 2228 succedit.

1962 2255 2289 2313 Bolizlavus
2319 2260 2516 2311 noster
2544 2259 2818 2310 maternae
2850 2257 3046 2312 forsan
3114 2258 3170 2311 in
3205 2276 3383 2332 regno
3430 2260 3614 2317 Bohe-

1961 2346 2112 2401 mico
2143 2344 2500 2401 haereditatis
2521 2344 2880 2401 vindicandae
2904 2364 3082 2402 causa
3110 2353 3166 2403 et
3195 2352 3474 2419 capturus
3495 2350 3615 2405 fru-

1961 2440 2119 2491 ctum
2156 2433 2397 2490 seminis
2430 2434 2692 2490 aSancto
2719 2434 3028 2491 Adalberto
3051 2435 3127 2491 ibi
3145 2436 3355 2508 sparsi,
3389 2438 3615 2495 invadit

1963 2523 2359 2591 Chrobatiam,
2394 2522 2548 2595 capit
2604 2522 2934 2578 Cracoviam
2992 2525 3249 2597 regionis
3297 2532 3516 2598 caput;
3551 2527 3610 2583 in

1961 2616 2308 2686 potestatem
2340 2629 2508 2667 suam
2532 2611 2742 2684 redigit
2766 2611 2983 2668 Silesite
3017 2614 3334 2670 maximam
3358 2621 3611 2689 partem,

1961 2703 2301 2767 Moraviam,
2334 2701 2585 2773 denique
2615 2700 2991 2772 Slowakiam,
3028 2703 3361 2760 Gracoviam
3384 2723 3593 2762 novam

1960 2790 2124 2863 regni
2150 2791 2348 2847 sedem
2384 2792 2441 2845 in
2500 2790 2692 2846 medio
2727 2791 2933 2846 ﬁnium
2994 2793 3422 2850 constituturus
3478 2813 3613 2852 sua-

1960 2896 2092 2934 rum
2127 2880 2263 2951 (60).

2033 2969 2207 3023 Fama
2237 2967 2589 3024 Polonorum
2616 2968 2896 3042 principis
2940 2987 3075 3026 mox
3120 2975 3301 3027 totam
3351 2973 3616 3045 pervolat

1960 3060 2197 3112 terram.
2229 3059 2368 3127 Ejus
2400 3057 2744 3113 afﬁnitatem
2773 3058 3009 3115 maximi
3044 3064 3183 3114 tunc
3220 3063 3498 3134 temporis
3521 3080 3615 3135 pe-

1967 3150 2102 3201 tunt
2134 3163 2317 3220 reges.
2350 3147 2618 3202 Sororem
2645 3146 2934 3218 Sigridam
2961 3147 3020 3201 in
3052 3149 3494 3206 matrimonium
3518 3151 3619 3207 dat

199 3236 263 3292 in
296 3235 595 3292 Poloniam
654 3249 850 3289 meare
901 3250 964 3289 se
1015 3233 1270 3306 accingit
1297 3234 1371 3290 ad
1424 3232 1778 3288 Bolizlavum
1813 3232 1855 3299 Ι,
1889 3212 1931 3278 C
1972 3236 2183 3301 Sueno,
2217 3236 2512 3291 Danorum
2544 3235 2685 3308 regi,
2718 3234 2818 3308 qui
2850 3235 3211 3292 Britanniam
3243 3239 3415 3311 cepit,
3448 3244 3505 3296 et
3526 3241 3617 3296 cui

202 3325 359 3398 apud
387 3324 701 3397 quemjam
735 3322 1023 3395 alius,qui
1043 3325 1367 3395 supererat,
1392 3321 1570 3377 frater
1594 3322 1862 3395 degebat;

203 3430 421 3487 magno
452 3413 674 3469 honore
704 3413 945 3468 affectus
975 3413 1109 3483 (52),
1144 3416 1202 3467 et
1232 3411 1517 3466 Cracovize
1562 3410 1859 3483 aliquam-

212 3503 315 3559 diu
347 3506 633 3569 moratus,
663 3501 867 3574 lingua
890 3500 1222 3568 Bohemica,
1247 3517 1425 3572 quam
1458 3499 1683 3566 Incolae,
1710 3501 1861 3570 ejus-

208 3594 343 3650 dem
374 3590 687 3666 originiset
715 3590 1129 3647 Bobemistum
1144 3588 1385 3656 subditi,
1405 3589 1546 3644 satis
1580 3588 1860 3661 intellige-

204 3682 369 3747 bant,
400 3681 644 3737 verbum
662 3680 783 3745 Dei,
818 3680 876 3735 id
906 3677 1586 3751 estliturgiamlatinam,
1612 3678 1859 3734 docebat

199 3769 532 3828 etofﬁcium
553 3769 903 3826 exsolvebat.
920 3767 1142 3824 Dehinc
1161 3767 1556 3824 Gnesneniam
1582 3783 1852 3841 pergens,

203 3859 287 3915 ibi
317 3860 555 3916 fratrem
621 3857 858 3930 reliquit
905 3857 1324 3923 Gaudentium,
1366 3860 1431 3912 ut
1479 3856 1719 3928 quidam
1751 3873 1855 3911 vo-

201 3948 335 4004 lunt
354 3948 466 4021 (53)
491 3964 504 4003 :
530 3947 630 4003 alii
652 3946 810 4003 enim
827 3946 1225 4003 Gaudentium
1244 3944 1475 4000 ﬁdelem
1494 3945 1554 4000 in
1578 3946 1853 4000 omnibus

200 4037 377 4093 rebus
399 4035 626 4093 socium
657 4036 840 4092 fuisse
867 4036 927 4091 S.
957 4034 1254 4091 Adalberti
1287 4034 1528 4089 tradunt
1557 4034 1689 4105 (54).

271 4124 545 4182 Porussis
559 4140 754 4181 veram
777 4124 952 4179 ﬁdem
978 4123 1421 4195 praedicaturus,
1448 4139 1592 4178 nave
1618 4140 1652 4177 a
1673 4122 1853 4178 Boliz-

198 4214 330 4270 lavo
355 4214 607 4269 donatus
638 4216 694 4268 et
721 4213 792 4267 30
821 4211 1107 4267 militibus
1139 4211 1411 4282 stipatus,
1446 4211 1705 4282 primum
1748 4230 1850 4267 ur—

196 4304 333 4360 bem
364 4300 619 4358 Gedanie
648 4300 904 4373 (Danzig)
918 4300 1141 4373 petivit,
1172 4299 1271 4355 ubi
1296 4315 1547 4371 magnus
1570 4317 1852 4357 numerus

198 4392 588 4449 barbarorum
619 4406 786 4446 sacra
813 4388 1185 4461 baptismatis
1217 4388 1378 4443 unda
1406 4388 1479 4442 ab
1507 4404 1574 4443 eo
1624 4387 1851 4446 lavatus

1971 3325 2174 3398 genuit
2203 3324 2416 3392 ﬁlium,
2447 3328 2734 3379 Canutum
2767 3324 3067 3395 Magnum,
3119 3331 3431 3397 Danorum,
3473 3329 3616 3385 Nor-

1970 3430 2280 3468 manorum
2311 3417 2369 3468 et
2393 3413 2908 3486 Anglo-Saxonum
2940 3431 3135 3487 regem
3169 3415 3299 3489 (61).

2044 3502 2184 3557 Filia
2216 3502 2504 3570 Bolizlavi,
2567 3503 2738 3574 cujus
2786 3520 3001 3558 nomen
3053 3521 3170 3560 non
3231 3511 3611 3576 memoratur,

1969 3592 2138 3646 nubit
2168 3590 2552 3664 Suatopluko,
2575 3590 2839 3664 privigno
2855 3592 3184 3649 Wladimiri
3218 3595 3433 3669 Magni,
3459 3599 3614 3672 regis

1966 3680 2289 3735 Russorum
2324 3680 2658 3753 nuperrime
2681 3681 2855 3753 primi
2877 3683 3350 3741 Normannorum
3383 3685 3442 3742 in
3468 3688 3610 3744 Rus-

1966 3769 2054 3824 sia
2082 3769 2153 3824 ad
2188 3770 2361 3824 ﬁnem
2394 3769 2786 3826 Christianam
2821 3771 2935 3826 ritu
2967 3773 3160 3828 Graeco
3191 3776 3451 3830 conversi
3474 3777 3607 3848 (62).

1965 3876 2093 3931 CAP.
2155 3875 2295 3931 XIV.
2338 3907 2407 3916 —-
2440 3877 2574 3954 Otto
2614 3878 2694 3954 III
2749 3876 3048 3954 Gncsenem
3102 3881 3269 3934 venit.
3329 3880 3608 3954 Archtepi-

2353 3949 2501 4019 scopi
2526 3951 2577 4002 et
2605 3949 2842 4019 episcopi
2869 3949 3218 4005 ordinantur.

2033 4036 2164 4091 Otto
2198 4036 2270 4091 III
2304 4037 2624 4107 Imperator
2658 4053 2722 4092 ea
2737 4040 3083 4110 tempestate
3105 4038 3162 4093 in
3184 4038 3348 4095 Italia
3366 4041 3606 4113 degens,

1964 4125 2209 4180 miratus
2242 4128 2466 4180 tantam
2498 4128 2556 4180 et
2585 4124 2781 4180 Sancti
2816 4126 3110 4181 Adalberti
3141 4132 3197 4182 et
3221 4127 3492 4185 Bolizlavi
3524 4130 3607 4187 fa-

1961 4230 2120 4268 mam
2178 4212 2563 4286 gloriamque,
2641 4213 2960 4286 cupiditate
3036 4214 3242 4288 flagrat
3292 4216 3380 4272 vcl
3434 4219 3607 4275 Adal-

1960 4302 2108 4358 berti
2160 4304 2294 4374 (63),
2343 4302 2433 4357 vel
2492 4300 2760 4357 Bolizlavi
2818 4303 2931 4374 (64)
2984 4302 3069 4359 vel
3105 4305 3411 4378 utriusque
3460 4307 3605 4364 invi-

1960 4391 2127 4447 sendi
2158 4392 2289 4463 (65).

198 4485 310 4538 est.
343 4479 584 4547 Deinde,
613 4479 816 4535 eadem
848 4478 1086 4550 quidem
1119 4493 1263 4533 nave
1292 4477 1393 4532 sed
1427 4475 1628 4533 relicto
1650 4479 1849 4548 praesi-
1881 4474 1928 4538 D
2028 4480 2147 4534 Sub
2180 4480 2353 4534 linem
2386 4480 2525 4536 anni
2554 4480 2661 4535 999
2692 4480 2876 4536 Roma
2904 4481 3198 4553 profectus
3248 4483 3361 4556 (66)
3410 4487 3606 4544 media

294 4665 385 4723 48)
420 4666 564 4723 Ibid.
599 4665 709 4722 col.
745 4666 868 4720 106.

293 4736 382 4808 49)
416 4738 546 4808 Vogl
572 4736 779 4794 Gesch.
807 4737 1149 4792 Preussens.

268 4808 383 4877 (50)
410 4810 643 4877 Dlugosz.
670 4808 778 4865 col.
817 4809 939 4862 110.

289 4879 381 4946 51)
413 4879 560 4936 Ibid.
593 4879 702 4936 col.
739 4879 862 4935 113.
898 4896 986 4949 sq.

290 4953 384 5030 ea
412 4950 863 5030 leid-301.41.3-
894 4966 988 5030 aa-

288 5023 382 5099 53)
415 5023 532 5099 Vita
561 5021 618 5077 S.
651 5019 1171 5099 Atlalpenl‘iﬁinAct.
1206 5019 1468 5099 Sanctor.
1613 5023 1748 5099 Apr.
1782 5039 1838 5099 p.

196 5090 321 5150 18'“).
352 5123 422 5133 —
452 5094 689 5162 Dlugosz.
719 5090 828 5146 col.
864 5092 986 5162 118.
1021 5095 1037 5159 (
1067 5090 1166 5161 qui
1199 5090 1324 5160 jam
1374 5090 1750 5162 Adalbertum
1783 5090 1843 5149 et

194 5160 590 5307 (ἰθῗέἓξῐίξίυιῐῖι
621 5160 1091 5288 ῗςὴίθρίεοοροε
1121 5164 1490 5217 Gnesnenses
1514 5161 1693 5233 facit).

451 5250 516 5303 og
586 5276 599 5288 .
1302 5248 1321 5270 ι

451 5248 599 5303 agn.
631 5248 671 5288 ι.
1302 5248 1321 5270 ι

286 5305 378 5376 55)
410 5305 627 5376 prell.
662 5303 702 5359 l.
735 5320 785 5376 c.
815 5304 1029 5376 p.108.
1063 5303 1198 5376 Dlng

286 5311 358 5360 55
410 5311 627 5376 prcll.
662 5311 702 5359 1.
735 5320 785 5358 c.
815 5321 871 5375 p.
909 5311 1029 5357 108.
1063 5311 1293 5371 Ulugosz
1315 5311 1423 5357 col.
1460 5311 1580 5356 119.
1605 5319 1692 5374 sq.

409 5376 641 5447 Dlugosz.
666 5374 777 5448 _col.
813 5375 1092 5448 125._seq.
1127 5373 1353 5448 prcll.
1397 5389 1597 5448 annum
1639 5374 1835 5448 habet,

192 5444 391 5504 nescio
419 5462 489 5502 ex
517 5444 633 5518 quo
664 5445 790 5501 loco
818 5444 1099 5500 effoderit.
1131 5476 1201 5485 —
1232 5444 1430 5499 Chron.
1482 5444 1643 5500 Saxo.
1677 5447 1748 5502 ad
1781 5465 1835 5503 a.

195 5520 341 5575 996:
379 5540 408 5568 ‹‹
434 5519 582 5573 duce
610 5520 860 5573 emente.
896 5536 924 5565 »
1398 5566 1399 5569 η

328 5535 341 5573 Ξ
379 5540 408 5568 ((
434 5533 582 5573 GU08
610 5533 860 5573 cmente.
896 5536 924 5565 ))

270 4596 387 4811 (47)
420 4593 568 4651 Ibid.
601 4594 727 4650 cod.
762 4594 886 4648 105.
921 4610 1010 4665 sq.

294 4668 363 4723 48
420 4666 564 4723 Ibid.
599 4665 709 4722 col.
745 4666 868 4720 106.

293 4736 382 4811 49)
416 4738 546 4811 Vogl
572 4736 779 4811 Gesch.
807 4737 1010 4811 Preuss

1201 5301 1423 5374 oszfcol.
1460 5301 1580 5356 119.
1605 5319 1692 5374 sq.

287 5588 379 5659 57)
408 5589 643 5659 Dlugosz
671 5588 780 5645 col.
803 5588 928 5643 128.
961 5603 1047 5659 sq.

289 5659 380 5718 58)
411 5659 559 5717 Ibid.
592 5659 701 5717 col.
743 5661 865 5715 127.

287 5591 357 5646 57
408 5589 643 5716 Dlugosz
671 5588 780 5645 col.
803 5588 928 5643 128.
961 5603 1047 5659 sq.

266 5588 381 5806 E58;
411 5660 497 5717 Ibi
547 5701 559 5714 .
592 5659 701 5743 col.
743 5661 865 5715 127.
1121 5729 1132 5741 .

287 5732 360 5788 59
409 5731 735 5790 Adelboldus
789 5749 846 5805 p.
875 5731 998 5788 440.
1036 5747 1136 5804 qui
1180 5745 1405 5823 «‘nepos
1436 5751 1465 5781 »
1517 5728 1711 5800 habet,
1744 5748 1833 5801 eo,

1958 4594 2325 4667 utvidentur,
2344 4611 2542 4667 sensu,
2563 4612 2676 4667 quo
2690 4601 2958 4652 nostrum
2980 4620 3007 4648 ‹‹
3022 4614 3191 4653 neveu
3206 4620 3234 4648 »
3265 4604 3322 4654 et
3350 4622 3378 4650 «
3396 4604 3550 4658 niéce
3572 4625 3602 4653 »

1954 4664 2243 4740 latinitate
2274 4666 2451 4740 medii
2477 4664 2843 4740 mvi'ncpoaet
2871 4670 3049 4740 neptis
3078 4669 3440 4726 dicebantur.
3455 4673 3601 4729 Nam

1956 4735 2257 4792 Boleslaus
2287 4735 2989 4865 Sa;vus(fratricida))erat
3021 4741 3329 4811 utriusque
3352 4741 3602 4800 Bolcslai

1956 4825 2138 4865 avus:
2171 4808 2366 4863 Polom
2402 4825 2502 4865 per
2533 4814 2779 4864 matrem
2880 4811 3305 4865 ambrowkam.
3356 4812 3597 4865 Bohemi

1954 4825 2138 4875 avus;
2171 4808 2366 4863 Poloni
2402 4825 2502 4879 per
2526 4814 2779 4879 (matrem
2829 4808 3305 4878 Dambrowkafn,
3356 4812 3598 4870 Bohemi

1954 4896 2059 4952 per
2087 4885 2313 4952 patrem
2346 4878 2677 4952 Boleslaum
2705 4880 3015 4936 Pudicum.

2121 4951 2138 5029 )
2162 4949 2481 5029 βαιίιτιρεοιί
2528 4950 2570 5004 Ι.
2622 4952 2801 5029 699.
2855 4983 2929 5029 ——_
2954 4952 3150 5029 Chron.
3200 4955 3392 5029 Polon.
3439 4954 3598 5029 (1.1.)

1953 5022 1995 5149 ἒ
2030 5024 2207 5149 5(10.
2238 5053 2305 5062 -—
2334 5024 2556 5078 Cosmus
2582 5038 2638 5093 p.
2670 5023 2759 5077 66.
2794 5054 2862 5062 —
2892 5024 3105 5080 Dobner
3151 5026 3222 5080 ad
3254 5022 3465 5097 Hagec.
3501 5022 3595 5083 lV'.

2000 5135 2012 5147 .
2136 5113 2172 5147 L

2000 5135 2012 5147 .
2044 5113 2172 5147 1100.

1954 5111 2172 5236 F63).
2200 5167 2306 5236 Vel.
2353 5164 2531 5219 Schol.
2584 5164 2791 5236 Adami
2848 5166 3037 5220 Brem.
3099 5169 3188 5221 22.
3226 5162 3287 5208 _‘
3324 5166 3599 5223 Τὴίειγηαν

1950 5234 1989 5289 l.
2028 5234 2169 5290 VIII.
2202 5235 2513 5290 Dahlmann
2545 5235 2751 5291 Gesch.
2787 5253 2840 5291 v.
2864 5242 3100 5293 Danem.
3134 5238 3175 5293 Ι.
3205 5239 3264 5294 S.
3291 5239 3363 5292 89
3383 5244 3441 5295 et
3479 5243 3592 5296 100.

1948 5308 2171 5362 Βωυεῑι.
2206 5306 2248 5361 Ι.
2283 5324 2339 5362 n.
2370 5306 2491 5361 110.

2043 5324 2171 5377 pcu.
2207 5324 2248 5361 1.

2020 5306 2351 5519 ζέξξιὲξιὶιξίὲ
2524 5377 2796 5433 Thietmar
2825 5396 2881 5451 p.
2909 5380 3034 5434 239.
3068 5382 3193 5437 24a
3226 5382 3351 5436 265.

2039 5451 2132 5517 63)
2164 5449 2490 5518 Boguchwal
2518 5451 2992 5519 (Sommersburg
3020 5469 3132 5507 scr.
3168 5470 3279 5508 rer.
3315 5453 3351 5509 S

2039 5449 2490 5524 63)_Bogychwal
2518 5449 2992 5524 (summersburg
3020 5469 3132 5507 scr.
3168 5470 3279 5508 rer.
3315 5451 3483 5510 Siles.
3522 5456 3591 5510 II.

1945 5537 2004 5592 p.
2035 5520 2150 5591 25.)
2184 5520 2537 5592 etAGermaui
2574 5522 2780 5576 fontes.

2398 5592 2634 5665 quidam
2668 5593 3004 5665 scriptores.

2161 5661 2439 5742 Qalluap’:
2470 5663 2558 5717 38.
2588 5661 2865 5742 ῌᾳείιαϋθὴ
2914 5665 2956 5722 Ι.
2992 5683 3048 5739 p.
3082 5667 3172 5738 93,
3222 5669 3457 5742 Dlugosz
3480 5673 3588 5727 etc.

2039 5592 2130 5646 64)
2162 5590 2364 5646 Poloni

2162 5592 2364 5646 Poloni
2398 5592 2634 5662 quidam
2668 5610 2711 5647 sc

2108 5592 2130 5809 ξ
2161 5661 2348 5718 Gallus
2379 5679 2438 5734 p.
2470 5663 2558 5717 38.
2588 5664 2711 5717 Had.

2108 5768 2109 5771 η
2162 5734 2385 5807 prell.
2416 5734 2461 5790 Ι.
2493 5750 2551 5806 p.
2594 5736 2711 5792 110.

2037 5665 2108 5718 65

2037 5735 2109 5791 66

2016 5592 2035 5808 Ξ
