  <div class='ocr_page' id='page_1' title='image "/cluster/home/n/w/nwhite01/storage/ocr_20150623/151/hvd.32044054760095/690.png"; bbox 0 0 4026 6176; ppageno 0'>
   <div class='ocr_carea' id='block_1_1' title="bbox 201 410 362 478">
    <p class='ocr_par' dir='ltr' id='par_1_1' title="bbox 201 410 362 478">
     <span class='ocr_line' id='line_1_1' title="bbox 201 410 362 478; baseline 0.006 -3"><span class='ocrx_word' id='word_1_1' title='bbox 201 410 362 478; x_wconf 72' lang='grc'><strong>1369</strong></span> 
     </span>
    </p>
   </div>
   <div class='ocr_carea' id='block_1_2' title="bbox 1445 402 2358 476">
    <p class='ocr_par' dir='ltr' id='par_1_2' title="bbox 1445 402 2358 476">
     <span class='ocr_line' id='line_1_2' title="bbox 1445 402 2358 476; baseline -0.009 0"><span class='ocrx_word' id='word_1_2' title='bbox 1445 411 1511 476; x_wconf 89' lang='lat' dir='ltr'><strong>S.</strong></span> <span class='ocrx_word' id='word_1_3' title='bbox 1559 402 1993 474; x_wconf 76' lang='lat' dir='ltr'><strong>MATHILDiS</strong></span> <span class='ocrx_word' id='word_1_4' title='bbox 2035 405 2328 471; x_wconf 74' lang='lat' dir='ltr'><strong>REGiNA</strong></span> <span class='ocrx_word' id='word_1_5' title='bbox 2345 452 2358 468; x_wconf 95' lang='lat'><strong>.</strong></span> 
     </span>
    </p>
   </div>
   <div class='ocr_carea' id='block_1_3' title="bbox 3453 375 3609 476">
    <p class='ocr_par' dir='ltr' id='par_1_3' title="bbox 3453 375 3609 476">
     <span class='ocr_line' id='line_1_3' title="bbox 3453 375 3609 476; baseline 0.019 -3"><span class='ocrx_word' id='word_1_6' title='bbox 3453 375 3609 476; x_wconf 68' lang='lat'><strong>1376</strong></span> 
     </span>
    </p>
   </div>
   <div class='ocr_carea' id='block_1_4' title="bbox 199 539 3613 623">
    <p class='ocr_par' dir='ltr' id='par_1_4' title="bbox 199 539 3613 623">
     <span class='ocr_line' id='line_1_4' title="bbox 199 539 3613 623; baseline -0.001 -18"><span class='ocrx_word' id='word_1_7' title='bbox 199 547 320 618; x_wconf 81' lang='lat' dir='ltr'><strong>aio;</strong></span> <span class='ocrx_word' id='word_1_8' title='bbox 343 563 492 606; x_wconf 83' lang='lat' dir='ltr'><strong>nam</strong></span> <span class='ocrx_word' id='word_1_9' title='bbox 522 547 768 608; x_wconf 77' lang='lat' dir='ltr'><strong>ecclesia</strong></span> <span class='ocrx_word' id='word_1_10' title='bbox 809 549 878 606; x_wconf 83' lang='lat' dir='ltr'><strong>id</strong></span> <span class='ocrx_word' id='word_1_11' title='bbox 929 548 1274 623; x_wconf 89' lang='lat' dir='ltr'><strong>plerumque</strong></span> <span class='ocrx_word' id='word_1_12' title='bbox 1331 545 1639 613; x_wconf 62' lang='lat' dir='ltr'><strong>haereticis,</strong></span> <span class='ocrx_word' id='word_1_13' title='bbox 1663 543 1848 601; x_wconf 85' lang='lat' dir='ltr'><strong>-ra-ris-</strong></span> <span class='ocrx_word' id='word_1_14' title='bbox 1879 539 1938 608; x_wconf 76' lang='grc' dir='ltr'><strong>Α</strong></span> <span class='ocrx_word' id='word_1_15' title='bbox 1964 540 2138 611; x_wconf 87' lang='lat' dir='ltr'><strong>simo,</strong></span> <span class='ocrx_word' id='word_1_16' title='bbox 2161 546 2226 599; x_wconf 90' lang='lat' dir='ltr'><strong>ut</strong></span> <span class='ocrx_word' id='word_1_17' title='bbox 2253 543 2450 616; x_wconf 80' lang='lat' dir='ltr'><strong>potius</strong></span> <span class='ocrx_word' id='word_1_18' title='bbox 2479 543 2655 604; x_wconf 85' lang='lat' dir='ltr'><strong>verba</strong></span> <span class='ocrx_word' id='word_1_19' title='bbox 2683 544 2963 604; x_wconf 87' lang='lat' dir='ltr'><strong>orationis</strong></span> <span class='ocrx_word' id='word_1_20' title='bbox 2989 543 3298 604; x_wconf 67' lang='lat' dir='ltr'><strong>dominicas</strong></span> <span class='ocrx_word' id='word_1_21' title='bbox 3319 561 3371 602; x_wconf 68' lang='grc' dir='ltr'><strong>ζα</strong></span> <span class='ocrx_word' id='word_1_22' title='bbox 3395 544 3613 612; x_wconf 75' lang='grc' dir='ltr'><strong>Ρειηθηι</strong></span> 
     </span>
    </p>
   </div>
   <div class='ocr_carea' id='block_1_5' title="bbox 200 636 1372 712">
    <p class='ocr_par' dir='ltr' id='par_1_5' title="bbox 200 636 1372 712">
     <span class='ocr_line' id='line_1_5' title="bbox 200 636 1372 712; baseline -0.001 -18"><span class='ocrx_word' id='word_1_23' title='bbox 200 637 350 694; x_wconf 82' lang='lat' dir='ltr'><strong>sime</strong></span> <span class='ocrx_word' id='word_1_24' title='bbox 376 638 626 712; x_wconf 79' lang='lat' dir='ltr'><strong>paganis</strong></span> <span class='ocrx_word' id='word_1_25' title='bbox 656 638 919 706; x_wconf 81' lang='lat' dir='ltr'><strong>adhibet,</strong></span> <span class='ocrx_word' id='word_1_26' title='bbox 951 636 1372 694; x_wconf 87' lang='lat' dir='ltr'><strong>autadhibuit.</strong></span> 
     </span>
    </p>
   </div>
   <div class='ocr_carea' id='block_1_6' title="bbox 270 724 1850 800">
    <p class='ocr_par' dir='ltr' id='par_1_6' title="bbox 270 724 1850 800">
     <span class='ocr_line' id='line_1_6' title="bbox 270 724 1850 800; baseline -0.003 -17"><span class='ocrx_word' id='word_1_27' title='bbox 270 727 451 784; x_wconf 83' lang='lat' dir='ltr'><strong>Nemo</strong></span> <span class='ocrx_word' id='word_1_28' title='bbox 490 728 720 785; x_wconf 85' lang='lat' dir='ltr'><strong>inﬁcias</strong></span> <span class='ocrx_word' id='word_1_29' title='bbox 767 727 876 783; x_wconf 90' lang='lat' dir='ltr'><strong>ibit</strong></span> <span class='ocrx_word' id='word_1_30' title='bbox 897 727 965 783; x_wconf 79' lang='lat' dir='ltr'><strong>‘in</strong></span> <span class='ocrx_word' id='word_1_31' title='bbox 995 725 1244 800; x_wconf 88' lang='lat' dir='ltr'><strong>epistola</strong></span> <span class='ocrx_word' id='word_1_32' title='bbox 1290 730 1493 782; x_wconf 88' lang='lat' dir='ltr'><strong>nostra</strong></span> <span class='ocrx_word' id='word_1_33' title='bbox 1538 724 1850 781; x_wconf 90' lang='lat' dir='ltr'><strong>dicendum</strong></span> 
     </span>
    </p>
   </div>
   <div class='ocr_carea' id='block_1_7' title="bbox 190 811 1854 889">
    <p class='ocr_par' dir='ltr' id='par_1_7' title="bbox 190 811 1854 889">
     <span class='ocr_line' id='line_1_7' title="bbox 190 811 1854 889; baseline -0.002 -16"><span class='ocrx_word' id='word_1_34' title='bbox 190 814 383 873; x_wconf 71' lang='lat' dir='ltr'><strong>fuisse</strong></span> <span class='ocrx_word' id='word_1_35' title='bbox 410 833 424 871; x_wconf 90' lang='lat'>:</span> <span class='ocrx_word' id='word_1_36' title='bbox 455 838 484 868; x_wconf 87' lang='grc'><strong>‹‹</strong></span> <span class='ocrx_word' id='word_1_37' title='bbox 509 817 597 873; x_wconf 85' lang='lat' dir='ltr'><strong>ad</strong></span> <span class='ocrx_word' id='word_1_38' title='bbox 615 832 849 872; x_wconf 88' lang='lat' dir='ltr'><strong>sacrum</strong></span> <span class='ocrx_word' id='word_1_39' title='bbox 871 816 1168 889; x_wconf 90' lang='lat' dir='ltr'><strong>baptisma</strong></span> <span class='ocrx_word' id='word_1_40' title='bbox 1189 813 1545 888; x_wconf 89' lang='lat' dir='ltr'><strong>compellens</strong></span> <span class='ocrx_word' id='word_1_41' title='bbox 1571 836 1598 864; x_wconf 85' lang='lat'><strong>»</strong></span> <span class='ocrx_word' id='word_1_42' title='bbox 1619 813 1708 870; x_wconf 86' lang='lat' dir='ltr'><strong>vel</strong></span> <span class='ocrx_word' id='word_1_43' title='bbox 1736 811 1854 869; x_wconf 90' lang='lat' dir='ltr'><strong>tale</strong></span> 
     </span>
    </p>
   </div>
   <div class='ocr_carea' id='block_1_8' title="bbox 199 901 1856 978">
    <p class='ocr_par' dir='ltr' id='par_1_8' title="bbox 199 901 1856 978">
     <span class='ocr_line' id='line_1_8' title="bbox 199 901 1856 978; baseline -0.002 -18"><span class='ocrx_word' id='word_1_44' title='bbox 199 903 365 976; x_wconf 89' lang='lat' dir='ltr'><strong>quid,</strong></span> <span class='ocrx_word' id='word_1_45' title='bbox 389 909 584 978; x_wconf 87' lang='lat' dir='ltr'><strong>atque,</strong></span> <span class='ocrx_word' id='word_1_46' title='bbox 610 909 676 962; x_wconf 92' lang='lat' dir='ltr'><strong>ut</strong></span> <span class='ocrx_word' id='word_1_47' title='bbox 694 921 852 961; x_wconf 89' lang='lat' dir='ltr'><strong>nunc</strong></span> <span class='ocrx_word' id='word_1_48' title='bbox 882 921 975 961; x_wconf 91' lang='lat' dir='ltr'><strong>res</strong></span> <span class='ocrx_word' id='word_1_49' title='bbox 1005 921 1068 961; x_wconf 90' lang='lat' dir='ltr'><strong>se</strong></span> <span class='ocrx_word' id='word_1_50' title='bbox 1098 904 1296 971; x_wconf 83' lang='lat' dir='ltr'><strong>habet,</strong></span> <span class='ocrx_word' id='word_1_51' title='bbox 1319 903 1506 959; x_wconf 87' lang='lat' dir='ltr'><strong>multo</strong></span> <span class='ocrx_word' id='word_1_52' title='bbox 1527 901 1856 976; x_wconf 85' lang='lat' dir='ltr'><strong>simplicius</strong></span> 
     </span>
    </p>
   </div>
   <div class='ocr_carea' id='block_1_9' title="bbox 195 991 1855 1065">
    <p class='ocr_par' dir='ltr' id='par_1_9' title="bbox 195 991 1855 1065">
     <span class='ocr_line' id='line_1_9' title="bbox 195 991 1855 1065; baseline -0.001 -18"><span class='ocrx_word' id='word_1_53' title='bbox 195 1006 269 1047; x_wconf 78' lang='lat' dir='ltr'><strong>&quot;ea</strong></span> <span class='ocrx_word' id='word_1_54' title='bbox 296 992 474 1048; x_wconf 86' lang='lat' dir='ltr'><strong>verba</strong></span> <span class='ocrx_word' id='word_1_55' title='bbox 519 992 592 1048; x_wconf 91' lang='lat' dir='ltr'><strong>ad</strong></span> <span class='ocrx_word' id='word_1_56' title='bbox 625 992 784 1065; x_wconf 89' lang='lat' dir='ltr'><strong>ipsos</strong></span> <span class='ocrx_word' id='word_1_57' title='bbox 832 991 1081 1049; x_wconf 90' lang='lat' dir='ltr'><strong>Polonos</strong></span> <span class='ocrx_word' id='word_1_58' title='bbox 1112 996 1168 1048; x_wconf 92' lang='lat' dir='ltr'><strong>et</strong></span> <span class='ocrx_word' id='word_1_59' title='bbox 1204 992 1350 1048; x_wconf 90' lang='lat' dir='ltr'><strong>alios</strong></span> <span class='ocrx_word' id='word_1_60' title='bbox 1393 1007 1595 1049; x_wconf 91' lang='lat' dir='ltr'><strong>eorum</strong></span> <span class='ocrx_word' id='word_1_61' title='bbox 1628 993 1855 1064; x_wconf 90' lang='lat' dir='ltr'><strong>sceptro</strong></span> 
     </span>
    </p>
   </div>
   <div class='ocr_carea' id='block_1_10' title="bbox 201 1080 1858 1154">
    <p class='ocr_par' dir='ltr' id='par_1_10' title="bbox 201 1080 1858 1154">
     <span class='ocr_line' id='line_1_10' title="bbox 201 1080 1858 1154; baseline -0.001 -18"><span class='ocrx_word' id='word_1_62' title='bbox 201 1080 534 1138; x_wconf 79' lang='lat' dir='ltr'><strong>submissos</strong></span> <span class='ocrx_word' id='word_1_63' title='bbox 554 1081 804 1154; x_wconf 89' lang='lat' dir='ltr'><strong>populos</strong></span> <span class='ocrx_word' id='word_1_64' title='bbox 826 1081 1050 1147; x_wconf 88' lang='lat' dir='ltr'><strong>referri,</strong></span> <span class='ocrx_word' id='word_1_65' title='bbox 1069 1085 1171 1154; x_wconf 87' lang='lat' dir='ltr'><strong>qui</strong></span> <span class='ocrx_word' id='word_1_66' title='bbox 1193 1083 1369 1154; x_wconf 87' lang='lat' dir='ltr'><strong>jussu</strong></span> <span class='ocrx_word' id='word_1_67' title='bbox 1393 1080 1725 1154; x_wconf 88' lang='lat' dir='ltr'><strong>principum</strong></span> <span class='ocrx_word' id='word_1_68' title='bbox 1756 1080 1858 1135; x_wconf 80' lang='lat' dir='ltr'><strong>Po-</strong></span> 
     </span>
    </p>
   </div>
   <div class='ocr_carea' id='block_1_11' title="bbox 200 1167 1856 1244">
    <p class='ocr_par' dir='ltr' id='par_1_11' title="bbox 200 1167 1856 1244">
     <span class='ocr_line' id='line_1_11' title="bbox 200 1167 1856 1244; baseline 0 -20"><span class='ocrx_word' id='word_1_69' title='bbox 200 1167 371 1225; x_wconf 70' lang='lat' dir='ltr'><strong>lonia:</strong></span> <span class='ocrx_word' id='word_1_70' title='bbox 403 1169 762 1244; x_wconf 85' lang='lat' dir='ltr'><strong>Misegonisl</strong></span> <span class='ocrx_word' id='word_1_71' title='bbox 789 1175 848 1227; x_wconf 88' lang='lat' dir='ltr'><strong>et</strong></span> <span class='ocrx_word' id='word_1_72' title='bbox 874 1169 1148 1228; x_wconf 90' lang='lat' dir='ltr'><strong>Bolizlavi</strong></span> <span class='ocrx_word' id='word_1_73' title='bbox 1186 1172 1208 1226; x_wconf 94' lang='lat' dir='ltr'><strong>l</strong></span> <span class='ocrx_word' id='word_1_74' title='bbox 1240 1170 1517 1244; x_wconf 87' lang='lat' dir='ltr'><strong>baptizati</strong></span> <span class='ocrx_word' id='word_1_75' title='bbox 1552 1173 1717 1226; x_wconf 89' lang='lat' dir='ltr'><strong>erant</strong></span> <span class='ocrx_word' id='word_1_76' title='bbox 1742 1169 1856 1225; x_wconf 92' lang='lat' dir='ltr'><strong>ritu</strong></span> 
     </span>
    </p>
   </div>
   <div class='ocr_carea' id='block_1_12' title="bbox 201 1257 1856 1333">
    <p class='ocr_par' dir='ltr' id='par_1_12' title="bbox 201 1257 1856 1333">
     <span class='ocr_line' id='line_1_12' title="bbox 201 1257 1856 1333; baseline 0.002 -20"><span class='ocrx_word' id='word_1_77' title='bbox 201 1257 488 1326; x_wconf 70' lang='lat' dir='ltr'><strong>Romano,</strong></span> <span class='ocrx_word' id='word_1_78' title='bbox 509 1275 700 1332; x_wconf 90' lang='lat' dir='ltr'><strong>neque</strong></span> <span class='ocrx_word' id='word_1_79' title='bbox 731 1277 798 1316; x_wconf 92' lang='lat' dir='ltr'><strong>eo</strong></span> <span class='ocrx_word' id='word_1_80' title='bbox 819 1260 1011 1317; x_wconf 88' lang='lat' dir='ltr'><strong>secius</strong></span> <span class='ocrx_word' id='word_1_81' title='bbox 1043 1276 1320 1333; x_wconf 87' lang='lat' dir='ltr'><strong>magnam</strong></span> <span class='ocrx_word' id='word_1_82' title='bbox 1348 1263 1571 1332; x_wconf 86' lang='lat' dir='ltr'><strong>partem</strong></span> <span class='ocrx_word' id='word_1_83' title='bbox 1597 1264 1699 1318; x_wconf 92' lang='lat' dir='ltr'><strong>aut</strong></span> <span class='ocrx_word' id='word_1_84' title='bbox 1721 1259 1856 1316; x_wconf 87' lang='lat' dir='ltr'><strong>ritui</strong></span> 
     </span>
    </p>
   </div>
   <div class='ocr_carea' id='block_1_13' title="bbox 199 1343 1860 1421">
    <p class='ocr_par' dir='ltr' id='par_1_13' title="bbox 199 1343 1860 1421">
     <span class='ocr_line' id='line_1_13' title="bbox 199 1343 1860 1421; baseline 0.002 -19"><span class='ocrx_word' id='word_1_85' title='bbox 199 1343 743 1420; x_wconf 64' lang='lat' dir='ltr'><strong>Slavonico-graco,</strong></span> <span class='ocrx_word' id='word_1_86' title='bbox 767 1352 870 1404; x_wconf 90' lang='lat' dir='ltr'><strong>aut</strong></span> <span class='ocrx_word' id='word_1_87' title='bbox 897 1351 1118 1405; x_wconf 86' lang='lat' dir='ltr'><strong>secreto</strong></span> <span class='ocrx_word' id='word_1_88' title='bbox 1140 1349 1452 1421; x_wconf 89' lang='lat' dir='ltr'><strong>gentilitati</strong></span> <span class='ocrx_word' id='word_1_89' title='bbox 1473 1348 1562 1404; x_wconf 85' lang='lat' dir='ltr'><strong>vel</strong></span> <span class='ocrx_word' id='word_1_90' title='bbox 1595 1350 1860 1406; x_wconf 89' lang='lat' dir='ltr'><strong>moribus</strong></span> 
     </span>
    </p>
   </div>
   <div class='ocr_carea' id='block_1_14' title="bbox 202 1434 1859 1510">
    <p class='ocr_par' dir='ltr' id='par_1_14' title="bbox 202 1434 1859 1510">
     <span class='ocr_line' id='line_1_14' title="bbox 202 1434 1859 1510; baseline 0.003 -20"><span class='ocrx_word' id='word_1_91' title='bbox 202 1434 509 1508; x_wconf 78' lang='lat' dir='ltr'><strong>gentilium</strong></span> <span class='ocrx_word' id='word_1_92' title='bbox 531 1437 834 1503; x_wconf 83' lang='lat' dir='ltr'><strong>lavsbant;</strong></span> <span class='ocrx_word' id='word_1_93' title='bbox 859 1453 1110 1510; x_wconf 72' lang='lat' dir='ltr'><strong>qnerum</strong></span> <span class='ocrx_word' id='word_1_94' title='bbox 1133 1453 1418 1494; x_wconf 89' lang='lat' dir='ltr'><strong>numerus</strong></span> <span class='ocrx_word' id='word_1_95' title='bbox 1441 1455 1655 1510; x_wconf 89' lang='lat' dir='ltr'><strong>parvus</strong></span> <span class='ocrx_word' id='word_1_96' title='bbox 1679 1438 1859 1495; x_wconf 82' lang='lat' dir='ltr'><strong>fuisse</strong></span> 
     </span>
    </p>
   </div>
   <div class='ocr_carea' id='block_1_15' title="bbox 199 1523 1860 1599">
    <p class='ocr_par' dir='ltr' id='par_1_15' title="bbox 199 1523 1860 1599">
     <span class='ocr_line' id='line_1_15' title="bbox 199 1523 1860 1599; baseline 0.002 -20"><span class='ocrx_word' id='word_1_97' title='bbox 199 1523 429 1596; x_wconf 83' lang='lat' dir='ltr'><strong>nequit,</strong></span> <span class='ocrx_word' id='word_1_98' title='bbox 445 1527 519 1580; x_wconf 83' lang='lat' dir='ltr'><strong>ut</strong></span> <span class='ocrx_word' id='word_1_99' title='bbox 547 1527 682 1596; x_wconf 88' lang='lat' dir='ltr'><strong>post</strong></span> <span class='ocrx_word' id='word_1_100' title='bbox 727 1525 839 1580; x_wconf 85' lang='lat' dir='ltr'><strong>sub</strong></span> <span class='ocrx_word' id='word_1_101' title='bbox 887 1525 1182 1599; x_wconf 85' lang='lat' dir='ltr'><strong>Misegone</strong></span> <span class='ocrx_word' id='word_1_102' title='bbox 1210 1530 1263 1581; x_wconf 87' lang='lat' dir='ltr'><strong>II</strong></span> <span class='ocrx_word' id='word_1_103' title='bbox 1295 1531 1352 1583; x_wconf 92' lang='lat' dir='ltr'><strong>et</strong></span> <span class='ocrx_word' id='word_1_104' title='bbox 1381 1527 1490 1582; x_wconf 90' lang='lat' dir='ltr'><strong>sub</strong></span> <span class='ocrx_word' id='word_1_105' title='bbox 1521 1526 1804 1584; x_wconf 88' lang='lat' dir='ltr'><strong>Casimiro</strong></span> <span class='ocrx_word' id='word_1_106' title='bbox 1835 1532 1860 1582; x_wconf 89' lang='grc' dir='ltr'>Ι</span> 
     </span>
    </p>
   </div>
   <div class='ocr_carea' id='block_1_16' title="bbox 202 1612 1859 1686">
    <p class='ocr_par' dir='ltr' id='par_1_16' title="bbox 202 1612 1859 1686">
     <span class='ocr_line' id='line_1_16' title="bbox 202 1612 1859 1686; baseline 0.002 -19"><span class='ocrx_word' id='word_1_107' title='bbox 202 1612 502 1685; x_wconf 79' lang='lat' dir='ltr'><strong>apparuit.</strong></span> <span class='ocrx_word' id='word_1_108' title='bbox 521 1613 754 1670; x_wconf 82' lang='lat' dir='ltr'><strong>Scimus</strong></span> <span class='ocrx_word' id='word_1_109' title='bbox 785 1613 1094 1680; x_wconf 84' lang='lat' dir='ltr'><strong>Bohemos,</strong></span> <span class='ocrx_word' id='word_1_110' title='bbox 1123 1615 1261 1672; x_wconf 90' lang='lat' dir='ltr'><strong>licet</strong></span> <span class='ocrx_word' id='word_1_111' title='bbox 1288 1615 1677 1686; x_wconf 80' lang='lat' dir='ltr'><strong>Christianos,</strong></span> <span class='ocrx_word' id='word_1_112' title='bbox 1708 1617 1859 1673; x_wconf 91' lang='lat' dir='ltr'><strong>anti-</strong></span> 
     </span>
    </p>
   </div>
   <div class='ocr_carea' id='block_1_17' title="bbox 203 1703 1861 1778">
    <p class='ocr_par' dir='ltr' id='par_1_17' title="bbox 203 1703 1861 1778">
     <span class='ocr_line' id='line_1_17' title="bbox 203 1703 1861 1778; baseline 0.003 -22"><span class='ocrx_word' id='word_1_113' title='bbox 203 1716 321 1773; x_wconf 87' lang='lat' dir='ltr'><strong>quo</strong></span> <span class='ocrx_word' id='word_1_114' title='bbox 348 1716 713 1774; x_wconf 80' lang='lat' dir='ltr'><strong>paganorum</strong></span> <span class='ocrx_word' id='word_1_115' title='bbox 735 1707 836 1758; x_wconf 87' lang='lat' dir='ltr'><strong>aut</strong></span> <span class='ocrx_word' id='word_1_116' title='bbox 857 1703 1190 1760; x_wconf 75' lang='lat' dir='ltr'><strong>Graecorum</strong></span> <span class='ocrx_word' id='word_1_117' title='bbox 1222 1721 1382 1760; x_wconf 91' lang='lat' dir='ltr'><strong>more</strong></span> <span class='ocrx_word' id='word_1_118' title='bbox 1407 1704 1652 1774; x_wconf 84' lang='lat' dir='ltr'><strong>vixisse;</strong></span> <span class='ocrx_word' id='word_1_119' title='bbox 1687 1709 1861 1778; x_wconf 89' lang='lat' dir='ltr'><strong>atque</strong></span> 
     </span>
    </p>
   </div>
   <div class='ocr_carea' id='block_1_18' title="bbox 202 1789 1858 1865">
    <p class='ocr_par' dir='ltr' id='par_1_18' title="bbox 202 1789 1858 1865">
     <span class='ocr_line' id='line_1_18' title="bbox 202 1789 1858 1865; baseline 0.003 -21"><span class='ocrx_word' id='word_1_120' title='bbox 202 1789 312 1845; x_wconf 84' lang='lat' dir='ltr'><strong>hac</strong></span> <span class='ocrx_word' id='word_1_121' title='bbox 341 1789 754 1862; x_wconf 79' lang='lat' dir='ltr'><strong>depravatione</strong></span> <span class='ocrx_word' id='word_1_122' title='bbox 785 1791 1126 1865; x_wconf 84' lang='lat' dir='ltr'><strong>episcopum</strong></span> <span class='ocrx_word' id='word_1_123' title='bbox 1175 1809 1349 1848; x_wconf 90' lang='lat' dir='ltr'><strong>suum</strong></span> <span class='ocrx_word' id='word_1_124' title='bbox 1383 1799 1653 1849; x_wconf 90' lang='lat' dir='ltr'><strong>sanctum</strong></span> <span class='ocrx_word' id='word_1_125' title='bbox 1687 1793 1858 1849; x_wconf 90' lang='lat' dir='ltr'><strong>Adal-</strong></span> 
     </span>
    </p>
   </div>
   <div class='ocr_carea' id='block_1_19' title="bbox 201 1877 1941 1977">
    <p class='ocr_par' dir='ltr' id='par_1_19' title="bbox 201 1877 1941 1977">
     <span class='ocr_line' id='line_1_19' title="bbox 201 1877 1941 1977; baseline 0.003 -44"><span class='ocrx_word' id='word_1_126' title='bbox 201 1878 436 1977; x_wconf 60' lang='lat' dir='ltr'><strong>bertum</strong></span> <span class='ocrx_word' id='word_1_127' title='bbox 457 1877 767 1952; x_wconf 85' lang='lat' dir='ltr'><strong>impulisse</strong></span> <span class='ocrx_word' id='word_1_128' title='bbox 788 1884 853 1935; x_wconf 88' lang='lat' dir='ltr'><strong>ut</strong></span> <span class='ocrx_word' id='word_1_129' title='bbox 875 1879 1229 1977; x_wconf 75' lang='lat' dir='ltr'><strong>relinqueret</strong></span> <span class='ocrx_word' id='word_1_130' title='bbox 1249 1881 1447 1977; x_wconf 80' lang='lat' dir='ltr'><strong>sedem</strong></span> <span class='ocrx_word' id='word_1_131' title='bbox 1469 1882 1858 1977; x_wconf 75' lang='lat' dir='ltr'><strong>episcopalem</strong></span> <span class='ocrx_word' id='word_1_132' title='bbox 1891 1909 1941 1977; x_wconf 72' lang='grc' dir='ltr'>Β</span> 
     </span>
    </p>
   </div>
   <div class='ocr_carea' id='block_1_20' title="bbox 204 1967 1860 2044">
    <p class='ocr_par' dir='ltr' id='par_1_20' title="bbox 204 1967 1860 2044">
     <span class='ocr_line' id='line_1_20' title="bbox 204 1967 1860 2044; baseline 0.003 -22"><span class='ocrx_word' id='word_1_133' title='bbox 204 1967 816 2039; x_wconf 80' lang='lat' dir='ltr'><strong>Pragenssm,terram</strong></span> <span class='ocrx_word' id='word_1_134' title='bbox 841 1969 1218 2041; x_wconf 68' lang='lat' dir='ltr'><strong>quaesiturus,</strong></span> <span class='ocrx_word' id='word_1_135' title='bbox 1244 1969 1345 2025; x_wconf 90' lang='lat' dir='ltr'><strong>ubi</strong></span> <span class='ocrx_word' id='word_1_136' title='bbox 1377 1969 1613 2043; x_wconf 81' lang='lat' dir='ltr'><strong>gladius</strong></span> <span class='ocrx_word' id='word_1_137' title='bbox 1645 1971 1860 2044; x_wconf 89' lang='lat' dir='ltr'><strong>princi-</strong></span> 
     </span>
    </p>
   </div>
   <div class='ocr_carea' id='block_1_21' title="bbox 205 2047 1860 2130">
    <p class='ocr_par' dir='ltr' id='par_1_21' title="bbox 205 2047 1860 2130">
     <span class='ocr_line' id='line_1_21' title="bbox 205 2047 1860 2130; baseline 0.003 -19"><span class='ocrx_word' id='word_1_138' title='bbox 205 2054 318 2130; x_wconf 88' lang='lat' dir='ltr'><strong>pis,</strong></span> <span class='ocrx_word' id='word_1_139' title='bbox 334 2059 596 2112; x_wconf 79' lang='lat' dir='ltr'><strong>nocenter</strong></span> <span class='ocrx_word' id='word_1_140' title='bbox 612 2057 685 2112; x_wconf 91' lang='lat' dir='ltr'><strong>ad</strong></span> <span class='ocrx_word' id='word_1_141' title='bbox 704 2073 934 2114; x_wconf 89' lang='lat' dir='ltr'><strong>merum</strong></span> <span class='ocrx_word' id='word_1_142' title='bbox 955 2047 1205 2114; x_wconf 85' lang='lat' dir='ltr'><strong>latinum</strong></span> <span class='ocrx_word' id='word_1_143' title='bbox 1224 2059 1403 2114; x_wconf 83' lang='lat' dir='ltr'><strong>ritum</strong></span> <span class='ocrx_word' id='word_1_144' title='bbox 1423 2060 1780 2124; x_wconf 89' lang='lat' dir='ltr'><strong>convcrsi,ut</strong></span> <span class='ocrx_word' id='word_1_145' title='bbox 1801 2061 1860 2116; x_wconf 91' lang='lat' dir='ltr'><strong>in</strong></span> 
     </span>
    </p>
   </div>
   <div class='ocr_carea' id='block_1_22' title="bbox 205 2143 1863 2220">
    <p class='ocr_par' dir='ltr' id='par_1_22' title="bbox 205 2143 1863 2220">
     <span class='ocr_line' id='line_1_22' title="bbox 205 2143 1863 2220; baseline 0.003 -19"><span class='ocrx_word' id='word_1_146' title='bbox 205 2143 506 2218; x_wconf 82' lang='lat' dir='ltr'><strong>Hungaria</strong></span> <span class='ocrx_word' id='word_1_147' title='bbox 533 2148 591 2202; x_wconf 90' lang='lat' dir='ltr'><strong>et</strong></span> <span class='ocrx_word' id='word_1_148' title='bbox 617 2144 878 2213; x_wconf 90' lang='lat' dir='ltr'><strong>Polonia,</strong></span> <span class='ocrx_word' id='word_1_149' title='bbox 902 2145 1173 2220; x_wconf 90' lang='lat' dir='ltr'><strong>episcopo</strong></span> <span class='ocrx_word' id='word_1_150' title='bbox 1195 2146 1407 2203; x_wconf 82' lang='lat' dir='ltr'><strong>auxilio</strong></span> <span class='ocrx_word' id='word_1_151' title='bbox 1431 2149 1672 2206; x_wconf 82' lang='lat' dir='ltr'><strong>foret.—</strong></span> <span class='ocrx_word' id='word_1_152' title='bbox 1693 2149 1863 2206; x_wconf 83' lang='lat' dir='ltr'><strong>Nole-</strong></span> 
     </span>
    </p>
   </div>
   <div class='ocr_carea' id='block_1_23' title="bbox 206 2233 1862 2310">
    <p class='ocr_par' dir='ltr' id='par_1_23' title="bbox 206 2233 1862 2310">
     <span class='ocr_line' id='line_1_23' title="bbox 206 2233 1862 2310; baseline 0.003 -21"><span class='ocrx_word' id='word_1_153' title='bbox 206 2233 352 2289; x_wconf 86' lang='lat' dir='ltr'><strong>bant</strong></span> <span class='ocrx_word' id='word_1_154' title='bbox 378 2233 579 2307; x_wconf 86' lang='lat' dir='ltr'><strong>igitur,</strong></span> <span class='ocrx_word' id='word_1_155' title='bbox 607 2233 790 2290; x_wconf 79' lang='lat' dir='ltr'><strong>sim-ili</strong></span> <span class='ocrx_word' id='word_1_156' title='bbox 844 2235 1038 2304; x_wconf 87' lang='lat' dir='ltr'><strong>modo,</strong></span> <span class='ocrx_word' id='word_1_157' title='bbox 1090 2233 1312 2306; x_wconf 91' lang='lat' dir='ltr'><strong>Poloni,</strong></span> <span class='ocrx_word' id='word_1_158' title='bbox 1360 2237 1695 2310; x_wconf 82' lang='lat' dir='ltr'><strong>nuperrime</strong></span> <span class='ocrx_word' id='word_1_159' title='bbox 1727 2255 1862 2294; x_wconf 86' lang='lat' dir='ltr'><strong>con-</strong></span> 
     </span>
    </p>
   </div>
   <div class='ocr_carea' id='block_1_24' title="bbox 201 2321 1864 2398">
    <p class='ocr_par' dir='ltr' id='par_1_24' title="bbox 201 2321 1864 2398">
     <span class='ocr_line' id='line_1_24' title="bbox 201 2321 1864 2398; baseline 0.004 -21"><span class='ocrx_word' id='word_1_160' title='bbox 201 2321 378 2391; x_wconf 86' lang='lat' dir='ltr'><strong>versi,</strong></span> <span class='ocrx_word' id='word_1_161' title='bbox 400 2321 461 2378; x_wconf 87' lang='lat' dir='ltr'><strong>in</strong></span> <span class='ocrx_word' id='word_1_162' title='bbox 483 2321 954 2380; x_wconf 82' lang='lat' dir='ltr'><strong>Christianorum</strong></span> <span class='ocrx_word' id='word_1_163' title='bbox 986 2323 1249 2380; x_wconf 89' lang='lat' dir='ltr'><strong>ecclesiis</strong></span> <span class='ocrx_word' id='word_1_164' title='bbox 1280 2326 1508 2392; x_wconf 81' lang='lat' dir='ltr'><strong>adesse,</strong></span> <span class='ocrx_word' id='word_1_165' title='bbox 1543 2341 1864 2398; x_wconf 90' lang='lat' dir='ltr'><strong>eorumque</strong></span> 
     </span>
    </p>
   </div>
   <div class='ocr_carea' id='block_1_25' title="bbox 203 2409 1865 2486">
    <p class='ocr_par' dir='ltr' id='par_1_25' title="bbox 203 2409 1865 2486">
     <span class='ocr_line' id='line_1_25' title="bbox 203 2409 1865 2486; baseline 0.003 -20"><span class='ocrx_word' id='word_1_166' title='bbox 203 2409 360 2468; x_wconf 84' lang='lat' dir='ltr'><strong>ritus</strong></span> <span class='ocrx_word' id='word_1_167' title='bbox 379 2410 832 2478; x_wconf 85' lang='lat' dir='ltr'><strong>ecclesiasticos,</strong></span> <span class='ocrx_word' id='word_1_168' title='bbox 869 2428 1216 2485; x_wconf 88' lang='lat' dir='ltr'><strong>severasque</strong></span> <span class='ocrx_word' id='word_1_169' title='bbox 1247 2412 1405 2486; x_wconf 87' lang='lat' dir='ltr'><strong>leges</strong></span> <span class='ocrx_word' id='word_1_170' title='bbox 1437 2413 1865 2486; x_wconf 67' lang='lat' dir='ltr'><strong>poenitentiales</strong></span> 
     </span>
    </p>
   </div>
   <div class='ocr_carea' id='block_1_26' title="bbox 204 2499 1864 2576">
    <p class='ocr_par' dir='ltr' id='par_1_26' title="bbox 204 2499 1864 2576">
     <span class='ocr_line' id='line_1_26' title="bbox 204 2499 1864 2576; baseline 0.002 -21"><span class='ocrx_word' id='word_1_171' title='bbox 204 2499 404 2572; x_wconf 85' lang='lat' dir='ltr'><strong>sequi;</strong></span> <span class='ocrx_word' id='word_1_172' title='bbox 429 2499 706 2557; x_wconf 89' lang='lat' dir='ltr'><strong>nolebant</strong></span> <span class='ocrx_word' id='word_1_173' title='bbox 727 2502 1057 2573; x_wconf 88' lang='lat' dir='ltr'><strong>relinquere</strong></span> <span class='ocrx_word' id='word_1_174' title='bbox 1079 2501 1357 2574; x_wconf 89' lang='lat' dir='ltr'><strong>antiquos</strong></span> <span class='ocrx_word' id='word_1_175' title='bbox 1383 2519 1576 2559; x_wconf 89' lang='lat' dir='ltr'><strong>mores</strong></span> <span class='ocrx_word' id='word_1_176' title='bbox 1598 2502 1864 2576; x_wconf 84' lang='lat' dir='ltr'><strong>religioni</strong></span> 
     </span>
    </p>
   </div>
   <div class='ocr_carea' id='block_1_27' title="bbox 203 2587 1864 2662">
    <p class='ocr_par' dir='ltr' id='par_1_27' title="bbox 203 2587 1864 2662">
     <span class='ocr_line' id='line_1_27' title="bbox 203 2587 1864 2662; baseline 0.002 -16"><span class='ocrx_word' id='word_1_177' title='bbox 203 2587 434 2655; x_wconf 74' lang='lat' dir='ltr'><strong>Graecae,</strong></span> <span class='ocrx_word' id='word_1_178' title='bbox 465 2587 648 2645; x_wconf 87' lang='lat' dir='ltr'><strong>immo</strong></span> <span class='ocrx_word' id='word_1_179' title='bbox 698 2605 942 2662; x_wconf 58' lang='lat' dir='ltr'><strong>pagana;</strong></span> <span class='ocrx_word' id='word_1_180' title='bbox 988 2589 1200 2646; x_wconf 81' lang='lat' dir='ltr'><strong>mixtos</strong></span> <span class='ocrx_word' id='word_1_181' title='bbox 1229 2594 1288 2646; x_wconf 91' lang='lat' dir='ltr'><strong>et</strong></span> <span class='ocrx_word' id='word_1_182' title='bbox 1327 2591 1629 2649; x_wconf 83' lang='lat' dir='ltr'><strong>obnoxios.</strong></span> <span class='ocrx_word' id='word_1_183' title='bbox 1664 2593 1864 2649; x_wconf 83' lang='lat' dir='ltr'><strong>Verbis</strong></span> 
     </span>
    </p>
   </div>
   <div class='ocr_carea' id='block_1_28' title="bbox 199 2675 1862 2748">
    <p class='ocr_par' dir='ltr' id='par_1_28' title="bbox 199 2675 1862 2748">
     <span class='ocr_line' id='line_1_28' title="bbox 199 2675 1862 2748; baseline 0.001 -12"><span class='ocrx_word' id='word_1_184' title='bbox 199 2675 652 2748; x_wconf 74' lang='lat' dir='ltr'><strong>praedicatorum</strong></span> <span class='ocrx_word' id='word_1_185' title='bbox 682 2693 798 2732; x_wconf 91' lang='lat' dir='ltr'><strong>non</strong></span> <span class='ocrx_word' id='word_1_186' title='bbox 829 2679 1263 2746; x_wconf 74' lang='lat' dir='ltr'><strong>corrigebantur.</strong></span> <span class='ocrx_word' id='word_1_187' title='bbox 1284 2679 1431 2734; x_wconf 86' lang='lat' dir='ltr'><strong>Hinc</strong></span> <span class='ocrx_word' id='word_1_188' title='bbox 1459 2679 1613 2736; x_wconf 82' lang='lat' dir='ltr'><strong>ferro</strong></span> <span class='ocrx_word' id='word_1_189' title='bbox 1645 2681 1717 2736; x_wconf 89' lang='lat' dir='ltr'><strong>ad</strong></span> <span class='ocrx_word' id='word_1_190' title='bbox 1751 2697 1862 2737; x_wconf 67' lang='lat' dir='ltr'><strong>coa-</strong></span> 
     </span>
    </p>
   </div>
   <div class='ocr_carea' id='block_1_29' title="bbox 203 2763 1862 2832">
    <p class='ocr_par' dir='ltr' id='par_1_29' title="bbox 203 2763 1862 2832">
     <span class='ocr_line' id='line_1_29' title="bbox 203 2763 1862 2832; baseline 0.004 -12"><span class='ocrx_word' id='word_1_191' title='bbox 203 2781 344 2820; x_wconf 86' lang='lat' dir='ltr'><strong>nam</strong></span> <span class='ocrx_word' id='word_1_192' title='bbox 373 2763 763 2832; x_wconf 86' lang='lat' dir='ltr'><strong>Dominicam,</strong></span> <span class='ocrx_word' id='word_1_193' title='bbox 790 2765 849 2821; x_wconf 90' lang='lat' dir='ltr'><strong>id</strong></span> <span class='ocrx_word' id='word_1_194' title='bbox 901 2770 990 2822; x_wconf 88' lang='lat' dir='ltr'><strong>est</strong></span> <span class='ocrx_word' id='word_1_195' title='bbox 1047 2767 1122 2822; x_wconf 89' lang='lat' dir='ltr'><strong>ad</strong></span> <span class='ocrx_word' id='word_1_196' title='bbox 1181 2767 1426 2824; x_wconf 89' lang='lat' dir='ltr'><strong>missam</strong></span> <span class='ocrx_word' id='word_1_197' title='bbox 1485 2767 1732 2824; x_wconf 86' lang='lat' dir='ltr'><strong>latinam</strong></span> <span class='ocrx_word' id='word_1_198' title='bbox 1762 2785 1862 2826; x_wconf 84' lang='lat' dir='ltr'><strong>eos</strong></span> 
     </span>
    </p>
   </div>
   <div class='ocr_carea' id='block_1_30' title="bbox 203 2851 1866 2925">
    <p class='ocr_par' dir='ltr' id='par_1_30' title="bbox 203 2851 1866 2925">
     <span class='ocr_line' id='line_1_30' title="bbox 203 2851 1866 2925; baseline 0.005 -17"><span class='ocrx_word' id='word_1_199' title='bbox 203 2852 489 2925; x_wconf 88' lang='lat' dir='ltr'><strong>compulit</strong></span> <span class='ocrx_word' id='word_1_200' title='bbox 513 2851 862 2910; x_wconf 89' lang='lat' dir='ltr'><strong>Bolizlavus.</strong></span> <span class='ocrx_word' id='word_1_201' title='bbox 892 2855 1100 2913; x_wconf 79' lang='lat' dir='ltr'><strong>Dentes</strong></span> <span class='ocrx_word' id='word_1_202' title='bbox 1126 2855 1646 2924; x_wconf 88' lang='lat' dir='ltr'><strong>abscindebantur,</strong></span> <span class='ocrx_word' id='word_1_203' title='bbox 1672 2857 1866 2916; x_wconf 83' lang='lat' dir='ltr'><strong>Tbiet-</strong></span> 
     </span>
    </p>
   </div>
   <div class='ocr_carea' id='block_1_31' title="bbox 204 2942 1862 3019">
    <p class='ocr_par' dir='ltr' id='par_1_31' title="bbox 204 2942 1862 3019">
     <span class='ocr_line' id='line_1_31' title="bbox 204 2942 1862 3019; baseline 0.004 -21"><span class='ocrx_word' id='word_1_204' title='bbox 204 2945 546 3011; x_wconf 82' lang='lat' dir='ltr'><strong>maroteste</strong></span> <span class='ocrx_word' id='word_1_205' title='bbox 575 2942 745 3016; x_wconf 88' lang='lat'><strong>(303),</strong></span> <span class='ocrx_word' id='word_1_206' title='bbox 769 2942 820 3000; x_wconf 89' lang='lat' dir='ltr'><strong>ei</strong></span> <span class='ocrx_word' id='word_1_207' title='bbox 853 2943 975 3015; x_wconf 89' lang='lat' dir='ltr'><strong>qui,</strong></span> <span class='ocrx_word' id='word_1_208' title='bbox 1010 2948 1143 3016; x_wconf 88' lang='lat' dir='ltr'><strong>post</strong></span> <span class='ocrx_word' id='word_1_209' title='bbox 1167 2945 1700 3019; x_wconf 75' lang='lat' dir='ltr'><strong>Septuagesimum,</strong></span> <span class='ocrx_word' id='word_1_210' title='bbox 1739 2963 1862 3004; x_wconf 91' lang='lat' dir='ltr'><strong>car-</strong></span> 
     </span>
    </p>
   </div>
   <div class='ocr_carea' id='block_1_32' title="bbox 204 3031 1864 3106">
    <p class='ocr_par' dir='ltr' id='par_1_32' title="bbox 204 3031 1864 3106">
     <span class='ocr_line' id='line_1_32' title="bbox 204 3031 1864 3106; baseline 0.004 -20"><span class='ocrx_word' id='word_1_211' title='bbox 204 3045 338 3088; x_wconf 86' lang='lat' dir='ltr'><strong>nem</strong></span> <span class='ocrx_word' id='word_1_212' title='bbox 362 3031 800 3091; x_wconf 83' lang='lat' dir='ltr'><strong>manducasset.</strong></span> <span class='ocrx_word' id='word_1_213' title='bbox 815 3031 957 3095; x_wconf 85' lang='lat' dir='ltr'><strong>Quis</strong></span> <span class='ocrx_word' id='word_1_214' title='bbox 977 3033 1165 3089; x_wconf 83' lang='lat' dir='ltr'><strong>nescit</strong></span> <span class='ocrx_word' id='word_1_215' title='bbox 1185 3050 1303 3106; x_wconf 90' lang='lat' dir='ltr'><strong>qua</strong></span> <span class='ocrx_word' id='word_1_216' title='bbox 1332 3034 1429 3106; x_wconf 90' lang='lat' dir='ltr'><strong>pia</strong></span> <span class='ocrx_word' id='word_1_217' title='bbox 1449 3035 1656 3092; x_wconf 85' lang='lat' dir='ltr'><strong>fraude</strong></span> <span class='ocrx_word' id='word_1_218' title='bbox 1681 3035 1864 3093; x_wconf 91' lang='lat' dir='ltr'><strong>eccle-</strong></span> 
     </span>
    </p>
   </div>
   <div class='ocr_carea' id='block_1_33' title="bbox 203 3117 1863 3194">
    <p class='ocr_par' dir='ltr' id='par_1_33' title="bbox 203 3117 1863 3194">
     <span class='ocr_line' id='line_1_33' title="bbox 203 3117 1863 3194; baseline 0.004 -21"><span class='ocrx_word' id='word_1_219' title='bbox 203 3117 295 3174; x_wconf 84' lang='lat' dir='ltr'><strong>sia</strong></span> <span class='ocrx_word' id='word_1_220' title='bbox 323 3119 409 3174; x_wconf 86' lang='lat' dir='ltr'><strong>uti</strong></span> <span class='ocrx_word' id='word_1_221' title='bbox 439 3118 664 3186; x_wconf 83' lang='lat' dir='ltr'><strong>debuit,</strong></span> <span class='ocrx_word' id='word_1_222' title='bbox 686 3123 754 3175; x_wconf 86' lang='lat' dir='ltr'><strong>ut</strong></span> <span class='ocrx_word' id='word_1_223' title='bbox 797 3119 1135 3177; x_wconf 84' lang='lat' dir='ltr'><strong>Saturnalia</strong></span> <span class='ocrx_word' id='word_1_224' title='bbox 1187 3121 1419 3194; x_wconf 87' lang='lat' dir='ltr'><strong>aliaque</strong></span> <span class='ocrx_word' id='word_1_225' title='bbox 1476 3123 1626 3179; x_wconf 78' lang='lat' dir='ltr'><strong>festa</strong></span> <span class='ocrx_word' id='word_1_226' title='bbox 1687 3125 1863 3180; x_wconf 87' lang='lat' dir='ltr'><strong>rebus</strong></span> 
     </span>
    </p>
   </div>
   <div class='ocr_carea' id='block_1_34' title="bbox 202 3206 1862 3284">
    <p class='ocr_par' dir='ltr' id='par_1_34' title="bbox 202 3206 1862 3284">
     <span class='ocr_line' id='line_1_34' title="bbox 202 3206 1862 3284; baseline 0.005 -22"><span class='ocrx_word' id='word_1_227' title='bbox 202 3206 554 3266; x_wconf 87' lang='lat' dir='ltr'><strong>Christianis</strong></span> <span class='ocrx_word' id='word_1_228' title='bbox 589 3207 958 3282; x_wconf 88' lang='lat' dir='ltr'><strong>applicando,</strong></span> <span class='ocrx_word' id='word_1_229' title='bbox 987 3209 1210 3266; x_wconf 86' lang='lat' dir='ltr'><strong>sensim</strong></span> <span class='ocrx_word' id='word_1_230' title='bbox 1258 3210 1599 3284; x_wconf 87' lang='lat' dir='ltr'><strong>sensimque</strong></span> <span class='ocrx_word' id='word_1_231' title='bbox 1632 3214 1862 3270; x_wconf 84' lang='lat' dir='ltr'><strong>animas</strong></span> 
     </span>
    </p>
   </div>
   <div class='ocr_carea' id='block_1_35' title="bbox 1960 631 3612 713">
    <p class='ocr_par' dir='ltr' id='par_1_35' title="bbox 1960 631 3612 713">
     <span class='ocr_line' id='line_1_35' title="bbox 1960 631 3612 713; baseline 0.004 -26"><span class='ocrx_word' id='word_1_232' title='bbox 1960 631 2370 704; x_wconf 88' lang='lat' dir='ltr'><strong>quotidianum</strong></span> <span class='ocrx_word' id='word_1_233' title='bbox 2401 633 2477 689; x_wconf 82' lang='lat' dir='ltr'><strong>da</strong></span> <span class='ocrx_word' id='word_1_234' title='bbox 2506 633 2675 694; x_wconf 87' lang='lat' dir='ltr'><strong>nobis</strong></span> <span class='ocrx_word' id='word_1_235' title='bbox 2697 633 2869 698; x_wconf 84' lang='lat' dir='ltr'><strong>hodie</strong></span> <span class='ocrx_word' id='word_1_236' title='bbox 2891 657 2920 685; x_wconf 84' lang='lat'><strong>»</strong></span> <span class='ocrx_word' id='word_1_237' title='bbox 2942 635 3002 691; x_wconf 93' lang='lat' dir='ltr'><strong>in</strong></span> <span class='ocrx_word' id='word_1_238' title='bbox 3026 638 3224 692; x_wconf 87' lang='lat' dir='ltr'><strong>nostro</strong></span> <span class='ocrx_word' id='word_1_239' title='bbox 3246 634 3396 691; x_wconf 90' lang='lat' dir='ltr'><strong>libro</strong></span> <span class='ocrx_word' id='word_1_240' title='bbox 3419 635 3612 713; x_wconf 82' lang='lat' dir='ltr'><strong>adhuc</strong></span> 
     </span>
    </p>
   </div>
   <div class='ocr_carea' id='block_1_36' title="bbox 1959 713 3609 796">
    <p class='ocr_par' dir='ltr' id='par_1_36' title="bbox 1959 713 3609 796">
     <span class='ocr_line' id='line_1_36' title="bbox 1959 713 3609 796; baseline 0.002 -20"><span class='ocrx_word' id='word_1_241' title='bbox 1959 721 2271 777; x_wconf 83' lang='lat' dir='ltr'><strong>trahantur</strong></span> <span class='ocrx_word' id='word_1_242' title='bbox 2299 725 2355 778; x_wconf 89' lang='lat' dir='ltr'><strong>et</strong></span> <span class='ocrx_word' id='word_1_243' title='bbox 2384 723 2468 779; x_wconf 87' lang='lat' dir='ltr'><strong>sic</strong></span> <span class='ocrx_word' id='word_1_244' title='bbox 2499 723 2879 796; x_wconf 85' lang='lat' dir='ltr'><strong>explicentur.</strong></span> <span class='ocrx_word' id='word_1_245' title='bbox 2906 723 3180 796; x_wconf 88' lang='lat' dir='ltr'><strong>Legimus</strong></span> <span class='ocrx_word' id='word_1_246' title='bbox 3207 713 3486 780; x_wconf 73' lang='lat' dir='ltr'><strong>enim&#39;fol.</strong></span> <span class='ocrx_word' id='word_1_247' title='bbox 3518 725 3609 794; x_wconf 90' lang='lat'><strong>70,</strong></span> 
     </span>
    </p>
   </div>
   <div class='ocr_carea' id='block_1_37' title="bbox 1960 809 3613 887">
    <p class='ocr_par' dir='ltr' id='par_1_37' title="bbox 1960 809 3613 887">
     <span class='ocr_line' id='line_1_37' title="bbox 1960 809 3613 887; baseline 0.002 -21"><span class='ocrx_word' id='word_1_248' title='bbox 1960 826 2128 867; x_wconf 90' lang='lat' dir='ltr'><strong>verso</strong></span> <span class='ocrx_word' id='word_1_249' title='bbox 2151 827 2201 866; x_wconf 86' lang='lat'><strong>:«</strong></span> <span class='ocrx_word' id='word_1_250' title='bbox 2235 809 2570 884; x_wconf 76' lang='lat' dir='ltr'><strong>lllud‘quod</strong></span> <span class='ocrx_word' id='word_1_251' title='bbox 2601 811 2819 870; x_wconf 90' lang='lat' dir='ltr'><strong>dicitur</strong></span> <span class='ocrx_word' id='word_1_252' title='bbox 2848 834 2876 862; x_wconf 86' lang='lat'>«</span> <span class='ocrx_word' id='word_1_253' title='bbox 2900 811 3057 868; x_wconf 80' lang='lat' dir='ltr'><strong>hodie</strong></span> <span class='ocrx_word' id='word_1_254' title='bbox 3088 833 3116 861; x_wconf 70' lang='grc' dir='ltr'><strong>γι</strong></span> <span class='ocrx_word' id='word_1_255' title='bbox 3149 829 3264 868; x_wconf 89' lang='lat' dir='ltr'><strong>non</strong></span> <span class='ocrx_word' id='word_1_256' title='bbox 3295 829 3613 887; x_wconf 87' lang='lat' dir='ltr'><strong>possumus</strong></span> 
     </span>
    </p>
   </div>
   <div class='ocr_carea' id='block_1_38' title="bbox 1963 899 3610 975">
    <p class='ocr_par' dir='ltr' id='par_1_38' title="bbox 1963 899 3610 975">
     <span class='ocr_line' id='line_1_38' title="bbox 1963 899 3610 975; baseline 0.002 -19"><span class='ocrx_word' id='word_1_257' title='bbox 1963 899 2312 973; x_wconf 88' lang='lat' dir='ltr'><strong>generaliter</strong></span> <span class='ocrx_word' id='word_1_258' title='bbox 2341 901 2556 956; x_wconf 89' lang='lat' dir='ltr'><strong>referre</strong></span> <span class='ocrx_word' id='word_1_259' title='bbox 2578 901 2650 957; x_wconf 88' lang='lat' dir='ltr'><strong>ad</strong></span> <span class='ocrx_word' id='word_1_260' title='bbox 2672 917 2886 974; x_wconf 90' lang='lat' dir='ltr'><strong>corpus</strong></span> <span class='ocrx_word' id='word_1_261' title='bbox 2908 905 2966 958; x_wconf 91' lang='lat' dir='ltr'><strong>et</strong></span> <span class='ocrx_word' id='word_1_262' title='bbox 2988 900 3335 975; x_wconf 88' lang='lat' dir='ltr'><strong>sanguinem</strong></span> <span class='ocrx_word' id='word_1_263' title='bbox 3360 904 3610 973; x_wconf 90' lang='lat' dir='ltr'><strong>Domini,</strong></span> 
     </span>
    </p>
   </div>
   <div class='ocr_carea' id='block_1_39' title="bbox 1965 989 3614 1064">
    <p class='ocr_par' dir='ltr' id='par_1_39' title="bbox 1965 989 3614 1064">
     <span class='ocr_line' id='line_1_39' title="bbox 1965 989 3614 1064; baseline 0.002 -20"><span class='ocrx_word' id='word_1_264' title='bbox 1965 989 2105 1062; x_wconf 89' lang='lat' dir='ltr'><strong>quia</strong></span> <span class='ocrx_word' id='word_1_265' title='bbox 2135 993 2278 1046; x_wconf 89' lang='lat' dir='ltr'><strong>sunt</strong></span> <span class='ocrx_word' id='word_1_266' title='bbox 2304 989 2470 1058; x_wconf 83' lang='lat' dir='ltr'><strong>tales,</strong></span> <span class='ocrx_word' id='word_1_267' title='bbox 2496 990 2596 1064; x_wconf 88' lang='lat' dir='ltr'><strong>qui</strong></span> <span class='ocrx_word' id='word_1_268' title='bbox 2640 1007 2756 1046; x_wconf 89' lang='lat' dir='ltr'><strong>non</strong></span> <span class='ocrx_word' id='word_1_269' title='bbox 2808 993 3058 1063; x_wconf 89' lang='lat' dir='ltr'><strong>possunt</strong></span> <span class='ocrx_word' id='word_1_270' title='bbox 3087 991 3327 1062; x_wconf 78' lang='lat' dir='ltr'><strong>quotidie</strong></span> <span class='ocrx_word' id='word_1_271' title='bbox 3371 1007 3614 1048; x_wconf 84' lang='lat' dir='ltr'><strong>commu-</strong></span> 
     </span>
    </p>
   </div>
   <div class='ocr_carea' id='block_1_40' title="bbox 1964 1078 3614 1152">
    <p class='ocr_par' dir='ltr' id='par_1_40' title="bbox 1964 1078 3614 1152">
     <span class='ocr_line' id='line_1_40' title="bbox 1964 1078 3614 1152; baseline 0.001 -19"><span class='ocrx_word' id='word_1_272' title='bbox 1964 1080 2172 1144; x_wconf 83' lang='lat' dir='ltr'><strong>nicare,</strong></span> <span class='ocrx_word' id='word_1_273' title='bbox 2205 1083 2302 1136; x_wconf 89' lang='lat' dir='ltr'><strong>aut</strong></span> <span class='ocrx_word' id='word_1_274' title='bbox 2330 1080 2520 1152; x_wconf 88' lang='lat' dir='ltr'><strong>aliqua</strong></span> <span class='ocrx_word' id='word_1_275' title='bbox 2538 1078 2812 1136; x_wconf 75' lang='lat' dir='ltr'><strong>discordia</strong></span> <span class='ocrx_word' id='word_1_276' title='bbox 2829 1083 3018 1136; x_wconf 86' lang='lat' dir='ltr'><strong>contra</strong></span> <span class='ocrx_word' id='word_1_277' title='bbox 3041 1081 3365 1152; x_wconf 70' lang='lat' dir='ltr'><strong>proximum</strong></span> <span class='ocrx_word' id='word_1_278' title='bbox 3384 1097 3614 1136; x_wconf 89' lang='lat' dir='ltr'><strong>comma-</strong></span> 
     </span>
    </p>
   </div>
   <div class='ocr_carea' id='block_1_41' title="bbox 1964 1168 3614 1240">
    <p class='ocr_par' dir='ltr' id='par_1_41' title="bbox 1964 1168 3614 1240">
     <span class='ocr_line' id='line_1_41' title="bbox 1964 1168 3614 1240; baseline 0.001 -18"><span class='ocrx_word' id='word_1_279' title='bbox 1964 1168 2156 1231; x_wconf 77' lang='lat' dir='ltr'><strong>culati,</strong></span> <span class='ocrx_word' id='word_1_280' title='bbox 2189 1176 2283 1223; x_wconf 82' lang='lat' dir='ltr'><strong>aut</strong></span> <span class='ocrx_word' id='word_1_281' title='bbox 2319 1169 2639 1224; x_wconf 83' lang='lat' dir='ltr'><strong>noctumali</strong></span> <span class='ocrx_word' id='word_1_282' title='bbox 2677 1170 3022 1240; x_wconf 78' lang='lat' dir='ltr'><strong>coinquinali</strong></span> <span class='ocrx_word' id='word_1_283' title='bbox 3055 1169 3384 1240; x_wconf 79' lang='lat' dir='ltr'><strong>pollutione.</strong></span> <span class='ocrx_word' id='word_1_284' title='bbox 3417 1169 3614 1225; x_wconf 89' lang='lat' dir='ltr'><strong>Homi-</strong></span> 
     </span>
    </p>
   </div>
   <div class='ocr_carea' id='block_1_42' title="bbox 1967 1258 3404 1331">
    <p class='ocr_par' dir='ltr' id='par_1_42' title="bbox 1967 1258 3404 1331">
     <span class='ocr_line' id='line_1_42' title="bbox 1967 1258 3404 1331; baseline 0.001 -19"><span class='ocrx_word' id='word_1_285' title='bbox 1967 1273 2071 1312; x_wconf 90' lang='lat' dir='ltr'><strong>nes</strong></span> <span class='ocrx_word' id='word_1_286' title='bbox 2102 1261 2263 1323; x_wconf 92' lang='lat' dir='ltr'><strong>sunt,</strong></span> <span class='ocrx_word' id='word_1_287' title='bbox 2297 1274 2412 1313; x_wconf 90' lang='lat' dir='ltr'><strong>non</strong></span> <span class='ocrx_word' id='word_1_288' title='bbox 2445 1261 2694 1330; x_wconf 79' lang='lat' dir='ltr'><strong>possunt</strong></span> <span class='ocrx_word' id='word_1_289' title='bbox 2722 1272 2850 1315; x_wconf 89' lang='lat' dir='ltr'><strong>esse</strong></span> <span class='ocrx_word' id='word_1_290' title='bbox 2882 1274 3113 1331; x_wconf 87' lang='lat' dir='ltr'><strong>semper</strong></span> <span class='ocrx_word' id='word_1_291' title='bbox 3141 1258 3348 1330; x_wconf 85' lang='lat' dir='ltr'><strong>parati.</strong></span> <span class='ocrx_word' id='word_1_292' title='bbox 3375 1279 3404 1307; x_wconf 85' lang='lat'><strong>»</strong></span> 
     </span>
    </p>
   </div>
   <div class='ocr_carea' id='block_1_43' title="bbox 2039 1345 3618 1418">
    <p class='ocr_par' dir='ltr' id='par_1_43' title="bbox 2039 1345 3618 1418">
     <span class='ocr_line' id='line_1_43' title="bbox 2039 1345 3618 1418; baseline 0.002 -19"><span class='ocrx_word' id='word_1_293' title='bbox 2039 1345 2202 1409; x_wconf 86' lang='lat' dir='ltr'><strong>Quod</strong></span> <span class='ocrx_word' id='word_1_294' title='bbox 2229 1346 2277 1402; x_wconf 92' lang='lat' dir='ltr'><strong>si</strong></span> <span class='ocrx_word' id='word_1_295' title='bbox 2301 1346 2434 1418; x_wconf 88' lang='lat' dir='ltr'><strong>quis</strong></span> <span class='ocrx_word' id='word_1_296' title='bbox 2455 1345 2886 1405; x_wconf 87' lang='lat' dir='ltr'><strong>nihilhominus</strong></span> <span class='ocrx_word' id='word_1_297' title='bbox 2906 1348 3190 1403; x_wconf 88' lang='lat' dir='ltr'><strong>Porussos</strong></span> <span class='ocrx_word' id='word_1_298' title='bbox 3212 1345 3306 1402; x_wconf 91' lang='lat' dir='ltr'><strong>his</strong></span> <span class='ocrx_word' id='word_1_299' title='bbox 3323 1345 3515 1404; x_wconf 85' lang='lat' dir='ltr'><strong>verbis</strong></span> <span class='ocrx_word' id='word_1_300' title='bbox 3537 1346 3618 1404; x_wconf 85' lang='lat' dir='ltr'><strong>in-</strong></span> 
     </span>
    </p>
   </div>
   <div class='ocr_carea' id='block_1_44' title="bbox 1968 1433 3621 1506">
    <p class='ocr_par' dir='ltr' id='par_1_44' title="bbox 1968 1433 3621 1506">
     <span class='ocr_line' id='line_1_44' title="bbox 1968 1433 3621 1506; baseline 0.002 -18"><span class='ocrx_word' id='word_1_301' title='bbox 1968 1434 2189 1490; x_wconf 89' lang='lat' dir='ltr'><strong>dicatos</strong></span> <span class='ocrx_word' id='word_1_302' title='bbox 2211 1451 2340 1491; x_wconf 90' lang='lat' dir='ltr'><strong>esse</strong></span> <span class='ocrx_word' id='word_1_303' title='bbox 2362 1433 2580 1506; x_wconf 88' lang='lat' dir='ltr'><strong>vult,id</strong></span> <span class='ocrx_word' id='word_1_304' title='bbox 2614 1435 2725 1492; x_wconf 89' lang='lat' dir='ltr'><strong>alio</strong></span> <span class='ocrx_word' id='word_1_305' title='bbox 2760 1453 2938 1492; x_wconf 90' lang='lat' dir='ltr'><strong>sensu</strong></span> <span class='ocrx_word' id='word_1_306' title='bbox 2966 1452 3094 1492; x_wconf 88' lang='lat' dir='ltr'><strong>esse</strong></span> <span class='ocrx_word' id='word_1_307' title='bbox 3124 1436 3362 1493; x_wconf 87' lang='lat' dir='ltr'><strong>deberet</strong></span> <span class='ocrx_word' id='word_1_308' title='bbox 3393 1433 3621 1492; x_wconf 47' lang='lat' dir='ltr'><strong>eorum;</strong></span> 
     </span>
    </p>
   </div>
   <div class='ocr_carea' id='block_1_45' title="bbox 1969 1523 3620 1598">
    <p class='ocr_par' dir='ltr' id='par_1_45' title="bbox 1969 1523 3620 1598">
     <span class='ocr_line' id='line_1_45' title="bbox 1969 1523 3620 1598; baseline 0.002 -20"><span class='ocrx_word' id='word_1_309' title='bbox 1969 1524 2102 1579; x_wconf 90' lang='lat' dir='ltr'><strong>dem</strong></span> <span class='ocrx_word' id='word_1_310' title='bbox 2131 1523 2462 1581; x_wconf 86' lang='lat' dir='ltr'><strong>verborum.</strong></span> <span class='ocrx_word' id='word_1_311' title='bbox 2501 1524 2670 1580; x_wconf 92' lang='lat' dir='ltr'><strong>Modo</strong></span> <span class='ocrx_word' id='word_1_312' title='bbox 2711 1524 2857 1580; x_wconf 88' lang='lat' dir='ltr'><strong>mihi</strong></span> <span class='ocrx_word' id='word_1_313' title='bbox 2887 1525 3220 1598; x_wconf 83' lang='lat' dir='ltr'><strong>exemplum</strong></span> <span class='ocrx_word' id='word_1_314' title='bbox 3254 1524 3474 1590; x_wconf 74' lang='lat' dir='ltr'><strong>afferat,</strong></span> <span class='ocrx_word' id='word_1_315' title='bbox 3504 1541 3620 1597; x_wconf 91' lang='lat' dir='ltr'><strong>quo</strong></span> 
     </span>
    </p>
   </div>
   <div class='ocr_carea' id='block_1_46' title="bbox 1970 1611 3620 1687">
    <p class='ocr_par' dir='ltr' id='par_1_46' title="bbox 1970 1611 3620 1687">
     <span class='ocr_line' id='line_1_46' title="bbox 1970 1611 3620 1687; baseline 0.001 -20"><span class='ocrx_word' id='word_1_316' title='bbox 1970 1633 1999 1661; x_wconf 90' lang='grc'><strong>‹‹</strong></span> <span class='ocrx_word' id='word_1_317' title='bbox 2031 1611 2101 1667; x_wconf 85' lang='lat' dir='ltr'><strong>ad</strong></span> <span class='ocrx_word' id='word_1_318' title='bbox 2129 1627 2339 1669; x_wconf 67' lang='lat' dir='ltr'><strong>canam</strong></span> <span class='ocrx_word' id='word_1_319' title='bbox 2366 1613 2701 1670; x_wconf 86' lang='lat' dir='ltr'><strong>dominicam</strong></span> <span class='ocrx_word' id='word_1_320' title='bbox 2729 1615 3051 1687; x_wconf 79' lang='lat' dir='ltr'><strong>compellere</strong></span> <span class='ocrx_word' id='word_1_321' title='bbox 3078 1636 3107 1664; x_wconf 85' lang='lat'>»</span> <span class='ocrx_word' id='word_1_322' title='bbox 3127 1613 3229 1669; x_wconf 84' lang='lat' dir='ltr'><strong>tali</strong></span> <span class='ocrx_word' id='word_1_323' title='bbox 3254 1630 3432 1670; x_wconf 89' lang='lat' dir='ltr'><strong>sensu</strong></span> <span class='ocrx_word' id='word_1_324' title='bbox 3455 1614 3620 1670; x_wconf 88' lang='lat' dir='ltr'><strong>adhi-</strong></span> 
     </span>
    </p>
   </div>
   <div class='ocr_carea' id='block_1_47' title="bbox 1968 1698 3617 1773">
    <p class='ocr_par' dir='ltr' id='par_1_47' title="bbox 1968 1698 3617 1773">
     <span class='ocr_line' id='line_1_47' title="bbox 1968 1698 3617 1773; baseline 0.002 -19"><span class='ocrx_word' id='word_1_325' title='bbox 1968 1698 2157 1756; x_wconf 89' lang='lat' dir='ltr'><strong>bitum</strong></span> <span class='ocrx_word' id='word_1_326' title='bbox 2188 1699 2283 1756; x_wconf 90' lang='lat' dir='ltr'><strong>sit.</strong></span> <span class='ocrx_word' id='word_1_327' title='bbox 2307 1703 2473 1758; x_wconf 89' lang='lat' dir='ltr'><strong>Tunc</strong></span> <span class='ocrx_word' id='word_1_328' title='bbox 2518 1701 2746 1758; x_wconf 80' lang='lat' dir='ltr'><strong>facilius</strong></span> <span class='ocrx_word' id='word_1_329' title='bbox 2789 1703 2936 1759; x_wconf 80' lang='lat' dir='ltr'><strong>foret</strong></span> <span class='ocrx_word' id='word_1_330' title='bbox 2973 1703 3312 1760; x_wconf 87' lang='lat' dir='ltr'><strong>convincere</strong></span> <span class='ocrx_word' id='word_1_331' title='bbox 3349 1702 3617 1773; x_wconf 87' lang='lat' dir='ltr'><strong>lectores,</strong></span> 
     </span>
    </p>
   </div>
   <div class='ocr_carea' id='block_1_48' title="bbox 1969 1789 3624 1864">
    <p class='ocr_par' dir='ltr' id='par_1_48' title="bbox 1969 1789 3624 1864">
     <span class='ocr_line' id='line_1_48' title="bbox 1969 1789 3624 1864; baseline 0.003 -21"><span class='ocrx_word' id='word_1_332' title='bbox 1969 1795 2102 1860; x_wconf 89' lang='lat' dir='ltr'><strong>post</strong></span> <span class='ocrx_word' id='word_1_333' title='bbox 2131 1789 2422 1846; x_wconf 85' lang='lat' dir='ltr'><strong>Adalberti</strong></span> <span class='ocrx_word' id='word_1_334' title='bbox 2457 1791 2611 1846; x_wconf 91' lang='lat' dir='ltr'><strong>inter</strong></span> <span class='ocrx_word' id='word_1_335' title='bbox 2639 1790 2924 1849; x_wconf 89' lang='lat' dir='ltr'><strong>Porussos</strong></span> <span class='ocrx_word' id='word_1_336' title='bbox 2953 1793 3324 1864; x_wconf 86' lang='lat' dir='ltr'><strong>martyrium,</strong></span> <span class='ocrx_word' id='word_1_337' title='bbox 3357 1791 3495 1848; x_wconf 89' lang='lat' dir='ltr'><strong>huic</strong></span> <span class='ocrx_word' id='word_1_338' title='bbox 3525 1808 3624 1848; x_wconf 89' lang='lat' dir='ltr'><strong>na-</strong></span> 
     </span>
    </p>
   </div>
   <div class='ocr_carea' id='block_1_49' title="bbox 1970 1877 3624 1945">
    <p class='ocr_par' dir='ltr' id='par_1_49' title="bbox 1970 1877 3624 1945">
     <span class='ocr_line' id='line_1_49' title="bbox 1970 1877 3624 1945; baseline 0.002 -13"><span class='ocrx_word' id='word_1_339' title='bbox 1970 1877 2112 1935; x_wconf 89' lang='lat' dir='ltr'><strong>tioni</strong></span> <span class='ocrx_word' id='word_1_340' title='bbox 2145 1877 2366 1934; x_wconf 90' lang='lat' dir='ltr'><strong>bellum</strong></span> <span class='ocrx_word' id='word_1_341' title='bbox 2390 1879 2622 1935; x_wconf 85' lang='lat' dir='ltr'><strong>illatum</strong></span> <span class='ocrx_word' id='word_1_342' title='bbox 2635 1896 2764 1936; x_wconf 90' lang='lat' dir='ltr'><strong>esse</strong></span> <span class='ocrx_word' id='word_1_343' title='bbox 2790 1898 2824 1936; x_wconf 90' lang='lat' dir='ltr'><strong>a</strong></span> <span class='ocrx_word' id='word_1_344' title='bbox 2844 1879 3154 1936; x_wconf 90' lang='lat' dir='ltr'><strong>Bolizlavo.</strong></span> <span class='ocrx_word' id='word_1_345' title='bbox 3178 1881 3362 1945; x_wconf 88' lang='lat' dir='ltr'><strong>Quam</strong></span> <span class='ocrx_word' id='word_1_346' title='bbox 3387 1897 3506 1936; x_wconf 90' lang='lat' dir='ltr'><strong>rem</strong></span> <span class='ocrx_word' id='word_1_347' title='bbox 3532 1881 3624 1936; x_wconf 88' lang='lat' dir='ltr'><strong>de-</strong></span> 
     </span>
    </p>
   </div>
   <div class='ocr_carea' id='block_1_50' title="bbox 1973 1965 3622 2043">
    <p class='ocr_par' dir='ltr' id='par_1_50' title="bbox 1973 1965 3622 2043">
     <span class='ocr_line' id='line_1_50' title="bbox 1973 1965 3622 2043; baseline 0.002 -21"><span class='ocrx_word' id='word_1_348' title='bbox 1973 1971 2301 2024; x_wconf 88' lang='lat' dir='ltr'><strong>monstrare</strong></span> <span class='ocrx_word' id='word_1_349' title='bbox 2345 1985 2500 2025; x_wconf 89' lang='lat' dir='ltr'><strong>nunc</strong></span> <span class='ocrx_word' id='word_1_350' title='bbox 2547 1968 2786 2026; x_wconf 88' lang='lat' dir='ltr'><strong>omnino</strong></span> <span class='ocrx_word' id='word_1_351' title='bbox 2818 1970 3083 2043; x_wconf 89' lang='lat' dir='ltr'><strong>despero.</strong></span> <span class='ocrx_word' id='word_1_352' title='bbox 3108 1969 3353 2027; x_wconf 89' lang='lat' dir='ltr'><strong>Plurimi</strong></span> <span class='ocrx_word' id='word_1_353' title='bbox 3385 1965 3622 2043; x_wconf 88' lang='lat' dir='ltr'><strong>quidem</strong></span> 
     </span>
    </p>
   </div>
   <div class='ocr_carea' id='block_1_51' title="bbox 1973 2057 3623 2129">
    <p class='ocr_par' dir='ltr' id='par_1_51' title="bbox 1973 2057 3623 2129">
     <span class='ocr_line' id='line_1_51' title="bbox 1973 2057 3623 2129; baseline 0.002 -17"><span class='ocrx_word' id='word_1_354' title='bbox 1973 2060 2207 2113; x_wconf 87' lang='lat' dir='ltr'><strong>autores</strong></span> <span class='ocrx_word' id='word_1_355' title='bbox 2227 2060 2485 2126; x_wconf 88' lang='lat' dir='ltr'><strong>narrant,</strong></span> <span class='ocrx_word' id='word_1_356' title='bbox 2506 2075 2540 2114; x_wconf 90' lang='lat' dir='ltr'><strong>a</strong></span> <span class='ocrx_word' id='word_1_357' title='bbox 2563 2057 2851 2114; x_wconf 90' lang='lat' dir='ltr'><strong>Bolizlavo</strong></span> <span class='ocrx_word' id='word_1_358' title='bbox 2872 2058 3155 2115; x_wconf 91' lang='lat' dir='ltr'><strong>Porussos</strong></span> <span class='ocrx_word' id='word_1_359' title='bbox 3177 2057 3452 2116; x_wconf 85' lang='lat' dir='ltr'><strong>subactos</strong></span> <span class='ocrx_word' id='word_1_360' title='bbox 3473 2075 3623 2129; x_wconf 87' lang='lat' dir='ltr'><strong>esse,</strong></span> 
     </span>
    </p>
   </div>
   <div class='ocr_carea' id='block_1_52' title="bbox 1973 2145 3624 2220">
    <p class='ocr_par' dir='ltr' id='par_1_52' title="bbox 1973 2145 3624 2220">
     <span class='ocr_line' id='line_1_52' title="bbox 1973 2145 3624 2220; baseline -0.001 -16"><span class='ocrx_word' id='word_1_361' title='bbox 1973 2146 2073 2204; x_wconf 81' lang='lat' dir='ltr'><strong>sed</strong></span> <span class='ocrx_word' id='word_1_362' title='bbox 2097 2145 2336 2203; x_wconf 88' lang='lat' dir='ltr'><strong>totidem</strong></span> <span class='ocrx_word' id='word_1_363' title='bbox 2353 2146 2566 2203; x_wconf 87' lang='lat' dir='ltr'><strong>verbis.</strong></span> <span class='ocrx_word' id='word_1_364' title='bbox 2582 2151 2768 2203; x_wconf 88' lang='lat' dir='ltr'><strong>Immo</strong></span> <span class='ocrx_word' id='word_1_365' title='bbox 2791 2147 2905 2203; x_wconf 88' lang='lat' dir='ltr'><strong>alia</strong></span> <span class='ocrx_word' id='word_1_366' title='bbox 2924 2151 3013 2204; x_wconf 87' lang='lat' dir='ltr'><strong>est</strong></span> <span class='ocrx_word' id='word_1_367' title='bbox 3032 2146 3416 2220; x_wconf 87' lang='lat' dir='ltr'><strong>traditio,qua</strong></span> <span class='ocrx_word' id='word_1_368' title='bbox 3435 2147 3624 2203; x_wconf 90' lang='lat' dir='ltr'><strong>sancti</strong></span> 
     </span>
    </p>
   </div>
   <div class='ocr_carea' id='block_1_53' title="bbox 1971 2233 3627 2308">
    <p class='ocr_par' dir='ltr' id='par_1_53' title="bbox 1971 2233 3627 2308">
     <span class='ocr_line' id='line_1_53' title="bbox 1971 2233 3627 2308; baseline 0.001 -18"><span class='ocrx_word' id='word_1_369' title='bbox 1971 2233 2269 2290; x_wconf 81' lang='lat' dir='ltr'><strong>Adalberti</strong></span> <span class='ocrx_word' id='word_1_370' title='bbox 2301 2251 2536 2307; x_wconf 90' lang='lat' dir='ltr'><strong>corpus,</strong></span> <span class='ocrx_word' id='word_1_371' title='bbox 2560 2239 2785 2308; x_wconf 67' lang='lat' dir='ltr'><strong>aequato</strong></span> <span class='ocrx_word' id='word_1_372' title='bbox 2807 2235 3034 2308; x_wconf 88' lang='lat' dir='ltr'><strong>argenti</strong></span> <span class='ocrx_word' id='word_1_373' title='bbox 3057 2235 3313 2308; x_wconf 89' lang='lat' dir='ltr'><strong>pondere</strong></span> <span class='ocrx_word' id='word_1_374' title='bbox 3336 2236 3490 2307; x_wconf 89' lang='lat' dir='ltr'><strong>apud</strong></span> <span class='ocrx_word' id='word_1_375' title='bbox 3513 2236 3627 2291; x_wconf 89' lang='lat' dir='ltr'><strong>Po-</strong></span> 
     </span>
    </p>
   </div>
   <div class='ocr_carea' id='block_1_54' title="bbox 1973 2319 3628 2396">
    <p class='ocr_par' dir='ltr' id='par_1_54' title="bbox 1973 2319 3628 2396">
     <span class='ocr_line' id='line_1_54' title="bbox 1973 2319 3628 2396; baseline 0.002 -21"><span class='ocrx_word' id='word_1_376' title='bbox 1973 2335 2176 2376; x_wconf 91' lang='lat' dir='ltr'><strong>russos</strong></span> <span class='ocrx_word' id='word_1_377' title='bbox 2203 2319 2360 2376; x_wconf 79' lang='lat' dir='ltr'><strong>illico</strong></span> <span class='ocrx_word' id='word_1_378' title='bbox 2390 2325 2522 2394; x_wconf 90' lang='lat' dir='ltr'><strong>post</strong></span> <span class='ocrx_word' id='word_1_379' title='bbox 2550 2324 2678 2394; x_wconf 89' lang='lat' dir='ltr'><strong>ejus</strong></span> <span class='ocrx_word' id='word_1_380' title='bbox 2710 2321 3057 2396; x_wconf 86' lang='lat' dir='ltr'><strong>martyrium</strong></span> <span class='ocrx_word' id='word_1_381' title='bbox 3106 2326 3369 2394; x_wconf 88' lang='lat' dir='ltr'><strong>emptum</strong></span> <span class='ocrx_word' id='word_1_382' title='bbox 3417 2321 3564 2378; x_wconf 78' lang='lat' dir='ltr'><strong>foret</strong></span> <span class='ocrx_word' id='word_1_383' title='bbox 3594 2340 3628 2379; x_wconf 92' lang='lat' dir='ltr'><strong>a</strong></span> 
     </span>
    </p>
   </div>
   <div class='ocr_carea' id='block_1_55' title="bbox 1975 2408 3626 2485">
    <p class='ocr_par' dir='ltr' id='par_1_55' title="bbox 1975 2408 3626 2485">
     <span class='ocr_line' id='line_1_55' title="bbox 1975 2408 3626 2485; baseline 0.002 -20"><span class='ocrx_word' id='word_1_384' title='bbox 1975 2408 2282 2466; x_wconf 86' lang='lat' dir='ltr'><strong>Bolizlavo.</strong></span> <span class='ocrx_word' id='word_1_385' title='bbox 2305 2411 2494 2473; x_wconf 84' lang='lat' dir='ltr'><strong>Nimis</strong></span> <span class='ocrx_word' id='word_1_386' title='bbox 2526 2411 2807 2485; x_wconf 90' lang='lat' dir='ltr'><strong>prodigus</strong></span> <span class='ocrx_word' id='word_1_387' title='bbox 2833 2411 3042 2468; x_wconf 89' lang='lat' dir='ltr'><strong>fuisset</strong></span> <span class='ocrx_word' id='word_1_388' title='bbox 3073 2410 3168 2467; x_wconf 90' lang='lat' dir='ltr'><strong>ille</strong></span> <span class='ocrx_word' id='word_1_389' title='bbox 3189 2411 3326 2480; x_wconf 84' lang='lat' dir='ltr'><strong>Rex,</strong></span> <span class='ocrx_word' id='word_1_390' title='bbox 3349 2419 3397 2468; x_wconf 81' lang='lat' dir='ltr'><strong>si</strong></span> <span class='ocrx_word' id='word_1_391' title='bbox 3417 2412 3626 2468; x_wconf 83' lang='lat' dir='ltr'><strong>vindex</strong></span> 
     </span>
    </p>
   </div>
   <div class='ocr_carea' id='block_1_56' title="bbox 1972 2499 3626 2574">
    <p class='ocr_par' dir='ltr' id='par_1_56' title="bbox 1972 2499 3626 2574">
     <span class='ocr_line' id='line_1_56' title="bbox 1972 2499 3626 2574; baseline 0.001 -20"><span class='ocrx_word' id='word_1_392' title='bbox 1972 2499 2210 2555; x_wconf 75' lang='lat' dir='ltr'><strong>subactis</strong></span> <span class='ocrx_word' id='word_1_393' title='bbox 2234 2500 2454 2571; x_wconf 71' lang='lat' dir='ltr'><strong>populi:</strong></span> <span class='ocrx_word' id='word_1_394' title='bbox 2492 2517 2596 2572; x_wconf 88' lang='lat' dir='ltr'><strong>pro</strong></span> <span class='ocrx_word' id='word_1_395' title='bbox 2627 2516 2867 2572; x_wconf 87' lang='lat' dir='ltr'><strong>corpore</strong></span> <span class='ocrx_word' id='word_1_396' title='bbox 2898 2499 3092 2557; x_wconf 89' lang='lat' dir='ltr'><strong>delicti</strong></span> <span class='ocrx_word' id='word_1_397' title='bbox 3139 2503 3366 2556; x_wconf 89' lang='lat' dir='ltr'><strong>tantum</strong></span> <span class='ocrx_word' id='word_1_398' title='bbox 3399 2501 3626 2574; x_wconf 83' lang='lat' dir='ltr'><strong>argenti</strong></span> 
     </span>
    </p>
   </div>
   <div class='ocr_carea' id='block_1_57' title="bbox 1975 2585 3626 2662">
    <p class='ocr_par' dir='ltr' id='par_1_57' title="bbox 1975 2585 3626 2662">
     <span class='ocr_line' id='line_1_57' title="bbox 1975 2585 3626 2662; baseline 0.001 -20"><span class='ocrx_word' id='word_1_399' title='bbox 1975 2585 2239 2642; x_wconf 88' lang='lat' dir='ltr'><strong>solveret.</strong></span> <span class='ocrx_word' id='word_1_400' title='bbox 2265 2587 2467 2644; x_wconf 78' lang='lat' dir='ltr'><strong>Restat</strong></span> <span class='ocrx_word' id='word_1_401' title='bbox 2507 2587 2708 2660; x_wconf 87' lang='lat' dir='ltr'><strong>igitur,</strong></span> <span class='ocrx_word' id='word_1_402' title='bbox 2740 2592 2807 2644; x_wconf 91' lang='lat' dir='ltr'><strong>ut</strong></span> <span class='ocrx_word' id='word_1_403' title='bbox 2847 2593 3076 2662; x_wconf 86' lang='lat' dir='ltr'><strong>partem</strong></span> <span class='ocrx_word' id='word_1_404' title='bbox 3121 2587 3626 2645; x_wconf 74' lang='lat' dir='ltr'><strong>Porussorumvel</strong></span> 
     </span>
    </p>
   </div>
   <div class='ocr_carea' id='block_1_58' title="bbox 1976 2672 3624 2750">
    <p class='ocr_par' dir='ltr' id='par_1_58' title="bbox 1976 2672 3624 2750">
     <span class='ocr_line' id='line_1_58' title="bbox 1976 2672 3624 2750; baseline 0.003 -21"><span class='ocrx_word' id='word_1_405' title='bbox 1976 2672 2283 2730; x_wconf 87' lang='lat' dir='ltr'><strong>minimam</strong></span> <span class='ocrx_word' id='word_1_406' title='bbox 2314 2676 2773 2733; x_wconf 54' lang='lat' dir='ltr'><strong>ad&#39;occidentem</strong></span> <span class='ocrx_word' id='word_1_407' title='bbox 2797 2677 2955 2749; x_wconf 88' lang='lat' dir='ltr'><strong>(nam</strong></span> <span class='ocrx_word' id='word_1_408' title='bbox 2979 2677 3050 2733; x_wconf 93' lang='lat' dir='ltr'><strong>de</strong></span> <span class='ocrx_word' id='word_1_409' title='bbox 3075 2676 3334 2732; x_wconf 85' lang='lat' dir='ltr'><strong>Gedania</strong></span> <span class='ocrx_word' id='word_1_410' title='bbox 3356 2677 3485 2750; x_wconf 89' lang='lat' dir='ltr'><strong>ipsa</strong></span> <span class='ocrx_word' id='word_1_411' title='bbox 3510 2694 3624 2734; x_wconf 88' lang='lat' dir='ltr'><strong>non</strong></span> 
     </span>
    </p>
   </div>
   <div class='ocr_carea' id='block_1_59' title="bbox 1974 2764 3625 2838">
    <p class='ocr_par' dir='ltr' id='par_1_59' title="bbox 1974 2764 3625 2838">
     <span class='ocr_line' id='line_1_59' title="bbox 1974 2764 3625 2838; baseline 0.003 -20"><span class='ocrx_word' id='word_1_412' title='bbox 1974 2764 2244 2836; x_wconf 86' lang='lat' dir='ltr'><strong>constat),</strong></span> <span class='ocrx_word' id='word_1_413' title='bbox 2266 2764 2338 2818; x_wconf 89' lang='lat' dir='ltr'><strong>ad</strong></span> <span class='ocrx_word' id='word_1_414' title='bbox 2365 2765 3270 2838; x_wconf 87' lang='lat' dir='ltr'><strong>occidentem,inquam,versus,</strong></span> <span class='ocrx_word' id='word_1_415' title='bbox 3287 2783 3320 2821; x_wconf 90' lang='lat' dir='ltr'><strong>a</strong></span> <span class='ocrx_word' id='word_1_416' title='bbox 3341 2765 3625 2826; x_wconf 85' lang='lat' dir='ltr'><strong>Bolizlavo</strong></span> 
     </span>
    </p>
   </div>
   <div class='ocr_carea' id='block_1_60' title="bbox 1974 2852 3626 2925">
    <p class='ocr_par' dir='ltr' id='par_1_60' title="bbox 1974 2852 3626 2925">
     <span class='ocr_line' id='line_1_60' title="bbox 1974 2852 3626 2925; baseline 0.004 -18"><span class='ocrx_word' id='word_1_417' title='bbox 1974 2852 2221 2910; x_wconf 85' lang='lat' dir='ltr'><strong>fortasse</strong></span> <span class='ocrx_word' id='word_1_418' title='bbox 2270 2853 2443 2910; x_wconf 90' lang='lat' dir='ltr'><strong>annis</strong></span> <span class='ocrx_word' id='word_1_419' title='bbox 2474 2854 2581 2910; x_wconf 89' lang='lat'>996</span> <span class='ocrx_word' id='word_1_420' title='bbox 2610 2853 2697 2911; x_wconf 87' lang='lat' dir='ltr'><strong>vel</strong></span> <span class='ocrx_word' id='word_1_421' title='bbox 2727 2853 2834 2910; x_wconf 89' lang='lat'>998</span> <span class='ocrx_word' id='word_1_422' title='bbox 2871 2854 3178 2925; x_wconf 87' lang='lat' dir='ltr'><strong>subactam</strong></span> <span class='ocrx_word' id='word_1_423' title='bbox 3221 2872 3352 2911; x_wconf 85' lang='lat' dir='ltr'><strong>esse</strong></span> <span class='ocrx_word' id='word_1_424' title='bbox 3399 2860 3626 2915; x_wconf 78' lang='lat' dir='ltr'><strong>statua-</strong></span> 
     </span>
    </p>
   </div>
   <div class='ocr_carea' id='block_1_61' title="bbox 1976 2941 3626 3017">
    <p class='ocr_par' dir='ltr' id='par_1_61' title="bbox 1976 2941 3626 3017">
     <span class='ocr_line' id='line_1_61' title="bbox 1976 2941 3626 3017; baseline 0.003 -20"><span class='ocrx_word' id='word_1_425' title='bbox 1976 2957 2131 3008; x_wconf 82' lang='lat' dir='ltr'><strong>mus,</strong></span> <span class='ocrx_word' id='word_1_426' title='bbox 2165 2942 2203 2998; x_wconf 91' lang='lat' dir='ltr'><strong>i.</strong></span> <span class='ocrx_word' id='word_1_427' title='bbox 2233 2958 2284 2998; x_wconf 80' lang='grc' dir='ltr'><strong>θ.</strong></span> <span class='ocrx_word' id='word_1_428' title='bbox 2310 2942 2396 2999; x_wconf 89' lang='lat' dir='ltr'><strong>vel</strong></span> <span class='ocrx_word' id='word_1_429' title='bbox 2427 2949 2562 3001; x_wconf 83' lang='lat' dir='ltr'><strong>ante</strong></span> <span class='ocrx_word' id='word_1_430' title='bbox 2591 2941 2886 3002; x_wconf 79' lang='lat' dir='ltr'><strong>Adalberti</strong></span> <span class='ocrx_word' id='word_1_431' title='bbox 2918 2947 3188 3013; x_wconf 89' lang='lat' dir='ltr'><strong>mortem,</strong></span> <span class='ocrx_word' id='word_1_432' title='bbox 3212 2947 3279 3001; x_wconf 90' lang='lat' dir='ltr'><strong>ut</strong></span> <span class='ocrx_word' id='word_1_433' title='bbox 3309 2945 3626 3017; x_wconf 74' lang='lat' dir='ltr'><strong>Rmpellius</strong></span> 
     </span>
    </p>
   </div>
   <div class='ocr_carea' id='block_1_62' title="bbox 1976 3032 2786 3105">
    <p class='ocr_par' dir='ltr' id='par_1_62' title="bbox 1976 3032 2786 3105">
     <span class='ocr_line' id='line_1_62' title="bbox 1976 3032 2786 3105; baseline 0 -19"><span class='ocrx_word' id='word_1_434' title='bbox 1976 3036 2195 3100; x_wconf 89' lang='lat' dir='ltr'><strong>censet,</strong></span> <span class='ocrx_word' id='word_1_435' title='bbox 2215 3032 2304 3088; x_wconf 93' lang='lat' dir='ltr'><strong>vel</strong></span> <span class='ocrx_word' id='word_1_436' title='bbox 2327 3033 2606 3088; x_wconf 87' lang='lat' dir='ltr'><strong>continuo</strong></span> <span class='ocrx_word' id='word_1_437' title='bbox 2638 3037 2786 3105; x_wconf 85' lang='lat' dir='ltr'><strong>post.</strong></span> 
     </span>
    </p>
   </div>
   <div class='ocr_carea' id='block_1_63' title="bbox 2047 3118 3625 3193">
    <p class='ocr_par' dir='ltr' id='par_1_63' title="bbox 2047 3118 3625 3193">
     <span class='ocr_line' id='line_1_63' title="bbox 2047 3118 3625 3193; baseline 0.002 -18"><span class='ocrx_word' id='word_1_438' title='bbox 2047 3118 2356 3193; x_wconf 87' lang='lat' dir='ltr'><strong>Utcunque</strong></span> <span class='ocrx_word' id='word_1_439' title='bbox 2383 3120 2510 3189; x_wconf 90' lang='lat' dir='ltr'><strong>erit,</strong></span> <span class='ocrx_word' id='word_1_440' title='bbox 2536 3120 2586 3177; x_wconf 91' lang='lat' dir='ltr'><strong>si</strong></span> <span class='ocrx_word' id='word_1_441' title='bbox 2618 3121 3004 3177; x_wconf 90' lang='lat' dir='ltr'><strong>Porussorum</strong></span> <span class='ocrx_word' id='word_1_442' title='bbox 3037 3136 3173 3193; x_wconf 89' lang='lat' dir='ltr'><strong>pars</strong></span> <span class='ocrx_word' id='word_1_443' title='bbox 3202 3124 3343 3176; x_wconf 86' lang='lat' dir='ltr'><strong>tunc</strong></span> <span class='ocrx_word' id='word_1_444' title='bbox 3365 3123 3438 3180; x_wconf 91' lang='lat' dir='ltr'><strong>ad</strong></span> <span class='ocrx_word' id='word_1_445' title='bbox 3459 3121 3625 3178; x_wconf 86' lang='lat' dir='ltr'><strong>Chri-</strong></span> 
     </span>
    </p>
   </div>
   <div class='ocr_carea' id='block_1_64' title="bbox 1975 3206 3626 3276">
    <p class='ocr_par' dir='ltr' id='par_1_64' title="bbox 1975 3206 3626 3276">
     <span class='ocr_line' id='line_1_64' title="bbox 1975 3206 3626 3276; baseline 0.004 -13"><span class='ocrx_word' id='word_1_446' title='bbox 1975 3206 2226 3265; x_wconf 79' lang='lat' dir='ltr'><strong>stianam</strong></span> <span class='ocrx_word' id='word_1_447' title='bbox 2277 3224 2558 3265; x_wconf 87' lang='lat' dir='ltr'><strong>conversa</strong></span> <span class='ocrx_word' id='word_1_448' title='bbox 2597 3213 2687 3264; x_wconf 88' lang='lat' dir='ltr'><strong>est</strong></span> <span class='ocrx_word' id='word_1_449' title='bbox 2731 3208 2930 3276; x_wconf 83' lang='lat' dir='ltr'><strong>ﬁdem,</strong></span> <span class='ocrx_word' id='word_1_450' title='bbox 2955 3213 3129 3276; x_wconf 85' lang='lat' dir='ltr'><strong>certe,</strong></span> <span class='ocrx_word' id='word_1_451' title='bbox 3155 3224 3269 3264; x_wconf 89' lang='lat' dir='ltr'><strong>non</strong></span> <span class='ocrx_word' id='word_1_452' title='bbox 3313 3209 3396 3266; x_wconf 88' lang='lat' dir='ltr'><strong>ita</strong></span> <span class='ocrx_word' id='word_1_453' title='bbox 3431 3209 3626 3272; x_wconf 87' lang='lat' dir='ltr'><strong>multo</strong></span> 
     </span>
    </p>
   </div>
   <div class='ocr_carea' id='block_1_65' title="bbox 201 3280 3624 3372">
    <p class='ocr_par' dir='ltr' id='par_1_65' title="bbox 201 3280 3624 3372">
     <span class='ocr_line' id='line_1_65' title="bbox 201 3280 3624 3372; baseline 0.001 -19"><span class='ocrx_word' id='word_1_454' title='bbox 201 3289 567 3371; x_wconf 84' lang='lat' dir='ltr'><strong>paganorum</strong></span> <span class='ocrx_word' id='word_1_455' title='bbox 589 3301 648 3352; x_wconf 90' lang='lat' dir='ltr'><strong>et</strong></span> <span class='ocrx_word' id='word_1_456' title='bbox 667 3280 859 3366; x_wconf 78' lang='lat' dir='ltr'><strong>mores</strong></span> <span class='ocrx_word' id='word_1_457' title='bbox 878 3297 950 3354; x_wconf 90' lang='lat' dir='ltr'><strong>ab</strong></span> <span class='ocrx_word' id='word_1_458' title='bbox 972 3297 1304 3366; x_wconf 85' lang='lat' dir='ltr'><strong>idololatria</strong></span> <span class='ocrx_word' id='word_1_459' title='bbox 1325 3280 1557 3372; x_wconf 46' lang='lat' dir='ltr'><strong>atque—9.</strong></span> <span class='ocrx_word' id='word_1_460' title='bbox 1576 3300 1861 3360; x_wconf 70' lang='lat' dir='ltr'><strong>falsorum</strong></span> <span class='ocrx_word' id='word_1_461' title='bbox 1893 3280 1937 3348; x_wconf 88' lang='lat' dir='ltr'><strong><em>C</em></strong></span> <span class='ocrx_word' id='word_1_462' title='bbox 1974 3300 2108 3369; x_wconf 87' lang='lat' dir='ltr'><strong>post</strong></span> <span class='ocrx_word' id='word_1_463' title='bbox 2152 3296 2262 3354; x_wconf 89' lang='lat' dir='ltr'><strong>sub</strong></span> <span class='ocrx_word' id='word_1_464' title='bbox 2293 3296 2586 3371; x_wconf 82' lang='lat' dir='ltr'><strong>Misegone</strong></span> <span class='ocrx_word' id='word_1_465' title='bbox 2617 3301 2636 3350; x_wconf 84' lang='lat' dir='ltr'><strong>l</strong></span> <span class='ocrx_word' id='word_1_466' title='bbox 2671 3312 2876 3355; x_wconf 82' lang='lat' dir='ltr'><strong>omnes</strong></span> <span class='ocrx_word' id='word_1_467' title='bbox 2924 3295 3042 3353; x_wconf 78' lang='lat' dir='ltr'><strong>fere</strong></span> <span class='ocrx_word' id='word_1_468' title='bbox 3087 3297 3472 3355; x_wconf 86' lang='lat' dir='ltr'><strong>deseruerunt</strong></span> <span class='ocrx_word' id='word_1_469' title='bbox 3498 3315 3624 3356; x_wconf 87' lang='lat' dir='ltr'><strong>ver-</strong></span> 
     </span>
    </p>
   </div>
   <div class='ocr_carea' id='block_1_66' title="bbox 201 3383 1866 3455">
    <p class='ocr_par' dir='ltr' id='par_1_66' title="bbox 201 3383 1866 3455">
     <span class='ocr_line' id='line_1_66' title="bbox 201 3383 1866 3455; baseline 0.005 -15"><span class='ocrx_word' id='word_1_470' title='bbox 201 3383 446 3441; x_wconf 87' lang='lat' dir='ltr'><strong>deorum</strong></span> <span class='ocrx_word' id='word_1_471' title='bbox 469 3384 631 3442; x_wconf 91' lang='lat' dir='ltr'><strong>cultu</strong></span> <span class='ocrx_word' id='word_1_472' title='bbox 662 3386 734 3442; x_wconf 93' lang='lat' dir='ltr'><strong>ad</strong></span> <span class='ocrx_word' id='word_1_473' title='bbox 765 3401 968 3442; x_wconf 89' lang='lat' dir='ltr'><strong>verum</strong></span> <span class='ocrx_word' id='word_1_474' title='bbox 992 3386 1178 3443; x_wconf 91' lang='lat' dir='ltr'><strong>Deum</strong></span> <span class='ocrx_word' id='word_1_475' title='bbox 1200 3390 1485 3445; x_wconf 84' lang='lat' dir='ltr'><strong>verteret?</strong></span> <span class='ocrx_word' id='word_1_476' title='bbox 1503 3389 1647 3455; x_wconf 85' lang='lat' dir='ltr'><strong>Quis</strong></span> <span class='ocrx_word' id='word_1_477' title='bbox 1677 3393 1866 3449; x_wconf 88' lang='lat' dir='ltr'><strong>nescit</strong></span> 
     </span>
    </p>
   </div>
   <div class='ocr_carea' id='block_1_67' title="bbox 200 3472 1866 3547">
    <p class='ocr_par' dir='ltr' id='par_1_67' title="bbox 200 3472 1866 3547">
     <span class='ocr_line' id='line_1_67' title="bbox 200 3472 1866 3547; baseline 0.005 -19"><span class='ocrx_word' id='word_1_478' title='bbox 200 3489 380 3546; x_wconf 77' lang='lat' dir='ltr'><strong>quam</strong></span> <span class='ocrx_word' id='word_1_479' title='bbox 401 3472 576 3547; x_wconf 86' lang='lat' dir='ltr'><strong>longa</strong></span> <span class='ocrx_word' id='word_1_480' title='bbox 599 3474 774 3531; x_wconf 79' lang='lat' dir='ltr'><strong>fuerit</strong></span> <span class='ocrx_word' id='word_1_481' title='bbox 794 3475 1068 3531; x_wconf 83' lang='lat' dir='ltr'><strong>arborum</strong></span> <span class='ocrx_word' id='word_1_482' title='bbox 1092 3475 1142 3532; x_wconf 88' lang='lat' dir='ltr'><strong>si</strong></span> <span class='ocrx_word' id='word_1_483' title='bbox 1165 3493 1282 3532; x_wconf 90' lang='lat' dir='ltr'><strong>non</strong></span> <span class='ocrx_word' id='word_1_484' title='bbox 1309 3477 1596 3545; x_wconf 88' lang='lat' dir='ltr'><strong>adoratio,</strong></span> <span class='ocrx_word' id='word_1_485' title='bbox 1621 3482 1680 3535; x_wconf 89' lang='lat' dir='ltr'><strong>at</strong></span> <span class='ocrx_word' id='word_1_486' title='bbox 1699 3497 1866 3537; x_wconf 90' lang='lat' dir='ltr'><strong>vene-</strong></span> 
     </span>
    </p>
   </div>
   <div class='ocr_carea' id='block_1_68' title="bbox 199 3562 1861 3637">
    <p class='ocr_par' dir='ltr' id='par_1_68' title="bbox 199 3562 1861 3637">
     <span class='ocr_line' id='line_1_68' title="bbox 199 3562 1861 3637; baseline 0.005 -19"><span class='ocrx_word' id='word_1_487' title='bbox 199 3563 347 3618; x_wconf 87' lang='lat' dir='ltr'><strong>ratio</strong></span> <span class='ocrx_word' id='word_1_488' title='bbox 370 3565 591 3631; x_wconf 85' lang='lat' dir='ltr'><strong>tamen,</strong></span> <span class='ocrx_word' id='word_1_489' title='bbox 613 3564 767 3636; x_wconf 91' lang='lat' dir='ltr'><strong>apud</strong></span> <span class='ocrx_word' id='word_1_490' title='bbox 789 3562 1040 3637; x_wconf 90' lang='lat' dir='ltr'><strong>populos</strong></span> <span class='ocrx_word' id='word_1_491' title='bbox 1062 3564 1122 3620; x_wconf 88' lang='lat' dir='ltr'><strong>in</strong></span> <span class='ocrx_word' id='word_1_492' title='bbox 1148 3563 1450 3623; x_wconf 89' lang='lat' dir='ltr'><strong>hodiernis</strong></span> <span class='ocrx_word' id='word_1_493' title='bbox 1472 3571 1861 3626; x_wconf 88' lang='lat' dir='ltr'><strong>Porussorum</strong></span> 
     </span>
    </p>
   </div>
   <div class='ocr_carea' id='block_1_69' title="bbox 200 3650 1861 3730">
    <p class='ocr_par' dir='ltr' id='par_1_69' title="bbox 200 3650 1861 3730">
     <span class='ocr_line' id='line_1_69' title="bbox 200 3650 1861 3730; baseline 0.005 -24"><span class='ocrx_word' id='word_1_494' title='bbox 200 3650 374 3706; x_wconf 88' lang='lat' dir='ltr'><strong>terris</strong></span> <span class='ocrx_word' id='word_1_495' title='bbox 403 3651 760 3719; x_wconf 85' lang='lat' dir='ltr'><strong>habitantes,</strong></span> <span class='ocrx_word' id='word_1_496' title='bbox 791 3668 896 3724; x_wconf 89' lang='lat' dir='ltr'><strong>per</strong></span> <span class='ocrx_word' id='word_1_497' title='bbox 926 3651 1144 3709; x_wconf 59' lang='lat' dir='ltr'><strong>secula</strong></span> <span class='ocrx_word' id='word_1_498' title='bbox 1171 3653 1417 3726; x_wconf 87' lang='lat' dir='ltr'><strong>aliquot,</strong></span> <span class='ocrx_word' id='word_1_499' title='bbox 1443 3660 1758 3730; x_wconf 75' lang='lat' dir='ltr'><strong>postquam</strong></span> <span class='ocrx_word' id='word_1_500' title='bbox 1790 3659 1861 3715; x_wconf 89' lang='lat' dir='ltr'><strong>ad</strong></span> 
     </span>
    </p>
   </div>
   <div class='ocr_carea' id='block_1_70' title="bbox 197 3738 1862 3815">
    <p class='ocr_par' dir='ltr' id='par_1_70' title="bbox 197 3738 1862 3815">
     <span class='ocr_line' id='line_1_70' title="bbox 197 3738 1862 3815; baseline 0.004 -19"><span class='ocrx_word' id='word_1_501' title='bbox 197 3738 415 3796; x_wconf 81' lang='lat' dir='ltr'><strong>Christi</strong></span> <span class='ocrx_word' id='word_1_502' title='bbox 459 3741 636 3798; x_wconf 82' lang='lat' dir='ltr'><strong>ﬁdem</strong></span> <span class='ocrx_word' id='word_1_503' title='bbox 685 3741 949 3797; x_wconf 87' lang='lat' dir='ltr'><strong>conversi</strong></span> <span class='ocrx_word' id='word_1_504' title='bbox 1003 3743 1217 3798; x_wconf 81' lang='lat' dir='ltr'><strong>erant?</strong></span> <span class='ocrx_word' id='word_1_505' title='bbox 1267 3743 1431 3815; x_wconf 81' lang='lat' dir='ltr'><strong>Saepe</strong></span> <span class='ocrx_word' id='word_1_506' title='bbox 1489 3744 1862 3803; x_wconf 88' lang='lat' dir='ltr'><strong>miraculosis</strong></span> 
     </span>
    </p>
   </div>
   <div class='ocr_carea' id='block_1_71' title="bbox 200 3829 1864 3908">
    <p class='ocr_par' dir='ltr' id='par_1_71' title="bbox 200 3829 1864 3908">
     <span class='ocr_line' id='line_1_71' title="bbox 200 3829 1864 3908; baseline 0.004 -23"><span class='ocrx_word' id='word_1_507' title='bbox 200 3829 551 3885; x_wconf 87' lang='lat' dir='ltr'><strong>Sanctorum</strong></span> <span class='ocrx_word' id='word_1_508' title='bbox 579 3829 964 3903; x_wconf 86' lang='lat' dir='ltr'><strong>imaginibus,</strong></span> <span class='ocrx_word' id='word_1_509' title='bbox 982 3847 1132 3902; x_wconf 89' lang='lat' dir='ltr'><strong>quas</strong></span> <span class='ocrx_word' id='word_1_510' title='bbox 1157 3831 1511 3898; x_wconf 23' lang='lat' dir='ltr'><strong>viri,,revera</strong></span> <span class='ocrx_word' id='word_1_511' title='bbox 1533 3835 1739 3901; x_wconf 88' lang='lat' dir='ltr'><strong>sancti,</strong></span> <span class='ocrx_word' id='word_1_512' title='bbox 1768 3836 1864 3908; x_wconf 89' lang='lat' dir='ltr'><strong>pia</strong></span> 
     </span>
    </p>
   </div>
   <div class='ocr_carea' id='block_1_72' title="bbox 200 3917 1862 3996">
    <p class='ocr_par' dir='ltr' id='par_1_72' title="bbox 200 3917 1862 3996">
     <span class='ocr_line' id='line_1_72' title="bbox 200 3917 1862 3996; baseline 0.004 -22"><span class='ocrx_word' id='word_1_513' title='bbox 200 3917 408 3996; x_wconf 87' lang='lat' dir='ltr'><strong>fraude</strong></span> <span class='ocrx_word' id='word_1_514' title='bbox 430 3918 489 3974; x_wconf 91' lang='lat' dir='ltr'><strong>in</strong></span> <span class='ocrx_word' id='word_1_515' title='bbox 514 3917 608 3974; x_wconf 90' lang='lat' dir='ltr'><strong>his</strong></span> <span class='ocrx_word' id='word_1_516' title='bbox 626 3919 937 3975; x_wconf 89' lang='lat' dir='ltr'><strong>arboribus</strong></span> <span class='ocrx_word' id='word_1_517' title='bbox 960 3918 1338 3992; x_wconf 75' lang='lat' dir='ltr'><strong>incluserant,</strong></span> <span class='ocrx_word' id='word_1_518' title='bbox 1355 3923 1640 3978; x_wconf 84' lang='lat' dir='ltr'><strong>memoria</strong></span> <span class='ocrx_word' id='word_1_519' title='bbox 1659 3925 1862 3981; x_wconf 75' lang='lat' dir='ltr'><strong>adora~</strong></span> 
     </span>
    </p>
   </div>
   <div class='ocr_carea' id='block_1_73' title="bbox 199 3999 1857 4083">
    <p class='ocr_par' dir='ltr' id='par_1_73' title="bbox 199 3999 1857 4083">
     <span class='ocr_line' id='line_1_73' title="bbox 199 3999 1857 4083; baseline 0.006 -22"><span class='ocrx_word' id='word_1_520' title='bbox 199 4005 379 4062; x_wconf 88' lang='lat' dir='ltr'><strong>tionis</strong></span> <span class='ocrx_word' id='word_1_521' title='bbox 405 4006 682 4064; x_wconf 88' lang='lat' dir='ltr'><strong>arborum</strong></span> <span class='ocrx_word' id='word_1_522' title='bbox 705 3999 971 4079; x_wconf 83' lang='lat' dir='ltr'><strong>ipsarum</strong></span> <span class='ocrx_word' id='word_1_523' title='bbox 994 4007 1220 4066; x_wconf 91' lang='lat' dir='ltr'><strong>sensim.</strong></span> <span class='ocrx_word' id='word_1_524' title='bbox 1237 4009 1580 4083; x_wconf 89' lang='lat' dir='ltr'><strong>sensimque</strong></span> <span class='ocrx_word' id='word_1_525' title='bbox 1597 4013 1857 4071; x_wconf 88' lang='lat' dir='ltr'><strong>evanuit.</strong></span> 
     </span>
    </p>
   </div>
   <div class='ocr_carea' id='block_1_74' title="bbox 203 4088 1859 4164">
    <p class='ocr_par' dir='ltr' id='par_1_74' title="bbox 203 4088 1859 4164">
     <span class='ocr_line' id='line_1_74' title="bbox 203 4088 1859 4164; baseline 0.004 -12"><span class='ocrx_word' id='word_1_526' title='bbox 203 4095 345 4164; x_wconf 84' lang='lat' dir='ltr'><strong>Quis</strong></span> <span class='ocrx_word' id='word_1_527' title='bbox 360 4088 577 4162; x_wconf 80' lang='lat' dir='ltr'><strong>nescit,</strong></span> <span class='ocrx_word' id='word_1_528' title='bbox 593 4095 851 4157; x_wconf 88' lang='lat' dir='ltr'><strong>Hussitis</strong></span> <span class='ocrx_word' id='word_1_529' title='bbox 872 4095 932 4154; x_wconf 87' lang='lat' dir='ltr'><strong>in</strong></span> <span class='ocrx_word' id='word_1_530' title='bbox 953 4097 1230 4154; x_wconf 84' lang='lat' dir='ltr'><strong>Bohemia</strong></span> <span class='ocrx_word' id='word_1_531' title='bbox 1250 4097 1491 4156; x_wconf 84' lang='lat' dir='ltr'><strong>calicem</strong></span> <span class='ocrx_word' id='word_1_532' title='bbox 1512 4116 1859 4158; x_wconf 83' lang='lat' dir='ltr'><strong>concessum</strong></span> 
     </span>
    </p>
   </div>
   <div class='ocr_carea' id='block_1_75' title="bbox 203 4183 1860 4262">
    <p class='ocr_par' dir='ltr' id='par_1_75' title="bbox 203 4183 1860 4262">
     <span class='ocr_line' id='line_1_75' title="bbox 203 4183 1860 4262; baseline 0.005 -22"><span class='ocrx_word' id='word_1_533' title='bbox 203 4199 332 4240; x_wconf 85' lang='lat' dir='ltr'><strong>esse</strong></span> <span class='ocrx_word' id='word_1_534' title='bbox 361 4183 436 4239; x_wconf 84' lang='lat' dir='ltr'><strong>ab</strong></span> <span class='ocrx_word' id='word_1_535' title='bbox 462 4183 712 4240; x_wconf 85' lang='lat' dir='ltr'><strong>ecclesia</strong></span> <span class='ocrx_word' id='word_1_536' title='bbox 740 4184 1004 4240; x_wconf 80' lang='lat' dir='ltr'><strong>Romana</strong></span> <span class='ocrx_word' id='word_1_537' title='bbox 1035 4191 1238 4241; x_wconf 86' lang='lat' dir='ltr'><strong>contra</strong></span> <span class='ocrx_word' id='word_1_538' title='bbox 1275 4203 1452 4243; x_wconf 88' lang='lat' dir='ltr'><strong>usum</strong></span> <span class='ocrx_word' id='word_1_539' title='bbox 1483 4190 1812 4262; x_wconf 82' lang='lat' dir='ltr'><strong>generalem</strong></span> <span class='ocrx_word' id='word_1_540' title='bbox 1832 4192 1860 4248; x_wconf 81' lang='lat'><strong>?</strong></span> 
     </span>
    </p>
   </div>
   <div class='ocr_carea' id='block_1_76' title="bbox 202 4273 1860 4347">
    <p class='ocr_par' dir='ltr' id='par_1_76' title="bbox 202 4273 1860 4347">
     <span class='ocr_line' id='line_1_76' title="bbox 202 4273 1860 4347; baseline 0.007 -19"><span class='ocrx_word' id='word_1_541' title='bbox 202 4274 458 4329; x_wconf 81' lang='lat' dir='ltr'><strong>Tantum</strong></span> <span class='ocrx_word' id='word_1_542' title='bbox 486 4288 622 4328; x_wconf 87' lang='lat' dir='ltr'><strong>vero</strong></span> <span class='ocrx_word' id='word_1_543' title='bbox 652 4273 841 4340; x_wconf 88' lang='lat' dir='ltr'><strong>abest,</strong></span> <span class='ocrx_word' id='word_1_544' title='bbox 863 4277 930 4328; x_wconf 92' lang='lat' dir='ltr'><strong>ut</strong></span> <span class='ocrx_word' id='word_1_545' title='bbox 959 4273 1078 4330; x_wconf 87' lang='lat' dir='ltr'><strong>illis</strong></span> <span class='ocrx_word' id='word_1_546' title='bbox 1109 4276 1478 4347; x_wconf 89' lang='lat' dir='ltr'><strong>temporibus</strong></span> <span class='ocrx_word' id='word_1_547' title='bbox 1511 4301 1538 4329; x_wconf 84' lang='lat'><strong><em>«</em></strong></span> <span class='ocrx_word' id='word_1_548' title='bbox 1574 4296 1736 4336; x_wconf 86' lang='lat' dir='ltr'><strong>ccsna</strong></span> <span class='ocrx_word' id='word_1_549' title='bbox 1761 4282 1860 4340; x_wconf 65' lang='lat' dir='ltr'><strong>do»</strong></span> 
     </span>
    </p>
   </div>
   <div class='ocr_carea' id='block_1_77' title="bbox 201 4359 1857 4442">
    <p class='ocr_par' dir='ltr' id='par_1_77' title="bbox 201 4359 1857 4442">
     <span class='ocr_line' id='line_1_77' title="bbox 201 4359 1857 4442; baseline 0.004 -23"><span class='ocrx_word' id='word_1_550' title='bbox 201 4360 418 4419; x_wconf 88' lang='lat' dir='ltr'><strong>minica</strong></span> <span class='ocrx_word' id='word_1_551' title='bbox 450 4382 472 4410; x_wconf 74' lang='grc' dir='ltr'>ι</span> <span class='ocrx_word' id='word_1_552' title='bbox 503 4359 616 4418; x_wconf 82' lang='lat' dir='ltr'><strong>alio</strong></span> <span class='ocrx_word' id='word_1_553' title='bbox 654 4375 832 4417; x_wconf 89' lang='lat' dir='ltr'><strong>sensu</strong></span> <span class='ocrx_word' id='word_1_554' title='bbox 883 4360 1280 4434; x_wconf 83' lang='lat' dir='ltr'><strong>adhiberetur,</strong></span> <span class='ocrx_word' id='word_1_555' title='bbox 1312 4380 1492 4437; x_wconf 89' lang='lat' dir='ltr'><strong>quam</strong></span> <span class='ocrx_word' id='word_1_556' title='bbox 1538 4368 1857 4442; x_wconf 89' lang='lat' dir='ltr'><strong>simplicis-</strong></span> 
     </span>
    </p>
   </div>
   <div class='ocr_carea' id='block_1_78' title="bbox 271 4557 1849 4630">
    <p class='ocr_par' dir='ltr' id='par_1_78' title="bbox 271 4557 1849 4630">
     <span class='ocr_line' id='line_1_78' title="bbox 271 4557 1849 4630; baseline 0.006 -18"><span class='ocrx_word' id='word_1_557' title='bbox 271 4557 728 4630; x_wconf 61' lang='lat' dir='ltr'><strong>(303)1’hietmar</strong></span> <span class='ocrx_word' id='word_1_558' title='bbox 771 4572 829 4628; x_wconf 93' lang='lat' dir='ltr'><strong>p.</strong></span> <span class='ocrx_word' id='word_1_559' title='bbox 862 4558 1123 4614; x_wconf 71' lang='lat'><strong>247-248.</strong></span> <span class='ocrx_word' id='word_1_560' title='bbox 1157 4557 1217 4629; x_wconf 82' lang='lat'><strong>(1.</strong></span> <span class='ocrx_word' id='word_1_561' title='bbox 1242 4558 1391 4615; x_wconf 73' lang='grc' dir='ltr'><strong>νηί.</strong></span> <span class='ocrx_word' id='word_1_562' title='bbox 1425 4576 1471 4618; x_wconf 90' lang='lat' dir='ltr'><strong>c.</strong></span> <span class='ocrx_word' id='word_1_563' title='bbox 1503 4565 1557 4616; x_wconf 91' lang='lat'><strong>2.</strong></span> <span class='ocrx_word' id='word_1_564' title='bbox 1589 4563 1755 4620; x_wconf 87' lang='lat' dir='ltr'><strong>Pertz</strong></span> <span class='ocrx_word' id='word_1_565' title='bbox 1785 4566 1849 4622; x_wconf 92' lang='lat' dir='ltr'><strong>v.</strong></span> 
     </span>
    </p>
   </div>
   <div class='ocr_carea' id='block_1_79' title="bbox 197 4627 1848 4778">
    <p class='ocr_par' dir='ltr' id='par_1_79' title="bbox 197 4627 1848 4778">
     <span class='ocr_line' id='line_1_79' title="bbox 197 4627 1848 4778; baseline 0.006 -24"><span class='ocrx_word' id='word_1_566' title='bbox 432 4627 798 4778; x_wconf 46' lang='lat' dir='ltr'><strong>figamus,</strong></span> <span class='ocrx_word' id='word_1_567' title='bbox 821 4707 1092 4757; x_wconf 72' lang='grc' dir='ltr'><strong>Πολιτικῶν</strong></span> <span class='ocrx_word' id='word_1_568' title='bbox 1110 4702 1176 4756; x_wconf 89' lang='grc' dir='ltr'><strong>Α.</strong></span> <span class='ocrx_word' id='word_1_569' title='bbox 1201 4701 1293 4757; x_wconf 93' lang='lat' dir='ltr'><strong>ed.</strong></span> <span class='ocrx_word' id='word_1_570' title='bbox 1317 4701 1559 4759; x_wconf 81' lang='lat' dir='ltr'><strong>Bekkeri</strong></span> <span class='ocrx_word' id='word_1_571' title='bbox 1572 4746 1586 4772; x_wconf 96' lang='lat'><strong>,</strong></span> <span class='ocrx_word' id='word_1_572' title='bbox 1611 4723 1667 4778; x_wconf 88' lang='lat' dir='ltr'><strong>p.</strong></span> <span class='ocrx_word' id='word_1_573' title='bbox 1691 4707 1848 4775; x_wconf 82' lang='grc'>1252,</span> 
     </span>
    </p>
   </div>
   <div class='ocr_carea' id='block_1_80' title="bbox 196 4771 1852 4849">
    <p class='ocr_par' dir='ltr' id='par_1_80' title="bbox 196 4771 1852 4849">
     <span class='ocr_line' id='line_1_80' title="bbox 196 4771 1852 4849; baseline 0.006 -23"><span class='ocrx_word' id='word_1_574' title='bbox 196 4771 304 4828; x_wconf 92' lang='lat' dir='ltr'><strong>col.</strong></span> <span class='ocrx_word' id='word_1_575' title='bbox 337 4773 390 4838; x_wconf 85' lang='grc'><strong>2,</strong></span> <span class='ocrx_word' id='word_1_576' title='bbox 423 4788 478 4826; x_wconf 80' lang='grc' dir='ltr'><strong>ν.</strong></span> <span class='ocrx_word' id='word_1_577' title='bbox 511 4771 599 4826; x_wconf 86' lang='grc'><strong>20.</strong></span> <span class='ocrx_word' id='word_1_578' title='bbox 633 4782 766 4828; x_wconf 77' lang='grc' dir='ltr'><strong>πᾶσα</strong></span> <span class='ocrx_word' id='word_1_579' title='bbox 792 4781 886 4845; x_wconf 73' lang='grc' dir='ltr'><strong>γὰρ</strong></span> <span class='ocrx_word' id='word_1_580' title='bbox 916 4779 1042 4829; x_wconf 66' lang='grc' dir='ltr'>οἰκία</span> <span class='ocrx_word' id='word_1_581' title='bbox 1073 4779 1380 4845; x_wconf 71' lang='grc' dir='ltr'><strong>βασιλεύεται</strong></span> <span class='ocrx_word' id='word_1_582' title='bbox 1405 4782 1496 4832; x_wconf 83' lang='grc' dir='ltr'><strong>ὑπὸ</strong></span> <span class='ocrx_word' id='word_1_583' title='bbox 1523 4771 1852 4849; x_wconf 44' lang='lat' dir='ltr'><strong>toﬁ-aptam»:-</strong></span> 
     </span>
    </p>
   </div>
   <div class='ocr_carea' id='block_1_81' title="bbox 193 4852 1850 4996">
    <p class='ocr_par' dir='ltr' id='par_1_81' title="bbox 193 4852 1850 4996">
     <span class='ocr_line' id='line_1_81' title="bbox 193 4852 1850 4996; baseline 0.005 -28"><span class='ocrx_word' id='word_1_584' title='bbox 193 4852 601 4996; x_wconf 34' lang='lat' dir='ltr'><strong>tfmv&#39;l‘otidem</strong></span> <span class='ocrx_word' id='word_1_585' title='bbox 633 4915 752 4970; x_wconf 85' lang='lat' dir='ltr'><strong>fere</strong></span> <span class='ocrx_word' id='word_1_586' title='bbox 779 4913 968 4970; x_wconf 88' lang='lat' dir='ltr'><strong>verbis</strong></span> <span class='ocrx_word' id='word_1_587' title='bbox 1009 4914 1316 4988; x_wconf 90' lang='lat' dir='ltr'><strong>antiquum</strong></span> <span class='ocrx_word' id='word_1_588' title='bbox 1348 4922 1558 4989; x_wconf 76' lang='lat' dir='ltr'><strong>poema</strong></span> <span class='ocrx_word' id='word_1_589' title='bbox 1584 4918 1850 4977; x_wconf 84' lang='lat' dir='ltr'><strong>Slavoni-</strong></span> 
     </span>
    </p>
   </div>
   <div class='ocr_carea' id='block_1_82' title="bbox 195 5001 1415 5141">
    <p class='ocr_par' dir='ltr' id='par_1_82' title="bbox 195 5001 1415 5141">
     <span class='ocr_line' id='line_1_82' title="bbox 195 5001 442 5040; baseline -0.004 0"><span class='ocrx_word' id='word_1_590' title='bbox 195 5001 395 5040; x_wconf 88' lang='lat' dir='ltr'><strong>mcum</strong></span> <span class='ocrx_word' id='word_1_591' title='bbox 429 5001 442 5039; x_wconf 88' lang='lat'><strong>:</strong></span> 
     </span>
     <span class='ocr_line' id='line_1_83' title="bbox 517 5054 1415 5141; baseline 0.006 -32"><span class='ocrx_word' id='word_1_592' title='bbox 517 5054 672 5136; x_wconf 66' lang='lat' dir='ltr'><strong>weak</strong></span> <span class='ocrx_word' id='word_1_593' title='bbox 703 5059 756 5110; x_wconf 88' lang='lat' dir='ltr'><strong>ot</strong></span> <span class='ocrx_word' id='word_1_594' title='bbox 781 5056 904 5138; x_wconf 60' lang='lat' dir='ltr'><strong>suci</strong></span> <span class='ocrx_word' id='word_1_595' title='bbox 934 5056 1105 5141; x_wconf 64' lang='lat' dir='ltr'><strong>celedi</strong></span> <span class='ocrx_word' id='word_1_596' title='bbox 1124 5057 1415 5141; x_wconf 40' lang='lat' dir='ltr'><strong>.voievodi.</strong></span> 
     </span>
    </p>
   </div>
   <div class='ocr_carea' id='block_1_83' title="bbox 516 5128 1844 5273">
    <p class='ocr_par' dir='ltr' id='par_1_83' title="bbox 516 5128 1844 5273">
     <span class='ocr_line' id='line_1_84' title="bbox 516 5128 1450 5201; baseline 0.005 -21"><span class='ocrx_word' id='word_1_597' title='bbox 516 5128 744 5198; x_wconf 74' lang='lat' dir='ltr'><strong>quisque</strong></span> <span class='ocrx_word' id='word_1_598' title='bbox 772 5128 834 5180; x_wconf 83' lang='lat' dir='ltr'><strong>in</strong></span> <span class='ocrx_word' id='word_1_599' title='bbox 861 5142 966 5182; x_wconf 79' lang='lat' dir='ltr'><strong>sua</strong></span> <span class='ocrx_word' id='word_1_600' title='bbox 990 5128 1213 5199; x_wconf 80' lang='lat' dir='ltr'><strong>familia</strong></span> <span class='ocrx_word' id='word_1_601' title='bbox 1244 5135 1450 5201; x_wconf 88' lang='lat' dir='ltr'><strong>regnat</strong></span> 
     </span>
     <span class='ocr_line' id='line_1_85' title="bbox 621 5195 1844 5273; baseline 0.009 -22"><span class='ocrx_word' id='word_1_602' title='bbox 621 5195 970 5273; x_wconf 66' lang='lat' dir='ltr'><strong>v._I_1_uk_opis</strong></span> <span class='ocrx_word' id='word_1_603' title='bbox 1016 5198 1484 5273; x_wconf 77' lang='lat' dir='ltr'><strong>Krelodworsky.</strong></span> <span class='ocrx_word' id='word_1_604' title='bbox 1517 5204 1730 5269; x_wconf 71' lang='lat' dir='ltr'><strong>wydan</strong></span> <span class='ocrx_word' id='word_1_605' title='bbox 1775 5208 1844 5261; x_wconf 88' lang='lat' dir='ltr'><strong>od</strong></span> 
     </span>
    </p>
   </div>
   <div class='ocr_carea' id='block_1_84' title="bbox 690 5267 1844 5344">
    <p class='ocr_par' dir='ltr' id='par_1_84' title="bbox 690 5267 1844 5344">
     <span class='ocr_line' id='line_1_86' title="bbox 690 5267 1844 5344; baseline 0.007 -19"><span class='ocrx_word' id='word_1_606' title='bbox 690 5267 989 5344; x_wconf 42' lang='lat' dir='ltr'><strong>Walclawa</strong></span> <span class='ocrx_word' id='word_1_607' title='bbox 1037 5272 1274 5343; x_wconf 81' lang='lat' dir='ltr'><strong>Hanky,</strong></span> <span class='ocrx_word' id='word_1_608' title='bbox 1328 5267 1634 5330; x_wconf 31' lang='lat' dir='ltr'><strong>wara—ze</strong></span> <span class='ocrx_word' id='word_1_609' title='bbox 1687 5277 1844 5344; x_wconf 88' lang='grc'>1835,</span> 
     </span>
    </p>
   </div>
   <div class='ocr_carea' id='block_1_85' title="bbox 263 5340 1845 5491">
    <p class='ocr_par' dir='ltr' id='par_1_85' title="bbox 263 5340 1845 5491">
     <span class='ocr_line' id='line_1_87' title="bbox 263 5340 1845 5491; baseline 0.005 -26"><span class='ocrx_word' id='word_1_610' title='bbox 263 5409 386 5466; x_wconf 82' lang='lat' dir='ltr'><strong>Vox</strong></span> <span class='ocrx_word' id='word_1_611' title='bbox 415 5425 601 5491; x_wconf 67' lang='lat' dir='ltr'><strong>graeca</strong></span> <span class='ocrx_word' id='word_1_612' title='bbox 634 5340 1023 5491; x_wconf 51' lang='grc' dir='ltr'><strong>βαξιλῗέξῃαιᾳ</strong></span> <span class='ocrx_word' id='word_1_613' title='bbox 1069 5427 1200 5468; x_wconf 89' lang='lat' dir='ltr'><strong>esse</strong></span> <span class='ocrx_word' id='word_1_614' title='bbox 1241 5410 1547 5491; x_wconf 75' lang='lat' dir='ltr'><strong>videture</strong></span> <span class='ocrx_word' id='word_1_615' title='bbox 1593 5432 1730 5491; x_wconf 82' lang='lat' dir='ltr'><strong>voce</strong></span> <span class='ocrx_word' id='word_1_616' title='bbox 1762 5427 1845 5491; x_wconf 74' lang='grc' dir='ltr'><strong>βας</strong></span> 
     </span>
    </p>
   </div>
   <div class='ocr_carea' id='block_1_86' title="bbox 193 5481 1847 5558">
    <p class='ocr_par' dir='ltr' id='par_1_86' title="bbox 193 5481 1847 5558">
     <span class='ocr_line' id='line_1_88' title="bbox 193 5481 1847 5558; baseline 0.004 -20"><span class='ocrx_word' id='word_1_617' title='bbox 193 5481 730 5558; x_wconf 53' lang='lat' dir='ltr'><strong>bonus,‘d_omi_n}13,</strong></span> <span class='ocrx_word' id='word_1_618' title='bbox 753 5489 810 5538; x_wconf 90' lang='lat' dir='ltr'><strong>et</strong></span> <span class='ocrx_word' id='word_1_619' title='bbox 825 5491 966 5558; x_wconf 57' lang='lat' dir='ltr'><strong>pm</strong></span> <span class='ocrx_word' id='word_1_620' title='bbox 999 5484 1035 5538; x_wconf 91' lang='lat' dir='ltr'><strong>i.</strong></span> <span class='ocrx_word' id='word_1_621' title='bbox 1058 5501 1118 5558; x_wconf 90' lang='lat' dir='ltr'><strong>_e.</strong></span> <span class='ocrx_word' id='word_1_622' title='bbox 1135 5491 1291 5558; x_wconf 57' lang='lat' dir='ltr'><strong>pm;</strong></span> <span class='ocrx_word' id='word_1_623' title='bbox 1320 5485 1634 5557; x_wconf 88' lang='lat' dir='ltr'><strong>propitius,</strong></span> <span class='ocrx_word' id='word_1_624' title='bbox 1656 5481 1847 5558; x_wconf 65' lang='lat' dir='ltr'><strong>ita,&#39;ut</strong></span> 
     </span>
    </p>
   </div>
   <div class='ocr_carea' id='block_1_87' title="bbox 194 5552 1847 5682">
    <p class='ocr_par' dir='ltr' id='par_1_87' title="bbox 194 5552 1847 5682">
     <span class='ocr_line' id='line_1_89' title="bbox 194 5552 1847 5682; baseline 0.004 -72"><span class='ocrx_word' id='word_1_625' title='bbox 194 5562 419 5682; x_wconf 52' lang='grc' dir='ltr'><strong>ἓωιλεύς</strong></span> <span class='ocrx_word' id='word_1_626' title='bbox 448 5553 566 5609; x_wconf 87' lang='lat' dir='ltr'><strong>fere</strong></span> <span class='ocrx_word' id='word_1_627' title='bbox 593 5552 750 5608; x_wconf 91' lang='lat' dir='ltr'><strong>idem</strong></span> <span class='ocrx_word' id='word_1_628' title='bbox 793 5553 888 5622; x_wconf 90' lang='lat' dir='ltr'><strong>sit,</strong></span> <span class='ocrx_word' id='word_1_629' title='bbox 922 5555 1077 5626; x_wconf 90' lang='lat' dir='ltr'><strong>quod</strong></span> <span class='ocrx_word' id='word_1_630' title='bbox 1123 5552 1479 5611; x_wconf 70' lang='lat' dir='ltr'><strong>Germanum</strong></span> <span class='ocrx_word' id='word_1_631' title='bbox 1511 5575 1523 5612; x_wconf 91' lang='lat'>:</span> <span class='ocrx_word' id='word_1_632' title='bbox 1555 5552 1847 5634; x_wconf 79' lang='lat' dir='ltr'><strong>Gnadiger</strong></span> 
     </span>
     <span class='ocr_line' id='line_1_90' title="bbox 244 5624 1842 5682; baseline 0 0"><span class='ocrx_word' id='word_1_633' title='bbox 244 5643 354 5682; x_wconf 90' lang='lat' dir='ltr'><strong>err.</strong></span> <span class='ocrx_word' id='word_1_634' title='bbox 388 5638 477 5682; x_wconf 74' lang='lat' dir='ltr'><strong>Bac</strong></span> <span class='ocrx_word' id='word_1_635' title='bbox 497 5624 664 5680; x_wconf 85' lang='lat' dir='ltr'><strong>enim</strong></span> <span class='ocrx_word' id='word_1_636' title='bbox 687 5629 882 5682; x_wconf 87' lang='lat' dir='ltr'><strong>extare</strong></span> <span class='ocrx_word' id='word_1_637' title='bbox 911 5627 1140 5682; x_wconf 89' lang='lat' dir='ltr'><strong>videtur</strong></span> <span class='ocrx_word' id='word_1_638' title='bbox 1178 5627 1237 5681; x_wconf 90' lang='lat' dir='ltr'><strong>in</strong></span> <span class='ocrx_word' id='word_1_639' title='bbox 1281 5629 1672 5682; x_wconf 78' lang='lat' dir='ltr'><strong>comparativo</strong></span> <span class='ocrx_word' id='word_1_640' title='bbox 1715 5649 1842 5682; x_wconf 71' lang='lat' dir='ltr'><strong>cer-</strong></span> 
     </span>
    </p>
   </div>
   <div class='ocr_carea' id='block_1_88' title="bbox 244 5627 1842 5704">
    <p class='ocr_par' dir='ltr' id='par_1_88' title="bbox 244 5627 1842 5704">
     <span class='ocr_line' id='line_1_91' title="bbox 244 5627 1842 5704; baseline -0.004 -22"><span class='ocrx_word' id='word_1_641' title='bbox 244 5643 354 5704; x_wconf 66' lang='lat' dir='ltr'><strong>err.</strong></span> <span class='ocrx_word' id='word_1_642' title='bbox 388 5627 886 5704; x_wconf 53' lang='lat' dir='ltr'><strong>sqq-enim__extare_</strong></span> <span class='ocrx_word' id='word_1_643' title='bbox 911 5627 1140 5704; x_wconf 79' lang='lat' dir='ltr'><strong>videtur</strong></span> <span class='ocrx_word' id='word_1_644' title='bbox 1178 5627 1237 5681; x_wconf 90' lang='lat' dir='ltr'><strong>in</strong></span> <span class='ocrx_word' id='word_1_645' title='bbox 1281 5627 1842 5704; x_wconf 15' lang='lat' dir='ltr'><strong>comparativoigép-</strong></span> 
     </span>
    </p>
   </div>
   <div class='ocr_carea' id='block_1_89' title="bbox 193 5696 1839 5772">
    <p class='ocr_par' dir='ltr' id='par_1_89' title="bbox 193 5696 1839 5772">
     <span class='ocr_line' id='line_1_92' title="bbox 193 5696 1839 5772; baseline 0.004 -19"><span class='ocrx_word' id='word_1_646' title='bbox 193 5697 424 5772; x_wconf 80' lang='lat' dir='ltr'><strong>manico</strong></span> <span class='ocrx_word' id='word_1_647' title='bbox 443 5696 861 5772; x_wconf 76' lang='lat' dir='ltr'><strong>hesser(best);_</strong></span> <span class='ocrx_word' id='word_1_648' title='bbox 874 5697 1230 5772; x_wconf 73' lang='lat' dir='ltr'><strong>tuminvoce</strong></span> <span class='ocrx_word' id='word_1_649' title='bbox 1247 5696 1564 5772; x_wconf 76' lang='lat' dir='ltr'><strong>abverbiali</strong></span> <span class='ocrx_word' id='word_1_650' title='bbox 1588 5696 1839 5772; x_wconf 65' lang='lat' dir='ltr'><strong>fiirbass,</strong></span> 
     </span>
    </p>
   </div>
   <div class='ocr_carea' id='block_1_90' title="bbox 193 5768 1840 5847">
    <p class='ocr_par' dir='ltr' id='par_1_90' title="bbox 193 5768 1840 5847">
     <span class='ocr_line' id='line_1_93' title="bbox 193 5768 1840 5847; baseline 0.006 -23"><span class='ocrx_word' id='word_1_651' title='bbox 193 5769 445 5842; x_wconf 87' lang='lat' dir='ltr'><strong>denique</strong></span> <span class='ocrx_word' id='word_1_652' title='bbox 465 5768 523 5824; x_wconf 89' lang='lat' dir='ltr'><strong>in</strong></span> <span class='ocrx_word' id='word_1_653' title='bbox 545 5784 684 5824; x_wconf 87' lang='lat' dir='ltr'><strong>voce</strong></span> <span class='ocrx_word' id='word_1_654' title='bbox 705 5768 1044 5842; x_wconf 87' lang='lat' dir='ltr'><strong>provinciali</strong></span> <span class='ocrx_word' id='word_1_655' title='bbox 1065 5768 1345 5828; x_wconf 80' lang='lat' dir='ltr'><strong>Rhenana</strong></span> <span class='ocrx_word' id='word_1_656' title='bbox 1365 5775 1420 5837; x_wconf 85' lang='lat' dir='ltr'><strong>et</strong></span> <span class='ocrx_word' id='word_1_657' title='bbox 1443 5771 1654 5830; x_wconf 87' lang='lat' dir='ltr'><strong>Batava</strong></span> <span class='ocrx_word' id='word_1_658' title='bbox 1675 5768 1840 5847; x_wconf 79' lang='lat' dir='ltr'><strong>Bass,</strong></span> 
     </span>
    </p>
   </div>
   <div class='ocr_carea' id='block_1_91' title="bbox 1974 3383 2268 3441">
    <p class='ocr_par' dir='ltr' id='par_1_91' title="bbox 1974 3383 2268 3441">
     <span class='ocr_line' id='line_1_94' title="bbox 1974 3383 2268 3441; baseline 0 -1"><span class='ocrx_word' id='word_1_659' title='bbox 1974 3383 2116 3440; x_wconf 85' lang='lat' dir='ltr'><strong>bum</strong></span> <span class='ocrx_word' id='word_1_660' title='bbox 2142 3384 2268 3441; x_wconf 91' lang='lat' dir='ltr'><strong>Dei.</strong></span> 
     </span>
    </p>
   </div>
   <div class='ocr_carea' id='block_1_92' title="bbox 1913 3492 3626 3582">
    <p class='ocr_par' dir='ltr' id='par_1_92' title="bbox 1913 3492 3626 3582">
     <span class='ocr_line' id='line_1_95' title="bbox 1913 3492 3626 3582; baseline 0.004 -34"><span class='ocrx_word' id='word_1_661' title='bbox 1913 3519 1915 3522; x_wconf 31' lang='grc'><em>⁴</em></span> <span class='ocrx_word' id='word_1_662' title='bbox 1972 3492 2108 3582; x_wconf 64' lang='lat' dir='ltr'><strong>Car.</strong></span> <span class='ocrx_word' id='word_1_663' title='bbox 2137 3492 2375 3582; x_wconf 63' lang='grc' dir='ltr'><strong>ὶςΧΧΙῩ.</strong></span> <span class='ocrx_word' id='word_1_664' title='bbox 2398 3494 2800 3582; x_wconf 48' lang='grc' dir='ltr'><strong>-Βοιίςδιριμε</strong></span> <span class='ocrx_word' id='word_1_665' title='bbox 2830 3497 2858 3550; x_wconf 91' lang='grc' dir='ltr'><strong><em>Ι</em></strong></span> <span class='ocrx_word' id='word_1_666' title='bbox 2891 3496 3019 3582; x_wconf 44' lang='lat' dir='ltr'><strong>{alii</strong></span> <span class='ocrx_word' id='word_1_667' title='bbox 3061 3512 3162 3578; x_wconf 72' lang='lat' dir='ltr'><strong>rex</strong></span> <span class='ocrx_word' id='word_1_668' title='bbox 3207 3499 3492 3582; x_wconf 56' lang='lat' dir='ltr'><strong>nominari</strong></span> <span class='ocrx_word' id='word_1_669' title='bbox 3530 3514 3626 3582; x_wconf 79' lang='lat' dir='ltr'><strong>po-</strong></span> 
     </span>
    </p>
   </div>
   <div class='ocr_carea' id='block_1_93' title="bbox 2043 3566 3626 3640">
    <p class='ocr_par' dir='ltr' id='par_1_93' title="bbox 2043 3566 3626 3640">
     <span class='ocr_line' id='line_1_96' title="bbox 2043 3566 3626 3640; baseline 0.006 -20"><span class='ocrx_word' id='word_1_670' title='bbox 2043 3573 2202 3640; x_wconf 69' lang='lat' dir='ltr'><strong>terat,</strong></span> <span class='ocrx_word' id='word_1_671' title='bbox 2235 3569 2532 3638; x_wconf 79' lang='lat' dir='ltr'><strong>antequam</strong></span> <span class='ocrx_word' id='word_1_672' title='bbox 2559 3566 2635 3640; x_wconf 80' lang='lat' dir='ltr'><strong>ab</strong></span> <span class='ocrx_word' id='word_1_673' title='bbox 2659 3566 2848 3623; x_wconf 80' lang='lat' dir='ltr'><strong>Ottone</strong></span> <span class='ocrx_word' id='word_1_674' title='bbox 2894 3567 2969 3622; x_wconf 90' lang='grc' dir='ltr'><strong><em>ΙΙΙ</em></strong></span> <span class='ocrx_word' id='word_1_675' title='bbox 2998 3568 3342 3625; x_wconf 72' lang='lat' dir='ltr'><strong>inviseretur.</strong></span> <span class='ocrx_word' id='word_1_676' title='bbox 3375 3569 3441 3624; x_wconf 83' lang='lat' dir='ltr'><strong>In</strong></span> <span class='ocrx_word' id='word_1_677' title='bbox 3469 3566 3626 3640; x_wconf 64' lang='lat' dir='ltr'><strong>rebia</strong></span> 
     </span>
    </p>
   </div>
   <div class='ocr_carea' id='block_1_94' title="bbox 2043 3637 3426 3712">
    <p class='ocr_par' dir='ltr' id='par_1_94' title="bbox 2043 3637 3426 3712">
     <span class='ocr_line' id='line_1_97' title="bbox 2043 3637 3426 3712; baseline 0.004 -20"><span class='ocrx_word' id='word_1_678' title='bbox 2043 3637 2313 3705; x_wconf 79' lang='lat' dir='ltr'><strong>dignitate</strong></span> <span class='ocrx_word' id='word_1_679' title='bbox 2340 3637 2470 3694; x_wconf 72' lang='lat' dir='ltr'><strong>usus</strong></span> <span class='ocrx_word' id='word_1_680' title='bbox 2499 3640 2549 3693; x_wconf 82' lang='lat' dir='ltr'><strong>et</strong></span> <span class='ocrx_word' id='word_1_681' title='bbox 2580 3637 2780 3694; x_wconf 75' lang='lat' dir='ltr'><strong>abusus</strong></span> <span class='ocrx_word' id='word_1_682' title='bbox 2810 3640 3057 3694; x_wconf 81' lang='lat' dir='ltr'><strong>omnium</strong></span> <span class='ocrx_word' id='word_1_683' title='bbox 3079 3641 3426 3712; x_wconf 84' lang='lat' dir='ltr'><strong>populorum.</strong></span> 
     </span>
    </p>
   </div>
   <div class='ocr_carea' id='block_1_95' title="bbox 2047 3743 3625 3818">
    <p class='ocr_par' dir='ltr' id='par_1_95' title="bbox 2047 3743 3625 3818">
     <span class='ocr_line' id='line_1_98' title="bbox 2047 3743 3625 3818; baseline 0.004 -21"><span class='ocrx_word' id='word_1_684' title='bbox 2047 3743 2694 3800; x_wconf 87' lang='lat' dir='ltr'><strong>lncunabula-omnium</strong></span> <span class='ocrx_word' id='word_1_685' title='bbox 2724 3744 3074 3818; x_wconf 88' lang='lat' dir='ltr'><strong>populorum</strong></span> <span class='ocrx_word' id='word_1_686' title='bbox 3108 3746 3277 3802; x_wconf 85' lang='lat' dir='ltr'><strong>nobis</strong></span> <span class='ocrx_word' id='word_1_687' title='bbox 3305 3749 3625 3808; x_wconf 85' lang='lat' dir='ltr'><strong>ostendunt</strong></span> 
     </span>
    </p>
   </div>
   <div class='ocr_carea' id='block_1_96' title="bbox 1971 3832 3625 3908">
    <p class='ocr_par' dir='ltr' id='par_1_96' title="bbox 1971 3832 3625 3908">
     <span class='ocr_line' id='line_1_99' title="bbox 1971 3832 3625 3908; baseline 0.005 -22"><span class='ocrx_word' id='word_1_688' title='bbox 1971 3832 2457 3904; x_wconf 84' lang='lat' dir='ltr'><strong>patremfamilias</strong></span> <span class='ocrx_word' id='word_1_689' title='bbox 2513 3850 2641 3889; x_wconf 88' lang='lat' dir='ltr'><strong>esse</strong></span> <span class='ocrx_word' id='word_1_690' title='bbox 2697 3835 3080 3902; x_wconf 87' lang='lat' dir='ltr'><strong>sacerdotem,</strong></span> <span class='ocrx_word' id='word_1_691' title='bbox 3116 3834 3508 3908; x_wconf 85' lang='lat' dir='ltr'><strong>legislatorem</strong></span> <span class='ocrx_word' id='word_1_692' title='bbox 3565 3842 3625 3894; x_wconf 91' lang='lat' dir='ltr'><strong>et</strong></span> 
     </span>
    </p>
   </div>
   <div class='ocr_carea' id='block_1_97' title="bbox 1961 3919 3619 3996">
    <p class='ocr_par' dir='ltr' id='par_1_97' title="bbox 1961 3919 3619 3996">
     <span class='ocr_line' id='line_1_100' title="bbox 1961 3919 3619 3996; baseline 0.004 -22"><span class='ocrx_word' id='word_1_693' title='bbox 1961 3919 2248 3991; x_wconf 84' lang='lat' dir='ltr'><strong>judicem,</strong></span> <span class='ocrx_word' id='word_1_694' title='bbox 2272 3921 2380 3990; x_wconf 87' lang='lat' dir='ltr'><strong>vel,</strong></span> <span class='ocrx_word' id='word_1_695' title='bbox 2403 3926 2468 3978; x_wconf 87' lang='lat' dir='ltr'><strong>ut</strong></span> <span class='ocrx_word' id='word_1_696' title='bbox 2497 3939 2614 3978; x_wconf 91' lang='lat' dir='ltr'><strong>uno</strong></span> <span class='ocrx_word' id='word_1_697' title='bbox 2641 3920 2814 3979; x_wconf 86' lang='lat' dir='ltr'><strong>verbo</strong></span> <span class='ocrx_word' id='word_1_698' title='bbox 2861 3923 3074 3995; x_wconf 88' lang='lat' dir='ltr'><strong>dicam,</strong></span> <span class='ocrx_word' id='word_1_699' title='bbox 3109 3941 3303 3996; x_wconf 88' lang='lat' dir='ltr'><strong>regem</strong></span> <span class='ocrx_word' id='word_1_700' title='bbox 3349 3923 3619 3994; x_wconf 76' lang='lat' dir='ltr'><strong>familiis;</strong></span> 
     </span>
    </p>
   </div>
   <div class='ocr_carea' id='block_1_98' title="bbox 1963 4009 3622 4083">
    <p class='ocr_par' dir='ltr' id='par_1_98' title="bbox 1963 4009 3622 4083">
     <span class='ocr_line' id='line_1_101' title="bbox 1963 4009 3622 4083; baseline 0.004 -19"><span class='ocrx_word' id='word_1_701' title='bbox 1963 4010 2099 4081; x_wconf 84' lang='lat' dir='ltr'><strong>jure</strong></span> <span class='ocrx_word' id='word_1_702' title='bbox 2129 4009 2383 4075; x_wconf 85' lang='lat' dir='ltr'><strong>naturali</strong></span> <span class='ocrx_word' id='word_1_703' title='bbox 2416 4009 2476 4068; x_wconf 88' lang='lat' dir='ltr'><strong>in</strong></span> <span class='ocrx_word' id='word_1_704' title='bbox 2518 4010 2793 4077; x_wconf 81' lang='lat' dir='ltr'><strong>infantes,</strong></span> <span class='ocrx_word' id='word_1_705' title='bbox 2829 4011 3016 4067; x_wconf 82' lang='lat' dir='ltr'><strong>abusa</strong></span> <span class='ocrx_word' id='word_1_706' title='bbox 3050 4011 3308 4083; x_wconf 83' lang='lat' dir='ltr'><strong>(nonnisi</strong></span> <span class='ocrx_word' id='word_1_707' title='bbox 3337 4012 3622 4082; x_wconf 86' lang='lat' dir='ltr'><strong>humano)</strong></span> 
     </span>
    </p>
   </div>
   <div class='ocr_carea' id='block_1_99' title="bbox 1969 4098 3621 4172">
    <p class='ocr_par' dir='ltr' id='par_1_99' title="bbox 1969 4098 3621 4172">
     <span class='ocr_line' id='line_1_102' title="bbox 1969 4098 3621 4172; baseline 0.003 -19"><span class='ocrx_word' id='word_1_708' title='bbox 1969 4099 2030 4154; x_wconf 92' lang='lat' dir='ltr'><strong>in</strong></span> <span class='ocrx_word' id='word_1_709' title='bbox 2061 4098 2312 4154; x_wconf 87' lang='lat' dir='ltr'><strong>adultos.</strong></span> <span class='ocrx_word' id='word_1_710' title='bbox 2338 4099 2468 4172; x_wconf 84' lang='lat' dir='ltr'><strong>Ipse</strong></span> <span class='ocrx_word' id='word_1_711' title='bbox 2497 4100 2750 4171; x_wconf 43' lang='lat' dir='ltr'><strong>despota.</strong></span> <span class='ocrx_word' id='word_1_712' title='bbox 2769 4115 2942 4156; x_wconf 88' lang='lat' dir='ltr'><strong>omne</strong></span> <span class='ocrx_word' id='word_1_713' title='bbox 2965 4101 3088 4171; x_wconf 87' lang='lat' dir='ltr'><strong>jus,</strong></span> <span class='ocrx_word' id='word_1_714' title='bbox 3113 4117 3346 4156; x_wconf 85' lang='lat' dir='ltr'><strong>omnem</strong></span> <span class='ocrx_word' id='word_1_715' title='bbox 3380 4101 3621 4158; x_wconf 89' lang='lat' dir='ltr'><strong>liberta-</strong></span> 
     </span>
    </p>
   </div>
   <div class='ocr_carea' id='block_1_100' title="bbox 1967 4186 3620 4262">
    <p class='ocr_par' dir='ltr' id='par_1_100' title="bbox 1967 4186 3620 4262">
     <span class='ocr_line' id='line_1_103' title="bbox 1967 4186 3620 4262; baseline 0.001 -18"><span class='ocrx_word' id='word_1_716' title='bbox 1967 4191 2086 4244; x_wconf 89' lang='lat' dir='ltr'><strong>tem</strong></span> <span class='ocrx_word' id='word_1_717' title='bbox 2118 4187 2230 4243; x_wconf 89' lang='lat' dir='ltr'><strong>sibi</strong></span> <span class='ocrx_word' id='word_1_718' title='bbox 2259 4186 2369 4244; x_wconf 89' lang='lat' dir='ltr'><strong>soli</strong></span> <span class='ocrx_word' id='word_1_719' title='bbox 2400 4186 2596 4253; x_wconf 87' lang='lat' dir='ltr'><strong>habet,</strong></span> <span class='ocrx_word' id='word_1_720' title='bbox 2614 4190 2672 4243; x_wconf 87' lang='lat' dir='ltr'><strong>et</strong></span> <span class='ocrx_word' id='word_1_721' title='bbox 2701 4189 2875 4244; x_wconf 88' lang='lat' dir='ltr'><strong>ceteri</strong></span> <span class='ocrx_word' id='word_1_722' title='bbox 2895 4219 2958 4230; x_wconf 84' lang='lat'><strong>—</strong></span> <span class='ocrx_word' id='word_1_723' title='bbox 2978 4188 3399 4258; x_wconf 80' lang='lat' dir='ltr'><strong>femina,liberi</strong></span> <span class='ocrx_word' id='word_1_724' title='bbox 3425 4188 3620 4262; x_wconf 88' lang='lat' dir='ltr'><strong>(servi)</strong></span> 
     </span>
    </p>
   </div>
   <div class='ocr_carea' id='block_1_101' title="bbox 1968 4275 3615 4348">
    <p class='ocr_par' dir='ltr' id='par_1_101' title="bbox 1968 4275 3615 4348">
     <span class='ocr_line' id='line_1_104' title="bbox 1968 4275 3615 4348; baseline 0.002 -17"><span class='ocrx_word' id='word_1_725' title='bbox 1968 4307 2037 4317; x_wconf 64' lang='grc' dir='ltr'><strong>-α</strong></span> <span class='ocrx_word' id='word_1_726' title='bbox 2058 4275 2279 4334; x_wconf 87' lang='lat' dir='ltr'><strong>nullius</strong></span> <span class='ocrx_word' id='word_1_727' title='bbox 2311 4275 2466 4348; x_wconf 89' lang='lat' dir='ltr'><strong>juris</strong></span> <span class='ocrx_word' id='word_1_728' title='bbox 2496 4279 2665 4344; x_wconf 88' lang='lat' dir='ltr'><strong>sunt;</strong></span> <span class='ocrx_word' id='word_1_729' title='bbox 2700 4275 2859 4333; x_wconf 89' lang='lat' dir='ltr'><strong>omni</strong></span> <span class='ocrx_word' id='word_1_730' title='bbox 2893 4276 3050 4334; x_wconf 88' lang='lat' dir='ltr'><strong>enim</strong></span> <span class='ocrx_word' id='word_1_731' title='bbox 3100 4276 3368 4333; x_wconf 87' lang='lat' dir='ltr'><strong>libertate</strong></span> <span class='ocrx_word' id='word_1_732' title='bbox 3397 4283 3615 4345; x_wconf 85' lang='lat' dir='ltr'><strong>carent.</strong></span> 
     </span>
    </p>
   </div>
   <div class='ocr_carea' id='block_1_102' title="bbox 1968 4365 3618 4439">
    <p class='ocr_par' dir='ltr' id='par_1_102' title="bbox 1968 4365 3618 4439">
     <span class='ocr_line' id='line_1_105' title="bbox 1968 4365 3618 4439; baseline 0.001 -17"><span class='ocrx_word' id='word_1_733' title='bbox 1968 4365 2392 4428; x_wconf 80' lang='lat' dir='ltr'><strong>Paterfamilias</strong></span> <span class='ocrx_word' id='word_1_734' title='bbox 2428 4375 2486 4424; x_wconf 81' lang='grc' dir='ltr'><strong>τὸ</strong></span> <span class='ocrx_word' id='word_1_735' title='bbox 2514 4373 2764 4423; x_wconf 68' lang='grc' dir='ltr'><strong>πολιτικὸν</strong></span> <span class='ocrx_word' id='word_1_736' title='bbox 2787 4375 2906 4430; x_wconf 78' lang='grc' dir='ltr'><strong>ςῶον</strong></span> <span class='ocrx_word' id='word_1_737' title='bbox 2952 4365 3227 4423; x_wconf 88' lang='lat' dir='ltr'><strong>absorbet</strong></span> <span class='ocrx_word' id='word_1_738' title='bbox 3254 4366 3426 4438; x_wconf 81' lang='grc'><strong>(304).</strong></span> <span class='ocrx_word' id='word_1_739' title='bbox 3477 4367 3618 4439; x_wconf 82' lang='lat' dir='ltr'><strong>Ejus</strong></span> 
     </span>
    </p>
   </div>
   <div class='ocr_carea' id='block_1_103' title="bbox 1966 4563 3617 4652">
    <p class='ocr_par' dir='ltr' id='par_1_103' title="bbox 1966 4563 3617 4652">
     <span class='ocr_line' id='line_1_106' title="bbox 1966 4563 3617 4652; baseline 0.005 -33"><span class='ocrx_word' id='word_1_740' title='bbox 1966 4564 2048 4652; x_wconf 47' lang='lat' dir='ltr'><strong>i‘d,</strong></span> <span class='ocrx_word' id='word_1_741' title='bbox 2071 4579 2120 4619; x_wconf 91' lang='lat' dir='ltr'><strong>e.</strong></span> <span class='ocrx_word' id='word_1_742' title='bbox 2146 4563 2383 4652; x_wconf 61' lang='lat' dir='ltr'><strong>Meister</strong></span> <span class='ocrx_word' id='word_1_743' title='bbox 2403 4564 2548 4652; x_wconf 60' lang='lat' dir='ltr'><strong>artis</strong></span> <span class='ocrx_word' id='word_1_744' title='bbox 2569 4565 2876 4652; x_wconf 78' lang='lat' dir='ltr'><strong>cujusdam</strong></span> <span class='ocrx_word' id='word_1_745' title='bbox 2902 4565 3158 4652; x_wconf 82' lang='lat' dir='ltr'><strong>_peritus,</strong></span> <span class='ocrx_word' id='word_1_746' title='bbox 3182 4567 3617 4652; x_wconf 62' lang='lat' dir='ltr'><strong>sodaliscujus-</strong></span> 
     </span>
    </p>
   </div>
   <div class='ocr_carea' id='block_1_104' title="bbox 1885 4633 3615 4711">
    <p class='ocr_par' dir='ltr' id='par_1_104' title="bbox 1885 4633 3615 4711">
     <span class='ocr_line' id='line_1_107' title="bbox 1885 4633 3615 4711; baseline 0.003 -20"><span class='ocrx_word' id='word_1_747' title='bbox 1885 4643 1930 4708; x_wconf 77' lang='grc' dir='ltr'><strong>Ι)</strong></span> <span class='ocrx_word' id='word_1_748' title='bbox 1957 4636 2098 4711; x_wconf 80' lang='lat' dir='ltr'><strong>dam</strong></span> <span class='ocrx_word' id='word_1_749' title='bbox 2129 4633 2664 4711; x_wconf 66' lang='lat' dir='ltr'><strong>collegii-opiﬁcum</strong></span> <span class='ocrx_word' id='word_1_750' title='bbox 2695 4635 2797 4711; x_wconf 66' lang='lat' dir='ltr'><strong>vel</strong></span> <span class='ocrx_word' id='word_1_751' title='bbox 2823 4633 3104 4709; x_wconf 65' lang='lat' dir='ltr'><strong>patronus</strong></span> <span class='ocrx_word' id='word_1_752' title='bbox 3133 4633 3433 4711; x_wconf 78' lang='lat' dir='ltr'><strong>Opificum.</strong></span> <span class='ocrx_word' id='word_1_753' title='bbox 3465 4633 3615 4704; x_wconf 59' lang='lat' dir='ltr'><strong>Hinc</strong></span> 
     </span>
    </p>
   </div>
   <div class='ocr_carea' id='block_1_105' title="bbox 1962 4707 3614 4859">
    <p class='ocr_par' dir='ltr' id='par_1_105' title="bbox 1962 4707 3614 4859">
     <span class='ocr_line' id='line_1_108' title="bbox 1963 4707 3614 4792; baseline 0.005 -32"><span class='ocrx_word' id='word_1_754' title='bbox 1963 4707 2281 4788; x_wconf 78' lang='lat' dir='ltr'><strong>imperator</strong></span> <span class='ocrx_word' id='word_1_755' title='bbox 2309 4707 2513 4787; x_wconf 52' lang='lat' dir='ltr'><strong>Petrus</strong></span> <span class='ocrx_word' id='word_1_756' title='bbox 2547 4707 2568 4760; x_wconf 90' lang='grc' dir='ltr'>Ι</span> <span class='ocrx_word' id='word_1_757' title='bbox 2598 4707 2718 4762; x_wconf 86' lang='lat' dir='ltr'><strong>sive</strong></span> <span class='ocrx_word' id='word_1_758' title='bbox 2743 4707 3012 4779; x_wconf 77' lang='lat' dir='ltr'><strong>Magnus,</strong></span> <span class='ocrx_word' id='word_1_759' title='bbox 3046 4707 3358 4782; x_wconf 65' lang='lat' dir='ltr'><strong>postquam</strong></span> <span class='ocrx_word' id='word_1_760' title='bbox 3390 4712 3614 4792; x_wconf 16' lang='lat' dir='ltr'><strong>ing-Hol-</strong></span> 
     </span>
     <span class='ocr_line' id='line_1_109' title="bbox 1962 4775 3613 4859; baseline -0.004 -26"><span class='ocrx_word' id='word_1_761' title='bbox 1962 4777 2165 4859; x_wconf 63' lang='lat' dir='ltr'><strong>landia</strong></span> <span class='ocrx_word' id='word_1_762' title='bbox 2190 4776 2640 4859; x_wconf 41' lang='lat' dir='ltr'><strong>architecturam</strong></span> <span class='ocrx_word' id='word_1_763' title='bbox 2673 4775 3175 4859; x_wconf 38' lang='lat' dir='ltr'><strong>navalemﬁdoctus</strong></span> <span class='ocrx_word' id='word_1_764' title='bbox 3205 4786 3352 4859; x_wconf 69' lang='lat' dir='ltr'><strong>erat,</strong></span> <span class='ocrx_word' id='word_1_765' title='bbox 3373 4783 3613 4859; x_wconf 52' lang='lat' dir='ltr'><strong>sibi”-</strong></span> 
     </span>
    </p>
   </div>
   <div class='ocr_carea' id='block_1_106' title="bbox 1963 4847 3613 4936">
    <p class='ocr_par' dir='ltr' id='par_1_106' title="bbox 1963 4847 3613 4936">
     <span class='ocr_line' id='line_1_110' title="bbox 1963 4847 3613 4936; baseline 0.004 -32"><span class='ocrx_word' id='word_1_766' title='bbox 1963 4866 2096 4936; x_wconf 74' lang='lat' dir='ltr'><strong>men</strong></span> <span class='ocrx_word' id='word_1_767' title='bbox 2127 4847 2525 4936; x_wconf 34' lang='lat' dir='ltr'><strong>PeterlBasjid</strong></span> <span class='ocrx_word' id='word_1_768' title='bbox 2556 4852 2646 4936; x_wconf 83' lang='lat' dir='ltr'><strong>est</strong></span> <span class='ocrx_word' id='word_1_769' title='bbox 2677 4848 2910 4936; x_wconf 76' lang='lat' dir='ltr'><strong>Meister</strong></span> <span class='ocrx_word' id='word_1_770' title='bbox 2929 4851 3117 4936; x_wconf 63' lang='lat' dir='ltr'><strong>Peter)</strong></span> <span class='ocrx_word' id='word_1_771' title='bbox 3150 4851 3381 4936; x_wconf 60' lang='lat' dir='ltr'><strong>indidit.</strong></span> <span class='ocrx_word' id='word_1_772' title='bbox 3407 4853 3613 4936; x_wconf 75' lang='lat' dir='ltr'><strong>Extare</strong></span> 
     </span>
    </p>
   </div>
   <div class='ocr_carea' id='block_1_107' title="bbox 1959 4919 3612 5074">
    <p class='ocr_par' dir='ltr' id='par_1_107' title="bbox 1959 4919 3612 5074">
     <span class='ocr_line' id='line_1_111' title="bbox 1959 4919 3612 5050; baseline 0.003 -73"><span class='ocrx_word' id='word_1_773' title='bbox 1959 4921 2136 4977; x_wconf 86' lang='lat' dir='ltr'><strong>etiam</strong></span> <span class='ocrx_word' id='word_1_774' title='bbox 2167 4919 2397 4975; x_wconf 86' lang='lat' dir='ltr'><strong>videtur</strong></span> <span class='ocrx_word' id='word_1_775' title='bbox 2427 4919 2485 4973; x_wconf 88' lang='lat' dir='ltr'><strong>in</strong></span> <span class='ocrx_word' id='word_1_776' title='bbox 2515 4935 2653 5000; x_wconf 79' lang='lat' dir='ltr'><strong>voce</strong></span> <span class='ocrx_word' id='word_1_777' title='bbox 2680 4921 3017 5002; x_wconf 79' lang='lat' dir='ltr'><strong>germanica</strong></span> <span class='ocrx_word' id='word_1_778' title='bbox 3053 4919 3146 4977; x_wconf 76' lang='lat' dir='ltr'><strong>die</strong></span> <span class='ocrx_word' id='word_1_779' title='bbox 3177 4925 3334 4991; x_wconf 73' lang='lat' dir='ltr'><strong>Base,</strong></span> <span class='ocrx_word' id='word_1_780' title='bbox 3353 4939 3486 5050; x_wconf 37' lang='lat' dir='ltr'><strong>aqua</strong></span> <span class='ocrx_word' id='word_1_781' title='bbox 3517 4925 3612 4982; x_wconf 84' lang='lat' dir='ltr'><strong>hic</strong></span> 
     </span>
     <span class='ocr_line' id='line_1_112' title="bbox 1960 4989 3609 5074; baseline 0.002 -26"><span class='ocrx_word' id='word_1_782' title='bbox 1960 4996 2336 5074; x_wconf 75' lang='lat' dir='ltr'><strong>materteram</strong></span> <span class='ocrx_word' id='word_1_783' title='bbox 2364 4989 2468 5074; x_wconf 42' lang='lat' dir='ltr'><strong>vel.</strong></span> <span class='ocrx_word' id='word_1_784' title='bbox 2495 4996 2759 5074; x_wconf 72' lang='lat' dir='ltr'><strong>amitam,</strong></span> <span class='ocrx_word' id='word_1_785' title='bbox 2793 4991 2913 5074; x_wconf 72' lang='lat' dir='ltr'><strong>illic</strong></span> <span class='ocrx_word' id='word_1_786' title='bbox 2942 4992 3031 5074; x_wconf 79' lang='lat' dir='ltr'><strong>(ut</strong></span> <span class='ocrx_word' id='word_1_787' title='bbox 3067 4995 3223 5074; x_wconf 79' lang='lat' dir='ltr'><strong>apud</strong></span> <span class='ocrx_word' id='word_1_788' title='bbox 3266 4996 3350 5074; x_wconf 38' lang='lat' dir='ltr'><strong>lin</strong></span> <span class='ocrx_word' id='word_1_789' title='bbox 3419 4999 3609 5070; x_wconf 85' lang='lat' dir='ltr'><strong>erum)</strong></span> 
     </span>
    </p>
   </div>
   <div class='ocr_carea' id='block_1_108' title="bbox 1959 5061 3607 5150">
    <p class='ocr_par' dir='ltr' id='par_1_108' title="bbox 1959 5061 3607 5150">
     <span class='ocr_line' id='line_1_113' title="bbox 1959 5061 3607 5150; baseline 0.004 -31"><span class='ocrx_word' id='word_1_790' title='bbox 1959 5080 2218 5150; x_wconf 73' lang='lat' dir='ltr'><strong>sororem</strong></span> <span class='ocrx_word' id='word_1_791' title='bbox 2246 5061 2566 5150; x_wconf 71' lang='lat' dir='ltr'><strong>patruelem</strong></span> <span class='ocrx_word' id='word_1_792' title='bbox 2590 5061 2676 5116; x_wconf 91' lang='lat' dir='ltr'><strong>vel</strong></span> <span class='ocrx_word' id='word_1_793' title='bbox 2698 5061 3464 5150; x_wconf 37' lang='lat' dir='ltr'><strong>consoobri’nam&#39;signiﬁcare</strong></span> <span class='ocrx_word' id='word_1_794' title='bbox 3482 5061 3607 5126; x_wconf 52' lang='lat' dir='ltr'><strong>ore;</strong></span> 
     </span>
    </p>
   </div>
   <div class='ocr_carea' id='block_1_109' title="bbox 1956 5132 3604 5270">
    <p class='ocr_par' dir='ltr' id='par_1_109' title="bbox 1956 5132 3604 5270">
     <span class='ocr_line' id='line_1_114' title="bbox 1956 5132 3604 5208; baseline 0 -17"><span class='ocrx_word' id='word_1_795' title='bbox 1956 5136 2136 5202; x_wconf 88' lang='lat' dir='ltr'><strong>ditur,</strong></span> <span class='ocrx_word' id='word_1_796' title='bbox 2169 5132 2400 5206; x_wconf 84' lang='lat' dir='ltr'><strong>proprie</strong></span> <span class='ocrx_word' id='word_1_797' title='bbox 2439 5137 2634 5188; x_wconf 89' lang='lat' dir='ltr'><strong>tamen</strong></span> <span class='ocrx_word' id='word_1_798' title='bbox 2677 5132 2759 5188; x_wconf 90' lang='lat' dir='ltr'><strong>nil</strong></span> <span class='ocrx_word' id='word_1_799' title='bbox 2800 5133 3110 5208; x_wconf 84' lang='lat' dir='ltr'><strong>signiﬁcat,</strong></span> <span class='ocrx_word' id='word_1_800' title='bbox 3136 5132 3249 5192; x_wconf 77' lang='lat' dir='ltr'><strong>nisi</strong></span> <span class='ocrx_word' id='word_1_801' title='bbox 3271 5161 3300 5188; x_wconf 86' lang='lat'><strong><em>«</em></strong></span> <span class='ocrx_word' id='word_1_802' title='bbox 3335 5137 3552 5205; x_wconf 82' lang='lat' dir='ltr'><strong>bonam,</strong></span> <span class='ocrx_word' id='word_1_803' title='bbox 3575 5162 3604 5191; x_wconf 86' lang='lat'><strong>»</strong></span> 
     </span>
     <span class='ocr_line' id='line_1_115' title="bbox 1958 5203 3604 5270; baseline 0.007 -14"><span class='ocrx_word' id='word_1_804' title='bbox 1958 5229 1986 5256; x_wconf 82' lang='lat'>«</span> <span class='ocrx_word' id='word_1_805' title='bbox 2017 5213 2279 5262; x_wconf 82' lang='lat' dir='ltr'><strong>amatam.</strong></span> <span class='ocrx_word' id='word_1_806' title='bbox 2306 5226 2334 5253; x_wconf 85' lang='grc'><strong>››</strong></span> <span class='ocrx_word' id='word_1_807' title='bbox 2357 5203 2518 5260; x_wconf 87' lang='lat' dir='ltr'><strong>Unde</strong></span> <span class='ocrx_word' id='word_1_808' title='bbox 2550 5205 2888 5261; x_wconf 88' lang='lat' dir='ltr'><strong>Latinorum</strong></span> <span class='ocrx_word' id='word_1_809' title='bbox 2934 5207 3135 5263; x_wconf 86' lang='lat' dir='ltr'><strong>amita.</strong></span> <span class='ocrx_word' id='word_1_810' title='bbox 3164 5208 3472 5266; x_wconf 69' lang='lat' dir='ltr'><strong>Runwhom</strong></span> <span class='ocrx_word' id='word_1_811' title='bbox 3499 5209 3604 5270; x_wconf 86' lang='lat' dir='ltr'><strong>lat.</strong></span> 
     </span>
    </p>
   </div>
   <div class='ocr_carea' id='block_1_110' title="bbox 1956 5275 3601 5350">
    <p class='ocr_par' dir='ltr' id='par_1_110' title="bbox 1956 5275 3601 5350">
     <span class='ocr_line' id='line_1_116' title="bbox 1956 5275 3601 5350; baseline 0.004 -18"><span class='ocrx_word' id='word_1_812' title='bbox 1956 5276 2370 5350; x_wconf 78' lang='lat' dir='ltr'><strong>Synonymick.</strong></span> <span class='ocrx_word' id='word_1_813' title='bbox 2405 5292 2496 5350; x_wconf 77' lang='lat' dir='ltr'><strong>ep.</strong></span> <span class='ocrx_word' id='word_1_814' title='bbox 2532 5275 2690 5350; x_wconf 68' lang='lat'><strong>{833,</strong></span> <span class='ocrx_word' id='word_1_815' title='bbox 2724 5282 2866 5350; x_wconf 84' lang='lat' dir='ltr'><strong>tom.</strong></span> <span class='ocrx_word' id='word_1_816' title='bbox 2895 5278 2964 5348; x_wconf 90' lang='lat' dir='ltr'><strong>ll,</strong></span> <span class='ocrx_word' id='word_1_817' title='bbox 2986 5295 3042 5350; x_wconf 90' lang='lat' dir='ltr'><strong>p.</strong></span> <span class='ocrx_word' id='word_1_818' title='bbox 3074 5281 3198 5350; x_wconf 79' lang='grc'><strong>612.</strong></span> <span class='ocrx_word' id='word_1_819' title='bbox 3223 5281 3462 5337; x_wconf 68' lang='grc' dir='ltr'><strong>Ζιιεὲίῐκθ</strong></span> <span class='ocrx_word' id='word_1_820' title='bbox 3496 5281 3601 5339; x_wconf 78' lang='lat' dir='ltr'><strong>No.</strong></span> 
     </span>
    </p>
   </div>
   <div class='ocr_carea' id='block_1_111' title="bbox 1957 5347 3599 5415">
    <p class='ocr_par' dir='ltr' id='par_1_111' title="bbox 1957 5347 3599 5415">
     <span class='ocr_line' id='line_1_117' title="bbox 1957 5347 3599 5415; baseline 0.005 -11"><span class='ocrx_word' id='word_1_821' title='bbox 1957 5347 2086 5415; x_wconf 57' lang='lat'><strong>104;</strong></span> <span class='ocrx_word' id='word_1_822' title='bbox 2113 5372 2141 5399; x_wconf 91' lang='grc'>‹‹</span> <span class='ocrx_word' id='word_1_823' title='bbox 2163 5347 2376 5413; x_wconf 29' lang='lat' dir='ltr'><strong>’Amila,</strong></span> <span class='ocrx_word' id='word_1_824' title='bbox 2405 5347 2704 5403; x_wconf 76' lang='lat' dir='ltr'><strong>Mandschu</strong></span> <span class='ocrx_word' id='word_1_825' title='bbox 2731 5365 2751 5402; x_wconf 89' lang='lat'><strong><em>:</em></strong></span> <span class='ocrx_word' id='word_1_826' title='bbox 2779 5349 2952 5404; x_wconf 82' lang='lat' dir='ltr'><strong>Amou</strong></span> <span class='ocrx_word' id='word_1_827' title='bbox 2979 5347 3220 5414; x_wconf 79' lang='lat' dir='ltr'><strong>Muhme;</strong></span> <span class='ocrx_word' id='word_1_828' title='bbox 3259 5351 3411 5408; x_wconf 72' lang='lat' dir='ltr'><strong>Vash.</strong></span> <span class='ocrx_word' id='word_1_829' title='bbox 3444 5353 3599 5412; x_wconf 78' lang='lat' dir='ltr'><strong>Ama.</strong></span> 
     </span>
    </p>
   </div>
   <div class='ocr_carea' id='block_1_112' title="bbox 1952 5417 3600 5484">
    <p class='ocr_par' dir='ltr' id='par_1_112' title="bbox 1952 5417 3600 5484">
     <span class='ocr_line' id='line_1_118' title="bbox 1952 5417 3600 5484; baseline 0.003 -8"><span class='ocrx_word' id='word_1_830' title='bbox 1952 5421 2175 5484; x_wconf 75' lang='lat' dir='ltr'><strong>Mulier;</strong></span> <span class='ocrx_word' id='word_1_831' title='bbox 2205 5419 2375 5475; x_wconf 81' lang='lat' dir='ltr'><strong>daher</strong></span> <span class='ocrx_word' id='word_1_832' title='bbox 2393 5417 2539 5474; x_wconf 78' lang='lat' dir='ltr'><strong>auch</strong></span> <span class='ocrx_word' id='word_1_833' title='bbox 2563 5420 2748 5476; x_wconf 82' lang='lat' dir='ltr'><strong>Amme</strong></span> <span class='ocrx_word' id='word_1_834' title='bbox 2768 5443 2798 5470; x_wconf 85' lang='lat'><strong><em>»</em></strong></span> <span class='ocrx_word' id='word_1_835' title='bbox 2820 5452 2888 5460; x_wconf 87' lang='lat'><strong>-—</strong></span> <span class='ocrx_word' id='word_1_836' title='bbox 2909 5421 2965 5475; x_wconf 87' lang='lat' dir='ltr'><strong>la</strong></span> <span class='ocrx_word' id='word_1_837' title='bbox 2991 5421 3164 5478; x_wconf 79' lang='lat' dir='ltr'><strong>bonne</strong></span> <span class='ocrx_word' id='word_1_838' title='bbox 3186 5445 3215 5472; x_wconf 87' lang='lat'>»</span> <span class='ocrx_word' id='word_1_839' title='bbox 3241 5423 3377 5479; x_wconf 89' lang='lat' dir='ltr'><strong>addi</strong></span> <span class='ocrx_word' id='word_1_840' title='bbox 3408 5425 3600 5481; x_wconf 89' lang='lat' dir='ltr'><strong>debet.</strong></span> 
     </span>
    </p>
   </div>
   <div class='ocr_carea' id='block_1_113' title="bbox 1952 5490 3602 5579">
    <p class='ocr_par' dir='ltr' id='par_1_113' title="bbox 1952 5490 3602 5579">
     <span class='ocr_line' id='line_1_119' title="bbox 1952 5490 3602 5579; baseline 0.004 -32"><span class='ocrx_word' id='word_1_841' title='bbox 1952 5492 2230 5579; x_wconf 75' lang='lat' dir='ltr'><strong>Sequitur</strong></span> <span class='ocrx_word' id='word_1_842' title='bbox 2283 5490 2868 5579; x_wconf 42' lang='lat' dir='ltr'><strong>lin&#39;guszgermanica</strong></span> <span class='ocrx_word' id='word_1_843' title='bbox 2922 5491 3240 5576; x_wconf 55' lang='lat' dir='ltr'><strong>Muhmeet</strong></span> <span class='ocrx_word' id='word_1_844' title='bbox 3293 5497 3602 5579; x_wconf 58' lang='lat' dir='ltr'><strong>Basejure</strong></span> 
     </span>
    </p>
   </div>
   <div class='ocr_carea' id='block_1_114' title="bbox 1954 5561 3602 5635">
    <p class='ocr_par' dir='ltr' id='par_1_114' title="bbox 1954 5561 3602 5635">
     <span class='ocr_line' id='line_1_120' title="bbox 1954 5561 3602 5635; baseline 0.003 -17"><span class='ocrx_word' id='word_1_845' title='bbox 1954 5561 2208 5635; x_wconf 81' lang='lat' dir='ltr'><strong>quodam</strong></span> <span class='ocrx_word' id='word_1_846' title='bbox 2237 5561 2629 5635; x_wconf 55' lang='lat' dir='ltr'><strong>confundif—</strong></span> <span class='ocrx_word' id='word_1_847' title='bbox 2665 5562 2858 5618; x_wconf 82' lang='lat' dir='ltr'><strong>Monet</strong></span> <span class='ocrx_word' id='word_1_848' title='bbox 2909 5579 3002 5619; x_wconf 91' lang='lat' dir='ltr'><strong>me</strong></span> <span class='ocrx_word' id='word_1_849' title='bbox 3051 5565 3279 5622; x_wconf 88' lang='lat' dir='ltr'><strong>amicus</strong></span> <span class='ocrx_word' id='word_1_850' title='bbox 3327 5561 3602 5625; x_wconf 76' lang='lat' dir='ltr'><strong>doctissi-</strong></span> 
     </span>
    </p>
   </div>
   <div class='ocr_carea' id='block_1_115' title="bbox 1953 5633 3602 5712">
    <p class='ocr_par' dir='ltr' id='par_1_115' title="bbox 1953 5633 3602 5712">
     <span class='ocr_line' id='line_1_121' title="bbox 1953 5633 3602 5712; baseline 0.005 -24"><span class='ocrx_word' id='word_1_851' title='bbox 1953 5633 2108 5712; x_wconf 71' lang='lat' dir='ltr'><strong>mus</strong></span> <span class='ocrx_word' id='word_1_852' title='bbox 2135 5633 2485 5712; x_wconf 67' lang='lat' dir='ltr'><strong>Bethmann,</strong></span> <span class='ocrx_word' id='word_1_853' title='bbox 2534 5649 2704 5704; x_wconf 89' lang='lat' dir='ltr'><strong>posse</strong></span> <span class='ocrx_word' id='word_1_854' title='bbox 2749 5644 3202 5712; x_wconf 32' lang='lat' dir='ltr'><strong>Vchm‘gaatlcdc</strong></span> <span class='ocrx_word' id='word_1_855' title='bbox 3233 5638 3451 5712; x_wconf 87' lang='lat' dir='ltr'><strong>a_Baal</strong></span> <span class='ocrx_word' id='word_1_856' title='bbox 3501 5657 3602 5712; x_wconf 89' lang='lat' dir='ltr'><strong>per</strong></span> 
     </span>
    </p>
   </div>
   <div class='ocr_carea' id='block_1_116' title="bbox 1952 5705 3597 5793">
    <p class='ocr_par' dir='ltr' id='par_1_116' title="bbox 1952 5705 3597 5793">
     <span class='ocr_line' id='line_1_122' title="bbox 1952 5705 3597 5793; baseline 0.002 -31"><span class='ocrx_word' id='word_1_857' title='bbox 1952 5705 2135 5793; x_wconf 42' lang='lat' dir='ltr'><strong>basal.</strong></span> <span class='ocrx_word' id='word_1_858' title='bbox 2144 5706 2466 5793; x_wconf 62' lang='lat' dir='ltr'><strong>derivatam</strong></span> <span class='ocrx_word' id='word_1_859' title='bbox 2493 5721 2622 5793; x_wconf 70' lang='lat' dir='ltr'><strong>esse</strong></span> <span class='ocrx_word' id='word_1_860' title='bbox 2638 5723 2651 5773; x_wconf 90' lang='lat'><strong>;</strong></span> <span class='ocrx_word' id='word_1_861' title='bbox 2665 5707 2921 5793; x_wconf 47' lang='lat' dir='ltr'><strong>&quot;certe‘in</strong></span> <span class='ocrx_word' id='word_1_862' title='bbox 2945 5705 3260 5793; x_wconf 50' lang='lat' dir='ltr'><strong>Phrj&#39;gium</strong></span> <span class='ocrx_word' id='word_1_863' title='bbox 3283 5709 3488 5793; x_wconf 68' lang='lat' dir='ltr'><strong>lingua</strong></span> <span class='ocrx_word' id='word_1_864' title='bbox 3501 5705 3597 5766; x_wconf 65' lang='lat' dir='ltr'><strong>&#39;re-</strong></span> 
     </span>
    </p>
   </div>
   <div class='ocr_carea' id='block_1_117' title="bbox 1949 5776 3596 5852">
    <p class='ocr_par' dir='ltr' id='par_1_117' title="bbox 1949 5776 3596 5852">
     <span class='ocr_line' id='line_1_123' title="bbox 1949 5776 3596 5852; baseline 0.005 -17"><span class='ocrx_word' id='word_1_865' title='bbox 1949 5794 2079 5850; x_wconf 87' lang='lat' dir='ltr'><strong>gem</strong></span> <span class='ocrx_word' id='word_1_866' title='bbox 2113 5785 2303 5852; x_wconf 77' lang='grc' dir='ltr'><strong>βάλλην</strong></span> <span class='ocrx_word' id='word_1_867' title='bbox 2334 5776 2471 5834; x_wconf 85' lang='lat' dir='ltr'><strong>audi</strong></span> <span class='ocrx_word' id='word_1_868' title='bbox 2519 5780 2630 5834; x_wconf 88' lang='lat' dir='ltr'><strong>etc.</strong></span> <span class='ocrx_word' id='word_1_869' title='bbox 2663 5776 2964 5836; x_wconf 86' lang='lat' dir='ltr'><strong>Calculum</strong></span> <span class='ocrx_word' id='word_1_870' title='bbox 2996 5776 3249 5852; x_wconf 66' lang='lat' dir='ltr'><strong>adjicere</strong></span> <span class='ocrx_word' id='word_1_871' title='bbox 3295 5776 3433 5841; x_wconf 68' lang='lat' dir='ltr'><strong>huic</strong></span> <span class='ocrx_word' id='word_1_872' title='bbox 3462 5797 3596 5843; x_wconf 83' lang='lat' dir='ltr'><strong>sen-</strong></span> 
     </span>
    </p>
   </div>
  </div>
