4004 6160
182 326 344 393 13τ3

1553 315 1989 387 MATHILDIS
2035 318 2352 411 REGINA.

3437 291 3592 406 £374

179 460 481 537 publicam
503 460 668 534 justo
699 460 1003 535 majorem,
1034 462 1094 517 et
1120 475 1225 534 per
1252 457 1413 515 illam
1444 458 1642 533 gloriae
1674 456 1831 514 mili-
1859 453 1915 521 Α
1946 455 2185 513 omnino
2206 454 2437 540 alienus
2453 460 2579 515 erat
2595 432 2857 534 antiquis
2877 457 3212 533 Germanis;
3234 460 3415 525 Attila
3433 462 3596 523 enim

176 551 326 608 taris
346 554 595 625 pestem,
618 556 824 608 contra
844 551 949 623 jus
970 554 1028 607 et
1054 549 1162 619 fas,
1186 549 1246 607 in
1268 549 1532 606 maxima
1552 564 1753 623 regna,
1772 547 1834 604 in

181 640 476 715 stupenda
503 644 561 697 et
596 640 890 698 horrenda
928 643 1213 708 monstra,
1246 643 1313 696 ut
1340 654 1587 712 regnum
1632 636 1832 695 Persa-

179 746 336 798 rum,
371 730 815 788 Macedonicum
844 735 902 787 et
929 730 1244 804 imperium
1275 730 1627 786 Romanum.

190 808 201 813 ’
253 820 376 886 Quo
407 820 604 892 majus
642 835 889 892 regnum
921 820 1142 875 factum
1188 822 1299 888 est,
1330 836 1396 875 eo
1441 818 1662 890 majore
1686 833 1836 874 caeco

178 907 403 965 honore
433 912 493 964 et
540 907 817 981 potentia,
838 925 909 995 pe
940 909 1129 965 dicam
1178 911 1484 981 potestate,
1510 903 1836 963 necessario

182 1014 303 1067 rex,
320 996 410 1054 vel
443 997 541 1071 qui
562 1005 788 1070 praeesl,
814 998 1058 1072 gaudet;
1082 997 1327 1055 totidem
1348 997 1568 1054 sensim
1592 995 1838 1052 sensim-

183 1103 297 1161 que
319 1086 773 1160 palresfamilias
788 1088 1088 1144 amittunt.
1102 1087 1362 1144 Tandem
1383 1086 1625 1143 libertas
1640 1085 1837 1158 singu-

180 1175 395 1242 lorum,
412 1176 463 1233 si
486 1192 603 1249 qua
624 1180 823 1245 restat,
839 1176 966 1234 sola
980 1181 1069 1233 est
1088 1175 1425 1234 assentandi
1448 1180 1623 1249 atque
1648 1174 1837 1231 accla-

184 1265 475 1321 mationes
528 1265 590 1320 in
646 1269 855 1322 senatu
916 1265 1247 1338 proferendi
1279 1265 1446 1338 (313).
1480 1265 1632 1321 Raro
1689 1267 1841 1320 ﬁunt

180 1353 452 1427 quaedam
484 1354 839 1427 quandoque
869 1371 972 1427 per
1001 1371 1101 1413 eos
1130 1354 1316 1429 leges;
1349 1355 1452 1412 sed
1481 1353 1542 1410 in
1564 1354 1657 1411 his
1679 1358 1840 1410 nota-

178 1445 281 1499 tur
300 1446 703 1517 tantum,quot
716 1443 958 1500 vocibus
979 1443 1319 1516 Imperatori
1339 1444 1502 1502 salus
1519 1443 1841 1502 acclamata

178 1530 258 1589 sit
280 1532 450 1605 (314).
476 1532 606 1607 Ipse
639 1538 854 1606 prator
880 1535 947 1589 ﬁt
976 1533 1374 1607 Imperatoris,
1400 1558 1421 1584 ι
1456 1535 1695 1601 villicus,
1720 1557 1750 1585 »
1782 1539 1841 1591 et

176 1627 422 1679 senatus
451 1622 736 1680 deliberat
763 1626 987 1691 utrum,
1010 1645 1039 1674 «
1066 1622 1448 1680 Rhombusne
1476 1623 1837 1693 concidatur,

177 1725 257 1766 an
290 1712 443 1766 testa
470 1708 589 1766 alta
616 1715 854 1781 paretur
878 1731 906 1759 »
928 1710 1098 1783 (315).
1125 1712 1248 1777 Quo
1273 1713 1463 1784 major
1485 1711 1841 1795 respublica,

1944 544 2080 603 talis
2109 549 2234 602 erat
2262 536 2617 622 rex'regum.

2015 633 2109 691 Sic
2137 635 2372 710 regibus
2392 637 2746 694 Francorum
2769 639 3197 716 Merovingicis,
3222 658 3388 716 reges
3413 659 3596 715 popu-

1943 722 2135 780 lorum
2155 728 2579 782 Germanorum
2602 710 2857 784 devictos
2884 727 2946 784 in
2966 710 3154 787 Duces
3175 710 3443 787 mutandi
3464 748 3593 789 mos

1943 810 2208 869 invaluit.
2230 813 2325 870 Sic
2344 813 2823 885 Alamannorum,
2838 816 3275 891 Thuringorum
3294 823 3405 876 etc.
3429 836 3595 894 reges

1944 901 2135 958 Duces
2182 901 2474 959 tributarii
2508 920 2713 978 regum
2744 905 2880 961 facti
2910 910 3052 962 sunt
3082 908 3457 965 Francorum.
3483 909 3592 966 Ne-

1945 1007 2059 1063 que
2088 995 2287 1047 tamen
2336 990 2534 1048 minus
2583 992 2792 1050 titulus
2823 1010 2922 1050 rex
2960 1012 3166 1069 regum
3194 1001 3397 1069 postea
3443 1014 3596 1070 sepe

1943 1079 2298 1137 Francorum
2331 1079 2697 1154 principibus
2720 1082 2944 1141 inditus
2972 1089 3064 1142 est
3093 1086 3262 1159 (324).

2018 1168 2257 1225 Carolus
2285 1169 2531 1243 Magnus
2560 1170 2688 1244 ipse
2718 1189 2817 1230 rex
2844 1177 2969 1229 erat
2997 1180 3211 1232 unctus
3234 1192 3371 1232 cum
3399 1176 3593 1245 fratre,

1946 1258 2057 1314 sub
2088 1262 2251 1331 patre
2279 1275 2413 1332 rege
2442 1259 2530 1317 vel
2560 1259 2912 1333 imperatore
2942 1264 3298 1321 Francorum
3316 1282 3451 1322 ‘non
3482 1266 3595 1322 Ro-

1947 1362 2257 1404 manorum
2291 1348 2469 1421 (325);
2496 1354 2553 1406 et
2582 1356 2804 1421 postea,
2838 1368 2943 1409 seu
2973 1353 3158 1426 patris
3186 1353 3427 1411 titulum
3462 1355 3595 1412 imi-

1946 1439 2099 1504 tans,
2133 1454 2236 1493 seu
2268 1455 2414 1495 novo
2464 1439 2580 1495 ritu
2612 1439 2928 1514 imperator
2970 1442 3183 1511 factus,
3207 1459 3372 1516 reges
3422 1443 3595 1510 ﬁlios,

1949 1523 2231 1598 aliosque,
2284 1527 2615 1597 submissos
2656 1528 2910 1587 habebat
2939 1532 3108 1604 (326).
3158 1531 3598 1597 Wittecbiudus

1951 1631 2186 1687 quoque
2217 1615 2514 1674 Saxonum
2542 1635 2661 1688 rex,
2694 1619 2751 1675 id
2785 1624 2874 1676 est
2916 1621 3224 1678 duodecim
3256 1621 3316 1678 in
3346 1621 3599 1695 singulis

1950 1700 2118 1774 pagis
2147 1703 2597 1776 subregulorum
2619 1722 2892 1777 summus
2914 1724 3031 1776 rex,
3052 1708 3171 1773 sive
3197 1710 3413 1769 ducum
3441 1726 3601 1767 sum-

177 1812 246 1854 eo
276 1796 472 1854 minor
502 1797 739 1871 publica
759 1814 872 1854 res.
896 1798 1205 1855 Servorum
1230 1803 1340 1855 etc.
1364 1804 1559 1859 tamen
1582 1791 1838 1857 conditio
1870 1822 1918 1888 Β
1954 1808 2086 1888 φυᾷ
2131 1791 2268 1888 belli
2321 1796 2439 1888 {lux
2468 1792 2640 1888 (3‘27).
2674 1795 2908 1888 ngnnisi
2939 1802 3092 1888 post
3138 1797 3601 1858 innumerabiles

179 1885 241 1942 in
268 1886 498 1943 familia
524 1885 774 1956 laxatur,
806 1886 988 1943 invito
1018 1886 1368 1962 plerumque
1398 1890 1657 1947 domino.
1694 1926 1703 1933 -

253 1973 432 2031 Tituli
475 1975 677 2045 Ducis,
709 1974 903 2049 Regis,
936 1977 1311 2051 Imperatoris
1340 1982 1473 2045 cet.,
1511 1996 1625 2052 quo
1658 1984 1837 2037 utun-

181 2069 302 2131 tur,
326 2062 426 2136 qui
457 2079 688 2137 magnas
722 2064 810 2120 vel
846 2081 1038 2138 parvae
1066 2069 1325 2138 praesunt
1354 2067 1704 2141 reipublicae,
1736 2086 1841 2142 per

184 2146 247 2211 se
276 2150 433 2209 idem
476 2152 596 2210 fere
636 2151 990 2226 significant,
1014 2155 1115 2210 sed
1150 2172 1260 2211 usu
1288 2155 1378 2213 vel
1409 2158 1597 2214 abusu
1629 2158 1835 2215 distin-

184 2238 400 2317 guendi
429 2244 589 2297 sunt.
606 2241 771 2315 Saepe
810 2242 1125 2316 etiam,qui
1156 2244 1364 2316 majori
1395 2252 1606 2317 praeest
1643 2248 1835 2320 reipu-

183 2325 371 2397 blicae,
404 2328 558 2386 fastu
588 2333 827 2387 tumens
859 2346 1068 2387 nomen
1099 2335 1243 2406 regis
1272 2335 1573 2407 superioris
1604 2336 1715 2393 sibi
1748 2354 1837 2393 ar-

184 2422 370 2492 rogat,
403 2415 490 2475 vel
521 2421 716 2488 magni
760 2422 925 2491 regis,
953 2420 1041 2477 vel
1074 2425 1265 2494 magni
1311 2424 1466 2481 ducis
1511 2424 1602 2481 vel
1650 2428 1843 2498 magni

186 2507 433 2581 Chagani
456 2511 567 2564 cet.
587 2506 788 2581 Neque
807 2513 933 2565 tum
966 2526 1198 2583 semper
1226 2512 1286 2566 in
1318 2512 1633 2585 provinciis
1662 2516 1838 2572 vecti-

180 2594 417 2670 galibus
436 2600 611 2668 atque
635 2595 694 2652 in
718 2597 915 2670 regnis
938 2599 1201 2655 subactis
1222 2599 1449 2673 regium
1482 2619 1693 2659 nomen
1716 2620 1843 2660 eva-

183 2683 389 2741 nescit.
419 2683 567 2741 Hinc
604 2684 666 2741 in
707 2684 942 2743 Oriente
979 2687 1381 2761 Egyptiorum
1407 2692 1573 2760 (316),
1605 2693 1844 2764 Babylo-

185 2772 420 2830 niorum
452 2772 623 2846 (317),
647 2778 959 2831 Persarum
984 2774 1157 2846 (318),
1177 2778 1592 2853 Arsacidarum
1622 2786 1681 2837 et
1708 2786 1844 2838 Par—

183 2862 423 2919 thorum
447 2861 620 2934 (319),
652 2878 815 2935 reges
865 2880 929 2921 se
978 2865 1270 2939 principes
1318 2867 1675 2942 principum,
1708 2880 1843 2944 βασι-

188 2944 289 3015 λεῖς
320 2958 580 3024 βασιλέων,
605 2951 799 3008 vocari
851 2953 1286 3027 superbiebant,
1329 2956 1512 3014 immo
1559 2959 1865 3041 Sesostris~

187 3047 413 3115 βασιλεὺς
443 3044 681 3114 βασιλεων
710 3052 792 3098 ut
819 3049 1055 3112 δεσπότικ
1084 3052 1331 3102 δεσποτῶν
1365 3047 1513 3119 (320)
1550 3047 1676 3104 fuit.
1725 3049 1841 3122 Ipsi

186 3128 531 3186 Macedones
562 3132 619 3185 et
648 3129 897 3186 Romani
929 3130 1017 3187 vel
1047 3132 1234 3190 socios
1263 3133 1350 3191 vel
1380 3135 1722 3194 tributarios
1746 3154 1836 3194 re-

180 3234 284 3292 ges
324 3216 569 3275 minime
608 3220 1084 3295 aspernabantur
1111 3221 1276 3294 (32l),
1299 3226 1367 3279 ut
1411 3223 1594 3280 Taciti
1642 3226 1837 3284 verbis

181 3306 331 3375 ular,
356 3330 385 3358 «
411 3307 591 3363 Veteri
622 3313 679 3363 et
700 3308 1060 3380 jampridem
1092 3317 1324 3383 recepta
1352 3312 1557 3386 Pppuli
1591 3314 1837 3375 Romani

182 3419 209 3447 ‹‹
243 3394 688 3463 consuetudine,
713 3399 778 3451 ut
808 3396 1091 3456 haberent
1118 3399 1514 3461 instrumenta
1541 3403 1838 3462 servitutis

180 3508 210 3537 ‹‹
244 3488 301 3541 et
330 3492 496 3558 reges
527 3484 697 3557 (322).
726 3506 755 3536 »
782 3486 941 3542 Idem
975 3504 1127 3561 saepe
1153 3506 1265 3546 usu
1286 3491 1444 3547 venit
1474 3493 1843 3565 Imperatori-

1949 1879 2165 1953 clades,
2197 1883 2436 1949 tandem
2483 1883 2603 1939 dux
2631 1901 2667 1959 a
2693 1884 2897 1941 Carolo
2939 1886 3150 1960 Magno
3182 1888 3370 1945 factus
3395 1893 3506 1958 est,
3535 1894 3602 1946 ut

1946 1974 2144 2027 tamen
2194 1971 2443 2039 nescias,
2483 1976 2767 2030 auctusne
2815 1990 2890 2030 an
2940 1975 3225 2049 dignitate
3269 1978 3600 2037 diminutus

1949 2059 2146 2116 fuerit.

2018 2148 2346 2208 Ludovicus
2367 2150 2504 2208 Pius
2534 2152 2851 2225 imperator
2879 2152 3136 2211 filiorum
3160 2171 3277 2215 non
3299 2156 3456 2230 regio
3474 2162 3602 2215 tan-

1948 2244 2074 2296 tum
2109 2241 2480 2308 nomiuc,sed
2506 2246 2564 2299 et
2592 2246 2879 2315 potestate
2908 2243 3088 2305 nullis
3108 2246 3284 2302 certis
3312 2246 3602 2305 limitibus

1950 2331 2511 2398 coercita,miserum
2524 2330 2859 2404 exemplum
2872 2333 3198 2406 posteritati
3216 2334 3601 2408 reliquit.Sub

1949 2418 2393 2479 successoribus
2412 2420 2561 2491 ejus,
2586 2436 2751 2493 reges
2785 2422 3159 2491 Francorum,
3192 2423 3599 2498 Lotharingiae,

1950 2507 2326 2581 Burgundim,
2348 2508 2599 2565 Bavariaa
2630 2512 2691 2566 et
2715 2510 3040 2569 Germaniae
3062 2513 3419 2585 potentiores
3449 2530 3602 2588 saepe

1950 2601 2117 2653 erant
2139 2598 2619 2669 Imperatoribus.
2649 2599 2714 2655 In
2742 2598 3055 2657 Germania
3085 2600 3324 2660 Ottones
3355 2620 3600 2662 renova-

1948 2690 2161 2743 verunt
2187 2686 2657 2761 Merovingorum
2699 2706 2899 2759 usum,
2922 2694 2981 2746 et
3008 2696 3296 2748 auxerunt
3324 2709 3602 2767 arrogan~

1949 2775 2093 2845 tiam
2140 2779 2527 2835 monstruosas
2556 2776 2964 2854 imperatoriae
2996 2778 3321 2852 dignitatis.
3354 2782 3603 2856 Regium

1951 2865 2232 2922 honorem
2255 2865 2367 2922 sibi
2405 2865 2548 2923 solis
2581 2867 2908 2936 convenire,
2924 2868 3136 2927 ceteris
3165 2871 3604 2931 vero-omnibus

1951 2954 2520 3032 abnegandumesse‘
2532 2956 2983 3013 contendebant.
2998 2957 3219 3017 Omnes
3238 2974 3405 3032 reges
3421 2961 3605 3019 semel

1952 3042 2109 3111 victi,
2134 3061 2203 3099 ex
2231 3061 2380 3100 nova
2400 3058 2603 3100 eorum
2625 3045 2937 3113 sententia,
2952 3045 3115 3119 regia
3139 3046 3425 3119 dignitate
3452 3065 3628 3106 care-.

1953 3131 2095 3186 bant
2123 3148 2191 3187 eo
2220 3132 2348 3204 ipso
2382 3132 2551 3188 facto.
2576 3133 2618 3187 E
2640 3137 2762 3189 tam
2793 3133 3081 3207 singulari
3106 3135 3428 3192 doctrinam
3456 3136 3603 3194 illud

1949 3220 2283 3292 paradoxon
2308 3224 2510 3276 natum
2529 3225 2637 3288 est,
2653 3226 2719 3277 ut
2740 3222 3012 3295 princeps
3028 3224 3155 3279 Dux
3175 3225 3600 3297 nominaretur,

1945 3312 2101 3365 terra
2120 3325 2253 3366 vero
2284 3325 2521 3379 regnum
2548 3310 2622 3366 ab
2655 3326 2773 3366 uno
2793 3310 3116 3384 eodemque
3144 3312 3426 3385 scriptore
3455 3318 3512 3370 et
3541 3315 3603 3372 in

1946 3398 2150 3455 eadem
2200 3398 2321 3454 fere
2369 3397 2751 3478 linea.(328);
2784 3398 2968 3456 immo
3026 3400 3083 3456 in
3147 3400 3602 3476 Cbronograpbo

1946 3486 2193 3556 Saxone,
2227 3486 2441 3544 Miseco
2491 3489 2634 3551 Dux.
2662 3530 2676 3542 .
2704 3529 2719 3543 .
2751 3488 2931 3547 simul
2985 3494 3043 3546 et
3094 3492 3211 3547 Rex
3262 3491 3621 3561 nominatur,

178 3573 295 3631 bus
335 3572 592 3630 Orientis
640 3573 732 3630 vel
779 3572 1108 3632 Occidentis
1140 3577 1307 3649 (323).
1350 3579 1551 3653 Neque
1602 3582 1654 3638 is
1710 3600 1840 3640 mos
1942 3569 2119 3650 (329).
2145 3578 2271 3634 Non
2299 3577 2578 3665 videbant
2607 3578 2887 3634 continuo
2928 3579 3096 3655 sequi
3126 3596 3158 3635 e
3187 3578 3288 3635 tali
3321 3580 3603 3653 doctrina,

225 3698 453 3782 .(313)«
480 3698 569 3755 νει
598 3713 724 3753 cum
773 3684 1069 3777 oﬂ‘cnsione
1112 3704 1406 3775 principis,
1433 3727 1455 3757 .
1483 3708 1550 3762 ut
1596 3709 1680 3765 an
1728 3708 1838 3764 Ta-

188 3774 409 3914 “(33.4)
425 3838 759 3917 ptfactum
781 3840 949 3917 estin
971 3842 1533 3917 Senatus-Consulto
1554 3847 1837 3917 Romano,

188 3909 1088 3990 qu'um'CodicisTbeodosiani
1130 3916 1438 3990 exemplar
1486 3919 1560 3974 ab
1609 3909 1842 3978 Oriente

189 3982 441 4040 missum
472 3988 631 4038 esset
660 3983 717 4038 in
751 3983 1146 4042 Occidentem.

284 4054 412 4122 315)
439 4054 696 4120 Juvenal,
730 4054 821 4125 Ν,
851 4058 923 4111 77
951 4061 1009 4113 et
1038 4057 1163 4116 130.

192 4197 212 4254 1
264 4126 422 4253 £5312;
442 4133 673 4190 Βασιλεὺς
697 4134 936 4198 βασιλεων
964 4138 1266 4201 Ὀσιμανδιας
1297 4138 1408 4203 εἰμί.
1432 4132 1650 4191 Diodor.
1669 4132 1840 4191 Sicut.

219 4239 233 4253 .
265 4214 315 4253 ϐ.
353 4214 441 4253 41.

264 4266 414 4350 (δεῖ)
444 4268 643 4350 Daniel
672 4285 721 4350 ρ.
758 4269 828 4350 II,
865 4284 915 4326 ν.
947 4271 1022 4350 η
1063 4271 1134 4328 de
1170 4258 1694 4350 .Nebukadnezare,
1744 4277 1843 4350 qui

188 4338 469 4468 §§i$ilbu73
516 4340 635 4396 fere
679 4338 829 4396 Asia:
882 4341 1121 4414 regibus
1175 4342 1503 4418 imperabat
1532 4349 1604 4403 cf.
1637 4338 1841 4405 Eaeéh.

261 4482 410 4561 (318)
444 4481 1295 4561 εξολιξνιακςνεεδ-Μηθωορ--ξθ
1326 4502 1724 4561 νεωξτηχερωη
1752 4508 1845 4545 vo-

1949 3720 2002 3760 a.
2031 3703 2159 3758 762.
2193 3720 2251 3757 n.
2281 3703 2336 3759 2.
2370 3701 2638 3757 Edmund
2674 3703 2915 3758 Martene
2954 3702 3026 3759 de
3067 3704 3251 3763 antia.
3285 3703 3493 3763 eccles.
3526 3707 3605 3763 ri-

1948 3776 2109 3835 tibus
2162 3774 2254 3842 ΙΙΙ,
2288 3790 2338 3828 c.
2376 3774 2461 3829 10.
2504 3775 2757 3830 Αηαδιαδ.
2790 3773 2993 3846 Steph.
3024 3779 3078 3832 2.
3104 3806 3175 3817 -—
3197 3773 3323 3832 Cod.
3359 3778 3603 3835 Carolin.

1948 3863 2032 3900 en.
2065 3863 2124 3899 n.
2155 3846 2298 3900 6.-—
2329 3843 2516 3900 Sigill.

1947 3863 2032 3902 en.
2065 3863 2124 3899 n.
2155 3854 2298 3900 6.-
2329 3854 2516 3902 Sitti".

1973 3861 3028 3989 Ῥ(3ἒδῖξᾷἓςῗᾙυίοηεοβωὰοιύω;
3054 3915 3213 3989 ίίίιίοε
3243 3923 3460 3986 autem,
3494 3925 3604 3976 Ca-

1950 3986 2163 4061 rolum,
2188 3986 2464 4061 Pipi'num
2477 3986 2841 4061 budovicum
2866 3992 2924 4042 et
2945 3988 3306 4061 Letharium,
3332 3995 3603 4061 nepotem

1950 4058 2205 4131 denique
2224 4057 2415 4131 Pipiui
2434 4057 2646 4127 ﬁlium,
2667 4058 3093 4125 Beruhardum,
3114 4057 3603 4118 infelicem'ltaliaa

1952 4147 2147 4187 regem
2157 4172 2168 4185 .
3504 4150 3510 4155 ’

2045 4188 2172 4273 327)
2204 4199 2636 4275 Wittechipdus
2666 4203 2781 4275 lica:
2821 4200 3163 4275 nominatur
3188 4218 3227 4275 a
3256 4188 3554 4275 plerisque
3587 4220 3600 4258 :

1954 4270 2290 4345 Thiatm'arl,
2315 4289 2372 4345 p.
2394 4272 2501 4326 226
2524 4287 2537 4325 :
2564 4293 2592 4321 ‹‹
2615 4287 2647 4326 e
2666 4270 3236 4345 Witt‘ichindiRegis
3256 4270 3413 4330 tribu
3433 4270 3605 4331 exor-

1954 4350 2101 4401 tum.
2128 4366 2161 4417 ‹ς
2182 4342 2644 4417 ϐήνοὴὶεεβρίξο.
2676 4342 2940 4417 Ιῌίηάεηδ.
2974 4342 3205 4414 (Pistor.
3237 4346 3266 4412 §
3297 4346 3389 4417 17)
3411 4347 3605 4417 »ψο-

1953 4416 2264 4488 de‘kiudus,
2297 4413 2821 4488 rex_Mindeusium
2841 4485 2852 4488 _
2872 4421 2955 4488 et;
2974 4413 3374 4488 Augurorum.
3396 4416 3601 4474 Chron.

1954 4487 2226 4561 Andegav.
2254 4486 2704 4561 (ap._Labbeum
2727 4485 2878 4561 bibl.
2903 4486 3010 4542 Ms.
3037 4482 3106 4559 Ιῖ)
3128 4488 3222 4561 ad.
3253 4487 3368 4561 78:3.
3384 4511 3412 4539 «
3432 4488 3607 4545 Witi-

188 4552 287 4633 gat
316 4552 674 4633 in’epis_tola_
693 4553 765 4609 ed
808 4554 1056 4633 Esdram
1084 4572 1138 4633 Ac.
1162 4556 1284 4625 VII,
1317 4552 1491 4633 v.17.
1524 4552 1675 4633 Nam
1702 4565 1843 4633 tunc
1872 4559 1921 4624 D
1953 4552 2170 4633 kindue
2200 4552 2695 4633 reX'AIbor‘umet
2722 4556 3043 4633 Saxonum.
3124 4559 3275 4633 Aegei.
3309 4552 3378 4615 de
3402 4561 3601 4633 funda-

188 4623 501 4704 ljersarujn
533 4625 593 4680 in
623 4623 907 4699 obsequio
933 4630 1100 4681 erant
1130 4623 1296 4702 reges
1316 4628 1628 4700 Armeniae,
1649 4630 1845 4704 Cypri,

192 4696 375 4753 Caria:
398 4696 795 4768 aliarumque;

264 4767 413 4894 (3W)
444 4768 646 4825 Ezech.
679 4767 977 4852 Spanheim
1008 4768 1079 4825 de
1119 4770 1526 4859 praestantia...
1561 4771 1844 4854 uumism.

264 4855 285 4893 3
312 4838 387 4894 ‘Vl
416 4838 461 4894 Ι.
485 4856 534 4894 c.
566 4843 623 4894 2.
646 4870 712 4882 —
733 4841 1008 4894 Ammian.
1034 4841 1331 4894 Marcellm.
1356 4842 1568 4894 XXVII.
1593 4860 1642 4894 c.
1666 4845 1721 4894 5.
1747 4842 1844 4894 ubi

190 4838 285 4894 dis
312 4838 461 4911 VIII,
485 4856 534 4896 c.
566 4843 623 4895 2.
646 4838 1008 4897 —'Ammian.
1034 4838 1568 4911 Marcellin.'XXVII,
1593 4860 1642 4899 c.
1666 4845 1721 4909 5,
1747 4842 1845 4899 ubi

191 4918 380 4994 Sappr
408 4908 529 4994 Rex
558 4926 858 4994 regum:-
880 4913 1116 4994 Visconti
1138 4914 1397 4989 Iconogr.
1424 4908 1676 4990 grec'que
1694 4908 1848 4989 (pas-

110 5010 125 5020 -
193 4980 429 5052 sim)»:-
450 4980 672 5052 Suelgon.
706 4982 992 5052 Calig.V,
1023 4986 1076 5039 4.

442 5050 871 5119 υἰοάον.8ἰαιιζ
904 5051 945 5108 l.
977 5050 1030 5110 Ve.
1063 5057 1153 5111 55.

226 5144 235 5151 ·
264 5120 414 5205 (32.1)
445 5120 790 5205 Exemplum
821 5122 1004 5181 habes
1034 5126 1092 5180 in
1118 5143 1249 5199 rege
1270 5124 1574 5184 Sidonum.
1603 5130 1664 5200 ρ.
1688 5132 1843 5187 Curt.

193 5195 247 5264 4,
274 5192 321 5267 1.
357 5192 415 5252 ἢ.
449 5193 539 5267 18,
562 5192 842 5267 aliisque.

285 5266 409 5336 322)
441 5266 653 5323 Tacitus
680 5263 951 5336 Agricola
982 5267 1067 5323 14.

287 5338 414 5422 323)
464 5338 650 5422 Rgges
698 5336 978 5422 Tlliraciaa,
1031 5338 1335 5422 Bosphori,
1387 5340 1695 5414 Armeniae,
1741 5344 1846 5400 Ju-

194 5407 342 5484 daig
363 5413 475 5484 etc.
509 5407 696 5484 Risges
725 5407 1060 5484 Gothon_um
1091 5407 1329 5484 aliique.

266 5481 415 5553 (324)
451 5501 479 5534 α
509 5481 797 5553 Dominus
817 5494 917 5536 rex
939 5481 1317 5551 FranCorum,
1341 5484 1706 5543 terrestrium
1728 5486 1848 5544 Rex

192 5551 421 5679 Regum
453 5574 484 5603 ιο
517 5552 797 5608 Matthaeus
823 5553 984 5635 Paris
1012 5568 1067 5609 a.
1099 5556 1225 5610 75'4.

320 5639 454 5679 uno.
478 5624 833 5679 Francorum
863 5638 1018 5679 regis
1052 5626 1225 5679 frater

320 5641 355 5679 ιι

400 5639 454 5697 o,
478 5624 833 5680 Francorum
863 5624 1018 5697 regis
1052 5626 1248 5695 frater,
1273 5624 1345 5682 ab
1370 5626 1529 5684 Anna
1559 5627 1849 5686 Cammena

193 5688 251 5768 ρ.
276 5688 686 5824 Emathia;
715 5688 961 5769 βασιλέως
983 5688 1240 5755 vocatur;

269 5767 415 5841 (325)
490 5783 627 5825 aron
679 5766 885 5827 Annal.
921 5785 975 5825 a.
1012 5770 1140 5841 752,
1189 5786 1240 5829 η.

490 5783 627 5825 aron
679 5766 885 5827 Annal.
921 5785 975 5825 a.
1012 5770 1140 5841 752,
1189 5786 1247 5829 n.
1295 5769 1349 5827 6.
1404 5771 1542 5857 Pagi
1585 5771 1715 5829 crit.
1774 5774 1883 5861 ad.

1954 4632 2268 4752 εἰρωνεία.
2321 4624 2443 4700 (ap.
2491 4628 2690 4685 Lebin.
2748 4628 2793 4697 Ι,
2841 4647 2900 4702 p.
2949 4629 3076 4699 260)
3108 4651 3137 4679 «
3181 4628 3302 4687 Rex
3343 4624 3606 4705 Auguro-

1956 4717 2087 4752 rum
2200 4740 2212 4752 .
2240 4722 2267 4749 ι)

1956 4717 2087 4755 rum
2129 4717 2212 4753 W.
2240 4722 2267 4749 ι)

1953 4771 2254 4899 63glagnus
2293 4771 2417 4826 Dux
2459 4768 2798 4826 nominatur
2826 4787 2861 4826 a
2896 4771 3252 4833 Wiuechindo
3299 4773 3524 4832 Corbei.
3559 4775 3608 4843 I,

2027 4911 2385 4985 Simpliciter
2425 4913 2550 4969 Dux
2595 4929 2631 4969 a
2678 4912 2823 4969 Beda
2868 4912 3009 4985 hist.
3040 4918 3199 4985 gent.
3231 4906 3401 4985 Angl.
3426 4936 3456 4965 «
3484 4915 3607 4971 Ele-

1953 4989 2102 5055 ctum
2133 4982 2263 5041 b'elli
2289 4982 2510 5047 ducem;
2541 5008 2561 5037 ι
2596 5001 2631 5055 a
2658 4984 2936 5055 Sigcberto
2968 4982 3234 5041 Gefnblac.
3260 4982 3605 5055 ad'an.785;

1955 5049 2221 5128 a‘Matth.
2272 5056 2437 5112 Paris
2484 5055 2545 5117 in
2573 5054 2672 5111 vit.
2707 5049 2867 5124 Oll‘ze,
2899 5073 2954 5127 p.
2976 5055 3104 5126 978,
3133 5055 3193 5111 in
3232 5049 3608 5128 Capitulariié

1954 5129 2180 5185 Baluzii
2201 5127 2244 5194 Ι,
2271 5144 2328 5200 p.
2365 5128 2487 5197 194.

2028 5196 2290 5257 Tandem
2324 5216 2337 5255 :
2370 5220 2396 5252 α
2428 5214 2572 5254 unus
2619 5214 2688 5254 ex
2732 5198 3068 5270 primoribus
3122 5196 3555 5270 Westphalorum
3577 5219 3606 5248 »

1955 5277 2196 5329 vocatur
2223 5270 2282 5326 in
2314 5271 2513 5326 Annal.
2542 5268 2794 5326 Lauriéh.
2832 5268 2905 5325 ad
2937 5287 2990 5324 a.
3022 5271 3148 5325 777.

2026 5343 2110 5398 Cf.
2143 5344 2349 5400 Kranlz
2378 5342 2619 5398 Smnia
2650 5341 2721 5409 II,
2755 5357 2806 5397 c.
2836 5344 2928 5396 22.

2029 5415 2177 5489 (328)
2210 5414 2500 5495 Thietniar.
2529 5412 2701 5495 ILHIV,
2733 5429 2790 5485 p.
3135 5410 3381 5495 (Misego
3412 5412 3605 5495 I)‘jam

1956 5482 2268 5544 senescens
2318 5490 2377 5543 et
2399 5482 2758 5552 febricitans,
2779 5484 2852 5556 ab
2873 5482 3076 5556 exsilio
3097 5482 3609 5556 ingpatriamtran-

1955 5559 2054 5629 sit,
2088 5557 2424 5630 relinquens
2465 5558 2721 5626 Regnum
2754 5555 2971 5612 suimet
3019 5553 3295 5628 plurimis
3342 5556 3606 5614 dividen-

1956 5631 2120 5686 dum.
2844 5667 2849 5672 -

2028 5703 2178 5775 (329)
2236 5701 2534 5775 Chronogr.
2587 5697 2863 5775 Smiad
2921 5699 3187 5775 a._.1_030.
3236 5697 3605 5775 Myecojll)

1959 5769 2087 5833 Dux
2110 5818 2123 5831 .
2150 5769 2168 5830 .’
2192 5815 2206 5828 .
2238 5814 2252 5827 .
2285 5769 2422 5829 talis
2450 5769 2588 5845 ergo
2620 5775 2709 5831 est
2736 5774 2850 5831 Rex
2877 5788 2931 5828 γ.
2963 5771 3095 5831 infr.
3132 5788 3261 5847 cap.
3292 5771 3508 5830 XLVII.
