4026 6176
217 354 373 418 i377

1470 347 1535 415 S.
1581 343 2012 418 MATHILDIS
2057 343 2375 416 REGINA.

3475 347 3631 415 #378

219 489 340 545 haec
364 489 424 544 in
455 488 720 544 oratione
759 484 1066 544 Dominica
1121 497 1399 558 magnam
1460 484 1872 558 antiquitatem
1901 485 1957 554 Α
1985 485 2251 554 Salomo;
2281 489 2338 542 et
2353 501 2566 559 passus
2586 507 2614 535 ‹‹
2637 484 2763 543 Non
2783 483 3079 544 habemus
3094 483 3631 559 negemnisiCaisa-

218 577 372 634 olere
391 576 722 643 videantur,
746 578 941 632 tamen
964 573 1311 631 facillimum
1327 574 1455 643 erit,
1472 573 1874 633 demonstrare

216 667 456 724 eosdem
487 683 604 723 non
636 681 868 738 semper
895 663 1103 720 iisdem
1133 681 1272 720 usos
1298 680 1427 720 esse
1451 662 1658 720 titulis.

288 756 467 812 Russi
497 771 640 812 sane
669 753 863 810 Czaris
895 753 1130 808 nomine
1163 752 1255 808 usi
1287 755 1454 808 sunt:
1490 748 1635 808 falso
1676 755 1877 807 tamen

217 843 365 900 illud
385 852 418 900 a
439 845 662 902 Caesare
686 842 972 916 originem
995 841 1249 909 trahere,
1269 845 1328 898 et
1346 839 1736 898 Wladimirus
1750 841 1876 898 Mo-

219 934 546 991 nomaehus
563 935 634 990 ab
654 934 1004 1006 imperatore
1021 930 1666 1003 Constantinopolitano
1715 945 1877 986 acce-

220 1024 378 1097 pisse
399 1040 533 1079 eum
551 1023 834 1079 honorem
858 1037 892 1077 a
912 1020 1271 1093 quibusdam
1294 1019 1510 1076 dicitur
1523 1015 1692 1094 (352).
1719 1017 1877 1075 W10-

220 1112 484 1170 domirus
516 1113 764 1186 Magnus
815 1128 1050 1185 quoque
1106 1127 1223 1167 non
1279 1109 1476 1166 Czaris
1535 1123 1748 1166 nomen
1805 1109 1879 1165 ab

220 1202 429 1259 iisdem
448 1201 693 1274 accepit,
717 1204 785 1256 ut
806 1200 1048 1272 quidam
1061 1198 1266 1256 volunt
1309 1197 1481 1270 (353),
1498 1199 1600 1255 sed
1618 1206 1877 1262 Βσαιλέως.

223 1284 521 1347 Iohannes
552 1289 630 1346 III
652 1287 1074 1356 Basiliewitch,
1100 1288 1200 1360 qui
1223 1286 1550 1344 libertatem
1569 1285 1884 1344 vindicavit

227 1379 340 1437 sibi
369 1383 426 1434 et
455 1377 686 1446 Russis,
725 1394 787 1434 se
818 1393 1099 1450 magnum
1132 1377 1343 1432 ducem
1366 1375 1691 1432 nominavit
1711 1375 1881 1448 (354).

228 1467 410 1525 Filius
442 1471 641 1523 autem
673 1467 804 1538 ejus
833 1465 1086 1522 Basilius
1126 1463 1324 1521 Czaris
1384 1481 1597 1521 nomen
1655 1480 1888 1538 semper

228 1557 348 1613 fere
373 1556 486 1612 sibi
510 1555 742 1622 indidit,
765 1558 832 1612 ut
850 1554 1099 1611 dubium
1118 1555 1214 1623 sit,
1237 1559 1435 1610 utrum
1461 1553 1575 1610 tale
1596 1553 1737 1626 quid
1750 1554 1880 1625 jam

231 1650 403 1703 antea
431 1645 649 1702 factum
680 1645 776 1714 sit,
810 1661 884 1700 an
915 1661 948 1700 a
977 1644 1220 1701 devictis
1251 1643 1480 1700 Tataris
1509 1647 1566 1698 et
1607 1644 1664 1699 in
1715 1660 1884 1699 suam

231 1735 511 1791 ditionem
544 1733 817 1800 redactis,
841 1733 998 1805 apud
1028 1749 1176 1805 quos
1208 1732 1395 1789 Csaris
1427 1749 1640 1789 nomen
1673 1732 1732 1786 in
1774 1749 1884 1788 usu

232 1827 376 1894 erat,
411 1826 783 1894 assumptum
816 1822 894 1879 sit
924 1838 1157 1878 nomen.
1191 1822 1514 1894 Imperator
1543 1819 1887 1877 Maximilia-
1916 1857 1963 1921 Β

234 1931 348 1970 nus
376 1913 449 1968 ob
482 1910 815 1968 simultates
847 1912 999 1967 inter
1028 1927 1090 1968 se
1117 1917 1173 1966 et
1213 1910 1482 1977 Polonos,
1540 1913 1605 1964 ut
1665 1910 1888 1966 ltussos

234 2001 453 2058 amicos
481 1999 572 2056 vel
605 2001 795 2057 socios
825 1999 1087 2070 haberet,
1132 2015 1243 2054 non
1306 2001 1616 2055 cunctatus
1668 2001 1778 2070 est,
1833 2001 1890 2054 et

235 2089 418 2147 latino
450 2089 682 2147 Caesaris
706 2088 880 2145 titulo
911 2088 1195 2146 Basilium
1228 2087 1554 2154 honoravit,
1586 2103 1800 2155 errore,
1825 2090 1891 2141 ut

235 2180 490 2248 videtur,
529 2195 733 2234 eorum
783 2177 1136 2252 populorum
1187 2175 1648 2244 Slavonicorum,
1697 2175 1891 2232 Czaris

237 2285 452 2325 nomen
482 2271 584 2323 aut
613 2261 949 2337 abjeeerant
967 2270 1071 2322 aut
1095 2265 1467 2338 ignorabant,
1489 2269 1544 2320 et
1566 2280 1730 2338 reges
1753 2281 1891 2321 suos

241 2356 394 2424 Krol,
428 2355 562 2412 Kral
592 2354 682 2411 vel
715 2354 872 2410 Krail
907 2359 1046 2410 tunc
1075 2357 1228 2410 certe
1278 2353 1668 2410 nominabant
1721 2353 1890 2424 (355).

239 2445 303 2501 In
324 2459 661 2501 successore
681 2443 948 2514 ejusdem
968 2441 1237 2498 Johanne
1259 2441 1374 2509 IV.,
1390 2441 1737 2515 cognomine
1755 2444 1894 2499 Ter-

242 2532 418 2601 ribili,
445 2530 731 2604 jactantia
748 2530 1093 2603 quaedamin
1113 2530 1303 2586 titulis
1325 2529 1698 2587 assumendis
1721 2548 1898 2605 appa-

243 2626 350 2689 ret,
383 2625 560 2693 atque
592 2621 825 2677 Caesaris
855 2619 1294 2691 imperatorisve
1319 2635 1533 2676 nomen
1564 2625 1622 2676 et
1642 2620 1898 2693 insignia

245 2707 529 2766 affectata.
554 2707 1002 2781 Quadruplieem
1028 2711 1258 2764 Czarem
1275 2724 1338 2764 se
1355 2708 1503 2764 dixit
1523 2709 1894 2780 (Russorum,

242 2799 475 2867 Casani,
507 2797 832 2865 Astraeani,
860 2796 1117 2868 Siberiae)
1141 2801 1198 2854 et
1219 2796 1525 2852 dominum
1549 2795 1900 2853 Karthalini-

244 2903 448 2944 eorum
479 2890 538 2943 et
566 2887 1004 2944 Crusinicorum
1036 2885 1325 2953 Czarium,
1359 2889 1466 2942 etc.
1516 2887 1685 2957 (356).
1738 2886 1898 2942 Idem

243 2975 487 3048 imagini
518 2992 637 3031 suae
659 2975 854 3048 pictae,
878 2975 1044 3031 editae
1062 2991 1215 3031 anno
1240 2975 1401 3043 1551,
1423 2991 1628 3031 versus
1644 2990 1894 3046 sequen-

243 3071 332 3122 tes
360 3062 605 3119 inscribi
627 3063 842 3138 jussit:

356 3144 651 3208 Russorum
681 3153 796 3207 Rex
822 3156 873 3207 et
901 3153 1162 3208 Dominus
1191 3167 1331 3218 sum,
1352 3151 1484 3224 jure
1506 3153 1726 3224 paterni

358 3241 689 3311 Sanguinis;
720 3241 949 3312 Imperii
976 3240 1161 3296 titulos
1192 3259 1224 3296 ιι
1252 3243 1472 3296 nemine
1484 3243 1686 3311 quavis

352 3330 620 3387 Mercatus
644 3345 804 3402 prece
835 3329 916 3385 vel
939 3331 1146 3400 pretio:
1179 3345 1279 3386 nec
1309 3329 1525 3399 legibus
1555 3329 1692 3385 ullis

359 3418 618 3476 Subditus
647 3420 897 3486 alterius,
930 3418 1020 3474 sed
1053 3418 1262 3474 Christo
1291 3418 1545 3474 credulus
1573 3420 1676 3474 uni

359 3509 736 3566 Emendicatos
764 3509 897 3564 aliis
924 3524 1188 3580 aspernor
1214 3509 1442 3564 honores
1475 3507 1620 3580 (358)

318 3599 387 3654 In
409 3599 623 3655 saeculo
645 3596 915 3670 sequenti
935 3596 1110 3670 legati
1135 3595 1346 3670 Belgize
1368 3595 1733 3664 Michaelem,
1757 3600 1909 3652 sato-

1985 591 2130 641 rem,
2167 597 2194 624 ››
2227 591 2330 648 per
2360 574 2498 631 Csar
2526 579 2584 632 et
2611 576 2805 632 Kessar
2861 575 3208 648 exprimitur
3260 574 3434 648 (360).
3466 574 3636 630 Extat

1985 667 2435 720 monumentum
2448 661 2820 721 Slavonicum
2834 662 2894 720 in
2906 663 3435 737 Kalbensteinberg
3451 679 3630 736 prope

1984 752 2408 826 Weissenburg
2437 753 2778 827 (Nordgau),
2812 752 2968 826 quod
2991 752 3208 825 publici
3225 753 3382 825 juris
3403 753 3631 810 fecitM.

1984 841 2074 898 Jo.
2106 842 2262 898 Alex.
2300 841 2642 911 Dmderlein,
2675 842 2879 899 tabula
2926 841 3194 914 quaedam
3242 841 3398 914 picta
3437 841 3636 899 Sancti

1988 930 2271 987 Pheodori
2292 931 2469 988 Ducis
2492 948 2626 988 cum
2648 931 3131 1005 inscriptionibus
3144 929 3466 988 Slavonieis
3482 930 3636 988 litte-

1988 1019 2069 1075 ris
2101 1019 2324 1094 Cyrilli;
2357 1021 2528 1092 cuius
2548 1021 2835 1093 originem
2864 1019 2992 1092 ipse
3022 1020 3330 1077 Russieam
3381 1035 3528 1088 esse,
3582 1025 3642 1076 et

1988 1125 2318 1182 anonymus
2339 1109 2398 1166 in
2418 1108 2664 1183 epistola
2684 1110 2887 1180 latina,
2909 1110 3176 1182 ejusdem
3196 1108 3480 1184 temporis
3509 1126 3640 1166 esse

1989 1197 2230 1270 conjicit
2259 1213 2392 1254 eum
2426 1197 2751 1273 Menologio
2782 1199 2976 1257 Graeco
3007 1199 3089 1270 (id
3113 1203 3204 1256 est
3222 1199 3362 1258 anni
3384 1199 3504 1256 fere
3533 1199 3642 1255 984

1992 1303 2130 1354 non,
2163 1291 2229 1343 ut
2258 1287 2541 1343 Baronius
2570 1286 2852 1354 voluerat,
2885 1287 3026 1344 anni
3083 1289 3210 1357 885)
3268 1287 3436 1360 (364).
3499 1286 3643 1344 Mihi

1989 1391 2148 1445 vero,
2181 1381 2246 1432 ut
2275 1376 2544 1447 Baronio,
2604 1376 2815 1433 saeculo
2873 1394 2992 1434 uno
3045 1376 3350 1450 antiquius
3409 1377 3642 1434 videtur

1993 1463 2410 1539 Menologium.
2443 1466 2588 1522 Nam
2623 1465 2786 1522 nulla
2814 1467 2967 1524 inest
2995 1467 3406 1540 ﬁgurajunior
3463 1482 3644 1539 quam

1994 1554 2104 1611 Leo
2136 1554 2526 1627 philosophus
2552 1556 2799 1628 ejusque
2828 1574 2992 1614 uxor.
3023 1557 3183 1614 Idem
3216 1557 3288 1613 de
3317 1555 3518 1614 tabula
3536 1556 3647 1613 hac

1993 1659 2220 1700 censeo.
2257 1643 2468 1700 Milites
2493 1645 2756 1716 quidem,
2807 1646 3026 1718 quibus
3072 1645 3325 1718 stipatus
3373 1646 3648 1719 princeps

1995 1736 2104 1798 est,
2129 1731 2418 1788 simillimi
2441 1737 2581 1788 sunt
2602 1734 2954 1792 Normannis
2977 1751 3146 1808 ,quos
3171 1734 3472 1792 Mathildis
3485 1735 3652 1792 Fian-

1994 1821 2157 1877 drica
2183 1821 2243 1877 in
2275 1824 2466 1892 tapete
2496 1822 2891 1880 Normannica
2910 1823 3314 1896 Bojocassensi
3339 1822 3646 1896 expressit.

1996 1909 2398 1966 Architectura
2430 1927 2660 1984 quoque
2691 1917 2781 1968 est
2803 1913 3120 1986 Byzantina
3141 1913 3334 1988 (arcus
3353 1912 3508 1970 enim
3532 1930 3649 1970 non

1998 1998 2367 2056 acuminatus
2397 2004 2486 2057 est
2507 2000 2565 2056 in
2589 2001 2790 2074 portis)
2809 2009 2864 2057 et
2885 2002 3136 2059 turrium
3155 2005 3310 2060 tecta
3355 2002 3650 2059 Orientem

1998 2087 2158 2144 olent
2187 2088 2346 2160 (nam
2376 2094 2576 2145 ventre
2608 2080 2822 2160 magno
2873 2092 3172 2164 utrimque
3220 2107 3393 2147 arcus
3450 2090 3654 2147 leviter

2000 2176 2922 2251 acuminatusinfraextenditur),
2945 2179 3045 2248 ita,
3061 2178 3442 2252 uthueusque
3455 2178 3654 2236 omnia

2004 2265 2212 2322 Russis
2242 2267 2608 2336 conveniant,
2634 2265 2722 2320 vel
2745 2265 3050 2323 Slavonico
3082 2266 3318 2340 populo,
3373 2266 3475 2339 qui
3535 2284 3652 2323 non

2005 2355 2258 2411 multum
2291 2354 2521 2411 abesset
2537 2353 3099 2427 aConstantinopoli.
3124 2358 3195 2411 At
3219 2357 3408 2412 forma
3429 2353 3656 2412 radiata

2005 2461 2227 2500 corona:
2259 2442 2646 2515 imperatoriae
2676 2442 2821 2498 illud
2852 2444 3091 2500 omnino
3105 2448 3278 2502 vetat.
3305 2444 3520 2500 Notum
3544 2450 3654 2512 est,

2007 2533 2204 2589 nullas
2231 2536 2424 2589 extare
2452 2532 2877 2604 Irnperatorum
2910 2531 3166 2588 Orientis
3224 2531 3534 2606 imagines,
3591 2532 3654 2589 in

2006 2622 2223 2694 quibus
2251 2635 2466 2677 corona
2494 2621 2722 2677 radiata
2751 2620 2846 2689 sit,
2861 2625 3012 2678 certe
3025 2619 3218 2676 nullas
3231 2620 3657 2694 postsaeculum

2006 2714 2285 2783 quartum
2316 2723 2440 2766 eras
2465 2709 2820 2779 christiana,
2854 2709 2968 2766 nisi
2986 2710 3044 2765 in
3067 2710 3302 2767 feminis
3323 2711 3492 2783 (362).
3511 2709 3656 2767 Nam

2007 2800 2202 2872 imago
2231 2798 2598 2855 Constantini
2626 2798 2764 2855 VI.a
2785 2800 2976 2856 Leone
3023 2816 3174 2872 papa
3216 2799 3411 2856 Romae
3452 2797 3603 2856 tacta
3627 2816 3662 2855 α

2009 2905 2071 2944 re
2099 2887 2288 2945 aliena
2320 2892 2428 2945 est.

2083 2977 2146 3033 In
2171 2977 2485 3033 Germania
2512 2982 2709 3034 tamen
2742 2976 2881 3035 talis
2901 2993 3116 3033 corona
3169 2976 3391 3033 occurit
3448 2975 3658 3032 saeculo

2011 3082 2186 3134 nono,
2217 3064 2443 3120 decimo
2473 3069 2530 3121 et
2561 3065 2901 3132 undecimo;
2921 3069 2978 3120 et
2997 3063 3302 3120 simillima
3324 3063 3561 3136 quidem
3574 3068 3664 3119 est

2011 3171 2228 3211 corona
2257 3152 2500 3226 antiqua
2528 3154 2970 3226 imperatorum.
3003 3151 3398 3224 Norimbergae
3426 3159 3657 3208 conser-

1930 3226 1974 3293 Ο
2010 3248 2162 3311 vata,
2190 3259 2318 3315 qua:
2349 3241 2534 3298 Caroli
2566 3241 2763 3314 Magni
2791 3258 2920 3298 esse
2965 3240 3197 3308 dicitur,
3256 3241 3358 3298 sed
3414 3239 3662 3296 Conradi

2015 3348 2228 3389 nomen
2261 3331 2457 3388 addito
2488 3330 2547 3387 in
2578 3329 2948 3388 semicirculo
2979 3329 3268 3402 superiori
3306 3327 3660 3400 inscriptum

2014 3423 2124 3477 fert
2154 3421 2323 3492 (363).
2353 3419 2514 3476 Talis
2542 3423 2632 3476 est
2660 3418 2920 3487 omnino,
2953 3421 3188 3490 excepto
3220 3416 3511 3491 superiori
3567 3433 3659 3473 se-

2013 3509 2336 3578 micirculo,
2371 3525 2490 3565 una
2517 3524 2742 3566 coronae
2772 3507 2981 3580 figura,
3015 3523 3192 3579 quam
3211 3505 3500 3579 expressit
3521 3505 3665 3562 Doe-

2013 3599 2232 3656 derlein
2265 3617 2320 3671 p.
2352 3599 2442 3666 80,
2489 3613 2788 3670 quamque
2844 3597 3160 3670 imperator
3215 3593 3472 3652 Licinius
3529 3594 3658 3650 fert‘

247 3703 374 3742 rem
397 3691 659 3760 augustae
690 3687 903 3743 domus
924 3685 1250 3759 Imperialis
1277 3684 1594 3751 hodiernae,
1640 3685 1907 3758 quadru-
2004 3690 2245 3760 jubens,
2276 3687 2454 3761 virgis
2485 3691 2544 3746 et
2565 3687 2822 3744 fustibus
2845 3686 2982 3742 caedi
3001 3684 3373 3741 Theodorum
3393 3702 3408 3753 ;
3432 3683 3490 3740 in
3507 3687 3659 3740 cete-

245 3775 458 3848 plicem
489 3780 707 3849 Kayser
735 3776 1198 3849 (Imperatorem)
1228 3775 1489 3832 fecerunt
1521 3776 1689 3848 (357).

317 3864 466 3921 Illud
498 3880 633 3922 vero
665 3882 878 3922 nomen
912 3882 1027 3920 non
1059 3865 1384 3921 Russorum
1417 3863 1591 3921 modo
1613 3866 1715 3920 aut
1733 3865 1904 3920 Tata-

244 3970 468 4010 rorum.
506 3971 693 4028 neque
709 3954 883 4011 medii
903 3954 1002 4010 aevi
1021 3958 1275 4024 tantum,
1295 3950 1395 4010 sed
1415 3952 1898 4025 antiquissimum

241 4043 299 4098 in
339 4043 572 4100 Oriente
604 4059 852 4116 regnum
903 4060 1116 4100 nomen
1132 4041 1898 4100 fuissefaciledemonstrari

241 4133 725 4204 potest.0eeurrit
742 4133 898 4188 enim
922 4131 983 4187 in
1005 4130 1341 4188 nominibus
1361 4131 1703 4188 Nebukatne
1737 4130 1896 4195 Czar,

236 4219 732 4293 Nabopala-Czar,
766 4219 1308 4292 Tiglatphile-Czar,
1358 4218 1738 4276 Baltha-Czar
1783 4222 1894 4274 eet.

241 4310 412 4382 (359).
439 4309 706 4366 Occurrit
735 4308 794 4364 in
838 4308 1107 4365 versione
1156 4307 1474 4364 bibliorum
1505 4307 1829 4376 Slavonica,
1863 4324 1897 4363 a

242 4397 450 4454 multis
480 4397 854 4470 Hieronymo,
889 4397 960 4452 ab
993 4396 1126 4452 aliis
1154 4395 1544 4452 veresimilius
1575 4397 1632 4452 S.
1667 4397 1893 4452 Metho-

2013 3777 2094 3833 ris
2124 3794 2258 3834 vero
2287 3777 2552 3849 ejusdem
2612 3776 2818 3849 ﬁguris
2865 3773 3124 3848 vulgaris
3171 3773 3401 3830 radiata
3448 3789 3662 3830 corona

2013 3882 2260 3938 regnum
2289 3865 2376 3922 vel
2400 3866 2820 3938 imperatorum
2843 3863 3168 3920 Germaniae
3189 3866 3656 3935 repraesentetur.

2006 3956 2262 4028 Apparet
2292 3954 2492 4026 igitur,
2525 3952 2688 4009 illam
2722 3951 2983 4009 tabulam
3015 3968 3049 4008 a
3079 3950 3291 4023 populo
3332 3949 3660 4016 Slavonico,

2010 4042 2339 4100 Germaniae
2368 4041 2730 4114 limitropho,
2762 4041 2978 4098 factam
3007 4056 3156 4096 esse.
3191 4038 3353 4102 Quod
3377 4037 3428 4094 si
3449 4037 3510 4092 in
3536 4053 3661 4093 me-

2010 4131 2259 4188 moriam
2291 4146 2652 4200 revocamus,
2682 4133 2887 4202 gentes
2917 4125 3254 4184 Slavonicas
3275 4125 3528 4183 Sorabos
3557 4124 3660 4196 qui

2007 4237 2122 4277 non
2155 4219 2369 4276 diversi
2398 4221 2566 4275 erant
2592 4235 2624 4274 a
2641 4217 2862 4286 Serbis,
2881 4220 2990 4273 cet.
3014 4233 3113 4272 eas
3130 4216 3312 4289 ipsas,
3337 4214 3438 4271 ubi
3459 4211 3662 4270 tabula

2003 4325 2160 4366 nunc
2172 4306 2761 4381 extat,regionesolim
2776 4306 3192 4378 tenuisse(364)
3203 4303 3308 4373 ;vel
3321 4302 3530 4360 saltem
3549 4318 3665 4358 ma-

2000 4415 2181 4472 gnum
2195 4397 2458 4454 Moraviaa
2472 4413 2718 4469 regnum
2731 4413 2848 4454 non
2862 4395 3117 4451 multum
3130 4391 3520 4462 abfuisse,ubi
3533 4408 3664 4448 san-

241 4487 359 4554 dio,
416 4485 722 4543 Slavorum
751 4486 830 4559 (in
878 4484 1135 4542 Moravia
1175 4488 1232 4540 et
1280 4483 1579 4555 Bohemia)
1626 4485 1890 4558 apostolo
2001 4493 2133 4545 etus
2164 4487 2493 4544 Methodius
2513 4479 3660 4560 archiepiscopusWeishradiﬂiradish)

237 4575 476 4633 tributa.
511 4573 831 4648 Legiturin
863 4574 972 4631 hac
1001 4572 1266 4630 versione
1315 4572 1457 4628 Czar
1503 4571 1706 4640 David,
1753 4577 1895 4631 Czar
1925 4595 1971 4661 D
2005 4576 2235 4643 sedens,
2269 4581 2492 4648 septem
2533 4575 2839 4648 episcopos
2885 4573 3217 4631 Slavonicas
3276 4570 3548 4628 subditos
3595 4569 3659 4626 in

239 4771 407 4829 reges
440 4755 572 4829 Kral
601 4754 900 4829 dicuntur.
934 4751 1170 4829 Zingari
1184 4751 1270 4809 vel
1290 4753 1348 4807 in
1365 4750 1648 4825 Hispania
1664 4752 1898 4811 hodier-

240 4825 336 4900 ηοξ
343 4827 616 4900 reginam
640 4827 952 4900 nominant
969 4825 1145 4900 me;

313 4895 462 4970 (352')
492 4898 822 4970 Genealogia
852 4915 922 4954 ex
949 4896 1156 4953 Annal.
1191 4895 1367 4952 Russ.
1424 4895 1764 4969 composita,
1823 4913 1896 4970 ap

241 4966 476 5034 Cholin,
507 4966 780 5024 Coloniae.

315 5038 467 5163 (28353)
498 5039 814 5111 Anonymus
843 5033 1193 5096 Florentinus
1224 5038 1293 5093 de
1328 5037 1449 5094 reb.
1507 5037 1898 5095 Moscovitieis

312 5151 984 5251 (ﬁnmeLL.m.

319 5251 472 5307 (355)
505 5253 689 5307 Idem.
722 5198 865 5307 ibig.

319 5251 472 5324 (355)
505 5253 689 5324 Idem,
722 5251 865 5324 ibid.

318 5318 472 5391 (356)
501 5318 686 5379 Adam
721 5322 993 5388 Olearius,
1027 5321 1146 5378 Iter
1173 5318 1423 5376 Moscov.
1444 5331 1501 5391 p.

318 5317 472 5458 (356;
501 5317 686 5379 Adam
721 5322 993 5388 Olearius,
1027 5321 1146 5378 Iter
1173 5318 1423 5376 Moscov.
1444 5331 1501 5391 p.
1523 5319 1612 5374 25.

523 5394 926 5467 Sigismundus,
988 5396 1302 5451 comment.
1363 5405 1475 5446 rer.
1544 5389 1903 5450 Moscovitic°

245 5482 303 5537 ρ.

318 5503 720 5609 esum...
754 5535 999 5610 ωοηρ.
1053 5535 1233 5610 1045.
1272 5533 1433 5589 Alter
1486 5537 1725 5610 θηεςεείιμΔ
1768 5536 1904 5610 Key-

243 5605 333 5665 ser
575 5610 775 5680 Kayser
801 5605 1431 5680 totCasan,Astraean_
1466 5605 1615 5661 ende
1646 5605 1897 5680 Sibrien.

317 5679 465 5758 (356)
495 5679 626 5738 Haec
651 5675 744 5738 est
773 5679 1135 5738 celeberrimi
1188 5675 1449 5747 Strahl‘ii,
1510 5677 1733 5735 autori‘s
1784 5677 1904 5737 bist

2006 4759 2352 4820 Russorum,
2368 4752 2459 4824 opi
2471 4752 2770 4823 nio,quam
2785 4767 3014 4809 meeum
3029 4745 3506 4815 communicavit,
3521 4761 3657 4804 cum

2007 4841 2141 4882 eum
2175 4825 2384 4880 Bonnze
2407 4823 2682 4879 viserem.

2101 4896 2227 4968 360)
2259 4895 2402 4968 Otto,
2459 4893 2569 4968 l.rl_.
2604 4894 2784 4968 p.725,
2856 4965 2921 4968 μ
3030 4963 3077 4968 μ
3239 4961 3250 4968 ,
3325 4960 3338 4968 ,
3421 4955 3459 4968 ..
3582 4956 3593 4968 .

2259 4898 2982 5022 gfojo.lelle£..0§derlein.
3024 4960 3362 5020 Slavonisch
3421 4955 3658 5014 Russis-

2102 5057 2146 5094 BS
2229 5037 2534 5094 eiliathum
2569 5037 2775 5092 mitten
2807 5036 2867 5092 in
2905 5033 3315 5092 Deutschland.
3350 5027 3658 5094 Nurnberg

2179 5027 2534 5165 lieiligthum
2569 5037 2775 5092 mitten
2807 5036 2867 5092 in
2905 5033 3315 5092 Deutschland.
3350 5027 3661 5103 Nurnberg

2082 5182 2230 5259 (36?)
2262 5179 2478 5259 Ultima
2509 5195 2724 5259 corona
2753 5178 2986 5259 radiata
3012 5179 3077 5259 in
3100 5177 3350 5259 virisest
3376 5171 3659 5259 βρωμη-

2008 5241 2118 5325 tini
2144 5251 2162 5308 I
2172 5241 2225 5308 1.,
2247 5269 2342 5325 ap.
2368 5251 2810 5325 Bandurium,v.
2833 5252 3040 5325 Malliot
3057 5254 3140 5320 (et
3161 5243 3394 5325 Martia)
3413 5241 3660 5325 Recher-

2010 5323 2149 5380 ches
2181 5313 2696 5381 sur‘lescostumes
2726 5313 2831 5378 des
2881 5313 3122 5382 anciens
3169 5313 3434 5393 peuples,
3487 5313 3653 5371 Paris

2010 5395 2150 5451 4805
2176 5394 2374 5468 4°.7vol
2408 5438 2421 5452 .
2454 5399 2500 5450 Ι.
2533 5394 2612 5466 pl.
2649 5393 2762 5450 LV.
2796 5393 2901 5451 No.
2937 5396 2989 5450 ἃ.
3128 5463 3141 5468 _
3206 5462 3221 5468 _
3364 5459 3374 5468 _
3467 5456 3505 5468 υ

2084 5466 2422 5538 (363)0uam
2451 5456 2728 5522 coronam
2759 5480 3100 5538 expressam
3128 5462 3310 5538 hab_es
3360 5459 3445 5538 in_
3467 5456 3658 5538 libro:

2009 5529 2676 5667 4ﬁgitfigit;illndltroenungs
2705 5529 2960 5593 Diar'ium
2990 5535 3193 5592 Kaiser
3223 5529 3653 5590 FranzI.Freit.

2161 5653 2172 5664 .
2230 5627 2261 5666 ο
2293 5652 2305 5664 .

2045 5612 2172 5665 746.
2208 5612 2305 5666 fol.

2089 5681 2240 5756 (366)
2271 5681 2523 5760 Spruner
2548 5678 2709 5746 Atlas
2741 5695 2836 5738 no.
2871 5679 2961 5738 l2.
