4026 6176
353 326 511 387 1379

1617 316 1971 384 ιΑΡΡΕΝι).
2013 318 2117 382 AD
2162 286 2373 383 sine!
2400 288 2498 381 xi

3605 308 3785 376 i380

345 456 589 514 ecclesia
619 437 801 512 mixta
827 453 1081 511 habebat
1107 433 1221 510 non
1279 456 1494 509 temere
1548 469 1679 508 eam
1729 424 1990 508 tabulam
2022 454 2077 521 Α
2108 468 2415 509 manorum
2470 450 2639 521 Konig
2688 448 3009 522 quamdam
3047 446 3496 505 similitudinem
3549 445 3779 502 habere

350 550 796 602 monumentum
831 543 1084 600 ecclesiae
1115 540 1430 599 Slavonicze
1462 542 1715 613 antiquae
1776 543 1833 596 in
1878 541 1995 597 illis

346 634 689 708 regionibus
745 649 873 689 esse
920 631 1243 687 efficiemus
1299 631 1468 703 (365),
1531 630 1742 687 similis
1800 630 1995 703 imago

351 746 378 773 ‹‹
405 725 635 795 prisca?»
671 722 875 777 matris
906 720 1009 776 Dei
1063 724 1291 792 reperta
1351 724 1440 776 est
1493 719 1555 774 in
1616 720 1759 774 urbe
1809 718 1995 775 Oblau

347 816 550 885 (prope
580 810 840 881 Breslau)
871 826 1005 865 cum
1072 808 1283 865 litteris
1314 808 1598 882 Cyrillicis
1640 810 1788 879 (366)
1821 808 1996 881 Atqui

344 902 403 956 in
435 917 503 957 ea
534 898 735 956 tabula
786 898 978 955 Caesar
1031 900 1331 971 Augustus
1391 897 1704 954 Liciniusl
1760 914 1996 970 semper

348 990 685 1046 nominatur
713 990 858 1045 Czar
911 986 1092 1043 Likin.
1151 987 1316 1043 Adde
1360 986 1606 1060 p0pulos
1660 986 1996 1043 Slavouicos

345 1076 581 1151 Imperii
610 1076 852 1132 orientis
900 1076 1106 1131 urbem
1166 1073 1710 1148 Constantinopolin
1765 1089 1997 1147 semper

344 1166 658 1236 σπανίωναά
687 1165 836 1237 (367)
866 1180 1071 1220 vocare
1103 1164 1184 1237 (id
1214 1167 1305 1220 est
1352 1164 1558 1219 urbem
1619 1162 1861 1236 regiam,
1904 1161 1993 1217 vel

344 1255 826 1329 imperatoriam).
862 1254 923 1308 In
955 1253 1259 1309 autoribus
1291 1250 1617 1325 Byzantinis
1642 1251 1995 1324 Theophane

343 1350 401 1403 et
432 1345 759 1417 Nicephoro
787 1341 1182 1414 Bulgarorum
1206 1341 1499 1414 principes
1521 1343 1677 1397 Xeres
1693 1344 1997 1396 nominan-

344 1441 461 1503 tu’r,
495 1433 653 1507 quod
682 1432 836 1488 idem
861 1446 990 1487 esse
1022 1447 1088 1487 ac
1125 1430 1318 1486 (ἔκανες
1348 1435 1501 1487 recte
1556 1430 1786 1486 monuit
1842 1429 1994 1484 Bua-

342 1525 463 1580 tius
480 1524 650 1595 (368).
672 1518 858 1595 Reges
887 1520 1094 1577 Serviae
1113 1518 1326 1575 saeculo
1338 1518 1564 1575 decimo
1578 1522 1784 1592 quarto
1794 1519 1993 1575 'I‘zaris

344 1613 579 1669 nomine
609 1610 986 1671 fruebantur;
1018 1609 1103 1664 sic
1133 1608 1194 1664 in
1219 1608 1449 1681 legibus
1480 1608 1689 1663 Serviae
1720 1606 1992 1663 Duschan

345 1704 478 1758 Τίνων
506 1716 738 1788 semper
766 1698 981 1771 legitur
1001 1698 1170 1769 (369).

370 1826 375 1831 '
414 1818 455 1872 E
487 1821 689 1889 contra
718 1814 894 1872 Russi
928 1813 1156 1886 plerum
1187 1813 1301 1869 alio
1336 1812 1503 1868 titulo
1537 1813 1597 1867 in
1630 1810 1821 1868 medio
1871 1829 1990 1868 aevo
2021 1825 2069 1890 B

346 1906 438 1961 usi
462 1910 618 1971 sunt,
654 1919 842 1980 neque
870 1919 938 1958 eo
972 1902 1098 1958 soli.
1124 1903 1451 1958 Russorum
1499 1901 1657 1957 enim
1698 1901 1991 1974 principes

344 1994 609 2067 ipsorum
644 1991 845 2065 lingua
874 1993 1033 2049 Knies
1066 1992 1319 2063 (Duces),
1378 1990 1729 2063 superiores,
1802 1989 1996 2046 Weliki

345 2085 527 2153 Knies,
561 2083 619 2157 id
649 2100 699 2138 e.
728 2082 927 2154 magni
952 2080 1244 2153 principes
1273 2078 1360 2136 vel
1392 2080 1571 2135 duces
1603 2079 1993 2135 nominaban-

345 2176 479 2241 t'ur;
514 2171 563 2227 si
594 2188 709 2227 non
753 2170 982 2241 majori,
1043 2174 1197 2225 certe
1254 2169 1458 2225 eodem
1511 2170 1667 2240 jure,
1719 2184 1834 2241 quo
1889 2168 1994 2223 du-

349 2278 445 2316 ces
492 2261 744 2317 Austrize
795 2257 1140 2324 Archiduces,
1192 2256 1281 2314 vel
1378 2256 1696 2313 Florentini
1780 2256 1995 2325 Magni-

343 2353 532 2407 Duces.

416 2468 578 2524 Km'es
606 2466 767 2522 enim
795 2465 949 2521 idem
980 2469 1070 2520 est
1101 2479 1167 2519 ac
1199 2462 1350 2518 Chan
1379 2461 1467 2518 vel
1497 2463 1668 2517 Kam's
1715 2460 1801 2517 vel
1855 2460 1993 2516 Cha-

344 2574 478 2627 gan,
512 2560 569 2613 et
600 2571 795 2628 regem
826 2554 1085 2619 denotat,
1120 2556 1184 2607 ut
1216 2551 1628 2621 Magnus-Char:
1660 2550 1719 2605 in
1767 2551 1995 2605 Crimea

346 2646 503 2701 idem
536 2644 633 2712 sit,
666 2643 821 2717 quod
856 2641 1025 2698 Veliki
1052 2644 1215 2697 Kvies
1245 2641 1304 2695 in
1338 2639 1570 2697 Russia.
1603 2642 1758 2696 Khan
1798 2643 1994 2696 autem

345 2732 623 2789 Tartaris.
655 2731 742 2787 vel
775 2731 1013 2802 Chagan,
1048 2730 1135 2785 vel
1167 2731 1348 2796 Canis,
1380 2730 1469 2785 vel
1494 2730 1736 2785 Caranus
1769 2727 1993 2800 signiﬁ-

348 2825 441 2877 cat
467 2820 796 2885 domiuum,
824 2834 1043 2892 regem,
1075 2817 1482 2890 imperatorem
1511 2818 1686 2889 (370).
1711 2816 1839 2889 ipsa
1858 2832 1994 2872 voce

349 2910 574 2978 Chagan
602 2906 692 2964 vel
724 2908 909 2963 Cacan
948 2911 1005 2963 et
1062 2906 1238 2963 Russi
1295 2906 1625 2979 etHungari
1658 2905 1746 2962 usi
1777 2922 1904 2961 esse
1919 2906 1995 2961 fe-

350 2998 747 3069 runtur(37l).

418 3105 570 3171 Quid
603 3104 673 3160 de
703 3101 939 3160 Polonis
963 3101 1197 3158 dicam?

2106 542 2353 597 videtur.
2387 542 2649 597 Tandem
2688 540 2854 596 Wudz
2913 539 3071 612 apud
3130 538 3302 596 eosde
3326 555 3364 593 n
3411 538 3536 592 Duas
3576 536 3778 592 audit.

2105 631 2504 703 Compositum
2546 629 2887 686 vocabulum
2925 627 3231 685 Woiewoda
3250 627 3406 684 idem
3437 642 3569 682 esse
3604 624 3779 698 quod

2108 721 2419 785 Belli-Dux,
2443 720 2571 792 jam
2604 735 2784 792 supra
2813 718 3289 774 memoravimus.
3343 716 3413 772 Ut
3461 732 3619 771 nunc
3675 730 3776 771 res

2107 815 2265 875 sunt,
2295 808 2437 865 certi
2467 809 2751 880 quiddam
2783 806 2964 864 statui
3015 807 3240 880 nequit.
3284 806 3397 863 Sed
3454 809 3779 877 utcunque

2105 898 2235 966 erit,
2266 897 2414 953 illud
2446 897 2683 972 quidem
2711 900 2873 952 extra
2898 912 3131 952 omnem
3165 894 3590 951 dubitationem
3628 910 3778 949 ver-

2106 989 2289 1057 satur,
2324 987 2476 1059 quod
2508 1002 2713 1042 omnes
2745 985 2831 1041 hae
2849 1001 3017 1040 voces
3035 983 3197 1040 nullo
3221 984 3394 1039 modo
3410 984 3611 1038 Ducem
3626 984 3766 1053 feu-

2103 1075 2283 1131 dalem
2309 1074 2743 1149 signiﬁcant,’si
2775 1073 3052 1147 dignitas,
3106 1090 3284 1146 quam
3340 1072 3770 1128 demonstravi-

2105 1182 2261 1233 mus,
2299 1164 2631 1238 principum
2664 1162 2912 1219 Polonize
2942 1163 3015 1219 iis
3054 1179 3327 1235 expressa
3371 1161 3502 1218 fuit.
3549 1162 3767 1217 Roma-

2103 1270 2313 1310 norum
2340 1253 2704 1325 temporibus
2737 1252 2890 1308 baud
2924 1251 3102 1308 dubie
3132 1250 3313 1307 latina
3340 1267 3479 1307 voce
3510 1252 3623 1306 Rex
3655 1248 3764 1305 illa

2102 1342 2360 1415 dignitas
2390 1341 2845 1415 exprimebatur.

2173 1432 2375 1487 Studio
2408 1430 2659 1503 augendi
2687 1429 2906 1503 regiam
2940 1429 3259 1501 potentiam
3291 1429 3528 1497 ductus,
3572 1425 3761 1484 Boliz-

2101 1520 2289 1589 lavus,
2323 1520 2575 1575 latinum
2626 1518 2865 1574 titulum
2915 1520 3029 1574 Rex
3076 1519 3326 1575 fortasse
3377 1517 3761 1591 aptissimum

2096 1609 2401 1682 judicavit,
2437 1609 2652 1682 quippe
2685 1606 2919 1664 Polonis
2956 1605 3310 1677 inauditum,
3361 1624 3476 1679 quo
3524 1624 3764 1664 monar-

2102 1699 2296 1756 chiam
2329 1698 2528 1753 minus
2561 1696 2773 1770 populo
2792 1696 3103 1752 obnoxiam
3127 1696 3183 1752 in
3211 1695 3432 1752 familia
3449 1696 3765 1753 haeredita-

2101 1787 2248 1843 riam
2280 1787 2550 1843 redderet
2583 1787 2747 1857 (372).
2804 1787 2987 1851 Quem
3045 1786 3104 1840 in
3166 1786 3342 1841 finem
3399 1783 3514 1841 alia
3566 1784 3765 1843 multa

2102 1876 2307 1933 fecisse
2338 1875 2693 1932 Bolizlavum
2713 1874 2905 1947 capita
2928 1874 3230 1946 sequentia
3248 1873 3540 1930 docebunt

2101 1984 2235 2041 CAP.
2267 1982 2506 2038 XXXVI.
2533 2013 2601 2022 —
2636 1981 2905 2037 Boliz-lavi
2934 1981 3089 2049 regia
3129 1996 3348 2051 corona,
3403 1983 3617 2049 lancea,
3672 1984 3764 2038 vel

2171 2064 2395 2126 sceptro,
2425 2052 2714 2125 gladioque
2733 2052 2965 2126 donatus
2993 2051 3061 2107 ab
3118 2050 3305 2111 Ottone
3336 2050 3451 2124 ⁷111,
3486 2076 3514 2102 ››
3544 2056 3763 2110 amicus

2170 2122 2358 2198 populi
2385 2122 2614 2182 Romani
2623 2122 2663 2175 Β»
2677 2122 3001 2179 nominatur

2172 2233 2311 2289 Jure
2340 2230 2874 2306 igiturBolizlavus
2926 2231 2947 2286 I
2991 2229 3147 2304 regio
3197 2230 3417 2286 honore
3466 2230 3577 2287 frui
3623 2233 3758 2304 jam

2103 2327 2255 2396 potet
2270 2326 2345 2377 at.
2379 2320 2700 2393 Agnovisse
2729 2323 2960 2375 tantum
2994 2320 3314 2392 Imperator
3334 2319 3465 2375 Otto
3487 2318 3564 2375 III
3592 2320 3757 2376 vide-

2103 2417 2200 2467 tur
2227 2426 2295 2468 ea
2320 2428 2447 2484 quae
2480 2409 2764 2483 impedire
2795 2426 2908 2464 non
2942 2412 3187 2481 poterat,
3222 2425 3337 2481 quo
3368 2408 3477 2464 sibi
3502 2409 3604 2482 jus
3657 2427 3755 2482 ap-

2104 2498 2409 2574 probandi,
2429 2502 2529 2553 aut
2554 2498 2634 2553 im
2642 2498 2947 2570 probandi,
2967 2496 3148 2553 immo
3165 2497 3341 2553 dandi
3364 2500 3757 2571 autnegandi,

2104 2589 2538 2662 quodammodo
2597 2586 2983 2644 conservabat
3043 2585 3134 2641 vel
3176 2586 3431 2644 creabat.
3490 2586 3759 2643 Nihilum

2102 2678 2339 2751 quidem
2368 2677 2623 2750 amplius
2651 2680 2788 2731 tunc
2834 2675 2905 2731 ab
2966 2675 3421 2747 Imperatoribus
3478 2675 3603 2732 ﬁeri
3656 2693 3760 2749 po-

2104 2769 2268 2822 terat.

2173 2854 2303 2910 Otto
2338 2856 2556 2926 itaque,
2591 2870 2626 2909 a
2642 2850 2872 2910 nemine
2893 2857 3153 2924 rogatus,
3179 2869 3249 2908 ex
3273 2852 3459 2921 Italia,
3484 2854 3594 2909 sub
3616 2870 3755 2927 spe-

2103 2941 2188 2999 cie
2218 2960 2430 3015 corpus
2461 2943 2646 2998 sancti
2678 2941 2973 2997 Adalberti
2992 2941 3279 2997 invisendi
3300 2945 3364 2997 ut
3378 2941 3629 3015 quidam
3649 2943 3753 3000 Po-

2102 3031 2219 3087 loni
2252 3031 2458 3090 volunt
2485 3031 2654 3102 (373),
2688 3035 2973 3086 remotam
3005 3028 3302 3086 Poloniam
3346 3030 3756 3106 incultamque

2102 3152 2171 3161 -—
2201 3124 2415 3176 terram
2434 3120 2603 3175 'hunc
2650 3117 2933 3191 temporis
2992 3118 3437 3192 Hyperboraeam
3467 3153 3531 3162 —
3559 3123 3753 3180 medis

418 3212 688 3269 Czarisne
709 3226 783 3265 an
813 3208 1106 3282 Cbaganis
1137 3226 1209 3264 an
1237 3207 1350 3264 alio
1381 3208 1553 3264 titulo
1610 3209 1834 3280 priscos
1891 3212 1994 3263 Po-
2022 3190 2065 3257 (ἶ
2104 3209 2247 3280 petit
2275 3208 2486 3264 hieme.
2521 3190 2841 3280 Exicipitur
2869 3190 3053 3279 quam
3084 3190 3690 3268 honorificentissime
3718 3230 3756 3269 a

348 3304 515 3360 lonos
549 3316 688 3356 usos
716 3313 849 3355 esse
878 3298 1111 3354 dicam?
1139 3296 1377 3353 Nullum
1411 3283 1681 3369 superest
1710 3297 1889 3368 hujus
1906 3295 1987 3352 rei

348 3396 573 3448 certum
602 3391 1074 3445 monumentum.
1106 3387 1274 3453 Sunt,
1306 3386 1407 3458 qui
1452 3386 1650 3441 dicant
1705 3386 1843 3441 Krol
1900 3383 1989 3440 vel

347 3479 503 3545 Kral,
536 3483 601 3534 ut
631 3476 868 3532 Bobemi
898 3475 957 3530 id
989 3475 1256 3541 efferunt,
1291 3474 1614 3531 derivatum
1645 3490 1774 3530 esse
1805 3491 1839 3531 a
1882 3475 1991 3529 Ka-

346 3570 469 3625 rolo
501 3582 737 3638 magno,
768 3564 889 3625 sed.
918 3563 975 3618 ni
1009 3562 1196 3629 fallor,
1230 3578 1390 3619 mera
1419 3562 1801 3636 etymologica
1857 3580 1994 3619 con-

336 3659 588 3728 jectura,
614 3669 719 3725 pro
746 3668 864 3724 qua
884 3650 1060 3706 aliam
1091 3649 1564 3707 verisimiliorem
1584 3651 1641 3705 in
1665 3652 1861 3707 radice
1896 3653 1995 3707 Kri

338 3744 560 3817 judicis
591 3745 862 3797 naturam
892 3739 1334 3812 exprimentem,
1370 3739 1799 3812 deprehendere
1851 3740 1995 3796 mibi

348 3834 563 3896 videor,
605 3846 674 3886 eo
728 3827 1194 3884 verisimiliorem
1240 3829 1394 3901 quod
1452 3829 1606 3901 apud
1669 3828 1871 3885 Slavos
1926 3839 1996 3901 τῷ

348 3924 537 3978 Kriwa
569 3934 803 3975 summa
827 3916 1080 3990 pignitas
1102 3921 1261 3973 certa
1276 3917 1655 3973 sacerdotalis
1677 3922 1735 3974 et
1742 3918 1998 3989 judicia-

348 4013 435 4067 ria
462 4008 850 4066 indicabatur.
881 4006 1010 4062 Alia
1036 4022 1268 4079 quoque
1301 4005 1496 4063 Poloni
1528 4011 1776 4063 utuntur
1842 4023 1997 4075 voce,

346 4100 568 4157 scilicet
594 4107 670 4169 τῷ
704 4095 928 4164 Ksiaze,
963 4096 1118 4167 quod
1144 4095 1351 4168 Kjonje
1380 4100 1551 4152 sonat
1582 4100 1800 4152 etcum
1860 4097 1996 4152 Ger-

419 4223 567 4297 (365)
597 4220 837 4297 Amicus
876 4237 1041 4297 meus
1069 4219 1398 4297 _Hloudow,
1444 4220 1504 4275 in
1548 4220 1996 4297 antiquitatibus

347 4290 675 4353 Bassorum
705 4290 1117 4348 ecclesiasticis
1148 4291 1399 4347 maxime
1431 4290 1719 4356 versatus}
1741 4292 1798 4346 in
1820 4291 1995 4346 aliam

346 4364 698 4423 sententiam
731 4363 795 4417 it.
821 4361 1080 4417 Plurima
1106 4363 1263 4416 enim
1295 4362 1396 4429 ait,
1431 4360 1778 4417 coronarum
1812 4362 1998 4418 radia-

347 4444 543 4493 tarum
572 4432 840 4504 exempla
852 4448 963 4487 non
981 4433 1039 4487 in
1061 4433 1237 4504 rebus
1257 4433 1518 4504 profanis
1538 4434 1638 4487 sed
1652 4432 1999 4489 ecclesiasti-

346 4509 431 4564 cis
446 4522 584 4563 occu
594 4503 671 4559 rri
687 4521 701 4571 ;
718 4502 941 4559 textum
954 4519 1187 4575 quoque
1200 4502 1463 4576 linguam
1484 4504 1791 4560 Russicam
1805 4521 1998 4562 recen-

348 4582 557 4635 tiorem
585 4590 809 4646 sapere.

420 4650 568 4722 (366)
594 4643 975 4722 Maciejowlgu.
1020 4643 1366 4722 essai_bist.
1430 4645 1487 4701 d.
1548 4645 1769 4720 l’église
1827 4648 1992 4704 chre-

350 4715 554 4778 tienne
575 4719 677 4775 des
708 4715 861 4773 deux
892 4715 1051 4772 Rites
1080 4733 1134 4787 p.
1159 4715 1281 4771 431.
1625 4715 1652 4720 ⁷
1922 4728 1937 4741 α

419 4791 566 4865 (367)
600 4790 961 4865 Heroreslain
982 4791 1296 4865 comment.
1329 4804 1438 4844 rer.
1472 4788 1803 4865 Moscov,_p.
1829 4789 1920 4846 XI.

416 4859 678 4935 (363)_De
706 4862 863 4935 Bual,
896 4859 1043 4915 Hist.
1078 4860 1326 4935 anc._des
1347 4859 1589 4935 p_e_uple_s
1613 4861 1683 4916 de
1705 4859 1992 4935 I’EurOpe,

348 4929 491 4993 tom.
521 4929 642 4988 XII.
678 4947 735 5004 p.
766 4933 871 4985 247
901 4947 1014 5003 sq.,
1049 4930 1150 5004 qui
1182 4929 1737 5004 citat_'1'h_ebphanmn
1781 4949 1837 5004 p.
1886 4929 1997 4988 289

350 5007 462 5085 (ed.
497 5000 772 5085 Bonnfp.
811 5000 977 5085 '_
997 5000 1109 5073 15'.)
1161 5000 1260 5057 ubi
1330 5000 1544 5085 Ie_g_itur
1571 5013 1681 5085 ego;
1711 5000 1807 5059 ἀπδ
1837 5016 1997 5077 σειρᾶς

341 5072 674 5151 ἀτιγοαένους
707 5072 783 5128 ὸιν
818 5072 1155 5144 Niephorum
1224 5089 1279 5144 p.
1373 5072 1465 5128 77.
1520 5075 1697 5151 v.14,
1738 5085 1849 5137 τοὺς

350 5145 457 5212 πεί·
492 5158 654 5219 Ξτιρᾷς
719 5155 811 5213 τὴν
858 5151 932 5200 ἐπ’
973 5151 1148 5206 αὐτοὺς
1206 5151 1533 5216 κεκτημένους
1563 5149 1864 5219 ἕτώουσινί
1898 5145 1998 5201 “bi

350 5229 501 5283 Goar
525 5215 677 5274 male
700 5226 813 5279 τοὺς
834 5222 923 5286 μὶν
954 5220 1023 5287 in
1039 5222 1199 5287 σειρᾶς
1226 5237 1255 5265 ‹‹
1290 5215 1692 5287 reponendum
1727 5239 1754 5266 n
1774 5223 1995 5287 censet.

443 5290 569 5358 369)
600 5285 981 5358 Maciejowsky
1011 5285 1051 5340 l.
1079 5285 1131 5342 c.
1164 5302 1222 5355 p.
1247 5285 1381 5358 566'.

444 5355 568 5425 370)
598 5355 847 5415 Vincent
875 5355 1213 5414 Belvacensis
1246 5355 1286 5411 l.
1342 5358 1431 5413 32.
1465 5373 1514 5413 c.
1562 5359 1664 5425 32,-
1696 5360 1999 5425 Pachyme-

352 5429 437 5496 res'
463 5430 557 5488 III.
590 5447 639 5485 c.
670 5432 761 5495 25,
792 5429 862 5484 V.
895 5445 944 5484 c.
978 5433 1025 5483 4.
1048 5429 1122 5484 Χ.
1157 5444 1206 5483 c.
1230 5430 1319 5502 25.
1351 5459 1421 5502 -ς-
1444 5429 1527 5483 Du
1558 5430 1755 5485 Presne
1813 5429 1994 5502 gloss.

356 5505 1187 5573 med.grec.v.ndvr,c,nvt§'qc
1244 5500 1301 5555 id
1370 5500 1470 5555 lat.
1554 5517 1607 5556 v.
1694 5500 1998 5573 Caganus;

352 5572 554 5641 Annal.
588 5572 898 5627 Bertiniani
918 5571 985 5627 ad
1020 5588 1073 5635 a,
1105 5572 1228 5627 839,

428 5642 576 5735 (374)
656 5640 874 5712 Gregor.
953 5642 1294 5712 Turonensis,
1366 5642 1531 5701 Paul.
1582 5640 2001 5717 VWarnefrz'ed;

422 5297 437 5436 ἓ

2098 3297 2385 3354 Bolizlavo
2416 3302 2475 3353 et
2506 3297 2677 3369 quasi
2709 3300 2945 3369 gratum
2990 3295 3255 3353 animum
3278 3296 3492 3355 Polono
3514 3298 3754 3357 demon-

2100 3391 2413 3453 straturus,
2455 3402 2623 3441 suam
2664 3385 2852 3458 ipsius
2910 3385 3129 3458 regiam
3165 3402 3462 3457 coronam,
3522 3390 3749 3462 regiam

2098 3475 2362 3532 lanceam
2397 3478 2763 3547 sceptrumve
2784 3477 2959 3546 atque
2990 3473 3216 3546 regium
3256 3473 3519 3547 gladium
3540 3477 3772 3551 hospiti

2100 3565 2299 3620 donat.
2334 3564 2529 3619 Simul
2563 3562 2915 3619 Bolizlavum
2948 3585 2976 3613 ‹‹
3007 3565 3247 3618 amicum
3276 3567 3763 3641 elsoa'umpOpuh‘

2102 3656 2337 3710 Romani
2357 3675 2384 3703 »
2418 3651 2694 3725 prmdicat
2723 3653 2815 3724 (37
2820 3653 2891 3723 4).

2174 3745 2358 3809 Quam
2392 3739 2705 3797 formulam
2730 3739 2968 3795 latinam
2988 3741 3489 3813 antiquissimam,
3517 3744 3763 3803 Polonia

2104 3830 2399 3887 histor.cis
2424 3828 2598 3886 medii
2630 3828 2730 3883 aevi
2764 3846 2831 3884 ex
2864 3828 3261 3885 Romanorum
3293 3830 3537 3888 historia
3595 3833 3762 3891 haud

2108 3917 2274 3975 facile
2305 3923 2527 3984 notam,
2561 3933 2764 3990 sapere
2796 3916 3100 3989 ingenium
3132 3918 3359 3976 Ottonis
3390 3920 3488 3990 III,
3542 3924 3642 3994 qui
3685 3925 3764 3979 ob

2107 4002 2377 4064 inaudita
2406 4021 2663 4078 eousque
2696 4006 2752 4060 in
2786 4005 2997 4062 litteris
3019 4005 3466 4065 humanioribus
3496 4014 3552 4066 et
3583 4012 3641 4068 in
3662 4030 3767 4069 an-

2107 4097 2377 4170 tiquitate
2408 4096 2605 4151 studia
2634 4095 2980 4167 cognomine
3012 4118 3040 4145 «
3074 4096 3362 4153 Mirabilia
3388 4097 3592 4155 Mundi
3618 4124 3647 4150 ››
3668 4118 3764 4158 ce-

2110 4244 2139 4272 ‹‹
2169 4223 2441 4293 Gaganus
2491 4222 2911 4293 Hungarorumg
2958 4219 3074 4275 Rex
3089 4224 3215 4293 ,{et
3263 4223 3462 4279 Annal.
3519 4226 3760 4282 Franco-

2106 4310 2227 4349 rum
2254 4289 2577 4348 Bertinianz‘
2605 4289 2678 4347 ad
2709 4308 2762 4346 a.
2813 4289 2951 4348 839:
2986 4313 3014 4341 ‹‹
3064 4292 3218 4348 Misit
3263 4294 3441 4350 etiam
3490 4312 3628 4352 cum
3684 4297 3765 4355 iis

2149 4365 2415 4432 uosdam,
2449 4363 2548 4436 qui
2581 4378 2664 4428 se,
2695 4360 2752 4417 id
2789 4368 2896 4429 est,
2930 4367 3162 4433 gentem
3193 4382 3361 4420 suam
3395 4366 3532 4422 Ilst
3562 4370 3760 4425 vocari

2105 4382 2383 4491 dicebant
2410 4451 2558 4491 auos
2587 4434 2700 4489 Rea:
2724 4432 2980 4491 illorum.
3015 4434 3306 4491 Chaaanus
3336 4437 3641 4491 vocabulo.
3684 4441 3760 4491 ad

2148 4437 2383 4491 icebant
2410 4432 2563 4507 quos
2587 4434 2700 4489 Rea:
2724 4432 2980 4507 illorum,
3015 4434 3306 4506 Chaganus
3336 4437 3641 4504 vocabulo,
3684 4441 3763 4497 ad

2109 4524 2173 4563 se
2200 4503 2494 4574 amicitiis,
2520 4506 2676 4562 sicut
2694 4503 3056 4571 asserebant,
3070 4503 3249 4563 causa
3268 4508 3577 4565 direxerat.
3620 4503 3645 4560 ὑ
3669 4509 3757 4566 Cf.

2030 4564 2081 4626 Ῑ)
2109 4584 2291 4651 Roger
2321 4579 2395 4651 d_e_
2420 4564 2817 4633 destructione
2848 4564 3259 4651 Bungarorum
3290 4579 3379 4635 33.

2170 4646 2318 4725 (372)
2352 4649 2519 4725 Hunc
2529 4663 2787 4725 sensum
2809 4646 3065 4725 praebere
3088 4649 3319 4725 videtur
3348 4650 3762 4725 BoliglaviEpi-

2103 4717 2353 4847 {clipgigm
2382 4738 2455 4792 ap
2484 4717 2825 4790 Cbristopb.’
2853 4717 3183 4777 llarthrwc/t.
3221 4721 3292 4777 de
3322 4738 3441 4795 rep.
3484 4717 3760 4781 Polonor.

2173 4800 2319 4937 «said
2354 4859 2683 4937 possedisti,
2716 4857 3127 4937 velut_atbleta
3156 4862 3396 4937 Christi.

2174 4936 2201 4982 ἆ(
2238 4931 2480 5007 Ijeghum
2509 4931 2832 5007 Slavorum,
2857 4931 3184 5007 Gothorum
3216 4952 3327 5007 seu,
3354 4934 3761 5007 Polonorum.,

2175 5027 2203 5055 ‹‹
2235 5004 2425 5079 Clesar
2454 5002 2929 5079 praecellensate
2959 5006 3189 5062 Ducalz'a
3219 5006 3445 5079 pellens
3478 5030 3505 5057 ››
3535 5013 3646 5063 cet.

2176 5076 2323 5143 (375)
2363 5079 2431 5131 V.
2456 5074 2589 5145 cap.
2613 5074 2757 5130 XIV.
2789 5074 2953 5145 No.4,
2982 5080 3019 5132 2
3046 5082 3104 5133 et
3128 5079 3185 5132 3.

2176 5146 2481 5203 Kadlubeck
2507 5146 2568 5215 (l.
2598 5162 2653 5217 p.
2678 5146 2790 5217 95).

2178 5241 2205 5268 ‹‹
2240 5218 2407 5286 Quasi
2434 5219 2602 5300 beato
2634 5217 2883 5277 Martino
2911 5218 3221 5277 Adalberto
3252 5221 3502 5277 votivam
3533 5217 3764 5278 exhibi-

2106 5293 2275 5353 turus
2298 5293 2697 5345 reverentiam.
2732 5313 2757 5339 ››

2178 5361 2326 5486 (374)
2361 5360 2544 5416 Gallus
2576 5378 2631 5433 p.
2663 5361 2723 5415 41
2759 5394 2827 5403 -
2860 5363 2955 5444 ι2ξ
2979 5362 3210 5488 Bagoae
3224 5360 3435 5418 col.l3l
3460 5361 3756 5421 :Miechow.

2109 5430 2147 5486 l.
2210 5431 2252 5486 Ι.
2287 5449 2336 5487 c.
2372 5432 2423 5486 4.
2457 5434 2616 5501 §27;
2652 5432 2871 5490 Cramer
2898 5434 3037 5489 hISl.
3114 5432 3343 5489 olou.II
3371 5450 3425 5488 c.
3481 5433 3543 5501 4;
3605 5428 3756 5490 Gua-

2134 5473 2147 5486 .
2183 5450 2252 5486 u.
2287 5450 2336 5487 c.
2372 5450 2423 5486 ιι.
2457 5450 2485 5501 9
2512 5450 2616 5499 εις
2652 5450 2871 5490 (ινοηῑθν
2898 5450 3037 5489 mel.
3072 5450 3267 5489 vomu.
3290 5450 3343 5489 11
3371 5450 3425 5488 c.
3481 5450 3543 5501 a;
3605 5450 3764 5490 uua-

2144 5504 2240 5579 _nz'_n
2265 5503 2391 5579 I.‘p.
2414 5504 2475 5579 71
2501 5504 2900 5579 ;Ludewig._de_
2919 5505 3179 5579 auspicio
3205 5505 3385 5578 regio.
3412 5521 3459 5562 c.
3489 5504 3558 5560 Il.
3577 5520 3637 5578 p.
3660 5508 3756 5577 77;

2106 5519 2240 5629 ἓηιῃ
2265 5519 2305 5558 ι.
2337 5520 2391 5575 ρ.
2424 5519 2475 5588 ξι
2501 5519 2802 5576 ;Luaewzg.
2826 5519 2897 5560 ue
2919 5521 3179 5601 auspicio

2148 5574 2362 5646 pztaph.
2397 5589 2525 5645 ejus
2556 5591 2681 5648 cap.
2715 5574 2918 5634 XXXV.
2951 5576 3060 5633 No.
3091 5577 3179 5633 24.

2178 5645 2261 5705 Cf.
2294 5661 2421 5721 cap.
2453 5647 2595 5706 XIV.
2616 5652 2684 5705 Διι.
2719 5648 2789 5708 l2
2818 5652 2877 5707 et
2904 5648 2992 5707 13.
