4026 6176
217 355 361 427 1381

1458 332 1523 426 s.
1567 351 1999 427 MATHILDIS
2046 354 2401 429 REGINA.,

3457 356 3482 422 1
3497 354 3614 421 382

213 496 563 566 lebrabatur,
588 496 716 570 jam
733 496 887 554 recte
910 492 1037 569 ipse
1057 493 1375 569 Roepellius
1395 497 1541 553 vidit
1562 499 1729 568 (375).
1754 500 1851 553 At-
1883 497 1938 565 Α
1969 517 1996 546 ‹‹
2030 493 2321 551 Genitoris
2352 491 2570 566 regula,
2601 507 2831 566 semper
2858 490 2969 550 sibi
3003 492 3330 567 prepositos
3369 495 3610 551 auderet

212 591 402 643 tamen
435 586 582 644 illud
613 590 845 643 tantum
875 586 944 643 de
959 584 1187 659 integra
1208 585 1490 642 formula:
1521 610 1548 637 «
1575 589 1786 643 amicus
1810 590 1860 641 et

210 677 382 732 socius
428 676 618 749 populi
659 677 890 733 Romani
931 698 952 725 ι»
1016 674 1485 749 intelligendum.
1547 676 1692 732 Nam
1726 692 1862 753 (vox

214 786 239 817 «
269 762 496 821 amicus
528 769 586 822 et
613 766 806 822 socius
841 788 870 816 »
903 764 1182 821 Ottonum
1220 781 1453 837 quoque
1497 764 1863 837 temporibus

210 852 461 926 politica,
495 857 561 910 ut
587 853 669 909 ita
703 853 915 922 dicam,
951 852 1380 926 signiﬁcatione
1411 852 1743 909 adhibitum
1775 857 1864 909 est

211 942 278 999 de
304 942 377 999 iis
399 941 651 1016 populis,
670 941 771 1015 qui
792 958 864 999 ne
884 941 1131 998 minimo
1148 942 1384 1015 quidem
1403 942 1700 998 servitutis
1716 942 1863 1015 jugo

212 1031 441 1088 obnoxii
473 1029 719 1104 imperio
750 1030 856 1104 (vel
886 1035 1243 1087 Francorum
1277 1032 1474 1104 regno)
1505 1036 1690 1109 erant.
1716 1030 1810 1086 Sic
1832 1047 1866 1085 a

214 1120 574 1177 Widukindo
622 1118 800 1192 primi
852 1120 1135 1189 Saxones,
1185 1120 1542 1176 Francorum
1593 1119 1767 1175 amici
1810 1123 1867 1175 et

219 1208 357 1267 socii
389 1212 593 1265 contra
621 1207 956 1281 Thuringos
989 1208 1368 1265 nominantur
1390 1208 1556 1281 (376).
1591 1208 1869 1280 Sequitur

214 1302 269 1355 et
291 1315 361 1354 ex
389 1297 501 1355 hac
521 1314 584 1354 re
606 1298 826 1371 regiam
850 1297 1125 1354 Bolizlavi
1148 1297 1494 1370 dignitatem
1515 1298 1587 1352 ab
1610 1297 1865 1370 Impera-

213 1392 335 1443 tore
363 1387 599 1457 (Ottone
618 1387 720 1458 Ill)
743 1402 871 1443 esse
892 1386 1297 1460 approbatam.
1318 1385 1691 1443 Thietmarus
1718 1385 1863 1458 ipse,

213 1475 483 1553 quamvis
497 1474 648 1532 iram
664 1475 759 1531 vix
774 1476 834 1531 in
852 1480 1081 1547 pectore
1097 1474 1340 1545 claudit,
1364 1474 1414 1530 si
1431 1490 1566 1530 eum
1589 1474 1867 1531 attentius

212 1564 443 1639 legeris,
467 1564 577 1620 tibi
606 1564 851 1637 prodere
868 1563 1170 1619 videbitur
1190 1562 1407 1619 invitus
1426 1562 1609 1633 huius
1630 1562 1711 1619 rei
1728 1564 1869 1619 veri-

213 1658 412 1710 tatem.
444 1653 737 1725 Nonagies
770 1652 888 1709 fere
919 1653 989 1708 de
1021 1651 1305 1708 Bolizlavo
1338 1653 1358 1706 Ι
1388 1652 1749 1708 mentionem
1784 1652 1865 1708 fa-

212 1742 317 1810 cit;
350 1746 409 1799 et
438 1736 700 1815 sexagies
732 1741 971 1813 quidem
999 1742 1187 1797 sexies
1219 1757 1356 1797 eum
1389 1740 1735 1813 simpliciter
1761 1742 1866 1796 Bo-

1974 607 2001 633 ‹‹
2029 585 2088 639 in
2112 582 2534 655 subjectionem
2557 581 2841 654 paulatim
2860 582 3184 653 detrahere,
3212 584 3617 659 vilissimoque

1971 695 2000 724 ‹‹
2034 672 2277 745 pecunie
2300 671 2664 728 transeuntis
2684 671 2971 727 inescatos
2989 690 3119 729 amo
3141 672 3361 746 (hamo)
3377 676 3615 731 inservi-

1972 784 2000 813 «
2034 764 2163 818 tutis
2189 762 2567 834 libertatisque
2596 760 3011 818 detrimentum
3048 778 3273 835 capere.
3307 786 3333 813 »
3438 816 3439 819 η

2046 850 2286 906 Gladius
2300 850 2373 905 ab
2386 849 2595 906 Ottone
2618 851 2890 918 donatus,
2915 867 3090 923 quem
3109 850 3306 907 Poloni
3324 873 3351 903 «
3368 852 3617 910 Sterner-

1974 941 2066 995 bec
2093 961 2121 989 ››
2157 937 2564 1007 nominabant,
2597 955 2827 1012 semper
2858 943 3142 1012 tanquam
3174 957 3263 996 res
3295 945 3497 998 sancta
3525 959 3619 1019 as-

1973 1031 2237 1084 servatus
2257 1030 2364 1084 est.
2391 1026 2622 1082 Litteris
2644 1027 2945 1100 inscriptis
2966 1044 3133 1085 suam
3157 1027 3440 1102 originem
3463 1031 3621 1087 Otto-

1975 1114 2238 1173 niensem
2274 1116 2499 1172 tradere
2530 1116 2897 1173 et'sceculum
2942 1117 3322 1174 undecimum
3364 1118 3622 1177 redolere

1976 1194 2217 1259 narrant
2248 1205 2416 1276 (378).
2453 1206 2867 1278 Imperatorem
2901 1223 3133 1279 semper
3153 1208 3370 1263 ensifer
3390 1213 3626 1267 secutus

1975 1297 2084 1360 est;
2119 1297 2185 1347 ut
2214 1292 2443 1365 pictura
2460 1295 2625 1351 docet
2640 1293 3030 1367 antiqualibri
3045 1296 3429 1369 Manuscripti
3448 1298 3625 1354 Dom-

1977 1381 2225 1447 nizonis,
2241 1382 2655 1463 quanttonem
2675 1383 2832 1439 sistit
2845 1384 3123 1457 Magnum
3141 1403 3383 1459 corpora
3396 1387 3629 1444 Sancto-

1976 1487 2106 1525 rum
2140 1472 2537 1544 quorundam,
2589 1473 2781 1529 Attoni
2833 1474 3154 1531 Marchioni
3202 1475 3469 1532 Theseia
3519 1477 3627 1535 do-

1977 1563 2225 1645 nantem.
2247 1560 2415 1631 (379).

1977 1665 2112 1721 CAP.
2144 1666 2409 1746 XXXVII.
2434 1700 2501 1708 --
2525 1669 2733 1724 Corona
2768 1670 2831 1746 in_
2852 1671 3077 1746 pictam
3104 1676 3291 1746 nostra
3333 1681 3412 1730 est
3455 1676 3628 1746 ipsius

2047 1754 2259 1793 coronae
2319 1739 2934 1815 Ottonumgexemplfdr:
2975 1741 3185 1799 Corona
3243 1739 3628 1815 Langobardo-

208 1830 479 1887 lizlavum
513 1811 675 1888 nullo
719 1811 974 1904 epitheto
1020 1828 1288 1903 apposito
1332 1811 1626 1885 nominat:
1678 1831 1869 1886 decies
1898 1869 1946 1933 Β
2048 1825 2174 1933 Cum
2202 1826 2340 1926 "fma
2371 1812 2551 1933 Ῐξνωξξ
2662 1811 2866 1933 “vi?”
2901 1811 3175 1870 θίέοηωηο

211 1919 410 1976 decem
440 1925 499 1976 et
529 1920 768 1992 quidem
802 1919 891 1976 bis
921 1920 991 1975 ad
1027 1935 1079 1973 a.
1116 1920 1255 1974 1018
1303 1919 1467 1975 Pertz
1514 1919 1583 1973 V.
1635 1937 1692 1991 p.
1742 1921 1867 1975 861.

209 2008 309 2064 lin.
343 2012 378 2063 2
408 2013 466 2066 et
491 2010 545 2076 9,
579 2009 672 2065 bis
701 2007 1076 2081 simpliciter,
1111 2007 1427 2064 Miseconis
1458 2006 1669 2073 ﬁlium,
1692 1992 1870 2081 seme!

211 2097 512 2165 Polenum,
541 2101 632 2154 ter
660 2098 972 2154 Seniorem
1008 2095 1371 2169 (Seigneur):
1406 2100 1464 2151 at
1495 2112 1615 2151 rem
1632 2066 1871 2152 miramI

210 2185 391 2243 semel
421 2187 517 2260 (ad
551 2204 603 2243 a.
651 2186 791 2242 1004
839 2185 1002 2257 eum)
1049 2189 1223 2241 vocat
1269 2184 1459 2240 ducem
1505 2184 1877 2240 adulterinum

212 2276 399 2348 (Pertz
429 2293 485 2349 p.
513 2276 637 2331 808.
672 2274 777 2330 lin.
810 2274 900 2346 13)
933 2272 1026 2329 bis
1058 2273 1152 2345 (ad
1182 2289 1234 2328 a.
1290 2273 1457 2346 1004)
1499 2273 1728 2329 leonem
1778 2292 1877 2330 ru-

211 2364 487 2438 gientem,
522 2362 702 2420 semel
735 2386 761 2412 ‹‹
788 2368 1161 2436 arrogantem
1182 2384 1211 2413 »
1238 2362 1317 2435 (p.
1342 2363 1470 2418 807.
1495 2361 1535 2417 Ι.
1558 2363 1669 2435 35).
1694 2364 1874 2420 semel

212 2455 484 2510 inflatum
517 2452 804 2525 superbiae
823 2451 1315 2526 magnanimitate
1344 2453 1428 2524 (p.
1453 2453 1670 2524 808.4),
1694 2450 1872 2509 semel

214 2542 308 2614 (ad
334 2559 383 2598 a.
416 2541 577 2612 1012)
601 2541 921 2613 superbum
944 2540 1442 2613 triumphatorem
1472 2542 1551 2614 (p.
1573 2541 1680 2596 529
1701 2540 1738 2596 l.
1761 2543 1873 2611 32).

214 2630 397 2687 semel
424 2629 519 2702 (ad
551 2647 605 2686 a.
639 2630 802 2698 1003)
832 2628 1180 2686 Polenorum
1227 2635 1513 2686 rectorem
1548 2632 1626 2703 (p.
1659 2630 1784 2685 799.
1834 2630 1873 2685 l'

213 2721 287 2792 4).
319 2718 452 2775 Jam
488 2718 562 2775 ad
595 2734 644 2775 a.
681 2719 823 2774 1002
852 2735 985 2774 eum
1018 2719 1169 2791 patri
1191 2719 1514 2792 (Miseconi)
1537 2720 1872 2793 longeinfe-

213 2810 428 2864 riorem
458 2824 589 2865 esse
620 2806 781 2876 dicit,
816 2808 1032 2880 quibus
1058 2808 1236 2865 rebus
1267 2808 1346 2864 nil
1378 2808 1537 2865 aliud
1582 2809 1873 2865 indicatur

212 2914 395 2970 quam
426 2914 562 2953 eum
597 2896 1057 2970 Imperatoribus
1091 2898 1289 2954 minus
1320 2897 1632 2954 obnoxium
1668 2897 1866 2954 fuisse.

207 2986 295 3041 Ad
324 3003 377 3041 a.
419 2985 553 3042 1016
582 2986 962 3042 Thietmarus
995 2986 1268 3043 Cesarem
1300 2988 1504 3059 carpit,
1534 2988 1713 3059 quod,
1736 2986 1871 3042 licet

211 3072 567 3130 Bolizlavum
581 3074 650 3130 ad
664 3076 979 3131 servitutem
998 3091 1154 3129 suam
1173 3091 1311 3147 pace
1324 3078 1551 3130 tantum
1568 3091 1863 3142 concessa,

209 3166 550 3234 promptum
570 3167 627 3217 et
643 3161 872 3219 ﬁdelem
893 3164 1108 3219 habere
1130 3163 1439 3234 potuisset,
1464 3163 1520 3217 id
1545 3166 1739 3235 tamen
1764 3178 1864 3218 ne-

2051 1914 2420 1971 Examinanti
2452 1916 2595 1971 mihi
2631 1917 2833 1973 sedulo
2864 1918 3113 1976 formam
3144 1921 3626 1982 vestimentorum

1929 2011 1935 2017 ‘
1982 2002 2217 2075 pictura:
2248 2003 2381 2059 libri
2416 2006 2619 2073 nostri,
2655 2007 2725 2075 (ν.
2754 2006 2849 2080 ﬁg.
2880 2009 2954 2079 1.)
2988 2025 3220 2079 corona,
3252 2028 3371 2083 qua
3408 2013 3627 2087 Misego

1986 2092 2099 2147 Rex
2111 2098 2351 2149 ornatus
2363 2094 2844 2166 est,singularuin
2861 2098 3155 2168 quandam
3179 2100 3628 2161 similitudinem

1982 2178 2195 2237 habere
2243 2182 2370 2237 visa
2414 2186 2473 2237 et
2519 2199 2652 2237 cum
2704 2183 2904 2240 formis
2954 2202 3325 2259 coronarum,
3382 2207 3510 2262 quae
3567 2190 3630 2247 in

1984 2268 2195 2342 sigillis
2227 2271 2506 2326 Ottonum
2538 2278 2870 2328 occurrunt.

2056 2362 2421 2416 Przecaveant
2452 2363 2669 2429 autem,
2704 2378 2938 2418 necesse
2968 2368 3077 2431 est,
3127 2364 3187 2432 ii,
3237 2366 3333 2438 qui
3386 2367 3493 2425 has
3536 2383 3632 2428 res

1984 2445 2405 2519 sphragisticas
2438 2448 2810 2522 investigent,
2844 2468 2915 2507 ne
2936 2451 3291 2524 quibusdam
3313 2454 3539 2530 ﬁguris,
3566 2462 3633 2514 ut

1987 2535 2044 2589 in
2072 2536 2245 2592 editis
2273 2536 2695 2610 diplomatibus
2742 2538 3110 2608 exhibentur,
3160 2541 3404 2600 nimiam
3454 2546 3630 2603 ﬁdem

1985 2624 2322 2681 adhibeant.
2355 2627 2500 2683 Nam
2533 2642 2648 2683 non
2681 2628 2853 2683 modo
2885 2628 3108 2696 artifex,
3135 2629 3249 2687 illis
3267 2635 3631 2705 temporibus

1984 2714 2365 2771 rudissimam
2398 2714 2647 2771 formam
2677 2716 2918 2789 imagini
2951 2716 3006 2771 in
3042 2716 3162 2789 pila
3188 2719 3275 2775 vel
3316 2720 3633 2797 sphragide

1983 2802 2160 2871 dedit,
2195 2804 2295 2859 sed
2327 2803 2521 2877 sigilla
2550 2821 2690 2860 cera:
2712 2805 2999 2876 impressa
3013 2806 3359 2882 plerumque
3378 2812 3634 2883 pessime

1981 2897 2319 2948 conservata
2350 2896 2508 2959 sunt,
2543 2909 2731 2965 neque
2762 2893 2907 2950 satis
2930 2900 3129 2952 exacte
3152 2899 3485 2971 recognosci
3504 2918 3633 2973 pos.

1979 2986 2138 3047 sunt,
2168 2981 2281 3036 nisi
2299 2998 2333 3036 a
2348 2981 2511 3048 viris,
2533 2981 2590 3036 in
2610 2981 2704 3038 his
2722 2984 2899 3040 rebus
2917 2984 3169 3041 maxime
3184 2987 3387 3043 versis.
3413 2988 3633 3045 Dehinc

1979 3069 2197 3125 nostris
2227 3069 2577 3143 plerumque
2609 3072 2973 3142 temporibus
3008 3072 3071 3140 ii,
3103 3076 3203 3146 qui
3250 3075 3391 3153 talia
3435 3077 3630 3150 sigilla

1978 3158 2075 3212 aeri
2109 3157 2397 3225 incidunt,
2429 3176 2498 3215 ex
2529 3176 2654 3227 suo,
2693 3163 2757 3215 ut
2788 3160 2873 3227 ﬁt,
2921 3161 3163 3218 arbitrio
3214 3163 3461 3233 addunt,
3501 3183 3632 3239 quas

210 3249 454 3323 glexerit
483 3250 563 3323 (p.
595 3251 721 3307 845.
755 3250 859 3307 lin.
892 3252 1002 3323 37).
1037 3251 1119 3306 Ad
1154 3268 1206 3305 a.
1233 3251 1373 3306 1018
1392 3250 1765 3308 Thietmarus
1784 3253 1866 3308 ait
1894 3238 1937 3304 C
1978 3253 2323 3320 nuncupant
2351 3253 2717 3317 ornamenta,
2748 3248 2835 3305 vel
2862 3250 2976 3306 alia
3005 3257 3312 3323 spernunt.

211 3339 573 3396 Bolizlavum
605 3340 807 3396 eodem
840 3340 966 3395 loco
989 3339 1268 3396 habuisse
1290 3340 1708 3412 Imperatorem
1736 3341 1881 3397 Ger-

211 3429 512 3485 manicum
534 3445 601 3485 ac
623 3428 747 3501 Imp
766 3433 1051 3485 eratorcm
1068 3427 1780 3502 Constantinopolitanum
1799 3435 1878 3504 (p.

213 3518 319 3573 871
354 3516 458 3573 lin.
491 3518 603 3590 11).
642 3517 857 3573 Passus
890 3510 1024 3573 vero
1046 3516 1371 3573 Thietmari
1397 3518 1495 3590 qui
1524 3520 1595 3574 ad
1622 3523 1881 3577 nostram

212 3622 340 3662 rem
374 3606 627 3663 maxime
650 3606 836 3662 facere
858 3606 1106 3672 videtur,
1125 3607 1297 3662 estin
1321 3604 1455 3662 libri
1479 3608 1670 3679 quinti
1694 3609 1881 3680 capite

220 3700 383 3752 sexto
416 3695 564 3768 (377)
595 3695 697 3751 ubi
729 3699 984 3750 mutatas
1016 3711 1145 3750 esse
1168 3694 1322 3751 vices
1347 3712 1381 3750 a
1403 3694 1688 3752 Bolizlavo
1715 3697 1877 3768 dicit,

208 3785 314 3854 sic,
337 3790 405 3841 ut
428 3801 531 3856 pro
557 3784 836 3841 servitute
860 3783 1211 3840 Polonorum
1236 3784 1520 3857 principis
1542 3801 1679 3858 erga
1695 3786 1879 3858 impe-

217 3873 376 3928 rium
408 3872 499 3928 vel
532 3872 722 3929 Duces
752 3878 809 3928 et
833 3872 1204 3929 marchiones
1226 3873 1512 3943 Saxoniaz,
1538 3874 1879 3930 servitutem

211 3961 943 4035 horumergaB‘olizlavum
964 3966 1161 4018 natam
1187 3980 1315 4020 esse
1339 3958 1619 4036 deploret.
1638 3986 1663 4012 «
1689 3962 1874 4030 Hoc,»

210 4051 314 4117 ait,
347 4074 375 4101 ‹‹
411 4050 941 4106 animadvertentes
967 4048 1172 4118 nostri,
1197 4050 1392 4106 verbis
1411 4051 1709 4106 credidere
1731 4050 1873 4124 pha-

212 4159 242 4188 ‹‹
273 4137 496 4206 leratis,
526 4142 583 4194 et
613 4138 921 4194 inhoneste
952 4139 1122 4210 quasi
1156 4140 1225 4195 ad
1260 4139 1592 4208 dominum,
1631 4141 1701 4195 ad
1731 4157 1873 4196 eun-

213 4248 243 4275 ‹‹
281 4225 416 4281 dem
446 4226 714 4298 profecti,
747 4225 1029 4281 honorem
1060 4227 1334 4283 innatum
1368 4227 1797 4301 supplicatione
1818 4232 1875 4284 et

215 4337 244 4363 ‹‹
279 4314 505 4386 injusta
534 4314 811 4370 servitute
842 4315 1172 4369 mutabant.
1208 4316 1393 4379 Quam
1415 4317 1615 4387 inique
1636 4332 1870 4388 compa-

213 4425 242 4454 «
278 4402 447 4458 randi
479 4407 618 4458 sunt
652 4406 1054 4472 antecessores
1072 4402 1257 4458 nostri
1284 4407 1341 4458 et
1369 4404 1869 4475 contemporales!

213 4514 242 4541 ‹‹
278 4490 519 4547 Vivente
549 4490 782 4562 egregio
812 4490 1052 4546 Ilodone
1086 4489 1469 4562 (Marchione)
1491 4495 1656 4563 pater
1677 4493 1871 4561 istius,

214 4604 244 4632 ‹‹
279 4579 493 4636 Miseco
523 4580 788 4643 domum,
823 4596 939 4651 qua
960 4597 1095 4636 eum
1117 4596 1246 4636 esse
1266 4579 1507 4647 sciebat,
1532 4581 1871 4637 crusinatus
1905 4606 1951 4669 D

213 4692 244 4720 «
282 4668 518 4726 crusina
546 4672 636 4725 est
665 4668 844 4725 vestis
875 4667 1182 4725 Slavorum
1215 4667 1478 4741 pellicea)
1509 4668 1749 4738 intrare,
1785 4670 1875 4726 vel

212 4780 240 4806 «
278 4773 345 4813 eo
375 4761 719 4831 assurgente
759 4775 1064 4830 nunquam
1085 4757 1447 4830 presumpsit
1494 4758 1714 4814 sedere.
1737 4760 1878 4838 Deus

210 4868 240 4895 ‹‹
283 4847 567 4918 indulgeat
589 4848 933 4918 imperatori,
961 4847 1115 4919 quod
1142 4845 1518 4903 tributarium
1538 4846 1757 4904 faciens
1775 4836 1879 4903 do-

216 4954 245 4983 ‹‹
281 4933 534 5002 minum,
563 4934 636 4989 ad
669 4934 779 4991 hoc
831 4951 1093 5007 unquam
1141 4936 1374 4993 elevavit
1419 4941 1506 5008 ut,
1556 4935 1740 4993 oblita
1784 4936 1877 4991 sui

312 5112 441 5184 375)
472 5112 677 5184 prell
708 5112 813 5167 1.1.
844 5086 1061 5184 p.111.

312 5180 437 5258 376)
459 5180 776 5258 γνι⁸ἱίη1εἰηα
798 5180 910 5258 Res
941 5189 1088 5256 gest.
1122 5184 1334 5241 SaXon.
1366 5185 1406 5240 Γ.
1442 5202 1567 5258 cap.
1600 5186 1657 5254 9,
1703 5189 1771 5243 10
1822 5194 1880 5244 et
1945 5180 1955 5185 ”

289 5112 306 5184 (

290 5185 437 5255 (376)
476 5185 767 5254 Widnking
798 5185 902 5240 Res

217 5253 278 5309 11
301 5254 523 5326 ((Pertz.
558 5257 627 5309 V.
661 5271 719 5326 p.
754 5256 902 5326 418.)

289 5323 437 5401 (377)
468 5323 746 5382 Τὴἰείηἱαν
786 5323 988 5381 Ιὶὺζν.
1036 5341 1086 5381 c.
1139 5326 1174 5379 6
1216 5327 1385 5382 Pertz
1430 5325 1496 5383 V.
1547 5346 1605 5401 p.
1660 5328 1781 5385 193.
1834 5330 1873 5385 ι.

467 5469 842 5525 Naruscewicz.
883 5469 1022 5525 hist.
1056 5468 1262 5525 harod.
1294 5466 1486 5541 polsk.
1520 5468 1610 5526 IV.
1753 5472 1873 5527 138.

239 5540 419 5612 7",,(379
472 5542 721 5612 Origines
775 5541 1103 5612 Guelphicse.
1149 5541 1212 5596 Τ.
1266 5538 1305 5595 l.
1348 5539 1494 5597 Tab.
1544 5540 1639 5597 III.
1693 5542 1764 5597 ad
1813 5560 1873 5612 p.

243 5538 439 5616 1379)
472 5542 721 5613 Origines
775 5541 1103 5614 Guelphicse.
1149 5541 1212 5596 Τ.
1266 5538 1313 5595 ΙΙ
1348 5539 1494 5597 Tab.
1544 5538 1663 5597 III.‘
1693 5542 1764 5597 ad
1813 5560 1873 5616 p.

312 5681 437 5755 380)
470 5682 590 5755 Sig.
623 5682 761 5739 anni
791 5683 918 5755 916,
952 5682 1011 5738 in
1044 5681 1400 5741 Monumentis
1428 5685 1607 5743 Boicis
1635 5682 1749 5754 vol,
1780 5685 1873 5743 ΧΙ.

423 5754 441 5829 )
473 5754 593 5831 Sig.
626 5772 719 5832 ap.
755 5754 1023 5814 Shamtat.
1335 5762 1338 5767 '

2062 3339 2195 3401 Quae
2230 3337 2497 3393 feruntur
2522 3338 2759 3396 Conradi
2786 3338 2961 3412 primi
2990 3341 3144 3415 regis
3174 3342 3385 3415 sigilla,
3409 3348 3512 3400 aut
3540 3362 3633 3403 ra-

1989 3426 2209 3482 diatam
2242 3425 2569 3499 simplicem
2601 3426 2909 3501 duplamve
2941 3429 3128 3485 tribus
3159 3432 3435 3489 crucibus
3460 3450 3630 3491 orna—

1988 3519 2107 3570 tam
2141 3515 2309 3587 (380),
2343 3520 2445 3571 aut
2477 3516 2747 3573 diadema
2778 3516 2858 3589 (id
2889 3522 2977 3574 est
2997 3518 3302 3593 circulum)
3322 3506 3515 3578 tribus
3535 3522 3635 3578 tri-

1989 3602 2141 3660 foliis
2189 3603 2339 3675 (quo:
2388 3603 2512 3660 lilia
2556 3605 2883 3679 nominant)
2932 3608 3079 3680 (381)
3128 3610 3402 3681 praebent.
3452 3610 3634 3684 Cujus

1988 3690 2154 3746 liliati
2188 3692 2537 3775 diadematis
2568 3694 2866 3768 exemplar
2884 3696 3104 3768 optime
3124 3701 3530 3757 conservatum
3548 3701 3632 3756 of-

1990 3781 2099 3835 fert
2120 3780 2309 3853 ﬁgura
2327 3781 2481 3855 picta
2496 3781 2667 3855 Regis
2685 3783 2993 3853 cujusdam
3011 3784 3329 3858 Anglorum
3352 3786 3414 3843 in
3436 3789 3634 3846 codice

1988 3868 2386 3949 Manuscripto
2417 3870 2697 3927 Saxonico
2729 3871 3016 3939 Psalterii,
3048 3879 3279 3930 exarato
3309 3875 3368 3931 in
3417 3877 3633 3934 saeculo

1988 3958 2321 4026 undecimo,
2354 3963 2411 4014 et
2440 3959 2720 4032 inscripto
2747 3960 3012 4017 Tiberius
3040 3967 3098 4018 C.
3129 3963 3200 4018 VI
3227 3965 3396 4035 (382).

2058 4048 2316 4102 Henricus
2347 4046 2465 4101 Rex
2498 4046 2555 4100 in
2589 4046 2800 4118 sigillis
2832 4065 3106 4106 coronam
3145 4052 3259 4107 fert
3300 4055 3403 4110 aut
3452 4053 3634 4110 simili

1985 4136 2157 4191 modo
2180 4134 2424 4190 liliatam
2449 4135 2618 4207 (383),
2639 4142 2739 4192 aut
2760 4139 3043 4196 radiatam
3067 4142 3235 4213 (384),
3260 4147 3364 4198 aut
3382 4143 3633 4217 denique

1984 4224 2254 4281 diadema
2269 4223 2517 4297 simplex
2538 4240 2672 4280 cum
2695 4242 2862 4282 cruce
2884 4228 2943 4282 in
2967 4229 3158 4285 medio
3180 4231 3369 4303 capite
3388 4229 3626 4301 elevata,

1984 4332 2112 4386 quae
2142 4314 2437 4387 quomodo
2469 4331 2695 4370 annexa
2726 4314 2823 4382 sit,
2858 4314 3121 4389 dignosci
3152 4319 3352 4392 nequit
3374 4321 3542 4393 (385).

2008 4476 2013 4481 ,
2054 4403 2116 4473 In
2137 4403 2346 4459 Ottonis
2362 4403 2557 4476 Magni
2578 4402 2793 4476 sigillis
2815 4404 3231 4478 distinguenda
3243 4413 3382 4464 sunt
3402 4408 3630 4466 Ottonis

1984 4493 2299 4549 Germaniae
2330 4493 2476 4560 regis
2506 4492 2663 4562 (ante
2694 4509 2727 4547 a
2755 4494 2908 4564 962.)
2931 4494 3188 4567 asigillis
3210 4496 3636 4572 Ottonisimpe-

1984 4581 2224 4648 ratoris;
2258 4580 2355 4634 illa
2389 4585 2491 4634 aut
2515 4580 2788 4637 diadema
2816 4583 3035 4640 habent
3063 4584 3210 4656 (386)
3237 4590 3341 4641 aut
3357 4603 3632 4643 coronam

1986 4666 2207 4723 illatam
2231 4668 2376 4739 (387)
2403 4668 2461 4723 in
2484 4673 2733 4741 utroque
2755 4672 3029 4728 Vexillum
3052 4672 3279 4745 regium
3304 4675 3509 4731 dextra
3529 4675 3637 4731 fer-

1988 4760 2103 4811 tur.
2136 4758 2489 4827 lmperatoris
2518 4774 2650 4813 vero
2681 4758 2910 4816 Ottonis
2926 4759 3123 4832 sigilla
3144 4777 3351 4817 novam
3374 4763 3636 4833 praebent

1988 4846 2236 4901 formam
2270 4845 2437 4917 (388).
2468 4846 2541 4917 (ν.
2580 4845 2675 4917 ﬁg.
2706 4846 2763 4903 9.
2786 4847 2915 4903 tab.
2950 4852 3132 4903 nostr.
3165 4848 3378 4904 Dextra
3398 4849 3634 4906 innixus

1987 4938 2076 4992 est
2103 4935 2428 5007 Imperator
2456 4938 2683 5006 sceptro
2704 4936 2959 5002 cuidam,
2985 4936 3033 4991 si
3056 4953 3173 4992 non
3193 4937 3438 5009 antiquo
3461 4938 3631 5012 (389),

2059 5113 2205 5255 (382)
2238 5113 2409 5167 Struit
2431 5112 2623 5170 Horda
2649 5113 2855 5187 Angel.
2889 5114 3127 5188 Cynnan
3160 5115 3203 5171 Ι.
3238 5117 3334 5188 ﬁg.
3382 5088 3522 5173 XIX.

2060 5186 2184 5252 (383
2236 5183 2422 5252 Erath,
2451 5185 2577 5241 cod.
2609 5185 2855 5255 diplom.
2886 5186 3467 5255 Quedlinburgensis,
3511 5193 3522 5242 t

2060 5183 2422 5263 (383)13rath,
2451 5185 2577 5241 cod.
2609 5183 2855 5259 diplom.
2886 5183 3467 5261 Quedlinburgensis,
3511 5188 3639 5263 Sig.

1968 5257 2124 5312 \anni
2158 5256 2281 5311 953.

2080 5328 2206 5402 38:1)
2239 5326 2367 5402 gotz.
2397 5327 2797 5402 Kaisersiegel.

2082 5330 2185 5381 384
2239 5330 2367 5382 Gotz.
2397 5330 2776 5402 Kaisersiegel

2082 5330 2208 5467 385)
2235 5392 2355 5470 Sig.
2381 5415 2484 5470 ap.
2510 5398 2779 5470 Slmnnat.

2080 5470 2207 5568 ἓξὲξ
2236 5469 2514 5568 ’ἒνῗξή’¹,;
2546 5469 2583 5568 Ῑὲ
2619 5470 2729 5550 δίε·
2761 5472 2973 5568 ⁸⁸991.-

2080 5540 2206 5612 387)
2238 5540 2438 5613 Zylles,
2482 5540 2741 5613 defensio
2792 5544 3038 5601 abbatiae
3087 5544 3286 5603 Sancti
3327 5547 3633 5606 Maximini

1987 5610 2147 5684 p.15
2175 5610 2348 5684 et_18.
2378 5610 2486 5684 sig.
2521 5628 2573 5684 a.

2084 5628 2147 5667 ID
2175 5628 2232 5666 et
2265 5628 2348 5666 ιδ.
2378 5628 2424 5666 s1
2474 5652 2486 5665 .
2521 5628 2573 5667 a.
2607 5628 2732 5667 vos.

2426 5628 2651 5765 guelpl}.
2677 5683 2809 5757 (sig.
2843 5701 2892 5739 a.
2914 5685 3049 5765 Δ970)
3079 5691 3224 5765 tom.
3254 5690 3337 5765 Υ.
3356 5708 3416 5765 p.
3446 5696 3529 5765 7.·

2080 5753 2205 5834 389)
2242 5753 2493 5813 Militum
2514 5753 2715 5814 leviter
2743 5753 3104 5820 armatorum
3126 5760 3237 5820 sub
3257 5753 3376 5823 ﬁné
3393 5756 3635 5839 Imperii
