4026 6176
387 250 542 314 i383

1665 240 2003 340 APPEND.
2048 247 2152 310 an
2198 241 2388 311 sae.
2432 240 2514 338 Χ.

3641 239 3809 320 1³84

381 381 744 456 Carolingico
771 384 990 451 tamen,
1015 382 1172 456 quod
1201 382 1428 439 hastam
1453 378 1540 437 vel
1558 380 1822 438 lanceam
1847 381 2033 438 nomi-
2062 382 2115 450 Α
2144 380 2403 438 habitus.
2436 380 2516 437 De
2547 396 2663 454 quo
2692 377 3018 438 Widukind
3045 381 3104 454 (l.
3135 380 3208 452 II,
3227 380 3348 449 36):
3374 379 3678 437 «Habitus
3698 396 3810 453 pa-

382 476 526 529 nant
542 473 716 546 (390),
735 473 905 543 cujus
923 471 1189 545 superior
1204 487 1340 543 pars
1357 469 1607 543 simplex
1625 467 1898 543 giobulus
1921 474 2031 538 est,

381 568 439 618 et
458 562 616 634 quod
631 561 852 618 sensim
869 561 1125 631 sensimq
1138 575 1204 614 ue
1220 559 1600 616 diminuendo
1613 558 1673 614 in
1695 575 2033 615 mucronem

383 651 540 706 infra
570 650 718 706 ﬁnit.
754 651 918 706 Laeva
943 665 1224 722 magnum
1257 648 1498 721 globum
1545 664 1715 705 cruce
1759 653 2032 705 ornatum

383 740 515 808 fert,
549 740 799 813 ﬁguram
848 737 1008 792 orbis
1057 740 1224 794 terras
1273 737 1600 794 christiani.
1651 736 1876 793 Corona
1916 737 2034 794 fere

378 829 564 885 cassis
593 825 1038 899 bemisphmrica
1061 842 1190 882 esse
1210 825 1460 894 videtur,
1487 831 1544 882 et
1569 826 1754 883 tribus
1778 825 2034 899 globulis

378 915 574 992 paullo
587 915 824 972 elevatis
837 919 1045 971 ornata
1061 920 1167 972 est.
1189 913 1422 972 Globuli
1447 915 1530 971 illi
1553 915 1612 972 in
1635 932 1867 983 corona,
1891 915 2031 988 quid

379 1005 725 1076 signiﬁcent,
746 1004 964 1077 optime
991 1005 1354 1061 demonstrat
1375 1005 1564 1078 ﬁgura
1585 1003 1742 1077 picta
1759 1003 1816 1060 in
1835 1005 2032 1061 codice

375 1093 750 1150 Domnizonis
783 1095 854 1166 (v.
881 1093 1052 1166 ﬁg.7.
1077 1094 1194 1150 tab.
1221 1094 1453 1167 nostr.),
1488 1095 1548 1150 in
1579 1110 1698 1166 qua
1728 1093 1858 1150 Otto
1911 1093 2032 1150 Ma-

376 1199 529 1257 gnus
555 1182 664 1239 fert
680 1194 956 1239 ceronam
970 1182 1158 1238 tribus
1172 1183 1352 1239 clavis
1370 1181 1730 1256 longioribus
1742 1187 2029 1250 ornatam,

378 1287 632 1345 quorum
665 1272 857 1344 capita
891 1271 974 1326 illi
1004 1269 1229 1345 globuli
1262 1275 1400 1328 sunt
1421 1272 1588 1344 (391).
1613 1270 1839 1332 Corona
1857 1289 2034 1329 aurea

376 1356 920 1434 Longobardorum,
953 1377 1132 1433 quam
1164 1361 1410 1418 ferream
1436 1361 1660 1428 dicunt,
1685 1364 1741 1416 et
1764 1377 1891 1433 quae
1918 1361 2034 1416 Mo-

376 1450 564 1506 dcetize
594 1454 973 1508 conservatur
1002 1451 1074 1520 (ν.
1111 1449 1208 1523 ﬁg.
1249 1451 1300 1505 8.
1355 1449 1506 1506 nost.
1554 1450 1720 1520 tab.),
1769 1449 2032 1506 interiori

375 1543 542 1611 parte
574 1539 762 1596 ferrea
791 1555 859 1594 ex
891 1537 1110 1594 lamina
1139 1538 1284 1596 clavi
1311 1538 1610 1595 Passionis
1632 1538 1812 1596 simili
1835 1539 2030 1612 modo,

375 1627 532 1699 quod
564 1625 765 1682 lancea
791 1624 1164 1698 Burgundica
1184 1625 1447 1682 confecta
1470 1641 1598 1682 esse
1624 1625 1842 1680 dicitur
1862 1623 2029 1697 (392).

375 1712 567 1776 Quum
601 1715 795 1768 autem
827 1712 1020 1768 tribus
1051 1713 1230 1769 clavis
1263 1713 1596 1785 redemptor
1629 1718 1827 1768 noster
1873 1713 2031 1768 cruci
2062 1754 2108 1820 Β

382 1801 584 1820 smn”
616 1800 682 1820 ig.
731 1800 846 1820 LM
1505 1800 1660 1820 ειη...
1691 1801 1738 1820 ,κ
1843 1805 1857 1820 ι
1889 1801 1983 1820 με.
2013 1802 2025 1814 .

377 1801 586 1856 aﬁixus
611 1800 707 1869 sit,
731 1800 853 1856 haec
875 1802 1073 1857 omnia
1093 1801 1345 1857 exterius
1366 1800 1776 1874 signiﬁcanda,
1798 1805 1862 1858 ut
1883 1801 2030 1858 mihi

376 1903 727 1960 persuasum
755 1887 963 1955 habeo,
999 1894 1354 1946 censuerunt
1400 1889 1660 1960 Ottones,
1713 1895 1770 1946 et
1819 1908 2028 1948 novam

375 1991 722 2033 caronarum
755 1977 1006 2034 formam
1035 1978 1241 2034 conﬁci
1267 1978 1526 2050 jussisse
1555 1978 1847 2035 videntur.

444 2067 546 2122 Est
577 2067 637 2122 in
672 2065 884 2123 Ottom's
914 2069 968 2123 II
994 2065 1205 2140 sigillis
1234 2068 1503 2140 quaedam
1551 2067 1879 2134 diversitas,
1925 2069 2027 2125 sed

373 2169 489 2210 non
522 2155 664 2211 satis
721 2159 971 2223 constat,
1023 2161 1312 2229 quantum
1357 2156 1639 2213 debeatur
1687 2157 2028 2229 ignorantiae

373 2259 598 2312 eorum,
631 2243 752 2316 qui,
787 2245 884 2300 aeri
919 2245 1139 2316 ﬁguras
1171 2245 1514 2301 inciserunt.
1549 2243 1817 2319 Sigillum
1841 2246 2026 2318 quod-

373 2332 510 2387 dam
542 2332 696 2405 apud
729 2333 1041 2406 Zyllesittm
1057 2333 1417 2406 singularem
1434 2333 1652 2406 pileum
1671 2334 1834 2390 oil’ert
1855 2335 2024 2407 (393).

374 2420 436 2476 Id
468 2421 622 2493 quod
637 2419 976 2477 Shannatus
989 2421 1190 2489 edidit,
1207 2421 1428 2495 pileum
1447 2421 1684 2494 quidem
1708 2423 1808 2478 sed
1829 2421 2026 2478 formas

374 2507 681 2580 paululum
712 2509 952 2567 diverse
983 2510 1223 2582 prebet,
1244 2514 1364 2567 tres
1387 2509 1609 2583 globuli
1631 2527 1764 2568 vero
1790 2511 1886 2566 hic
1909 2528 2030 2568 me-

374 2595 490 2654 lius
521 2597 950 2671 dignoscuntur
980 2599 1147 2671 (394).
1182 2599 1455 2671 Ejusdem
1497 2600 1636 2656 anni
1677 2605 1736 2656 et
1777 2600 2030 2656 eundem

373 2689 578 2758 typum
613 2685 824 2741 melius
854 2690 912 2742 et
941 2685 1174 2742 fidelius
1205 2703 1546 2760 expressum
1575 2688 1847 2744 videmus
1870 2688 2027 2760 apud

373 2773 680 2829 Eratbium
713 2773 860 2846 (395)
895 2775 971 2846 (ν.
1007 2773 1102 2847 ﬁg.
1137 2775 1224 2843 10,
1257 2775 1375 2830 tab.
1413 2777 1612 2848 nost.),
1649 2777 1747 2832 ubi
1790 2777 2027 2833 tandem

375 2860 586 2918 clarior
616 2860 851 2918 illorum
885 2861 1259 2935 globulorum
1293 2864 1484 2937 ﬁgura
1511 2869 1722 2932 exstat,
1747 2869 1810 2920 ut
1832 2866 1890 2921 in
1915 2865 2026 2921 alio

374 2954 511 3023 typo
543 2949 848 3024 Originum
881 2950 1334 3024 Guelphicarum
1384 2957 1562 3027 atque
1606 2953 1824 3010 Erathii
1875 2953 2025 3028 (396)

375 3039 447 3112 (ν.
483 3039 580 3113 ﬁg.
613 3041 721 3111 11).
757 3040 882 3105 Qua
913 3041 984 3096 de
1017 3057 1194 3098 causa
1225 3040 1473 3114 ﬁguram
1517 3041 1747 3116 Zyllesii
1790 3047 1847 3100 et
1892 3043 2022 3100 Hei-

2144 471 2317 540 trius,
2348 473 2404 527 et
2427 470 2526 543 qui
2551 487 2855 543 nunquam
2879 470 2960 528 sit
2980 469 3284 544 peregrino
3305 485 3474 526 usus.
3495 491 3526 520 υ
3549 469 3656 525 Hic
3683 467 3812 525 suf-

2145 559 2266 615 ﬁcit
2293 563 2672 631 monstrasse,
2705 576 2980 633 magnam
3023 559 3423 616 diversitatem
3471 559 3533 614 in
3585 558 3810 631 capitis

2143 649 2503 720 tegumentis
2536 647 2622 706 vel
2653 655 2905 716 coronis,
2939 648 3301 706 intercedere
3327 654 3467 705 tunc
3489 646 3807 721 temporis,

2143 736 2262 792 fere
2291 737 2496 793 eodem
2529 737 2726 806 modo,
2751 754 2868 810 quo
2894 754 3050 794 nunc
3077 737 3562 795 vestimentorum
3605 737 3810 794 forma

2143 829 2406 882 mutatur
2433 825 2491 882 in
2524 842 2767 883 annum.

2215 915 2278 970 ln
2316 915 2522 972 Ottom's
2550 917 2626 973 III
2653 915 2867 989 sigillis
2913 915 3182 974 videmus
3236 932 3444 973 novam
3491 932 3801 985 coronam,

2141 1001 2282 1058 liliis
2313 1003 2505 1060 tribus
2534 1008 2806 1060 ornatam
2834 1004 3004 1076 (399),
3057 1009 3159 1061 aut
3204 1005 3382 1062 etiam
3428 1004 3800 1078 hemisphri-

2142 1109 2276 1148 cum
2302 1081 2531 1165 pileum
2562 1093 2752 1150 tribus
2781 1091 2925 1150 liliis
2959 1098 3274 1162 ornatum;
3306 1098 3518 1168 quarta
3552 1109 3691 1150 vero
3735 1095 3797 1150 in

2143 1181 2482 1237 summitate
2513 1182 2773 1238 cernitur
2797 1183 2967 1254 (400).
2999 1186 3066 1238 In
3099 1182 3271 1240 unico
3301 1182 3565 1254 exemplo
3589 1184 3665 1254 (ν.
3691 1183 3793 1254 ﬁg.

2143 1269 2233 1342 44)
2266 1271 2405 1326 anni
2435 1270 2543 1328 996
2572 1287 2787 1327 corona
2816 1270 2917 1326 illa
2945 1287 3082 1328 cum
3105 1270 3298 1328 tribus
3316 1270 3576 1345 globulis
3594 1287 3790 1328 occur-

2144 1357 2222 1413 rit
2251 1359 2419 1430 (ίιοι).

2214 1447 2474 1504 Tandem
2525 1450 2748 1505 Henricz’
2793 1450 2848 1506 ll
2891 1449 3064 1522 (402),
3116 1449 3362 1507 Conradi
3410 1453 3470 1507 Il
3514 1449 3688 1522 (403),
3740 1455 3797 1507 et

2142 1535 2367 1592 Henrici
2393 1539 2476 1593 III
2501 1538 2645 1610 (404)
2671 1541 2904 1594 exstant
2929 1536 3457 1613 nonnullasigilla,
3490 1537 3552 1596 in
3575 1539 3797 1611 quibus

2140 1624 2224 1680 illi
2258 1623 2482 1697 globuli
2513 1626 2742 1683 coronis
2773 1626 2931 1682 afﬁxi
2961 1631 3298 1699 appareant.
3333 1627 3538 1684 Postea
3560 1626 3799 1682 nullum

2141 1714 2199 1768 in
2231 1714 2461 1770 coronis
2486 1719 2909 1786 lmperatorum
2932 1715 3300 1787 (Germaniae)
3323 1715 3511 1788 reperi
3529 1714 3802 1788 globulo-

2140 1819 2269 1859 rum
2283 1803 2638 1878 exemplum.
2655 1803 2853 1876 Neque
2866 1805 2922 1860 in
2945 1804 3158 1878 sigillis
3177 1803 3427 1861 aliorum
3440 1804 3803 1877 populorum

2138 1891 2326 1949 ullum
2359 1890 2571 1950 oﬁ‘endi
2603 1891 2902 1966 exemplar
2929 1910 3154 1950 coronae
3183 1893 3372 1952 tribus
3402 1892 3520 1950 illis
3538 1893 3804 1968 glebulis

2137 1985 2379 2037 ornatae.

2209 2069 2354 2125 Hinc
2385 2070 2679 2127 afﬁrmare
2709 2085 2880 2143 posse
2914 2070 3059 2128 mihi
3088 2070 3308 2140 videor,
3339 2086 3469 2128 eam
3491 2087 3802 2137 coronam,

2136 2174 2315 2229 quam
2349 2157 2567 2232 Misego
2598 2158 2647 2215 ll
2679 2160 2738 2215 in
2771 2164 2972 2216 nostra
3003 2160 3160 2232 picta
3181 2164 3385 2233 gestat
3406 2159 3615 2232 ﬁgura,
3664 2175 3800 2216 esse

2135 2246 2324 2320 ipsam
2357 2245 2540 2313 illam,
2577 2264 2692 2322 qua
2714 2247 2845 2304 Otto
2870 2247 2943 2304 ΙΙΙ
2965 2247 3346 2317 Bolizlavum,
3369 2252 3596 2321 patrem
3620 2248 3798 2305 Mise-

2137 2334 2326 2408 gonis,
2347 2334 2734 2392 honoraverit.
2755 2336 2982 2392 Addam
3003 2336 3063 2392 in
3087 2341 3288 2393 nostro
3300 2335 3517 2404 codice,
3535 2336 3796 2410 ﬁguram

2141 2423 2364 2496 Optime
2388 2429 2791 2480 conservatam
2808 2441 2955 2492 esse,
2975 2430 3042 2480 ut
3059 2425 3562 2482 accuratissimam
3583 2441 3794 2481 earum

2138 2527 2487 2569 coronarum
2503 2513 2751 2570 formam
2765 2512 2946 2584 hujus
2964 2514 3045 2570 rei
3069 2513 3318 2570 curiosis
3331 2513 3604 2586 prebeat.
3623 2513 3795 2570 Vide-

2137 2618 2272 2658 mus
2303 2600 2456 2657 enim
2493 2617 2607 2657 non
2638 2601 2811 2658 modo
2838 2605 2957 2658 tres
2987 2600 3256 2673 globulos
3285 2617 3496 2660 aureos
3518 2603 3578 2658 in
3612 2619 3792 2675 supe-

2137 2689 2274 2746 riori
2301 2703 2526 2746 coronis
2558 2694 2721 2762 parte
2752 2689 3109 2757 eminentes;
3143 2691 3246 2746 sed
3276 2695 3396 2748 tres
3427 2689 3526 2747 alii
3566 2689 3792 2765 globuli

2136 2777 2382 2836 caeruleo
2403 2777 2614 2846 colore,
2641 2778 2814 2834 fronti
2833 2778 3057 2836 laterali
3081 2795 3306 2841 corona:
3328 2779 3512 2847 inﬁxi,
3535 2779 3790 2837 colorem

2135 2867 2272 2923 ferri
2301 2872 2501 2924 notare
2531 2867 2832 2936 videntur;
2866 2884 2991 2940 qua
3025 2885 3116 2924 res
3146 2868 3207 2924 in
3237 2867 3447 2942 sigillis
3493 2868 3648 2924 male
3692 2884 3794 2924 ex-

2135 2973 2360 3030 pressa,
2381 2960 2481 3012 aut
2495 2955 2658 3013 facile
2671 2956 3030 3029 perlongum
3049 2957 3330 3030 temporis
3353 2956 3608 3031 spatium
3629 2958 3790 3024 trita,

2135 3047 2196 3101 in
2226 3045 2320 3114 iis,
2353 3061 2482 3117 quae
2505 3049 2825 3118 supersunt
2845 3045 3300 3118 exemplaribus,
3321 3061 3672 3104 evanescere
3687 3063 3790 3120 po-

374 3126 555 3183 neccii
605 3126 758 3184 male
809 3143 1144 3201 expressam
1197 3129 1555 3186 arbitramur
1613 3131 1780 3203 (397).
1837 3131 2020 3195 Quam
2053 3117 2097 3183 Ο
2137 3138 2306 3190 terat.
2339 3133 2424 3189 Ad
2457 3117 2719 3190 nostram
2753 3151 2875 3190 rem
2909 3117 3096 3192 facere
3122 3133 3353 3191 videtur
3371 3133 3534 3191 locus
3552 3117 3789 3192 Martini

375 3217 627 3273 Gcetzius
658 3217 945 3274 radiatam
995 3217 1179 3285 affert,
1238 3235 1306 3274 ea
1354 3224 1444 3275 est
1491 3221 1737 3276 fortasse
1780 3220 2025 3293 antiqua

371 3305 692 3360 Germania:
724 3321 948 3378 regum.
982 3306 1064 3362 Ne
1085 3305 1227 3379 quid
1251 3310 1687 3380 praetereamus,
1717 3309 1874 3380 apud
1897 3309 2022 3364 Mu-

373 3395 656 3452 ratorium
675 3393 934 3467 sigillum
954 3395 1447 3453 occurritOttonis
1461 3397 1534 3464 ll,
1553 3397 1651 3452 ubi
1671 3403 1848 3470 caput
1863 3397 2024 3454 nullo

375 3482 704 3538 diademate
735 3487 1008 3539 ornatum
1041 3487 1130 3539 est
1161 3483 1328 3554 (398).

445 3571 702 3633 Quorum
736 3570 1043 3643 utriusque
1074 3572 1353 3627 Ottonum
1385 3577 1613 3628 exstant
1649 3572 2032 3632 celeberrima

379 3659 639 3713 nondum
673 3658 828 3714 edita
852 3658 1021 3729 signa
1039 3659 1370 3715 statuariae
1389 3659 1582 3732 lapids
1605 3660 1832 3734 sculpta
1851 3662 1911 3718 in
1934 3679 2028 3719 ec-

378 3745 568 3802 clesiae
597 3745 950 3802 cathedralis
983 3746 1446 3821 Magdeburgicze
1468 3749 1642 3805 choro
1666 3751 1741 3822 (ν.
1767 3752 1861 3824 ﬁg.
1884 3753 1952 3808 i2
1970 3758 2032 3808 et

381 3835 493 3908 13),
511 3835 698 3891 Patris
715 3835 1097 3908 Imperatoria
1118 3836 1395 3910 insignia,
1421 3837 1522 3894 ﬁlii
1549 3839 1727 3912 regia,
1752 3857 1866 3896 non
1884 3841 2030 3897 anti-

377 3924 662 3996 quitatem
695 3925 866 3981 modo
897 3925 1202 3998 signorum
1234 3926 1663 3995 demonstrant,
1711 3929 1813 3985 sed
1867 3933 2030 4004 patre

379 4013 606 4070 vivente
633 4014 834 4070 eadem
867 4015 1020 4071 facta
1047 4031 1194 4071 esse.
1229 4015 1558 4089 Singularis
1589 4034 1802 4074 corona
1845 4019 2032 4076 cassi-

378 4103 512 4158 dem
543 4102 949 4159 acuminatum
974 4103 1320 4161 circumdat.
1343 4104 1422 4162 De
1442 4105 1587 4178 ipsis
1609 4105 1721 4164 alio
1741 4106 1868 4164 loco
1890 4109 2032 4165 ube-

380 4191 504 4247 rius
534 4207 727 4264 agam.
761 4190 1030 4249 Militaris
1061 4193 1219 4249 enim
1251 4196 1308 4249 et
1334 4193 1720 4252 Germanicus
1761 4197 1898 4254 talis
1943 4200 2034 4253 est

383 4350 654 4426 immani
680 4354 734 4421 (e
788 4353 1074 4426 Boiasardo
1123 4356 1180 4408 et
1236 4353 1632 4426 Hominemne)
1683 4355 1744 4410 in
1803 4357 2032 4425 Malliot,

380 4420 746 4548 $880315”de
776 4438 880 4478 sur
907 4422 990 4478 les
1021 4427 1339 4480 costumes.
1369 4420 1496 4482 Vol.
1532 4430 1575 4481 I.
1615 4420 1740 4482 'tab.
1794 4420 2029 4484 LXXIX;

2132 3221 2304 3287 Galli,
2337 3221 2397 3278 in
2427 3238 2540 3294 quo
2570 3223 2806 3279 traditio
2829 3223 3074 3295 antiqua
3089 3223 3160 3280 de
3180 3223 3342 3280 clavo
3358 3227 3583 3292 sancto,
3605 3240 3786 3297 quem

2133 3299 2267 3368 Otto
2297 3314 2378 3365 III
2409 3309 2694 3368 Bolizlavo
2723 3311 3000 3378 dedisset,
3035 3310 3187 3368 male
3217 3310 3512 3368 intellecta
3549 3329 3786 3368 conser-

2132 3404 2302 3455 vatur
2331 3399 2498 3471 (405).
2530 3397 2713 3472 Reges
2750 3398 2949 3455 Poloni
2977 3398 3161 3471 igitur
3188 3400 3392 3456 eodem
3443 3399 3560 3456 fere
3608 3400 3790 3456 modo

2135 3503 2484 3545 coronarum
2519 3487 2766 3544 formam
2799 3505 2834 3543 a
2876 3487 3113 3561 regibus
3161 3487 3270 3561 (vel
3313 3488 3794 3562 imperatoribus)

2135 3576 2458 3633 Germaniae
2490 3576 2741 3632 mutuati
2774 3581 2932 3646 sunt,
2968 3593 3086 3648 quo
3116 3577 3438 3634 Russorum
3461 3594 3626 3652 leges
3671 3579 3794 3634 for-

2138 3682 2296 3722 mam
2322 3681 2546 3721 coronaa
2568 3669 2989 3738 lmperatorum
3007 3664 3280 3721 Orientis.
3307 3665 3608 3739 Byzantini
3628 3667 3791 3722 enim

2137 3753 2584 3826 hemisphmrica
2611 3753 2930 3810 unionibus
2956 3753 3174 3827 repleta
3193 3754 3319 3810 etin
3333 3755 3603 3811 acumine
3618 3771 3798 3812 cruce

2139 3845 2345 3898 ornata
2376 3842 2692 3898 utebantur
2719 3858 2954 3912 corona,
2987 3859 3058 3899 ex
3099 3859 3221 3915 qua
3264 3841 3403 3899 hinc
3451 3841 3613 3900 illinc
3660 3844 3797 3900 vita

2139 3930 2473 4004 pendebant
2501 3929 2820 3986 unionibus
2868 3930 2956 3986 vel
3004 3932 3256 4004 gemmis
3301 3931 3573 3988 similiter
3617 3949 3794 3989 orna-

2139 4025 2209 4075 tae
2241 4019 2409 4090 (406).
2445 4019 2768 4075 Russorum
2802 4019 3000 4092 magni
3028 4021 3210 4077 Duces
3233 4021 3368 4076 inde
3389 4019 3796 4077 anadimiro

2141 4123 2354 4180 magno
2385 4107 2630 4162 eandem
2657 4107 2969 4179 gestabant
2999 4108 3073 4178 (v.
3108 4109 3207 4182 ﬁg.
3251 4109 3360 4181 15),
3409 4108 3543 4164 vitis
3591 4113 3796 4166 tamen

2141 4199 2344 4269 postea
2375 4194 2589 4251 amotis
2621 4195 2789 4268 (407).

2213 4354 2361 4427 (399)
2386 4353 2553 4429 βταιὴ
2585 4355 2697 4427 sig.
2731 4355 2920 4429 a985,
2954 4353 3203 4429 Shannat
3231 4355 3342 4426 ib.;
3375 4373 3470 4429 ap.
3495 4357 3794 4429 (Erathium

2143 4424 2504 4500 exstatialius
2532 4424 2982 4500 typusplumbo
3001 4424 3339 4500 impressus
3370 4424 3507 4484 anni
3534 4427 3663 4482 999.

2060 4485 2108 4551 D
2149 4498 2359 4571 7_(400)
2397 4497 2514 4570 Sig.
2559 4485 2621 4553 ἶιῖ
2668 4485 2796 4553 990.
2845 4514 2940 4571 ap.
2990 4485 3170 4570 Zylfe:
3219 4516 3274 4571 p.
3324 4501 3396 4554 28
3445 4500 3794 4556 Murciam

474 4562 604 4642 390)
629 4559 842 4642 Figura
860 4561 1144 4642 Carolin.
1169 4563 1373 4642 (Qalvi)
1398 4566 1552 4640 regis
1574 4565 1634 4642 in
1659 4567 1862 4625 tabula
1884 4568 2040 4642 picta
2145 4559 2298 4642 V378.

383 4632 587 4717 bibliar
615 4632 1005 4717 codicis_regii
1041 4635 1154 4717 (ap.
1178 4632 1942 4717 Mani/aucdnLMQnuments
1963 4641 2034 4698 de

384 4705 443 4761 la
470 4705 808 4762 monarchie
839 4705 1143 4776 francaise,
1175 4712 1233 4762 et
1262 4705 1488 4775 Malliot,
1525 4709 1886 4768 Recherches
1931 4729 2037 4769 sur

384 4776 471 4852 les
499 4782 818 4852 aestumas,
848 4783 982 4847 etc.,
1013 4778 1126 4852 vol.
1153 4783 1259 4852 illi.
1293 4781 1413 4836 tab.
1445 4779 1642 4852 XlV.);
1679 4782 1882 4838 eadem
1927 4785 2032 4839 Lo-

385 4849 558 4920 tharii
584 4849 609 4904 l
637 4849 1006 4920 Imperatoris,
1047 4849 1186 4906 ibid.

456 4919 613 5045 (391)ἱ
662 4919 852 4974 COdex
905 4919 1225 4976 Vaticanus
1279 4920 1654 4978 Domnizonis
1719 4923 1777 4979 in
1846 4923 2030 4995 Origg.

456 4990 573 5045 ieln
623 5031 636 5044 .
670 4991 788 5045 tab.
821 4995 924 5045 lll.
956 4993 1028 5045 ad
1061 5009 1116 5045 ι).
1149 4993 1274 5045 405.

386 4990 924 5076 Guelp‘b._tab._lll.
954 4993 1028 5076 ad
1059 4993 1274 5076 p.405.

457 5061 607 5138 (393)
637 5061 922 5138 guratorg',
953 5061 1162 5136 Script.
1197 5065 1324 5138 Rer.
1358 5062 1610 5138 Italicar.
1652 5062 1690 5119 l.
1718 5079 1774 5138 γι.
1816 5083 1873 5138 p.
1909 5067 2032 5138 460.

357 5133 920 5211 '_-(393)_Zylles,_l_.
967 5151 1018 5190 c.
1075 5133 1132 5208 p.
1179 5136 1269 5190 25.
1323 5137 1649 5191 Heineccius
1696 5137 1768 5192 de
1816 5133 2036 5211 sigillis

387 5203 543 5260 v.6.
576 5203 693 5261 sig.
721 5222 773 5261 a.
805 5205 933 5260 974.

389 5274 902 5401 Né3ti4li)3hannat,
936 5274 978 5330 l.
1021 5292 1102 5345 c.;
1151 5275 1361 5346 Struvs,
1419 5275 1590 5351 Corp.
1646 5277 1786 5336 hist.
1848 5295 2032 5352 germ.

440 5363 494 5401 0.
530 5363 616 5401 ιιι.

483 5417 608 5493 ἓὲξ)
639 5417 828 5493 ξναυιν
863 5417 900 5493 L
934 5433 997 5493 σο,
1018 5417 1216 5493 sis--9.
1250 5420 1375 5493 974-

483 5487 610 5563 396)
641 5489 826 5563 ergg.
859 5487 1115 5563 Guelph'.
1137 5489 1203 5545 V.
1238 5492 1384 5563 p.A6.
1418 5489 1526 5563 sig.
1557 5507 1608 5547 a.
1641 5490 1769 5547 963.

484 5505 610 5560 δυο)
641 5505 826 5559 ungg.
859 5505 1106 5563 uuelpn.
1146 5505 1203 5545 ν.
1238 5506 1295 5562 p.
1327 5505 1384 5545 0.
1418 5506 1464 5546 sl
1514 5533 1526 5545 .
1557 5507 1608 5547 ι.
1641 5505 1769 5547 903.

484 5557 609 5636 39ζ)
640 5559 824 5636 grues,
860 5576 914 5636 p.
948 5563 1038 5636 gi.
1071 5561 1266 5636 signa.
1299 5561 1432 5619 963:
1465 5505 1801 5634 ᾗσὶηθσσίαε,
1861 5567 1926 5620 V.
1979 5567 2032 5622 3.

461 5579 914 5713 6533133195?
948 5579 1259 5708 ﬁfth?

2239 4639 2363 4696 401)
2393 4640 2707 4696 Heineccius
2734 4638 2801 4696 V.
2833 4641 2886 4694 7.

2239 4641 2332 4696 401
2393 4641 2707 4696 Heineccius
2734 4641 2801 4696 V.
2833 4641 2886 4694 7.

2214 4641 2363 4782 i402;
2390 4709 2580 4781 Erath,
2613 4711 2722 4783 sig.
2757 4727 2790 4766 a
2823 4711 2962 4768 1005
2993 4733 3022 4763 ‹‹
3054 4711 3194 4783 Rex,
3228 4735 3256 4760 »
3289 4711 3370 4767 id.
3402 4711 3512 4785 sig.
3549 4728 3605 4768 a.
3657 4709 3789 4766 i021

2146 4803 2174 4832 «
2211 4786 2550 4854 Imperator.
2588 4803 2616 4830 »

2395 4852 2575 4936 Ξνιιεις
2599 4851 2710 4936 sig.
2745 4867 2796 4907 a.
2833 4853 2992 4936 1926.
3026 4853 3198 4909 Erath
3228 4853 3426 4936 sig._a.
3461 4854 3620 4910 1036.

2215 4865 2345 4922 (403
2395 4865 2440 4907 ι’
2475 4865 2575 4907 uss
2599 4867 2648 4907 si
2698 4893 2710 4906 .
2745 4867 2796 4907 a.
2833 4865 2992 4909 1020.
3026 4865 3198 4909 Eram
3228 4869 3339 4936 sig.
3372 4870 3426 4910 a.
3461 4865 3620 4910 1036.
3697 4923 3708 4932 .

2215 4865 2364 5007 (404i
2393 4867 2704 5007 ξὲαῃηαςῗ.
2738 4939 2794 5007 (Ξζ
2808 4941 2821 4990 ;
2850 4923 3040 5007 Stiuas
3066 4941 3226 4998 corp.
3255 4924 3397 4982 hist.
3441 4939 3796 5007 germach

2144 4992 2248 5069 rio.
2285 4992 2379 5069 18;
2410 4993 2591 5069 ριράᾳν
2621 4993 2714 5069 ιμν.
2747 4992 2853 5069 ΝΟ.
2890 4996 2973 5051 13.
3007 4995 3067 5052 in
3102 4992 3346 5054 nu'mmo
3368 4992 3797 5069 archiepiscopi

2145 5064 2442 5138 Pelegrinii
2457 5064 2838 5138 Coloniensis.

2239 5136 2364 5208 405)
2391 5137 2557 5208 Mart.
2595 5136 2780 5192 Gallus
2810 5152 2866 5208 p.
2899 5136 2990 5192 6i.

2239 5206 2364 5282 406)
2390 5207 2627 5282 Numm.
2650 5206 2872 5282 aureus
2897 5208 2955 5263 in
2977 5206 3404 5282 Gazophylacio

2144 5278 2455 5353 NiCepAhori
2486 5283 2539 5334 II
2569 5283 2626 5353 et
2648 5278 2844 5353 Basilii
2867 5297 2961 5353 ap.
2986 5278 3152 5353 Khell
3167 5278 3362 5352 suppl.
3387 5278 3591 5353 p.335.
3615 5278 3794 5353 Num.

2144 5349 2673 5426 aurfConstantinj
2702 5349 2864 5426 Vliet
2895 5349 3464 5426 Bomaniﬁec—apeni
3506 5368 3629 5426 ap.__
3650 5352 3800 5426 Ban-

2143 5423 2388 5490 durium,
2439 5422 2580 5494 imp.
2614 5421 2720 5494 Or.
2777 5425 2849 5476 Il.
2898 5421 3035 5490 783;
3087 5421 3173 5478 vel
3221 5421 3504 5480 sexcenta:
3543 5421 3684 5478 alia;
3741 5424 3800 5479 in

2146 5494 2407 5550 nummis
2437 5498 2493 5549 et
2522 5492 2823 5548 codicibus
2851 5497 3185 5549 occurrunt.

2217 5567 2364 5640 (407)
2395 5565 2630 5640 Nurum.
2662 5568 2908 5640 argent:
2933 5563 3257 5630 Bladimirii
3288 5565 3427 5622 edit.
3476 5565 3535 5622 in
3583 5564 3796 5622 Annal.

2145 5636 2441 5697 soeiatatis
2470 5639 2718 5698 Moscov.
2738 5636 2854 5693 ’lli.
2884 5638 2938 5696 2.
2975 5653 3032 5695 n.
3058 5639 3116 5698 2.

3523 5207 3574 5265 is
3594 5207 3798 5265 Galliae
