4026 6176
133 343 292 412 i385.

1368 349 1433 411 S.
1480 347 1915 414 MATHILD‘IS
1960 349 2284 412 REGINA.

3379 348 3538 417 1386

30 492 38 546 5
131 480 258 537 CAP.
282 479 652 570 XXXI/HL—
682 480 916 570 Novaﬂin‘
946 498 1125 551 regem
1149 484 1332 570 anet-io
1348 498 1448 553 per
1467 483 1764 570 arcl'igTepia:
1790 481 1858 552 Α
1950 481 2138 538 Simili
2165 481 2359 547 modo,
2393 481 2536 542 dum
2567 485 2731 552 pater
2773 483 3028 549 vivebat,
3056 480 3277 554 Misego
3318 480 3411 536 bis
3443 477 3544 570 vel.

29 852 37 890 l

193 567 380 624 rapum
410 550 768 608 Gnesnensem
811 553 959 622 facta
992 550 1102 608 esse
1120 550 1364 620 videtur,
1384 550 1676 624 apostolico
1707 553 1764 608 id

191 624 450 694 probante
468 639 491 686 ;
520 624 638 694 ﬁlii.
659 641 811 692 ana,-
827 632 878 680 et
892 625 1161 680 tributum
1181 624 1375 680 Sancto
1399 631 1551 680 Petro
1565 624 1774 680 datum.

194 747 587 804 Nihilominus
605 746 929 804 Bolizlavus
950 748 1012 816 1.,
1040 753 1354 822 antequam
1379 765 1409 805 e
1431 747 1548 804 vita
1565 749 1766 805 deces-

127 836 200 891 sit
226 841 376 892 anno
405 837 566 904 4025,
592 841 904 892 coronatus
928 841 1019 893 est
1042 856 1054 905 ;
1080 842 1137 893 et
1157 855 1337 909 supra
1344 839 1471 908 jam
1491 837 1767 906 vidimus,

125 924 180 980 id
211 942 278 981 ne
309 942 344 980 a
375 924 656 998 Rcepellio
687 925 921 998 quidem
954 926 1152 999 negari
1184 927 1352 998 (408).
1403 929 1496 990 At,
1516 926 1769 999 inquies,

123 1013 168 1068 si
176 1014 297 1086 jam
308 1013 434 1087 ipse
454 1015 612 1087 regia
624 1018 749 1070 erat
767 1014 1046 1087 dignitate
1065 1033 1078 1070 :
1106 1016 1152 1070 si
1175 1015 1326 1071 ultro
1341 1016 1412 1070 ab
1451 1015 1657 1072 Ottone
1679 1033 1770 1072 co-

30 1123 32 1136 ι
118 1117 254 1158 rona
281 1102 444 1174 regia
471 1101 665 1176 gladio
695 1106 752 1157 et
781 1108 1011 1174 sceptro
1063 1103 1386 1177 insignitus
1444 1108 1569 1159 erat
1607 1122 1620 1159 :
1677 1121 1766 1160 se-

117 1190 303 1248 cunda
331 1190 418 1247 vel
450 1190 622 1247 tertia
653 1192 1026 1248 coronatione
1070 1209 1185 1247 non
1243 1193 1469 1266 egebat.
1502 1222 1572 1233 -—-
1602 1193 1767 1249 Nunc

117 1277 335 1352 aliquid
350 1278 542 1348 dicere
558 1279 792 1335 videris.
818 1280 1088 1335 Attamen
1113 1281 1459 1347 cavendum,
1481 1297 1552 1336 ne
1575 1281 1767 1353 specie

114 1367 367 1439 quadam
398 1366 742 1423 illudamur.
777 1367 903 1423 Non
935 1385 1069 1424 rara
1095 1373 1243 1424 sunt
1273 1368 1664 1424 coronationis
1689 1385 1775 1424 re-

112 1455 300 1528 petitae
329 1455 632 1528 exempla;
666 1473 795 1529 quae
824 1460 986 1513 tanto
1019 1458 1250 1530 saepius
1280 1461 1616 1524 cocurrunt,
1653 1473 1768 1529 quo

114 1543 305 1616 magis
336 1560 404 1599 ea
433 1544 715 1617 dignitas,
749 1561 821 1600 ne
850 1545 939 1600 vel
970 1545 1107 1601 hinc
1132 1545 1219 1601 vel
1252 1545 1412 1601 illinc
1441 1546 1500 1600 in
1564 1545 1770 1601 discri-

112 1649 248 1688 men
275 1637 533 1697 vocetur,
565 1633 888 1688 verendum
919 1638 1027 1689 est.
1061 1634 1156 1689 Sic
1187 1634 1456 1706 Pipinus,
1481 1640 1644 1706 pater
1664 1634 1767 1691 Ca—

110 1719 220 1777 roli
251 1719 464 1794 Magni,
499 1721 558 1776 in
584 1725 800 1793 Campo
831 1722 1039 1778 Martio
1071 1742 1105 1778 a
1151 1723 1387 1778 Francis
1417 1722 1658 1790 electus,
1714 1728 1771 1779 et

106 1810 312 1884 clupeo
341 1808 599 1866 elevatus
622 1810 804 1882 (409),
836 1815 991 1866 certe
1015 1812 1142 1883 jam
1199 1811 1316 1867 Rex
1347 1816 1470 1868 erat
1522 1812 1767 1867 Franco-

107 1915 242 1955 rum
269 1917 281 1966 ;
319 1902 581 1955 attamen
610 1916 680 1956 ea
708 1899 987 1956 electione
1017 1904 1327 1956 contentus
1357 1917 1472 1957 non
1503 1905 1642 1956 erat.
1687 1900 1768 1956 Ne

103 1987 395 2044 Zachariae
424 1988 686 2060 quidem,
717 1989 939 2044 summi
972 1989 1271 2044 Pontiﬁcis
1295 1988 1640 2062 perlitteras
1665 2006 1766 2060 ap-

117 2077 384 2149 probatio
415 2077 528 2132 sibi
561 2077 891 2133 sufﬁciebat
919 2078 1068 2149 (410)
1095 2097 1107 2146 ;
1134 2096 1167 2133 a
1199 2079 1413 2134 Sancto
1475 2078 1766 2133 Bonifacio

106 2166 520 2225 Suessiouibus
565 2183 711 2222 novo
757 2165 870 2222 ritu
917 2171 1337 2222 rexcoronatus
1358 2172 1531 2238 atque
1551 2171 1766 2222 unctus

109 2253 425 2327 est.Neque
441 2253 587 2310 illud
611 2255 721 2311 sibi
740 2255 885 2312 satis
899 2255 1094 2311 visum
1113 2255 1396 2324 est.Nam,
1422 2271 1604 2326 quum
1635 2255 1763 2310 Ste-

109 2342 346 2414 phanus
359 2343 1066 2416 II.,Papa,inFrancorum
1084 2343 1542 2416 regnoPipinum
1557 2343 1762 2400 invise~

106 2435 221 2500 ret,
248 2431 417 2487 tertio
444 2430 568 2487 loco
594 2431 719 2504 ipse
761 2432 1004 2505 Pipinus
1035 2434 1122 2503 (ut
1165 2432 1394 2487 videtur
1423 2431 1762 2504 imperator)

105 2537 229 2575 una
257 2535 390 2576 cum
422 2535 600 2575 uxore
633 2520 845 2576 Bertha
870 2539 883 2577 :
912 2525 968 2576 et
1012 2520 1117 2576 ﬁlii
1163 2537 1330 2594 reges
1391 2521 1650 2578 coronati
1702 2523 1760 2576 et

103 2609 272 2663 uncti
304 2612 445 2664 sunt
476 2608 648 2680 (414).

180 2695 361 2753 Filius
388 2712 521 2752 vero
543 2695 783 2752 Carolus
817 2697 1062 2770 Magnus
1091 2697 1331 2769 insuper
1393 2697 1482 2752 vel
1511 2702 1764 2770 quatuor

99 2785 329 2842 vicibus
359 2790 670 2842 coronatus
699 2790 790 2841 est
820 2786 987 2858 (412).

181 2874 415 2934 Duabus
438 2873 617 2947 igitur
634 2873 1006 2946 potissimum
1032 2876 1206 2930 rebus
1229 2875 1462 2941 ductus,
1488 2875 1639 2930 hanc
1655 2875 1760 2931 ite-

103 2977 273 3018 rasse
303 2962 735 3018 coronationem
762 2963 990 3019 videtur
1022 2963 1343 3020 Bolizlavus
1369 2982 1381 3031 ;
1424 2963 1625 3031 altera,
1673 2968 1757 3030 ut,

94 3055 421 3122 antequam
441 3055 787 3120 moreretur,
803 3052 1511 3123 praecaveretdefectiones
1526 3070 1539 3121 ;
1557 3053 1757 3121 altera,

1879 575 1968 628 ter
1988 570 2241 626 comitiis
2273 569 2634 626 Germanicis
2658 571 2872 626 invitus
2886 571 3232 642 plerumque
3249 568 3458 638 adfuit,
3477 568 3545 637 et:

1880 660 2217 733 homagium
2252 659 2548 730 quoddam
2580 659 2790 714 iterare
2821 664 3057 715 coactus
3083 652 3194 714 fuit
3225 657 3398 730 (4M).
3447 657 3538 713 0b

1878 749 1937 802 id
1969 749 2164 820 ipsum
2225 747 2423 802 unctio
2473 746 2912 820 Archiepiscopi
2969 747 3341 812 Polonorum,
3394 761 3532 802 cum

1880 837 2098 892 summi
2111 835 2406 892 Pontificis
2420 835 2838 908 approbatione
2852 839 2910 892 et
2921 835 3338 892 assistentibus
3348 833 3536 900 omni-

1878 925 1988 981 bus
2018 925 2284 981 omnium
2317 923 2668 996 populorum
2692 929 2954 981 recenter
2984 925 3362 980 subactorum
3405 939 3530 980 ma-

1875 1014 2152 1083 gnatibus
2186 1013 2451 1068 facienda
2474 1013 2834 1069 erat.Nostra
2868 1011 3117 1086 epistola
3174 1009 3530 1070 dedicatoria

1876 1101 2206 1174 significare
2235 1101 2874 1174 videtur,Misegonem,
2900 1103 3028 1172 jam
3052 1105 3217 1175 patre
3235 1101 3426 1156 adhuc
3444 1099 3531 1156 in-

1874 1194 1962 1245 ter
1989 1190 2148 1246 vivos
2164 1191 2428 1262 degente,
2449 1206 2648 1263 regem
2673 1191 2890 1246 tactum
2932 1191 3117 1246 fuisse
3134 1187 3376 1252 nomine
3393 1192 3526 1244 tan-

1877 1283 2024 1347 tum,
2060 1296 2173 1334 non
2207 1279 2573 1335 omine.Nam
2602 1279 2755 1335 linea
2776 1279 2949 1339 tertia
2978 1278 3267 1353 legimus;
3304 1300 3332 1328 ‹‹
3382 1279 3550 1344 Ωιιο-’

1878 1368 2037 1423 niam
2063 1367 2169 1423 tibi
2201 1367 2400 1424 divina
2429 1368 2619 1440 gratia
2659 1369 2887 1441 regium
2942 1385 3142 1425 nomen
3198 1366 3417 1440 pariter
3472 1369 3531 1424 et

1878 1459 2139 1513 honorem
2171 1457 2478 1512 concessit.
2518 1479 2546 1506 »

1948 1545 2163 1600 Notum
2196 1549 2307 1611 est,
2339 1544 2728 1618 Stephanum,
2761 1545 3069 1620 Hungariae
3113 1545 3473 1618 principem,
3494 1561 3529 1602 a

1876 1638 2118 1690 Summo
2145 1633 2424 1690 Pontifice
2453 1650 2728 1691 coronam
2750 1635 3062 1708 accepisse.
3095 1633 3329 1690 Nullam
3349 1631 3549 1710 igitur.

1880 1740 2119 1779 causam
2153 1721 2398 1795 reperio,
2423 1739 2526 1778 cur
2550 1723 2728 1779 talem
2761 1740 3037 1786 coronam
3077 1723 3150 1782 ab
3198 1723 3530 1796 Apostolico

1877 1811 2186 1867 Benedicto
2213 1811 2362 1867 VIII.
2399 1817 2502 1868 aut
2531 1810 2757 1868 Joanne
2788 1812 2900 1870 XX.
2927 1817 3196 1884 negatam
3216 1811 3336 1884 regi
3362 1810 3530 1867 Polo-

1877 1918 2084 1956 norum
2112 1916 2240 1957 esse
2263 1901 2512 1956 dixerim
2546 1918 2559 1969 ;
2588 1901 2760 1957 modo
2808 1917 2938 1957 eam
2989 1899 3297 1974 rogavori‘t.
3353 1898 3529 1960 Occa-

1875 1989 2101 2045 sionem
2131 1989 2408 2055 oblatam,
2433 2006 2682 2062 regnum
2700 1989 2950 2046 Poloniae
2971 1988 3532 2049 immediatecathe-

1875 2077 1990 2131 drae
2003 2078 2198 2133 Sancti
2224 2077 2372 2134 Petri
2392 2076 2710 2151 obligandi,
2728 2095 2842 2133 non
2859 2077 3229 2151 repudiasset
3243 2077 3527 2142 Summus

1876 2165 2158 2221 Pontifex.

1945 2257 2127 2310 Vetus
2141 2255 2409 2326 quaedam
2429 2255 2582 2328 apud
2605 2254 2855 2311 Polonos
2877 2258 2966 2320 est
2987 2253 3310 2323 traditio,id
3327 2253 3525 2326 ipsum

1873 2342 2092 2397 factum
2121 2359 2250 2398 esse
2298 2344 2466 2415 (415).
2520 2343 2680 2398 Adde
2729 2361 2858 2399 eam
2917 2333 3100 2399 fuisse
3156 2342 3524 2402 occasionem

1872 2429 2374 2503 simplicissimau,
2409 2431 2697 2487 tributum
2731 2432 2927 2488 Sancti
2977 2431 3128 2487 Petri
3168 2431 3226 2487 iu
3285 2429 3526 2488 Polonia

1871 2519 2218 2574 instituendi
2245 2537 2257 2574 :
2281 2536 2412 2592 quas
2442 2536 2554 2586 res,
2589 2535 2776 2590 neque
2808 2523 2998 2589 antea,
3053 2536 3242 2592 neque
3300 2523 3522 2592 postea,

1870 2607 2024 2662 facta
2043 2622 2172 2663 esse
2187 2612 2378 2680 potest
2399 2626 2413 2676 ;
2439 2625 2554 2663 non
2578 2611 2769 2676 antea,
2803 2613 3040 2680 propter
3056 2607 3524 2666 Christianorum

1869 2695 2246 2751 solitudinem
2275 2701 2332 2751 et
2361 2697 2797 2752 conversionem
2817 2701 3108 2754 recentem
3134 2696 3204 2752 ad
3228 2696 3408 2752 ritum
3436 2695 3518 2753 1a-

1869 2783 2082 2849 tinum,
2116 2789 2218 2840 aut
2249 2785 2321 2840 ad
2354 2785 2690 2855 Christum;
2722 2802 2838 2842 non
2860 2789 3062 2858 postea
3093 2785 3248 2862 quod
3277 2784 3525 2844 historia

1865 2872 2132 2930 Casimiri
2165 2891 2233 2930 ex
2265 2874 2621 2930 monasterio
2655 2873 3029 2933 Cluniacensi
3060 2875 3517 2948 remissi,impo—

1867 2960 2081 3033 sitique
2107 2979 2235 3018 eam
2260 2963 2331 3018 ob
2365 2979 2488 3018 rem
2541 2955 2749 3019 tributi
2800 2981 2836 3020 a
2884 2963 3156 3036 plurimis
3204 2963 3525 3030 falsissima

1866 3053 2106 3120 putatur
2135 3051 2302 3122 (416).
2335 3052 2532 3124 Neque
2553 3053 2729 3109 etiam
2761 3053 3016 3108 dubitari
3048 3057 3256 3125 potest,
3290 3053 3432 3124 quin
3455 3052 3523 3108 i1-

98 3143 196 3207 ut,
231 3138 348 3194 ritu
367 3155 512 3195 novo
537 3140 857 3212 potentiam
885 3145 942 3196 et
963 3141 1268 3208 honorem,
1292 3142 1461 3214 regite
1484 3140 1756 3213 dignitati
1864 3137 1965 3192 lud
1994 3139 2303 3206 tributum,
2333 3157 2366 3194 a
2392 3145 2555 3212 patre
2587 3145 2922 3213 antequam
2954 3139 3525 3209 moriretur,Polonis

94 3227 1533 3302 insitas,augendo,ﬁliossuosfortioresredderet
1555 3235 1755 3286 contra
1786 3214 1829 3281 C
1867 3226 2230 3300 impositum,
2293 3228 2351 3282 in
2411 3227 2774 3298 hominibus,
2815 3232 3364 3302 magnampartem
3423 3245 3522 3286 ore

93 3317 510 3388 imperatores,
543 3320 599 3372 et
627 3320 850 3383 contra,
873 3335 1052 3390 quam
1075 3319 1400 3385 nominant,
1424 3318 1753 3374 Szlachtam

95 3405 187 3475 (id
219 3408 308 3460 est
337 3405 571 3473 milites,
632 3405 718 3460 vel
779 3405 951 3475 cives,
1012 3405 1101 3461 vel
1158 3405 1404 3476 nobiles)
1462 3406 1752 3462 libertatis

94 3494 598 3550 amantissimam.

181 3582 505 3645 Bolizlavus
517 3583 642 3640 suis
661 3583 998 3656 ipsiissimis
1018 3583 1202 3639 oculis
1226 3583 1315 3639 bis
1329 3585 1756 3657 viderat,quam

85 3675 404 3736 abusivam
438 3672 928 3746 significationem
958 3677 1013 3728 et
1041 3672 1368 3746 Imperator
1396 3678 1454 3728 et
1484 3673 1757 3729 Germani

93 3765 427 3836 adjicerent
457 3778 574 3817 suae
607 3760 928 3834 praesentiae
956 3760 1014 3815 in
1076 3765 1362 3817 conventu
1421 3761 1758 3833 principum

88 3850 430 3912 Germaniae
457 3868 471 3918 ;
504 3865 808 3921 nunquam
832 3849 948 3905 fere
975 3849 1130 3915 fecit,
1151 3866 1278 3922 quae
1301 3849 1372 3905 ab
1404 3851 1760 3922 Imperatore

98 3941 228 4015 ipsi
259 3945 541 4011 tanquam
571 3937 742 3993 militi
769 3938 1196 4010 imperarentur
1219 3956 1232 4005 ;
1256 3942 1313 3994 et
1327 3936 1427 3992 tali
1452 3938 1761 3996 conventui

80 4030 360 4090 adfuisse
383 4028 639 4100 pudebat
671 4042 870 4100 regem
903 4027 1084 4099 (413).

170 4169 470 4241 Ejusdem,
486 4167 846 4241 Wladimirii
865 4167 1163 4241 vexillum,
1190 4173 1600 4241 conservatum
1621 4173 1762 4225 Gru-

83 4239 427 4323 sini'prope
456 4239 915 4310 Novogorodam,
951 4239 1008 4292 in
1077 4255 1192 4309 quo
1208 4240 1338 4294 e'us
1360 4242 1478 4298 ima
1522 4259 1553 4308 ο
1581 4242 1756 4314 picta,

85 4315 266 4369 edita
294 4310 436 4365 lbld.
472 4310 537 4364 Il.
572 4326 628 4369 β.
664 4309 792 4369 407,
824 4314 972 4364 teste
1003 4309 1196 4364 Strahl
1230 4257 1438 4365 ἀθεεὶ).
1481 4257 1682 4368 ᾗυεεὶ.
1715 4313 1756 4366 Ι.

85 4325 266 4372 edita
294 4325 436 4365 Ima.
473 4325 537 4364 ll.
572 4326 628 4380 p.
664 4325 792 4374 1w,
824 4325 972 4364 tesw
1003 4325 1196 4364 Strahl
1230 4325 1438 4365 uescn.
1488 4325 1682 4368 ttussl.
1715 4325 1756 4366 1.

86 4406 159 4461 p.
379 4381 526 4461 Nam
547 4380 607 4461 in
639 4379 956 4461 exemplari
1001 4379 1390 4461 Berolinensis
1416 4382 1755 4461 bibi_othecas

88 4450 280 4526 regiae
310 4451 513 4532 deest).
546 4451 705 4532 Idem
739 4450 1041 4532 Stlrahlius‘
1059 4466 1304 4532 magnos
1327 4452 1505 4532 duces
1528 4452 1756 4532 hasco-

82 4520 283 4584 roiias
314 4526 415 4606 aut
438 4522 544 4606 bes
576 4520 1046 4606 pileg§,(xo)‘taovn)
1079 4537 1150 4606 ne
1166 4520 1225 4576 in
1257 4522 1748 4606 ecclesiaquidem

83 4601 171 4655 de
221 4593 498 4665 osuisse'(
529 4593 676 4648 teste
705 4593 833 4648 Wo:

170 4613 334 4810 {408)
365 4664 501 4737 Cap.
534 4663 648 4719 XX.
680 4663 754 4719 N0

199 4737 344 4810 409)
375 4737 574 4791 Annal.
656 4736 833 4810 gert"

199 4737 344 4808 409)
375 4735 574 4791 Annal.
659 4736 976 4791 Bertiniam'
1025 4735 1097 4808 ad
1154 4752 1206 4790 a.
1267 4737 1374 4791 750
1432 4757 1460 4808 ς(
1521 4735 1760 4807 Pipinus

96 4807 620 4868 sebundiammorem
641 4808 982 4863 Francorum
1011 4807 1232 4862 electus
1257 4811 1348 4862 est
1376 4807 1448 4862 ad
1486 4822 1742 4868 regem.»

174 4880 331 4951 (410)
366 4879 566 4934 Annal.
598 4878 852 4946 Fuldens,
887 4877 1096 4946 Annal,
1129 4879 1430 4934 Loiselianz'
1457 4882 1515 4934 et
1542 4877 1762 4934 Lauris.

90 4955 420 5009 hamenses.

178 5022 331 5163 (411)
359 5025 496 5100 Cap.
531 5019 766 5074 XXXIV.
800 5020 994 5100 Νο,19.

206 5093 333 5162 412)
364 5091 626 5146 Primum
660 5094 820 5161 patre
849 5107 994 5146 Vivet

206 5093 333 5162 412)
364 5091 626 5146 Primum
660 5094 820 5161 patre
849 5091 1094 5157 vivente,
1154 5107 1309 5146 anno
1367 5092 1493 5159 755,
1545 5109 1580 5146 a
1636 5091 1760 5148 Ste-

96 5165 334 5241 thmf’.
349 5178 501 5241 Ρθὲρδ
525 5178 537 5228 ἓ

184 5238 249 5288 9°
278 5230 506 5288 Mértuo
535 5235 700 5303 patre
731 5230 952 5287 electus
982 5234 1070 5303 est
1107 5231 1458 5303 Francorum
1494 5248 1656 5303 more
1708 5237 1766 5288 et

88 5301 706 5383 corgnnatusmlactor.
740 5304 937 5358 incert.
969 5301 1354 5383 Chronicihap.
1385 5303 1466 5383 Dn
1493 5302 1762 5383 Chesnel.

93 5376 358 5455 p.350}
390 5395 419 5425 «
449 5374 693 5445 Pipinus
723 5390 821 5455 pex
852 5374 1120 5455 moritur,
1149 5377 1206 5429 et
1234 5372 1392 5428 filius
1418 5374 1656 5430 Carolus
1709 5379 1766 5431 et

95 5443 137 5503 ἶ(
167 5443 641 5503 Carolomannus
689 5443 990 5517 eliguntur
1018 5444 1077 5499 in
1127 5460 1374 5519 regno.»

182 5518 391 5575 Annal.
424 5517 773 5572 Laurisham.
806 5515 877 5570 ad
912 5533 964 5571 a.
993 5516 1130 5571 708:
1167 5539 1192 5566 «
1231 5515 1470 5571 Carolus
1501 5519 1558 5572 et
1587 5516 1760 5572 Caro-

103 5614 145 5645 ‹‹
178 5591 502 5672 Iomannus
526 5604 817 5644 consensu
846 5586 1112 5643 omnium
1170 5587 1523 5643 Francorum
1583 5587 1768 5660 Reges

103 5685 144 5717 (ι
187 5665 542 5811 (is;th
564 5730 668 5787 vit,
695 5729 884 5788 Caroli
916 5729 1116 5806 magni
1138 5746 1190 5789 ο.
1221 5729 1282 5790 3:
1317 5750 1347 5783 »
1379 5729 1768 5800 Franci,faoto

450 5859 714 5937 PATROL.
759 5855 906 5926 GLI.

529 4581 1246 4665 testeWosskres'Chron.
1282 4609 1321 4650 I.
1365 4595 1496 4665 205)
1526 4581 1742 4650 monet.
1777 4581 1824 4645 D

1870 3314 2227 3382 Christianis,
2258 3317 2429 3372 corde
2448 3316 2789 3389 gentilibus,
2815 3321 2916 3372 aut
2952 3315 3522 3386 Greco-Slavonicis,

1865 3403 2065 3464 odium
2097 3419 2224 3458 eam
2246 3403 2305 3458 in
2338 3404 2678 3475 religionem
2712 3404 2948 3462 auxerit
2987 3404 3354 3476 (417).Quum
3385 3419 3521 3476 ergo

1865 3491 1987 3546 haec
2016 3491 2249 3547 traditio
2281 3493 2427 3547 miro
2459 3497 2742 3566 congruat
2770 3493 2942 3549 modo
2993 3509 3127 3550 cum
3158 3492 3519 3566 Chronogra-

1865 3580 2114 3652 phorum
2133 3596 2546 3654 germanorum
2566 3581 2939 3654 notitia,mihi
2960 3582 3194 3654 quidem
3223 3599 3256 3637 a
3275 3581 3518 3640 veritate

1866 3672 2089 3725 remota
2117 3685 2246 3726 esse
2275 3687 2388 3726 non
2419 3671 2665 3728 videtur.

1937 3758 2118 3823 Adde,
2178 3775 2381 3815 omnes
2458 3759 2904 3816 incertitudines
2954 3761 3108 3832 apud
3155 3760 3519 3833 posteriores

1867 3847 2180 3918 scriptores
2211 3847 2378 3904 facile
2404 3848 2568 3910 nasci
2600 3849 2884 3920 potuisse,
2917 3865 3104 3920 quum
3134 3848 3402 3905 viderent
3431 3852 3519 3904 tot

1866 3935 2018 3990 tradi
2037 3936 2461 4004 coronationes,
2486 3953 2561 3992 un
2571 3953 2666 3992 am
2687 3941 2885 3992 autem
2903 3937 3312 3992 tantummodo
3325 3952 3521 3992 veram

1869 4038 1998 4079 esse
2020 4040 2192 4095 posse
2223 4028 2546 4080 censerent.
2581 4013 2985 4081 Coronationis
3037 4025 3109 4080 ab
3169 4024 3524 4098 Imperatore

1869 4186 1896 4214 ‹‹
1931 4163 2272 4238 solemniter
2317 4163 2589 4238 generali
2606 4169 2897 4238 conventu
2926 4183 2939 4233 ;
2973 4165 3180 4222 ambos
3211 4164 3303 4224 sib
3335 4165 3524 4237 ireges

1869 4258 1897 4285 «
1932 4236 2424 4302 constituunt,'ea
2449 4236 2801 4307 conditione,
2839 4240 2946 4292 etc.
2978 4258 3005 4286 ››

1935 4317 1991 4369 3°
2026 4317 2224 4389 Fratre
2256 4317 2683 4372 Carolomanno
2707 4315 3212 4389 regnoabdicente
3233 4316 3322 4372 vel
3365 4331 3524 4371 mor-

1869 4391 1989 4452 tuo,
2023 4387 2242 4443 electus
2291 4404 2524 4461 quoque
2557 4392 2669 4461 (est
2713 4387 2811 4443 rei:
2841 4387 3000 4461 illius
3017 4387 3522 4461 regni,coronatus

1867 4461 1925 4512 et
1951 4463 2185 4527 unctus,
2217 4459 2606 4516 tumultuario
2638 4463 2932 4528 tamen,ut
2949 4459 3197 4528 videtur,
3219 4459 3412 4515 modo.

1934 4537 2488 4612 Annal.‘lilete_ns_.iad
2525 4556 2576 4612 a.
2614 4541 2713 4594 771
2748 4556 2761 4593 :
2801 4561 2827 4590 «
2861 4539 3255 4612 Eteprimates,
3290 4537 3525 4612 qui_fue-

1857 4616 1886 4647 (ί
1918 4612 2056 4662 runt
2087 4630 2114 4658 »
2140 4608 2325 4664 Caroli
2358 4610 2577 4677 Manni,
2607 4633 2634 4660 «
2670 4607 3262 4668 unxerunt-domuum
3285 4607 3520 4667 Carlum

1870 4700 1897 4727 «
1931 4695 2110 4750 super
2133 4695 2194 4734 se
2228 4679 2286 4734 in
2321 4679 2562 4752 Regem.
2589 4702 2618 4729 »

1942 4759 1998 4835 4ο
2031 4759 2148 4814 Rex
2168 4758 2278 4828 (vel
2309 4757 2631 4830 Imperator
2655 4758 2705 4830 ?)
2737 4761 3256 4835 Longobardorum
3287 4761 3520 4815 creatus

1873 4834 1984 4883 est.

1939 4901 1998 4954 5ο
2025 4900 2346 4957 Imperator
2377 4899 2775 4955 Romanorum
2807 4918 2841 4957 a
2872 4901 3118 4957 Summo
3146 4900 3434 4956 Pontiﬂce
3469 4904 3528 4955 et

1871 4971 2093 5041 Populo
2125 4971 2411 5026 Romano.

1942 5051 2089 5124 (413)
2126 5051 2185 5124 Υ.
2211 5050 2580 5124 ᾳξιρηχνηδ.
2612 5051 2648 5107 5
2673 5070 2686 5120 ;
2710 5051 2846 5124 Cap.
2880 5050 3024 5107 XVI.
3084 5051 3176 5106 N°.
3233 5050 3384 5106 Met
3415 5049 3524 5118 46;

1871 5125 1929 5177 et
1959 5121 2094 5193 Cap.
2131 5121 2325 5177 XVIII.
2361 5122 2464 5177 No.
2499 5122 2555 5177 1.

1942 5202 2090 5273 (41η)
2121 5201 2186 5256 v.
2211 5201 2347 5273 Cap.
2383 5201 2521 5257 XVI.
2556 5201 2638 5258 No
2672 5205 2759 5258 12.
2793 5201 2930 5274 Cap.
2955 5201 3152 5258 XVIII.
3187 5201 3279 5257 No.
3316 5201 3367 5258 I.

1944 5281 2090 5353 (415)
2137 5282 2311 5353 Petri!
2362 5282 2622 5336 Damiani
2690 5281 2887 5337 vitaS.
2967 5280 3286 5339 Romualdi
3343 5283 3370 5349 §
3434 5281 3523 5338 48.

1872 5351 2461 5423 δινιιυθὀοι·ρ.ὴὶειοῐ’.
2495 5353 2805 5425 german.l
2859 5354 2984 5407 267.
3020 5356 3234 5408 Annot.
3293 5354 3382 5408 42.

1948 5433 2095 5502 (416)
2120 5432 2358 5503 Roepell,
2416 5433 2700 5488 Mabillon.
2735 5433 3134 5502 Nuruscewicz,
3166 5449 3220 5498 v,
3255 5448 3453 5504 supra.

1851 5525 1854 5528 '
1947 5514 2094 5586 (H7)
2129 5536 2154 5562 ‹‹
2192 5512 2545 5586 Ricbenzam
2569 5529 2804 5586 avaram
2829 5529 3129 5586 novasque
3146 5514 3401 5586 rationes
3431 5529 3526 5571 co-

1879 5583 2131 5669 (Lgendaa
2163 5583 2881 5669 pecunianexquirentem.
2913 5605 2939 5640 ι
2978 5583 3210 5644 Gromer
3239 5585 3332 5644 III.
3367 5603 3423 5663 p.
3457 5585 3528 5646 37

1882 5655 2147 5716 Μῖεσήου.
2164 5655 2253 5713 Ἠ.
2285 5671 2336 5713 c.
2370 5655 2458 5718 43.

3137 5855 3218 5943 41
