4026 6176
207 408 358 470 4389

1449 410 1516 473 S.
1562 408 1993 474 MATHILDIS
2039 410 2356 473 REGINA.

3452 408 3610 471 1390

205 543 580 614 -Russisve,ut
609 544 857 602 Polonos
900 543 1106 617 ejicere
1163 548 1516 601 conarentur
1562 563 1593 602 e
1651 544 1842 614 terris,
1873 545 1930 612 Α
1960 545 2413 613 nescias,utrum
2435 543 2748 600 Christiani
2777 543 3338 611 Muhamedanos,an
3378 541 3437 598 hi
3479 541 3613 597 illos

211 646 346 703 quas
365 630 754 689 Wladimirus
785 633 994 706 (pater)
1028 633 1167 690 olim
1202 634 1558 705 possederat.

271 721 329 777 In
361 721 472 778 hac
496 722 864 796 expeditione
895 723 1114 796 Misego
1147 723 1452 796 antiquam
1481 723 1726 795 gloriam
1751 741 1849 796 pa-

207 814 421 867 ternam
454 812 620 868 facile
649 813 884 884 assequi
919 816 974 868 et
1014 829 1361 869 conservare
1406 817 1651 884 poterat.
1700 813 1848 868 Nam

204 899 365 956 ceteri
387 900 588 957 hostes
619 902 882 957 nondum
915 903 1061 957 satis
1093 902 1279 974 parati
1308 905 1566 969 erant,ut
1604 901 1850 958 Polonos

201 988 571 1048 .debellarent.
604 990 926 1062 Imperator
971 991 1255 1046 Henricus
1302 992 1422 1046 fere
1462 990 1687 1057 eodem,
1733 1009 1850 1064 quo

208 1077 521 1135 Bolizlavus
552 1082 832 1152 tempore,
868 1084 1139 1135 mortuus
1173 1083 1319 1145 erat,
1351 1084 1408 1135 et
1437 1081 1757 1147 Conradus,
1789 1079 1849 1134 in

208 1169 328 1239 ejus
352 1167 546 1224 locum
578 1169 883 1236 suffectus,
919 1169 1180 1224 nondum
1232 1168 1587 1240 civiles,qua3
1639 1186 1848 1224 novam

207 1258 592 1329 sequebantur
611 1257 977 1324 electionem,
1026 1262 1222 1314 motus
1266 1258 1589 1314 sedaverat.
1653 1259 1852 1330 Neque

209 1345 374 1403 Russi
416 1346 528 1419 ipsi
568 1363 784 1419 magna
814 1347 866 1401 vi
922 1346 1174 1403 Polonos
1229 1346 1511 1418 repellere
1553 1346 1848 1414 valebant,

207 1433 350 1490 bello
379 1432 633 1488 maximo
664 1434 818 1488 inter
848 1434 1056 1489 fratres
1087 1434 1380 1506 principes
1408 1435 1708 1508 ﬂagrante.
1741 1439 1850 1490 Cu-

201 1524 296 1595 jus
318 1528 436 1579 tam
461 1522 665 1578 remoti
699 1521 832 1578 belli
864 1521 1016 1578 inter
1044 1521 1292 1578 Polonos
1325 1523 1665 1595 Russosque
1693 1524 1854 1579 testi-

207 1609 465 1667 monium
496 1611 792 1682 quoddam
826 1611 1031 1666 afferre
1051 1611 1323 1667 videntur
1339 1611 1600 1684 epistolae
1627 1612 1854 1668 Mathil-

207 1701 342 1756 dicze
369 1699 547 1755 verba
576 1700 634 1755 in
670 1717 835 1756 verso
869 1703 1074 1772 quarto
1099 1705 1155 1755 et
1185 1699 1412 1773 quinto,
1443 1700 1688 1756 ubieum
1713 1699 1854 1756 dicit

205 1791 354 1863 felici
380 1792 596 1862 inceptu
640 1807 902 1863 regnare.
955 1795 1072 1846 Hoc
1114 1806 1313 1863 urgeo,
1366 1789 1425 1844 id
1483 1807 1597 1844 non
1661 1789 1852 1845 valere

208 1897 375 1952 posse
403 1881 475 1936 de
504 1879 950 1936 excursionibus
980 1879 1040 1934 in
1075 1895 1323 1934 marcas.
1359 1879 1505 1934 Nam
1540 1895 1656 1933 non
1675 1879 1850 1934 modo

210 1969 504 2026 Mathildis
533 1969 866 2042 germanica
897 1973 955 2024 et
996 1968 1316 2024 christiana
1365 1971 1507 2035 erat,
1538 1967 1637 2023 sed
1672 1967 1850 2022 etiam

208 2075 367 2115 soror
391 2059 590 2114 uxoris
622 2059 754 2115 novi
775 2057 1096 2114 Germaniae
1131 2056 1557 2130 regis,Conradi
1592 2057 1686 2122 11.,
1711 2073 1844 2112 cum

208 2165 319 2222 quo
348 2147 677 2204 arctissime
705 2148 915 2219 juncta
944 2147 1229 2210 eratQuce
1265 2146 1323 2200 in
1351 2144 1566 2202 marcis
1588 2145 1850 2201 devasta-

208 2238 412 2306 tiones,
447 2235 642 2292 felices
671 2235 786 2290 dici
844 2252 936 2292 res
987 2236 1060 2291 ab
1119 2251 1188 2291 ea
1245 2235 1586 2307 nequibant.
1622 2232 1852 2304 Optime

188 2327 380 2384 etiam
411 2326 573 2382 addit
601 2324 900 2382 Mathildis
929 2343 941 2381 :
968 2348 996 2374 ‹‹
1031 2330 1092 2380 ut
1121 2325 1331 2391 audivi,
1369 2347 1395 2374 »
1424 2341 1538 2395 quo
1600 2327 1852 2377 remotas

206 2432 306 2489 per
338 2431 619 2488 magnum
653 2414 910 2486 spatium
944 2431 1036 2470 res
1068 2413 1306 2469 indicat.
1737 2432 1742 2439 ·

275 2504 397 2567 Qua
427 2519 487 2559 re
519 2520 752 2559 omnem
785 2503 941 2558 hunc
972 2502 1168 2558 locum
1203 2520 1236 2559 a
1285 2501 1516 2558 Polonis
1568 2502 1648 2555 ita
1701 2499 1852 2555 tradi

206 2593 474 2659 arbitror,
509 2597 575 2648 ut
605 2609 801 2648 revera
832 2593 1048 2647 factum
1083 2596 1188 2647 est.
1222 2591 1504 2647 Praeterea
1534 2591 1658 2662 ipse
1710 2589 1853 2644 Roe-

205 2681 418 2756 pellius
448 2682 560 2737 alio
591 2681 714 2736 loco
755 2680 1041 2745 concedit,
1078 2680 1259 2736 fuisse
1291 2680 1535 2751 antiqua
1569 2680 1720 2734 inter
1752 2679 1853 2732 Po-

206 2772 371 2828 lonos
385 2773 766 2826 monumenta
779 2786 934 2824 nunc
949 2766 1859 2841 deperdita,quibusDlugoszius

202 2859 290 2915 vel
323 2859 493 2915 ceteri
527 2857 618 2913 usi
649 2857 769 2913 sint
794 2857 964 2930 (423).

205 2976 337 3033 CAP.
397 2975 531 3030 XLI.
557 2975 685 3029 —A
727 2975 965 3043 Misgone
1005 2976 1074 3038 II,
1121 2989 1369 3045 paganos
1399 2974 1543 3044 jam,
1595 2973 1860 3044 aliosque,

350 3048 612 3102 Ecclesiae
629 3047 840 3101 Latinae
858 3047 1094 3116 Regique
1121 3045 1718 3114 renitentes,defecisse.

1961 653 2173 692 novum
2206 651 2426 691 morem
2459 633 2782 691 docuerint.

2031 724 2244 780 Primis
2269 724 2637 797 temporibus
2669 722 3080 780 reluctationes
3120 724 3411 791 maximae,
3461 737 3614 795 saepe.

1961 818 2233 881 cruentas,
2260 818 2317 869 et
2358 813 2575 869 centies
2627 813 2870 869 iteratae.
2924 815 3062 868 Post
3100 811 3347 867 rariores
3392 811 3612 867 renite-

1961 905 2178 960 bantur
2200 902 2410 977 pagani
2438 920 2454 967 ;
2477 906 2734 959 attamen
2754 919 3059 974 nunquam
3078 901 3136 955 in
3163 900 3620 968 terris,recenter

1962 994 2030 1048 ad
2065 993 2360 1049 Christum
2413 991 3052 1063 conversis,defuerunt
3082 988 3315 1063 pagani,
3351 989 3451 1061 qui
3508 990 3610 1044 ad-

1958 1087 2349 1138 versarentur.
2396 1081 2489 1136 Sic
2537 1082 2595 1136 in
2646 1098 2715 1136 ea
2781 1080 2981 1136 Slaviaa
3048 1083 3370 1152 parte,quaa
3441 1077 3613 1133 hodie

1961 1172 2474 1244 Brandenburgica
2486 1174 2593 1237 est,
2610 1171 2743 1243 plus
2758 1174 2964 1242 quater
2992 1167 3308 1225 Christiani
3335 1166 3610 1222 trucidati

1964 1266 2066 1317 aut
2103 1261 2268 1332 ejecti
2300 1265 2356 1316 et
2386 1260 2642 1317 ecclesiae
2679 1260 3020 1315 combustae.
3064 1258 3158 1313 Sic
3210 1257 3270 1313 in
3316 1255 3618 1328 Hungaria

1961 1367 2144 1422 supra
2171 1350 2426 1405 vidimus
2456 1348 2654 1404 Belam
2677 1349 2888 1415 vocari,
2941 1353 3003 1404 ut
3029 1365 3129 1404 rex
3182 1344 3612 1419 ﬁeret,potissi-

1962 1456 2124 1494 mum
2160 1457 2194 1495 a
2225 1439 2472 1494 factione
2524 1455 2753 1511 pagana
2797 1442 2899 1493 aut
2949 1441 3142 1493 Graeca
3189 1437 3359 1508 ([1214).
3406 1434 3501 1491 Sic
3549 1433 3610 1489 in

1961 1528 2240 1584 Bohemia
2270 1546 2384 1585 non
2419 1527 2609 1584 solum
2643 1527 2928 1584 nobilium
2961 1527 3244 1583 factiones
3275 1525 3378 1582 sed
3433 1524 3610 1580 etiam

1961 1635 2323 1690 paganorum
2355 1634 2546 1673 mores
2575 1617 2790 1690 partim
2815 1613 3370 1688 severiores,partim
3428 1613 3609 1669 laxio-

1962 1725 2053 1763 res
2086 1725 2151 1763 ac
2188 1707 2674 1772 Christianorum,
2726 1705 3088 1778 impulerunt
3139 1701 3608 1760 SanctumAdal-

1960 1797 2301 1861 bertum,ut
2333 1797 2530 1852 sedem
2583 1794 2974 1868 episcopalem
3024 1794 3400 1866 relinqueret,
3448 1792 3604 1864 quod

1963 1884 2248 1941 Bohemiae
2276 1886 2483 1953 Duces,
2518 1884 2837 1942 dissimiles
2867 1884 3153 1940 Bolizlavo
3193 1882 3430 1950 Polono,
3478 1882 3606 1937 vin-

1961 1974 2118 2031 dices
2145 1991 2435 2030 canonum
2469 1974 2993 2031 ecclesiasticorum
3016 1973 3172 2029 haud
3206 1989 3268 2029 se
3290 1971 3606 2027 constitue-

1962 2067 2108 2119 rent.
2147 2063 2241 2119 Sic
2292 2065 2348 2119 in
2399 2063 2698 2119 Carinthia
2744 2063 2950 2119 rustici
3002 2061 3344 2136 religionem
3408 2075 3607 2117 veram

1960 2151 2555 2220 conﬁtebantur,licet
2583 2151 2858 2208 manibus
2876 2151 3124 2224 pedibus
3146 2153 3449 2222 magnates
3476 2147 3607 2204 lon-

1959 2257 2098 2314 gum
2114 2256 2215 2312 per
2231 2244 2461 2311 tempus
2500 2239 2943 2312 oppugnabant,
2965 2236 3467 2292 Christianismum
3481 2238 3608 2288 tan-

1960 2346 2136 2402 quam
2168 2328 2504 2400 religionem
2522 2343 2842 2401 pauperum
2861 2331 2917 2382 et
2933 2326 3285 2382 rusticorum
3300 2323 3610 2379 irridentes

1961 2424 2018 2474 et
2067 2422 2546 2474 contemnentes:
2599 2415 2909 2484 contrario,
2963 2420 3027 2470 ut
3074 2416 3141 2469 fit
3184 2414 3499 2484 modo,quo
3550 2411 3608 2467 in

1965 2509 2215 2582 Imperio
2231 2509 2489 2563 Romano
2504 2505 2856 2562 nobilissimi
2873 2504 3093 2576 quique
3113 2502 3334 2576 priores
3351 2502 3421 2558 ad
3455 2500 3610 2555 Chri-

1965 2603 2121 2655 stum
2154 2597 2436 2665 conversi,
2471 2599 2810 2668 spernentes
2841 2593 3148 2666 antiquum
3164 2593 3414 2648 Deorum
3435 2593 3610 2662 atque

1967 2687 2258 2743 idolorum
2292 2686 2538 2750 cultum,
2564 2685 2656 2740 cui
2682 2683 2882 2740 rustici
2933 2685 2992 2738 in
3041 2684 3198 2755 pagis
3249 2679 3610 2738 tenacissimi

1967 2777 2749 2848 adhmrebantpaganismum
2773 2790 2909 2830 eum
2951 2772 3415 2829 nominaverant.

2041 2868 2244 2940 Itaque
2277 2865 2430 2923 Slavi
2453 2863 2663 2938 pagani
2688 2863 2798 2936 (vel
2831 2867 3092 2919 recenter
3141 2859 3424 2932 conversi)
3454 2858 3609 2915 litte-

1973 2974 2170 3011 rarum
2185 2956 2447 3013 studium
2461 2960 2518 3010 et
2533 2971 2737 3010 omnes
2749 2957 2903 3009 artes
2914 2950 3184 3008 liberales
3197 2949 3609 3006 abhorrebant.

1972 3046 2246 3101 Parentes
2285 3042 2460 3099 Russi
2493 3043 2800 3114 putabant,
2839 3040 3168 3096 litterarum
3226 3037 3616 3110 cognitionem

280 3161 448 3219 Felici
466 3178 739 3216 successu
760 3161 875 3217 fere
898 3160 1173 3216 omnibus
1196 3160 1252 3214 in
1270 3159 1442 3214 rebus
1461 3159 1698 3232 gavisus
1741 3161 1866 3214 erat
1971 3152 2100 3191 esse
2112 3133 2459 3232 diab°_1i°f_"_m
2481 3135 2661 3232 “fier”
2685 3128 3192 3232 ἓῖδθξῖοιδθξίθδθέῗ
3210 3124 3616 3232 Ψδθθξηίῐξξζξξί

207 3250 554 3307 Bolizlavus.
592 3251 634 3304 Ι.
669 3249 992 3305 Potentiam
1026 3250 1246 3320 regiam
1280 3249 1339 3303 in
1370 3247 1539 3304 bellis
1565 3247 1859 3320 perpetuis

205 3339 741 3411 auxerat,augendo
783 3338 1113 3410 provincias
1162 3342 1219 3393 et
1265 3337 1619 3392 cumulando
1663 3336 1860 3409 digni-

202 3433 377 3486 tates.
411 3433 685 3484 Proceres
720 3432 914 3484 autem
947 3431 1005 3483 et
1045 3427 1218 3495 cives,
1257 3430 1322 3481 ut
1352 3427 1672 3496 fit,tantum
1730 3442 1859 3498 per-

202 3519 496 3585 diderant,
521 3521 809 3590 quantum
843 3533 942 3573 rex
970 3516 1230 3572 lucratus
1257 3519 1399 3571 erat.
1455 3515 1658 3571 Simile
1711 3514 1855 3586 quid

202 3607 441 3664 rusticis
471 3607 786 3663 acciderat.
819 3605 1038 3679 Pagani
1063 3621 1198 3661 vero
1227 3610 1285 3661 et
1304 3604 1478 3672 Slavi,
1498 3605 1618 3661 sive
1636 3603 1861 3660 Graeco-

200 3696 521 3756 Christiani
553 3695 991 3752 infelicissimos
1023 3711 1085 3751 se
1127 3693 1477 3761 sentiebant,
1522 3711 1640 3749 non
1687 3693 1862 3748 modo

202 3785 303 3857 qui
337 3785 712 3841 exulaverant
749 3789 851 3840 aut
888 3784 948 3839 in
1011 3783 1174 3840 silvis
1237 3783 1605 3849 habitabant,
1659 3799 1858 3838 verum

201 3873 382 3930 etiam
417 3873 476 3942 ii,
509 3873 608 3946 qui
640 3873 808 3929 inviti
832 3872 919 3929 vel
942 3871 1128 3929 obiter
1153 3873 1226 3928 ad
1249 3871 1638 3928 christianam
1659 3871 1859 3927 catho-

201 3963 452 4019 licamve
481 3963 723 4018 latinam
754 3962 929 4018 ﬁdem
981 3961 1242 4018 conversi
1303 3964 1469 4017 erant
1502 3978 1515 4029 ;
1549 3977 1616 4016 eo
1674 3960 1861 4032 magis

200 4053 408 4122 etiam,
445 4053 598 4124 quod
631 4051 972 4107 solvendum
1027 4055 1182 4106 esset
1223 4051 1514 4106 tributum
1557 4048 1809 4105 ecclesiae
1844 4067 1858 4118 ;

199 4143 459 4211 denique
490 4142 644 4214 quod
666 4142 848 4196 ferrea
879 4139 1189 4212 disciplina
1219 4138 1598 4212 pcenitentiali
1631 4154 1855 4211 preme-

199 4235 429 4286 rentur.

277 4319 762 4392 Propagationem
795 4317 1135 4374 Christianae
1168 4317 1465 4390 religionis
1513 4318 1625 4373 alio
1684 4317 1857 4374 modo

195 4414 362 4484 post,
384 4408 498 4464 alio
531 4412 664 4464 ante
689 4407 1139 4463 Constantinum
1172 4407 1452 4478 Magnum
1486 4406 1696 4461 factam
1729 4424 1858 4462 esse

195 4503 458 4555 constat.
492 4496 703 4552 Primis
733 4496 1098 4568 temporibus
1128 4495 1248 4550 hac
1308 4495 1649 4568 propagatio
1701 4494 1858 4551 lenta

196 4593 332 4646 erat
360 4591 418 4642 et
447 4586 969 4660 pacifica.Tantum
1025 4601 1160 4640 vero
1211 4583 1494 4651 abfuit,ut
1541 4584 1856 4640 Christiani

182 4681 465 4751 'paganos
497 4675 550 4732 vi
584 4673 1020 4747 compelleren't,
1056 4678 1122 4729 ut
1166 4673 1361 4745 potius
1419 4673 1534 4746 ipsi
1576 4674 1826 4745 Martyre

194 4767 423 4823 Christi
456 4767 678 4822 fierent.
710 4765 846 4820 Post
886 4762 1339 4819 Constantinum
1373 4763 1528 4818 vices
1587 4765 1854 4830 mutatae;

195 4854 428 4928 templa
451 4871 815 4927 paganorum
845 4853 899 4908 vi
922 4851 1159 4921 clausa;
1216 4851 1428 4924 pagani
1455 4851 1858 4924 persecutione

194 4944 420 5009 affecti,
435 4943 941 5016 gentiles—abusu
963 4941 1300 4997 ambitionis
1319 4957 1562 5013 regnum
1581 4940 1860 5012 plorando

193 5065 273 5076 -—-
305 5034 458 5088 ferro
484 5048 597 5086 non
631 5030 830 5086 minus
860 5046 1037 5101 quam
1067 5031 1240 5085 verbo
1274 5029 1491 5084 Christi
1525 5031 1861 5084 adoratores

196 5126 349 5178 sunt
379 5121 534 5178 facti.
571 5120 713 5175 Inde
743 5136 775 5173 a
806 5117 1171 5188 temporibus
1202 5116 1390 5172 Caroli
1433 5117 1624 5189 Magni
1682 5117 1862 5172 intro-

196 5211 409 5267 ductio
443 5208 741 5281 religionis
772 5205 1114 5263 Christiana:
1148 5206 1207 5260 in
1241 5209 1424 5260 terras
1462 5222 1722 5277 paganas
1753 5206 1867 5264 fere

198 5316 446 5372 semper
475 5297 669 5354 subito
701 5301 757 5354 et
795 5295 1179 5352 tumultuarie
1212 5293 1406 5364 ﬁebat,
1441 5295 1522 5350 ita
1551 5299 1768 5361 tamen,
1804 5299 1869 5350 ut

306 5450 432 5518 423)
462 5450 687 5518 Roepell
716 5450 760 5505 Ι.
791 5466 848 5518 p.
889 5447 982 5504 171
1021 5449 1234 5503 Annot.
1268 5445 1374 5502 No.
1411 5447 1494 5501 13.
1529 5444 1688 5501 alibi.

306 5519 434 5592 424)
464 5522 532 5576 V.
567 5521 706 5592 Cap.
736 5519 922 5577 XXIV.
949 5519 1168 5592 F0158.
1203 5534 1334 5592 sqq.

304 5588 430 5648 425)
462 5588 756 5648 Karanisin
787 5591 924 5646 hist.
958 5591 1015 5646 d.
1044 5588 1268 5646 Russie'
1284 5588 1438 5645 tome
1467 5588 1511 5644 Ι.

279 5660 540 5722 Esneaux
576 5668 634 5720 et
655 5662 1007 5720 Chenechaud
1046 5660 1262 5736 hisld.
1299 5660 1508 5717 Russie
1546 5661 1630 5736 I.__
1653 5679 1713 5736 ρἶ
1746 5661 1869 5736 121.

196 5759 231 5798 ις
268 5736 433 5802 Cotto
457 5738 785 5801 nouveaute
805 5737 980 5815 parat
1011 5733 1062 5795 si
1109 5731 1445 5812 etfrayante.
1495 5731 1874 5810 qu’il'fallait

1963 3226 2140 3298 jussu
2172 3223 2325 3294 regis
2350 3219 2518 3277 liberi
2548 3221 2605 3274 in
2643 3219 2874 3276 scholas
2905 3218 2958 3273 vi
2988 3216 3138 3289 rapti
3165 3216 3417 3272 fuissent
3444 3215 3614 3287 (425).

1971 3313 2226 3381 Accedit,
2242 3311 2393 3383 quod
2416 3309 2751 3366 scholarum
2782 3306 3069 3380 magistri,
3085 3305 3193 3360 viri
3215 3303 3613 3372 ecclesiastici,

1971 3403 2319 3476 plerumque
2352 3401 2410 3456 in
2441 3397 2704 3455 ecclesiis
2734 3401 2836 3454 aut
2859 3394 3231 3452 monasteriis
3246 3392 3612 3450 habitabant.

2040 3491 2097 3546 Si
2128 3492 2249 3546 haec
2280 3490 2339 3546 in
2373 3487 2587 3544 Russia
2607 3488 2761 3543 facta
2790 3489 2949 3552 sunt,
2974 3483 3121 3540 nihil
3152 3481 3613 3554 obstat,quomi-

1970 3599 2084 3637 nus
2098 3579 2314 3636 similia
2326 3578 2385 3633 in
2400 3577 2641 3632 Polonia
2657 3576 2942 3632 accidisse
2959 3571 3423 3643 statuamus,ubi
3465 3575 3614 3628 teste

1972 3668 2237 3726 Mathildi
2270 3672 2506 3723 nostra:
2544 3688 2571 3715 ‹‹
2601 3668 2750 3738 ferro
2779 3664 3083 3721 Christiani
3109 3666 3178 3719 ad
3199 3679 3408 3720 caenam
3434 3662 3616 3718 Domi-

1971 3784 1999 3811 «
2031 3761 2216 3814 nicum
2232 3756 2692 3829 compelleba-ntur
2716 3773 2728 3823 ;
2764 3778 2792 3806 »
2820 3755 2918 3810 ubi
2939 3752 3491 3826 Jordanus,primus
3511 3751 3615 3807 Po-

1969 3849 2242 3904 lonorum
2289 3847 2598 3918 episcopus
2630 3867 2656 3895 «
2691 3843 2945 3900 multum
2990 3843 3231 3910 sudasse,
3265 3864 3292 3893 »
3339 3839 3554 3896 dicitur
3584 3856 3618 3894 a

1969 3937 2324 4001 Thietmaro,
2357 3959 2384 3984 ‹‹
2428 3935 2568 3989 dum
2627 3950 2727 3989 eos
2776 3933 2847 3989 ad
2878 3948 3143 4004 superna:
3184 3929 3408 3986 cultum
3437 3929 3619 3985 vinem

1972 4050 1999 4077 ‹‹
2035 4025 2277 4082 sedulus
2307 4025 2466 4080 verbo
2493 4025 2543 4078 et
2571 4038 2731 4094 opere
2750 4021 3024 4077 invitaret
3054 4019 3223 4092 (426).
3249 4041 3276 4068 ››
3304 4019 3466 4074 Adde
3512 4033 3621 4072 no-

1969 4115 2160 4172 titiam
2192 4114 2452 4183 ejusdem
2465 4110 2784 4168 Thietmari
2800 4110 3130 4166 debarbaro
3145 4107 3317 4164 modo
3339 4106 3622 4180 puniendi

1967 4222 2087 4269 eos,
2118 4204 2220 4276 qui
2253 4207 2453 4260 contra
2485 4201 2644 4274 leges
2675 4198 2931 4256 ecclesiae
2963 4197 3392 4272 peccarent.Ait
3421 4196 3578 4252 enim
3606 4211 3619 4251 :

1967 4316 1995 4346 ‹‹
2026 4293 2089 4349 In
2121 4292 2299 4364 hujus
2328 4291 2528 4363 sponsi
2559 4287 2850 4362 (Bolizlavi
2896 4287 2964 4360 Ι.)
2999 4304 3174 4360 regno
3229 4289 3368 4342 sunt
3423 4284 3623 4341 multa

1967 4405 1993 4432 «
2028 4379 2484 4438 consuetudines
2517 4377 2691 4434 variae
2722 4380 2778 4432 et
2820 4374 3092 4449 quamvis
3142 4374 3302 4445 dirze,
3331 4377 3452 4430 tam
3485 4376 3625 4428 sunt

1966 4494 1992 4520 ‹‹
2030 4471 2324 4526 interdum
2356 4466 2701 4523 laudabiles.
2738 4465 2997 4538 Populus
3041 4463 3199 4520 enim
3260 4479 3407 4520 suus
3450 4477 3626 4519 more

1971 4581 1992 4609 α
2029 4560 2194 4615 bovis
2215 4563 2305 4614 est
2335 4556 2686 4630 pascendus,
2720 4559 2777 4610 et
2803 4555 2956 4611 tardi
2985 4554 3098 4610 ritu
3134 4552 3285 4610 asini
3339 4552 3626 4625 castigan-

1831 4691 1858 4729 s
1885 4655 1932 4719 Ι)
1966 4674 1993 4700 ‹‹
2027 4651 2162 4715 dus,
2193 4652 2250 4702 et
2278 4649 2397 4700 sine
2421 4662 2582 4716 plena
2615 4646 2776 4714 gravi
2803 4660 2908 4699 non
2932 4649 3109 4716 potest
3139 4659 3263 4698 cum
3280 4643 3624 4712 saluteprin-

1968 4762 1996 4789 «
2029 4740 2167 4808 cipis
2199 4737 2431 4791 tractari
2464 4757 2491 4783 »
2523 4733 2602 4804 (id
2637 4737 2726 4789 est
2752 4732 3027 4804 Princeps
3059 4732 3377 4786 damnatus
3409 4734 3517 4798 est,
3572 4731 3631 4785 et

1970 4827 2221 4883 salutem
2254 4823 2463 4878 animae
2494 4821 2733 4891 amittit,
2769 4821 2881 4877 nisi
2912 4820 3016 4876 tali
3048 4836 3222 4892 poena
3245 4817 3404 4891 gravi
3429 4833 3634 4889 pecca-

1971 4923 2124 4972 tores
2158 4911 2888 4983 ecclesiasticoscastigat).
2915 4933 2942 4960 «
2975 4908 3204 4981 Siquis,
3239 4930 3267 4958 »
3290 4907 3483 4980 pergit
3514 4905 3633 4975 ille,

1974 5005 2090 5060 «in
2123 5003 2232 5059 hoc
2267 5000 2472 5056 alienis
2512 5000 2674 5054 abuti
2738 4998 3047 5065 uxoribus,
3086 4995 3178 5053 vel
3233 4996 3318 5051 sic
3360 4994 3635 5052 fornicari

1974 5117 2001 5144 «
2037 5091 2360 5166 praesumit,
2394 5090 2546 5145 hanc
2594 5089 2864 5145 vindictae
2921 5085 3333 5160 prosequentis
3393 5100 3626 5158 pennam

1977 5207 2001 5234 ‹‹
2041 5182 2309 5255 protinus
2342 5180 2610 5236 sentit.ln
2642 5182 2880 5251 pontem
2915 5175 3153 5233 mercati
3177 5175 3228 5232 is
3268 5176 3484 5231 ductus
3528 5189 3632 5246 per

1978 5296 2005 5323 «
2038 5272 2226 5344 follem
2259 5271 2496 5327 testiculi
2527 5271 2677 5325 clavo
2725 5268 3001 5340 afﬁgitur,
3072 5274 3124 5322 et
3171 5267 3435 5322 novacula
3462 5279 3634 5337 prope

1983 5469 2009 5495 ((
2045 5462 2080 5517 γ
2109 5445 2328 5517 trainer
2357 5442 2435 5517 de
2460 5440 2613 5494 force
2630 5438 2736 5517 _les_
2760 5439 2992 5517 enfants
3015 5439 3126 5517 _des_
3156 5437 3357 5517 dames
3379 5436 3484 5517 de“
3503 5435 3632 5517 dis-

1984 5540 2010 5565 «
2038 5507 2305 5581 finction,
2339 5510 2915 5584 quicroyaientleurs
2931 5511 3163 5584 enfants
3177 5510 3414 5582 perdus,
3443 5507 3636 5584 l’écri-

1985 5611 2013 5638 ‹‹
2048 5591 2175 5664 ture
2206 5580 2449 5664 passant
2477 5580 2631 5664 alors
2653 5581 2874 5664 pourla
2913 5580 3422 5656 plusdangereuse
3442 5580 3640 5648 iuvet}.

1987 5611 2013 5638 ι(
2048 5603 2175 5668 iure
2204 5603 2449 5710 gassant
2477 5603 2631 5637 aiors
2654 5603 2798 5664 pour

1987 5681 2016 5712 ‹‹
2051 5663 2170 5714 tion
2243 5674 2273 5712 e
2303 5656 2358 5740 la
2389 5653 2739 5712 sorcellerie.
2771 5676 2798 5704 »

2059 5728 2207 5804 (426)
2242 5725 2534 5786 Thietmar.
2568 5742 2624 5802 p.
2656 5725 2746 5784 97.

2059 5728 2207 5802 (426)
2242 5725 2534 5786 Thietmar.
2568 5742 2624 5802 p.
2656 5725 2746 5784 97.
