4026 6176
203 247 396 352 '1393

1495 249 1560 315 S.
1607 247 2043 315 MATHILDIS
2087 248 2413 314 REGINA.‘

3508 243 3666 308 4394

241 399 271 430 (ί
297 389 465 443 unius
511 401 703 443 moris
746 393 844 444 aut
881 386 1104 445 concubi
1128 401 1223 454 ise,
1278 391 1340 442 at
1387 387 1440 443 ei
1483 387 1779 459 placuerit,
1817 386 1891 440 sit
1916 384 1971 452 Α
2000 385 2172 442 bella.
2199 385 2282 441 Ob
2313 401 2444 442 eam
2476 384 2664 458 ipsam
2698 399 2821 442 rem
2867 381 3158 441 infelicior
3189 385 3319 442 erat
3345 386 3531 459 patre,
3566 384 3666 456 qui

225 497 272 528 «a
299 478 684 550 conjunctione
712 479 992 534 contentus
1023 497 1045 529 ι
1082 476 1254 549 (432).

2012 473 2280 547 singulos
2310 473 2509 530 hostes
2542 473 2850 531 devicerat.
2879 475 3038 531 Adde
3076 473 3274 531 odium
3307 472 3669 548 paganorum

255 585 258 589 ‘
310 567 543 623 Poterat
563 566 1074 640 igiturantequam
1096 566 1543 623 matrimonium
1568 565 1902 621 iniretcum
2003 565 2129 635 jam
2153 565 2279 636 jam
2331 564 2389 619 in
2437 562 2812 620 rebellionem
2862 569 3241 636 erupturum;
3271 563 3421 620 adde
3466 561 3670 638 fratris

240 654 405 722 Rixa,
437 671 469 711 e
498 653 828 710 concubina
853 653 1205 709 Bolizlavum
1230 654 1528 724 juniorem
1565 668 1900 724 procreasse

238 744 460 818 Misego
486 744 556 800 II.
579 741 922 800 Novercales
953 746 1108 799 artes
1132 759 1166 798 a
1205 742 1464 799 secunda
1496 741 1715 796 femina
1744 744 1898 795 stru-

239 837 367 891 ctas
399 849 528 889 esse
549 832 959 905 primogenita,
980 835 1150 887 vetus
1171 834 1261 887 est
1282 831 1436 902 apud
1470 829 1900 888 Kadlubekium

240 924 587 979 conservata
617 921 720 977 sed
754 919 908 976 male
946 919 1243 976 intellecta
1272 919 1508 974 traditio
1539 919 1704 991 (433).
1739 918 1802 972 In
1835 934 1903 973 ea

237 1028 299 1068 re
329 1011 410 1066 nil
441 1009 700 1066 alienum
729 1009 801 1065 ab
831 1008 1140 1065 hominum
1160 1012 1372 1064 natura
1411 1007 1597 1063 video.
1627 1007 1811 1063 Immo
1842 1006 1900 1061 id

239 1100 358 1157 illis
380 1099 767 1172 temporibus,
790 1103 858 1154 ut
881 1098 1012 1154 aliis
1036 1098 1255 1154 factum
1277 1101 1384 1153 est.
1401 1096 1673 1152 Vidimus
1695 1094 1902 1151 Ludol-

235 1188 442 1263 phum,
467 1187 697 1244 Ottonis
739 1186 935 1259 Magni
967 1203 1035 1242 ex
1064 1185 1276 1242 Editba
1306 1184 1789 1257 primogenitum,
1825 1185 1898 1240 ab

236 1275 554 1335 Adelbeide
583 1291 851 1344 noverca,
877 1291 1005 1347 quae
1035 1275 1226 1347 ipsius
1267 1273 1457 1330 ﬁlium
1480 1273 1750 1329 Ottonem
1774 1273 1896 1344 (11.)

239 1382 418 1440 regno
449 1365 807 1432 destinabat,
836 1363 1009 1421 malis
1042 1364 1319 1420 omnibus
1351 1364 1644 1419 affectum.

308 1455 418 1521 Qui
451 1454 633 1528 igitur
661 1452 987 1510 Bolizlavus
1022 1453 1247 1524 junior,
1273 1456 1340 1508 ut
1372 1452 1588 1518 ferunt,
1619 1468 1897 1548 novercae,

237 1545 298 1600 id
324 1547 415 1600 est
445 1543 621 1612 Rixa,
644 1546 902 1614 ereptus,
926 1542 1280 1598 monasterio
1307 1540 1667 1597 erudiendas
1688 1545 1744 1596 et
1764 1540 1900 1597 eduL

237 1633 462 1689 candus
493 1635 583 1689 est
633 1631 902 1687 traditus.
934 1629 1128 1686 Nihilo
1170 1630 1362 1686 secius
1413 1633 1610 1686 tamen
1665 1629 1900 1686 animus

241 1737 378 1779 eum
409 1721 482 1777 ad
513 1720 931 1793 paganismum
955 1737 1059 1776 seu
1085 1719 1394 1776 ecclesiam
1419 1718 1901 1776 Graeco-Slavoni-

236 1805 364 1865 cam
395 1808 605 1865 tulisse
636 1809 890 1865 videtur.
915 1809 1099 1880 Cujus
1135 1808 1216 1865 rei
1257 1807 1592 1880 exemplum
1624 1811 1809 1864 exstat
1837 1807 1897 1862 in

235 1897 613 1967 Godescalco,
641 1898 1014 1954 Venedorum
1041 1897 1334 1971 rege,qui,
1355 1897 1491 1953 licet
1514 1913 1658 1969 puer
1687 1897 1747 1952 in
1779 1913 1900 1951 mo-

236 1987 492 2045 nasterio
523 1987 826 2054 educatus,
857 1991 1053 2042 tamen
1101 1987 1220 2042 dux
1267 2003 1386 2043 suae
1435 1986 1626 2059 gentis
1657 2003 1896 2059 paganis

238 2080 439 2132 contra
458 2075 822 2132 Christianos
847 2075 1064 2144 evasit;
1088 2077 1274 2132 donec
1307 2074 1515 2131 melior
1538 2091 1717 2130 causa
1745 2075 1804 2129 in
1830 2091 1896 2130 eo

234 2164 539 2224 victoriam
571 2168 906 2237 reportaret.
934 2164 1129 2220 Potest
1153 2180 1387 2236 quoque
1409 2162 1735 2219 Bolizlavus
1760 2163 1897 2219 huic

228 2267 593 2326 paganorum
652 2252 888 2308 factioni
945 2253 1180 2320 favisse,
1233 2269 1352 2324 qua
1418 2253 1603 2308 fretus
1666 2252 1890 2325 regiam

237 2341 586 2414 dignitatem
613 2341 1056 2414 adipisceretur.

310 2431 412 2485 Hic
442 2431 642 2502 itaque
673 2430 996 2486 Bolizlavus
1019 2431 1246 2503 junior,
1288 2435 1451 2503 patre
1478 2431 1725 2496 vivente,
1759 2446 1893 2486 cum

238 2519 420 2574 fratre
449 2518 642 2574 adhuc
673 2519 914 2590 parvulo
947 2519 1207 2576 adfuisse
1244 2521 1476 2576 videtur
1505 2518 1657 2575 bello
1689 2521 1892 2574 Pome-

238 2624 401 2664 rano.
426 2608 588 2680 Saepe
617 2612 756 2688 tunc
785 2607 952 2663 liberi
980 2609 1334 2680 principum,
1368 2607 1503 2663 licet
1534 2607 1780 2679 parvuli,
1805 2612 1890 2662 ta-

239 2713 374 2752 men
405 2700 527 2752 toto
559 2689 796 2768 corpore
822 2696 1245 2769 cataphractati
1277 2696 1445 2752 bellis
1478 2696 1890 2761 interfuerunt,

237 2789 340 2841 aut
369 2783 595 2840 bellicis
627 2785 685 2839 in
716 2785 894 2841 rebus
937 2786 1375 2841 exercebantur.
1409 2786 1535 2841 Non
1579 2785 1752 2840 modo
1785 2785 1889 2840 Ca-

237 2869 419 2938 rolus,
454 2870 612 2927 filius
643 2870 832 2928 Caroli
859 2873 1078 2944 Magni,
1111 2872 1172 2928 in
1203 2871 1353 2929 bello
1385 2876 1584 2928 contra
1611 2877 1888 2940 Saxones,

237 2959 496 3016 militum
528 2976 687 3015 more
726 2965 991 3016 armatus
1017 2962 1340 3018 admodum
1373 2978 1517 3032 puer
1557 2960 1888 3032 exemplum

2011 653 2284 725 (Ottonis)
2311 652 2693 709 ambitionem
2741 652 3117 709 indefessam.
3146 653 3295 718 Quid
3340 653 3584 721 mirum,
3619 651 3669 708 si

2008 742 2198 798 virtus
2229 741 2466 799 Polonis
2498 742 2726 797 defuit?
3468 743 3470 746 ’

2082 831 2236 900 Otto,
2263 833 2392 902 ejus
2431 831 2630 896 frater,
2669 831 3001 902 Hungaros,
3033 832 3098 885 ut
3134 828 3383 896 videtur,
3411 830 3666 886 secundo

2009 919 2134 975 loco
2165 920 2452 987 excitavit,
2483 921 2584 992 qui
2617 919 2727 976 sibi
2762 919 2907 991 ipsis
2937 935 3052 974 non
3087 918 3281 974 Ottoni
3305 917 3664 975 Provinciam

2010 1009 2394 1082 abripuerunt
2441 1008 2820 1065 Slowakiam.
2854 1008 3095 1064 Bohemi
3147 1007 3352 1063 eadem
3397 1006 3662 1064 faciendo

2009 1115 2140 1154 cum
2176 1099 2620 1155 marcbionibus
2665 1115 2834 1154 suam
2875 1098 3125 1171 quisque
3154 1095 3406 1152 Polonis:
3437 1099 3662 1169 partem

2010 1203 2350 1259 recuperare
2381 1188 2495 1244 nisi
2549 1190 2704 1242 sunt.
2740 1185 3009 1242 Proxima
3044 1186 3260 1243 tuendo
3311 1185 3371 1241 in
3426 1186 3662 1255 mercis,

2009 1275 2332 1349 longinqua
2369 1276 2428 1332 in
2462 1275 2719 1332 Moravia
2756 1275 3039 1348 Misegoni
3085 1275 3434 1354 negligenda
3475 1278 3661 1354 erant,

2008 1365 2311 1421 Conradus
2331 1365 2567 1421 tandem
2600 1366 2718 1420 Rex
2748 1369 2804 1421 et
2831 1364 2963 1421 Otto
2993 1364 3171 1421 simul
3201 1351 3548 1439 invadentes
3573 1378 3662 1419 re-

2007 1453 2201 1525 liquas
2232 1453 2583 1510 Polonorum
2626 1458 2836 1522 terras,
2867 1453 2964 1509 ille
2995 1471 3098 1526 per
3135 1453 3382 1521 Marcas,
3415 1451 3511 1508 hic
3560 1468 3664 1525 per

2008 1542 2348 1599 Bohemiam
2380 1543 2534 1598 inter
2572 1543 2873 1612 facientes,
2907 1541 3190 1615 Misegoni
3221 1542 3273 1597 II
3315 1544 3372 1596 et
3413 1539 3661 1597 Polonis:

2008 1631 2227 1686 exitum
2268 1632 2572 1704 parabant.
2601 1631 2902 1687 Conradus
2932 1635 3066 1704 post
3111 1630 3438 1686 cessionem
3480 1629 3661 1706 Lusa—

2011 1720 2105 1775 tiae
2132 1737 2165 1776 a
2190 1720 2485 1793 Misegone
2507 1720 2680 1786 facta,
2710 1736 2874 1775 arma
2894 1719 3159 1791 deponit;
3180 1722 3238 1775 at
3258 1717 3443 1773 nihilo
3463 1720 3659 1798 tamen

2011 1797 2200 1864 secius
2227 1810 2490 1865 fraternae
2522 1809 2850 1882 ﬂagrabant
2881 1809 3000 1864 irae.
3035 1808 3166 1864 Otto
3199 1806 3448 1886 factione
3477 1797 3659 1879 paga-

2007 1914 2104 1968 na,
2136 1914 2240 1953 seu
2272 1897 2826 1964 Graeco-Slavonica,
2860 1900 2926 1952 ut
2950 1896 3201 1964 videtur,
3235 1894 3442 1962 fultu's,
3478 1889 3658 1968 regno

2007 1986 2228 2057 potitus
2259 1990 2366 2041 est.
2403 1987 2600 2041 Frater
2644 1984 2859 2058 Misego
2890 1986 3112 2056 ejectus
3150 1985 3396 2057 Pragam
3445 1983 3656 2057 pergit,

2006 2074 2468 2146 hospitalitatem
2496 2067 2760 2152 Bretislai
2791 2076 3059 2147 petitum.
3085 2075 3196 2131 Sed
3223 2092 3258 2130 a
3281 2074 3659 2150 duce’contu-

2006 2165 2198 2220 meliis
2227 2164 2504 2219 omnibus
2534 2165 2803 2220 affectum
2837 2165 3048 2219 ferunt.
3075 2163 3322 2219 Ulturus'
3345 2180 3472 2236 qua:
3499 2180 3534 2218 a
3554 2163 3660 2218 Bo-

2004 2251 2207 2308 lizlavo
2240 2253 2471 2325 Magno,
2497 2256 2662 2324 patre
2693 2252 3029 2324 Misegonis,
3051 2251 3113 2306 in
3147 2251 3505 2307 Bolizlavum
3537 2239 3659 2307 Ru-

2004 2341 2149 2409 fum,
2173 2341 2490 2407 Bohemiae,
2512 2341 2752 2408 Ducem,
2786 2343 3015 2411 patrata
3061 2339 3311 2408 fuerant,
3334 2331 3656 2420 Bretislaus

2003 2445 2138 2486 eum
2171 2454 2198 2479 «
2234 2447 2333 2502 per
2383 2430 2735 2485 traditionem
2789 2429 2949 2500 cepit,
3002 2431 3053 2484 et
3102 2430 3371 2500 genitalia
3405 2431 3555 2508 pejus,
3587 2445 3656 2485 ne

2003 2540 2031 2568 ‹‹
2062 2519 2284 2589 gignere
2308 2522 2507 2590 posset,
2540 2518 2796 2588 corrigiis
2824 2518 3094 2572 astrinxit
3123 2515 3294 2588 (435).
3405 2505 3408 2521 ἶ

2073 2608 2208 2672 Quae
2230 2624 2408 2663 causa
2432 2606 2578 2662 mihi
2606 2605 2788 2661 fuisse
2810 2605 3042 2661 videtur
3061 2605 3188 2677 ejus
3212 2604 3419 2682 mortis
3440 2603 3650 2666 imma-

1998 2699 2164 2751 turae.
2188 2695 2388 2752 Fratre
2436 2694 2592 2751 enim
2626 2695 2833 2750 Ottone
2865 2711 2898 2750 a
2931 2693 3395 2750 Christianorum
3439 2683 3649 2750 latino-

2000 2802 2132 2840 rum
2163 2785 2357 2841 forsan
2391 2785 2638 2840 factione
2668 2800 2794 2855 quae
2825 2787 2953 2838 tum
2985 2782 3045 2838 in
3077 2781 3178 2838 illa
3205 2782 3453 2839 Polonice
3485 2786 3649 2855 parte

1991 2873 2118 2944 jam
2137 2873 2424 2946 potentior
2439 2873 2621 2928 fuisse
2636 2872 2882 2938 videtur,
2903 2875 3134 2938 necato;
3157 2871 3375 2945 Misego
3397 2873 3646 2944 regnum

2000 2961 2238 3034 quidem
2270 2961 2662 3034 recuperavit;
2696 2965 2774 3030 at,
2799 2975 2917 3015 non
2947 2959 3029 3014 ita
3053 2957 3238 3015 multo
3268 2963 3418 3032 post,
3442 2961 3646 3024 morbo

236 3046 599 3103 fortitudinis
627 3048 815 3115 dedit;
849 3050 948 3104 sed
982 3049 1106 3121 ipse
1127 3049 1366 3105 Carolus
1396 3051 1642 3122 Magnus
1663 3049 1888 3105 decimo
1998 3051 2157 3122 gravi
2189 3050 2460 3117 afﬂictus,
2495 3053 2570 3114 et,
2604 3065 2707 3120 per
2755 3047 2980 3118 aliquot
3024 3063 3255 3102 menses
3304 3041 3649 3120 plerumque

238 3135 410 3192 tertio
431 3136 618 3197 astatis
642 3153 816 3203 anno,
838 3154 972 3193 cum
1003 3138 1233 3194 obviam
1259 3139 1422 3194 ﬁeret
1452 3155 1612 3210 papa)
1645 3138 1886 3209 Stepha-
1922 3123 1964 3190 C
2003 3156 2227 3208 amens,
2262 3139 2573 3195 defunctus
2605 3143 2712 3193 est.

240 3240 316 3280 no
348 3224 441 3294 11.,
473 3241 624 3296 equo
655 3224 976 3280 vehebatur
1004 3242 1038 3282 a
1057 3226 1246 3298 capite
1266 3227 1337 3282 ad
1361 3227 1514 3282 imos
1534 3227 1709 3298 pedes
1742 3227 1890 3282 ferro

237 3312 661 3380 circumdatus,
687 3315 878 3386 gentis
908 3331 1027 3370 suae
1054 3313 1340 3371 bellicosa:
1361 3315 1553 3370 vivum
1576 3320 1633 3371 et
1661 3315 1892 3388 graphi-

239 3418 373 3458 cum
395 3401 713 3474 exemplar.
735 3402 962 3458 Poterat
980 3403 1161 3477 igitur
1179 3408 1636 3460 Pomeranorum
1657 3403 1891 3460 rebellis

237 3490 358 3546 dux
387 3489 741 3546 Bolizlavum
773 3495 831 3546 et
860 3491 1099 3547 fratrem
1129 3491 1478 3548 Casimirum
1503 3493 1572 3547 ad
1597 3495 1890 3548 certamen

235 3577 536 3651 singulare
566 3595 905 3651 provocare;
941 3595 1127 3651 neque
1167 3584 1364 3635 tamen
1414 3596 1638 3652 magna:
1683 3580 1892 3636 fuisset

235 3667 581 3740 prudentiae,
620 3666 764 3722 illud
815 3668 1152 3724 concedere.
1187 3670 1375 3734 Quare
1423 3668 1644 3722 factum
1691 3673 1800 3734 est,
1828 3677 1891 3723 ut

231 3753 732 3828 Bela-Hungarus,
748 3771 950 3812 eorum
971 3760 1170 3828 partes
1195 3756 1543 3828 suscipiens,
1561 3757 1748 3812 victor
1768 3774 1894 3815 eva.

231 3844 402 3902 serit.
415 3845 578 3911 Quod
599 3843 932 3916 Roepellius
956 3849 1156 3901 monet
1171 3846 1242 3902 de
1263 3845 1714 3902 anaobronismo
1736 3863 1890 3901 mor-

229 3932 430 3988 tisS‘i
464 3931 766 4005 Stephani,
800 3933 860 3988 id
918 3932 1149 3988 minimi
1201 3933 1372 4006 pretii
1430 3945 1560 3989 esSe
1619 3934 1884 3990 dixerim.

229 4024 505 4078 Poterant
531 4021 693 4076 enim
720 4019 857 4077 ante
880 4025 1130 4078 mortem
1163 4023 1260 4077 Sii
1293 4022 1574 4095 Stephani
1600 4022 1888 4079 exulasse.

230 4109 434 4180 Neque
462 4108 520 4163 id
553 4112 776 4180 negant
805 4109 1119 4182 scriptores
1150 4111 1319 4181 (434).

234 4223 367 4280 CAP.
401 4221 592 4296 XLIII.
623 4223 910 4296 —-1_l!isego
950 4225 1000 4278 II
1048 4225 1269 4296 infelix,
1301 4241 1413 4279 non
1460 4226 1602 4296 quod
1651 4227 1890 4281 imbellis

305 4298 445 4362 erat,
477 4293 567 4349 sed
595 4293 737 4364 quod
764 4295 962 4348 multo:
991 4293 1116 4349 una
1145 4295 1390 4365 undique
1434 4293 1605 4352 hostes
1637 4297 1884 4351 habebat.

292 4367 483 4438 ,Βερηο
511 4365 773 4438 expulsus
803 4367 1001 4438 Pragaz
1037 4382 1237 4438 misere
1267 4369 1548 4422 eunuchus
1585 4368 1663 4438 ﬁt.
1696 4367 1889 4423 Subita

287 4435 650 4508 .valeludo’et
679 4451 825 4491 mors
853 4435 1051 4507 (434’.)

2072 3228 2240 3284 Illum
2273 3229 2515 3283 modum
2547 3225 2825 3297 genitalia
2840 3223 3652 3297 astringendi,amputandive

2000 3313 2806 3388 antiquissimum,veteribus
2829 3312 3168 3386 Indis(436),
3184 3303 3648 3386 )Egy;5tiis(437),

2002 3405 2398 3478 Romanisque
2429 3405 2576 3477 (438)
2608 3420 2674 3458 ac
2717 3402 3024 3459 Germanis
3055 3401 3204 3474 (439)
3243 3404 3470 3468 notum,
3500 3401 3654 3459 inter

2000 3493 2199 3552 Slavos
2216 3492 2578 3550 Christianos
2597 3496 2721 3547 tum
2743 3491 2934 3547 adhuc
2964 3489 3282 3547 invaluisse
3303 3491 3431 3563 jam
3453 3490 3649 3547 Thiet-

2001 3599 2201 3638 marus
2231 3581 2476 3638 tradidit
2502 3582 2673 3652 (440).
3237 3569 3240 3574 ’
3485 3585 3487 3587 ’

2001 3689 2134 3744 CAP.
2167 3688 2356 3743 XLIV.
2380 3719 2448 3728 —-
2479 3689 2619 3742 Bima
2643 3691 2816 3758 potest
2849 3685 2929 3740 bis
2957 3701 3027 3741 ex
3061 3686 3294 3742 Polonia
3322 3686 3570 3743 exulasse
3597 3692 3649 3743 et

2066 3762 2224 3832 prior
2253 3759 2471 3830 quidem
2507 3776 2632 3813 cum
2683 3759 2800 3828 ﬁlio
2831 3758 3122 3824 Casimiro,
3149 3759 3421 3829 posterior
3464 3765 3649 3815 autem

2069 3832 2250 3902 ﬁlium
2275 3833 2633 3902 praecessisse.

2056 3937 2237 3992 Nemo
2254 3937 2561 4007 hucusque
2575 3935 2729 3990 Rixaa
2749 3934 2866 3989 fata
2881 3933 3654 4006 investigans,qumstionem

2001 4025 2341 4097 movit,quae
2372 4025 2582 4080 fuisset
2611 4039 2738 4079 sors
2783 4023 2961 4093 hujus
2991 4021 3220 4094 Reginae
3265 4022 3513 4094 ejusque
3542 4021 3646 4079 filii

1999 4114 2288 4181 Casimiri,
2305 4131 2488 4184 quum
2512 4113 2730 4184 Misego
2755 4111 2823 4166 II.
2847 4128 2877 4166 e
2905 4111 3103 4182 Regno
3132 4110 3379 4166 Polonis;
3411 4111 3647 4183 ejicere-

1998 4202 2267 4257 tur.Mihi
2293 4202 2528 4273 quidem
2555 4201 2698 4256 Rixa
2726 4199 2786 4254 in
2820 4198 3058 4255 Polonis
3087 4198 3374 4255 mansisse
3402 4191 3649 4257 minime

1996 4290 2244 4346 videtur.
2281 4291 2429 4346 Nam
2463 4290 2511 4346 si
2544 4289 2716 4355 hanc,
2749 4287 3219 4344 Christianorum
3249 4288 3554 4345 fautricem
3587 4289 3646 4345 in

1997 4379 2367 4435 monasteriis
2388 4379 2682 4452 refugium
2705 4366 2998 4433 invenisse
3019 4379 3276 4432 statuere
3291 4378 3401 4444 vis,
3417 4368 3644 4446 meneo,

1920 4490 1966 4554 Ι)
1997 4485 2069 4524 ne
2099 4474 2154 4524 te
2184 4470 2388 4541 fugiat,
2408 4467 2768 4524 monasteria
2795 4466 2943 4538 ipsa,
2963 4465 3260 4533 ecclesias,
3278 4466 3649 4540 presbyteros

297 4550 525 4623 Misego
557 4550 678 4610 Rex
705 4567 740 4604 a
768 4549 1065 4623 plerisque
1107 4550 1458 4608 Polonorum
1505 4553 1890 4627 scriptoribus
1920 4549 1956 4554 —
1998 4557 2058 4612 in
2091 4557 2344 4612 maximo
2385 4557 2729 4611 discrimine
2772 4556 2974 4610 fuisse.
3009 4555 3294 4611 Incertam
3335 4555 3406 4610 de
3449 4556 3648 4612 mariti

234 4637 493 4696 imbellis
543 4638 728 4696 fuisse
772 4639 1044 4695 traditur.
1085 4638 1302 4712 Optimi
1355 4656 1489 4696 vero
1540 4641 1598 4696 id
1652 4647 1887 4716 negant.

233 4728 416 4799 Cujus
441 4727 522 4784 rei
545 4727 884 4784 testimonia
911 4733 1053 4784 sunt
1076 4727 1294 4796 omnia,
1311 4744 1436 4801 quae
1464 4747 1582 4785 una
1608 4731 1890 4786 sustinuit

285 4869 754 4996 i§431g)lllagre5122t2.
779 4869 974 4925 Surius
1018 4870 1280 4928 collectio
1323 4871 1621 4929 concilior.
1659 4873 1888 4930 univer-

335 4981 458 5080 tis}
481 4981 954 5082 ὶέίῗὲιεῖιῖῗᾶίχιν.
982 5013 1195 5068 Annot.
1230 5014 1282 5068 4.

336 5083 457 5152 434)
486 5081 741 5152 Dlugosz.
774 5081 890 5152 1.1.

289 5151 488 5224 suae")
512 5151 606 5224 Acr;
641 5169 766 5224 cap.
800 5151 939 5207 XXI.
956 5183 1026 5193 —
1051 5153 1212 5209 xxv.

331 5156 488 5222 534')
520 5156 604 5206 Cf.
641 5169 766 5224 cap.
800 5156 1026 5207 XX[.—
1051 5156 1212 5209 xxv.

311 5156 462 5366 £435)
495 5222 681 5277 Gallus
713 5241 769 5294 p.
801 5225 890 5278 84.
924 5224 998 5280 cf.
1036 5241 1235 5297 supra.
1268 5227 1404 5298 Cap.
1439 5227 1575 5282 XXI.
1611 5228 1736 5282 init.

339 5294 465 5366 436)
487 5293 656 5366 Manu
681 5293 733 5348 8.
760 5294 921 5366 _372._
1125 5365 1131 5366 γ

339 5294 465 5361 436)
487 5293 656 5351 Manu
681 5293 733 5348 8'.
763 5294 892 5350 372.

288 5363 396 5450 ,C_f.
429 5381 482 5420 ν.
501 5365 722 5426 _Bohlen.
742 5363 847 5450 das
873 5363 986 5422 alte
1014 5365 1232 5424 Indien.
1265 5366 1537 5441 Konigsb.
1566 5368 1726 5438 4830,
1751 5373 1794 5425 t.
1819 5370 1890 5429 ΙΙ.

243 5438 464 5580 "(ita
496 5507 718 5564 Diodor.
755 5506 869 5566 Sic.
904 5508 1065 5564 1.78.

2001 4645 2213 4711 reditu,
2242 4661 2374 4700 cum
2408 4643 2524 4698 filio
2553 4642 2613 4698 in
2645 4643 3020 4699 Germaniam
3051 4641 3162 4697 iter
3189 4641 3416 4707 fecisse,
3439 4644 3652 4700 verssi-

1999 4732 2294 4789 milimum
2325 4736 2432 4789 est.
2455 4755 2482 4781 «
2517 4731 2803 4788 Barbaros
2833 4731 3138 4787 Slavorum
3176 4734 3420 4802 pertmsa
3473 4731 3644 4800 ritus,

2072 4873 2220 4945 (438)
2251 4873 2517 4945 [forata].
2553 4872 2671 4945 Sat.
2703 4873 2755 4925 2.
2791 4889 2842 4927 v.
2879 4871 2966 4928 45.

2069 4942 2263 5000 Leonis
2294 4942 2530 4998 Novella
2559 4944 2648 4997 32.
3487 5005 3489 5007 ι

2070 5016 2218 5086 (439)
2251 5016 2360 5086 Lex
2389 5013 2560 5069 Salic.
2584 5011 2860 5086 Em._Tit.
2893 5011 3104 5086 Χξξξζῐ.Δ
3128 5029 3177 5068 c.
3211 5013 3281 5086 {8
3311 5012 3499 5086 etilQ;
3533 5016 3647 5072 Lex

2001 5087 2131 5158 Rip.
2162 5083 2274 5158 Tit.
2299 5085 2425 5158 _VI.;
2450 5086 2571 5158 Lex
2598 5083 2834 5158 Anglor.
2863 5088 2922 5158 et
2947 5083 3173 5158 Werin:
3205 5085 3331 5158 Tit.
3355 5085 3417 5141 V.
3450 5102 3500 5141 c.
3530 5087 3643 5155 3-7;

2001 5155 2116 5213 Lex
2164 5156 2410 5212 Frision.
2446 5156 2559 5210 Tit.
2613 5155 2723 5209 XX.
2757 5159 2815 5210 et
2843 5155 2990 5211 Add.
3023 5155 3115 5224 11.;
3151 5157 3265 5212 Lex
3312 5157 3444 5213 Sax.
3480 5159 3521 5214 Ι.
3557 5159 3643 5214 15.

2001 5260 2066 5270 -
2101 5229 2214 5283 Lex
2241 5227 2428 5300 Alem.
2465 5225 2898 5300 L._L.‘(_V.c.28.
2918 5231 3287 5300 ettanquam
3318 5245 3489 5300 poma
3508 5229 3648 5285 furti

2001 5300 2059 5355 in
2090 5298 2309 5372 templo
2340 5299 2495 5372 apud
2527 5296 2814 5372 Frisiones
2837 5297 3085 5372 gentiles
3106 5296 3259 5372 inter
3278 5296 3646 5372 Laubacham

2000 5376 2056 5426 et
2083 5368 2395 5427 Wes—erum
2424 5368 2765 5436 incolentes,
2797 5368 2906 5426 lex.
2939 5370 3085 5428 Fris.
3116 5371 3263 5429 Add.
3297 5371 3409 5430 XI].

2074 5442 2222 5516 (440)
2257 5442 2526 5498 Thietmar
2554 5440 2592 5496 l.
2627 5457 2677 5496 c.
2712 5458 2768 5512 p.
2801 5444 2931 5497 247.
