4026 6176
378 210 536 284 i395

1657 219 1992 284 APPEND.
2039 216 2145 281 AD
2191 216 2380 282 SJEC.
2429 215 2505 282 X.

3630 210 3815 279 1396

372 352 532 410 venit
560 353 632 411 ad
653 353 1066 428 Imperatorem
1086 354 1475 425 Conradum,«
1503 361 1567 412 ut
1592 355 1672 412 ait
1697 355 2016 412 Monachus
2045 354 2101 422 Α
2128 355 2186 409 et
2214 352 2428 409 ﬁndere
2458 353 2702 424 junctus
2733 344 2994 409 Conrado
3034 349 3380 425 Imperatori
3424 350 3810 409 Russorum-

373 443 1072 517 BrunwillerensisMM).
1094 446 1320 501 Poterat
1350 446 1530 517 igitur
1562 445 1703 502 Rixa
1733 462 1866 501 cum
1899 445 2018 500 filio

372 532 675 590 Coloniam
697 533 878 600 adire,
899 534 997 589 ubi
1027 539 1166 589 tunc
1197 534 1372 590 frater
1395 536 1522 606 ejus
1546 536 1808 591 nondum
1830 534 2018 591 archi-

371 623 684 696 episcopus
709 623 787 695 (in
819 641 935 695 qua
960 639 1019 677 re
1043 622 1363 680 Monachus
1392 623 1488 679 ille
1519 623 1798 680 honorem
1822 627 2023 695 postea

372 717 709 770 assecutum
733 714 858 784 jam
889 711 1206 785 exprimit),
1240 714 1342 769 sed
1373 717 1513 770 tunc
1543 715 1738 770 forsan
1768 713 2020 770 ecclesiae

373 801 725 859 cathedralis
742 801 1086 871 canonicus;
1107 801 1205 857 ubi
1225 819 1389 858 soror
1405 804 1578 859 Beata
1593 804 1711 869 Ida,
1727 802 2024 860 abbatissa

373 890 715 948 monasterii
735 891 962 947 Sanctae.
991 891 1186 947 Mariae
1218 891 1277 947 in
1300 891 1582 964 Capitolio
1614 897 1762 961 erat;
1797 909 1866 948 ea
1894 893 2022 964 ejus

374 979 582 1053 patria,
608 996 685 1035 eis
711 980 1027 1036 Parentum
1059 981 1227 1037 sedes
1250 998 1261 1037 :
1282 997 1417 1036 nam
1449 986 1709 1038 castrum
1733 983 2024 1052 Tomberg

374 1085 490 1142 quo
507 1069 660 1126 hanc
675 1068 862 1126 lucem
884 1071 1139 1142 primum
1151 1069 1435 1136 vidit,non
1453 1070 1624 1143 longe
1642 1072 1840 1127 aberat
1853 1071 2021 1142 (442).

374 1159 501 1216 Non
532 1158 735 1231 procul
765 1159 838 1215 ab
880 1160 1023 1215 urbe
1054 1159 1289 1216 Colonia
1327 1160 1588 1232 quinque
1617 1160 1762 1217 alias
1796 1176 2025 1216 sorores

373 1247 701 1304 abbatissas
729 1247 997 1304 habebat.
1020 1249 1102 1304 Ibi
1127 1248 1312 1321 igitur
1336 1249 1394 1303 in
1422 1249 1776 1305 monasterio
1801 1250 2025 1304 Sancta:

377 1335 597 1393 Ursulae
628 1337 701 1392 ob
733 1337 907 1393 aliam
954 1337 1217 1411 reginam
1257 1337 1498 1394 fundato
1540 1338 1828 1410 optimum
1870 1338 2025 1393 refu-

373 1421 538 1496 gium
561 1423 913 1494 inveniebat,
929 1429 986 1480 et
1001 1424 1295 1481 invenisse
1312 1425 1570 1498 diploma
1585 1431 1836 1482 testatur
1855 1426 2023 1498 (M3).

448 1512 766 1586 Postquam
800 1519 995 1570 autem
1026 1513 1277 1570 maritus
1297 1514 1597 1571 Poloniam
1631 1533 1918 1584 reversus,
1943 1531 2030 1570 se.

377 1601 526 1658 lium
578 1603 806 1676 regium
859 1607 1319 1676 recuperaverat,
1361 1603 1507 1659 nihil
1559 1604 1882 1676 impedivit,
1915 1622 2030 1677 quo

379 1691 577 1748 minus
609 1692 753 1748 Rixa
783 1692 970 1748 filium
1003 1693 1206 1748 eodem
1239 1693 1559 1748 reduceret.

453 1781 684 1836 Mortuo
728 1784 924 1836 autem
957 1781 1188 1848 marito,
1222 1780 1386 1849 Rixa,
1417 1780 1670 1836 ecclesiae
1724 1780 1915 1837 latinae
1970 1782 2027 1836 id

382 1872 472 1925 est
494 1870 850 1925 Germanicae
878 1869 1307 1937 amantissima,
1332 1885 1436 1940 per
1461 1869 1629 1925 breve
1657 1871 1913 1942 spatium
1945 1875 2032 1926 tu-

379 1957 497 2014 trix
525 1957 630 2013 ﬁlii
653 1957 941 2024 Casimiri,
962 1958 1163 2013 odium
1192 1957 1575 2013 inveteratum
1601 1958 2028 2031 indigenarum,

383 2064 531 2120 quos
561 2051 618 2103 et
647 2048 778 2120 ipsa
806 2048 1026 2113 oderat,
1059 2047 1218 2118 prior
1248 2047 1305 2102 in
1337 2050 1410 2103 'se
1451 2046 1636 2102 solam
1667 2048 1856 2104 vertit.
1885 2047 2032 2104 Exu-

382 2136 526 2193 lavit
552 2135 731 2209 igitur
760 2136 1016 2192 secundo
1047 2134 1173 2191 loco
1205 2135 1328 2190 sola
1367 2137 1438 2190 ad
1485 2136 1725 2192 fratrem
1757 2154 1912 2193 nunc
1943 2155 2033 2192 ar-

383 2224 821 2298 chiepiscopum
853 2223 1275 2280 Coloniensem.
1309 2225 1378 2280 Et
1408 2224 1516 2279 hac
1547 2224 1786 2291 quidem
1816 2227 1937 2282 vice
1969 2226 2034 2281 ﬁ-

383 2314 500 2371 lius
529 2331 659 2371 eam
691 2331 824 2370 mox
855 2319 1092 2370 secutus
1123 2329 1252 2369 esse
1281 2314 1527 2369 videtur.

459 2404 553 2460 Sic
582 2419 786 2460 omnes
829 2403 1176 2458 traditiones
1225 2403 1442 2474 optime
1491 2404 2038 2477 quadrant;.neque

387 2491 510 2549 ulla
536 2492 598 2547 in
628 2492 737 2548 hac
769 2507 830 2547 re
860 2507 1167 2564 superesse
1195 2491 1426 2547 videtur
1457 2492 1796 2548 difficultas.

387 2629 521 2685 CAP.
557 2627 714 2682 XLV.
739 2626 1139 2681 ——Boliz.la~vus
1177 2625 1374 2695 junior
1409 2628 1644 2696 paganis
1689 2642 1785 2681 seu
1835 2625 2042 2683 Graeco-

462 2697 766 2754 Stavonicis
794 2698 1032 2761 inuisus,
1069 2683 1234 2767 ejecta
1263 2683 1439 2764 fratre
1469 2683 1757 2765 Casimiro,
1789 2699 1903 2752 Rea:
1931 2699 2040 2754 Po-

465 2771 713 2825 lonorum
741 2770 837 2838 ﬁt;
867 2767 960 2822 sed
988 2766 1117 2821 mox
1145 2783 1188 2838 αθ
1213 2766 1542 2821 Christianis
1589 2769 1803 2822 Latinis
1850 2769 2044 2823 occidi-

465 2845 577 2897 tur.
611 2837 844 2895 Polonia
886 2838 1097 2902 divisa;
1130 2837 1435 2892 Christiani
1479 2839 1665 2892 Latini
1713 2839 2043 2894 Casimirum

467 2918 740 2976 revocant,
773 2911 954 2966 Graeci
993 2912 1090 2964 aut
1124 2909 1332 2980 pagani
1363 2909 1518 2964 breve
1543 2925 1644 2980 per
1671 2912 1907 2981 spatium
1939 2911 2044 2966 Ma-

465 2985 581 3038 slao
610 2986 843 3038 utuntur
871 2996 1014 3050 rege.

2132 458 2244 514 que
2275 442 2395 514 regi
2443 441 2727 508 Jaroslao,
2761 446 2895 515 post
2946 441 3167 499 bellum
3221 441 3706 498 cruentissimum
3739 445 3812 498 et

2130 531 2406 586 iteratum
2438 531 2622 588 vietor
2640 531 2828 587 evadit
2856 531 3093 601 Maslai;
3125 530 3447 600 Poloniam,
3473 531 3522 586 si
3552 548 3674 586 non
3708 535 3810 587 to-

2129 623 2275 688 tam,
2312 624 2374 675 ut
2392 636 2520 675 eam
2546 638 2687 676 avus
2711 620 3031 676 Bolizlavus
3063 621 3106 676 Ι.
3131 620 3530 687 constituerat,
3551 620 3802 688 saltem,

2131 714 2197 764 ut
2229 713 2400 765 antea
2433 710 2638 774 fuerat,
2675 709 2789 766 sibi
2819 710 3102 766 subdidit.

2131 825 2267 882 CAP.
2301 826 2490 882 XLVI.
2526 858 2591 868 —
2626 826 2933 883 Crudelitas
2977 827 3309 883 Polonorum
3354 835 3484 884 tunc
3525 831 3801 884 tem-noris

2203 897 2411 965 eadem,
2445 914 2566 968 qua
2592 907 2916 956 caeterorum
2944 899 3291 971 populorum.
3325 901 3505 971 Bassi,
3537 897 3794 966 Bohemi,

2202 971 2476 1044 (angari,
2509 972 2671 1040 Doni,
2700 969 3027 1039 Normanni,
3061 969 3335 1026 Germani.
3355 1002 3424 1012 —
3450 969 3611 1044 Origo
3642 975 3796 1028 vocis

2205 1040 2434 1096 Sklave.

2203 1156 2448 1212 Plurimi
2480 1157 2801 1214 Germaniae
2843 1159 3156 1231 scriptores
3201 1159 3515 1216 criminose
3557 1160 3788 1226 dicunt,

2135 1245 2317 1302 immo
2338 1246 2851 1303 criminationibus
2873 1252 3117 1303 onerant
3133 1247 3380 1304 Polonos
3400 1252 3540 1305 tunc
3560 1253 3790 1322 tempo-

2136 1336 2217 1390 ris
2249 1351 2569 1407 eorumque
2585 1352 2772 1408 reges.
2791 1336 3072 1393 barbaros
3091 1352 3189 1393 eos
3211 1354 3341 1394 esse
3361 1338 3792 1410 depraedatores

2137 1425 2434 1480 facientes.
2457 1446 2484 1474 ‹‹
2512 1424 2783 1494 Miseco,»
2801 1425 2881 1481 ait
2905 1425 3398 1499 Chronographus
3425 1427 3595 1495 Saxo,
3619 1450 3645 1476 ‹‹
3663 1428 3792 1484 Dux

2141 1513 2489 1569 Polonorum
2519 1535 2548 1562 »
2581 1512 2764 1569 falsus
2808 1513 3188 1582 christianus,
3229 1513 3546 1583 homicida,
3594 1519 3794 1587 tyran-

2141 1618 2444 1656 nus........
2479 1601 2636 1658 Talis
2669 1606 2758 1658 est
2781 1619 2918 1675 ergo
2948 1602 3068 1658 Rex
3094 1602 3384 1671 Mesecho,
3415 1602 3538 1658 haec
3563 1603 3797 1659 viarum

2062 1715 2108 1779 Β
2142 1707 2387 1746 suarum
2419 1690 2858 1746 abhominanda
2894 1690 3261 1764 simplicitas,
3293 1691 3415 1746 haec
3445 1690 3802 1748 innocentia:

2139 1780 2514 1852 dampnanda
2543 1779 2791 1852 puritas,
2807 1780 2928 1836 haec
2946 1780 3202 1852 justitia,
3223 1779 3346 1836 haec
3372 1781 3517 1837 fides
3541 1781 3802 1838 falsissi-

2141 1886 2237 1925 ma
2267 1869 2395 1940 ejus
2427 1868 2891 1925 christianitatis.
2924 1869 2982 1924 Si
3013 1885 3149 1942 ergo
3181 1869 3318 1936 Rex,
3351 1885 3530 1941 quare
3559 1871 3806 1943 praedo?

2141 1957 2191 2014 si
2220 1957 2486 2030 simplex,
2503 1974 2684 2030 quare
2705 1957 3136 2030 apostrophus?
3157 1957 3207 2013 si
3229 1958 3442 2026 fidelis,
3462 1975 3645 2030 quare
3667 1976 3808 2033 apo-

2143 2051 2299 2102 stata
2323 2063 2388 2102 ac
2430 2050 2750 2120 tyrannus?
2770 2046 2918 2111 Quid
2948 2047 3076 2115 tibi,
3110 2051 3351 2103 cruenta
3381 2047 3572 2114 belua,
3603 2049 3807 2122 regale

2145 2140 2558 2191 ornamentum
2589 2136 2647 2192 in
2677 2152 2890 2192 corona
2945 2140 3003 2192 et
3059 2135 3262 2192 lancea
3315 2136 3636 2192 deaurata?
3670 2155 3802 2210 quae

2145 2224 2444 2281 consentio
2470 2225 2684 2280 Christi
2717 2241 2852 2280 cum
2886 2224 3105 2280 Belial?
3134 2227 3269 2291 Quae
3293 2229 3351 2281 te
3380 2225 3605 2281 tumide
3635 2232 3808 2283 vexat

2144 2314 2382 2370 vesania
2411 2318 2476 2368 ut
2506 2312 2567 2368 in
2597 2329 2846 2386 regnum
2876 2314 3148 2369 Romanae
3179 2313 3412 2370 virtutis
3443 2319 3664 2370 temere
3693 2315 3806 2370 du-

2148 2417 2308 2458 ceres
2339 2402 2544 2457 arma?
2574 2402 2956 2474 Quod,quam
2985 2401 3092 2457 tibi
3128 2401 3206 2458 sit
3236 2402 3655 2473 periculosum,
3674 2407 3809 2459 tum

2149 2507 2276 2547 sero
2309 2490 2764 2562 percipies,cum
2797 2491 2883 2546 tui
2926 2489 3192 2546 imbelles
3233 2490 3489 2562 plurima
3525 2490 3806 2547 multitu-

2149 2579 2286 2634 dine
2330 2579 2560 2647 armati,
2600 2578 2816 2634 nostris
2855 2578 3010 2634 bella
3049 2578 3372 2634 scientibus
3414 2578 3596 2635 immo
3631 2585 3690 2636 et
3719 2581 3806 2636 fa-

2151 2667 2459 2733 cientibus,
2493 2672 2557 2722 ut
2588 2667 2749 2740 digni
2781 2671 2940 2735 sunt,
2976 2671 3352 2723 conterentur
3379 2668 3548 2740 (uti).

2223 2757 2356 2819 Quae
2388 2755 2646 2810 convicia
2674 2755 2722 2812 si
2753 2755 3162 2828 componimus
3193 2772 3326 2812 cum
3369 2772 3602 2813 summa
3629 2756 3806 2814 laude

2153 2841 2472 2911 Mathildis,
2505 2842 2690 2899 risum
2735 2847 2928 2899 tenere
2971 2860 3085 2898 non
3118 2861 3456 2916 possumus,
3489 2848 3548 2900 et
3588 2844 3805 2901 huma-

2154 2947 2290 2986 nam
2318 2935 2588 2987 naturam
2631 2930 3027 3004 deploramus,
3057 2949 3183 3004 qua:
3227 2949 3357 2989 raro
3387 2933 3628 2989 veritate
3660 2951 3804 2990 con-

2153 3024 2332 3084 tenta,
2367 3021 2585 3092 ubique
2624 3021 2978 3093 superlative
3005 3021 3230 3094 quaerit.
3265 3022 3547 3078 Caeterum
3577 3022 3810 3080 diceres

397 3119 400 3126 '
467 3115 695 3170 Mortuo
724 3114 1037 3186 Misegone,
1061 3112 1234 3168 factio
1261 3129 1620 3184 paganorum
1644 3115 1903 3170 secunda
1920 3114 2042 3171 vice
2071 3081 2115 3149 δ
2156 3081 2682 3182 Chronographum
2700 3081 2719 3093 .
2737 3081 3041 3166 Saxonem.
3074 3112 3425 3183 respondere
3476 3111 3809 3184 prmfationi

400 3207 576 3276 caput
603 3202 774 3271 tollit,
792 3207 850 3258 et
878 3202 1099 3275 Regina
1130 3201 1274 3257 Rixa
1301 3218 1330 3256 e
1361 3218 1539 3274 regno
1582 3202 1774 3274 pulsa,
1806 3203 2045 3260 Bolizla-

399 3309 539 3349 vum
560 3292 860 3365 juniorem
891 3290 1369 3363 primogenitum,
1393 3290 1494 3345 sed
1527 3307 1596 3346 ex
1619 3290 1734 3346 alia
1762 3309 1935 3347 uxore
1958 3292 2048 3348 vel

400 3381 630 3454 pellice,
652 3381 861 3436 ducem
892 3382 1082 3446 nacta,
1107 3382 1304 3450 aperte
1335 3393 1464 3448 quae
1493 3377 1632 3434 velit
1652 3379 2046 3448 demonstrat;

401 3468 712 3541 expellitur
733 3465 970 3523 Casimii
984 3483 1055 3521 us
1078 3482 1195 3533 rex,
1221 3465 1598 3532 monasteria,
1619 3465 1872 3522 ecclesiae
1896 3484 2048 3524 com-

401 3557 597 3626 busta,
618 3557 947 3612 sacerdotes
967 3553 1259 3621 trucidati,
1280 3557 1336 3608 et
1351 3552 1668 3609 Christiani
1687 3555 1836 3611 ferro
1861 3556 2046 3628 petiti.

399 3644 726 3700 Bolizlavus
756 3644 914 3715 regia
942 3642 1001 3698 in
1033 3642 1282 3698 Polonos
1314 3641 1599 3714 dignitate
1629 3644 1862 3710 fruitur,
1891 3645 2048 3700 anti-

400 3750 578 3807 quam
601 3734 849 3790 fortasse
873 3731 1199 3787 libertatem
1223 3731 1437 3803 populo
1457 3729 1544 3786 vel
1566 3732 1902 3804 proceribus
1924 3735 2052 3790 red-

399 3821 568 3894 didit,
591 3826 666 3892 et,
686 3838 819 3878 cum
843 3820 1050 3878 ceteris
1080 3819 1255 3876 rebus
1286 3817 1503 3889 latinis,
1525 3819 1775 3877 latinum
1798 3845 1827 3872 «
1851 3825 1994 3894 regis
2016 3847 2044 3872 ››

397 3928 611 3969 nomen
642 3911 928 3983 abjecisse
953 3909 1201 3964 videtur.
1219 3907 1384 3965 Certe
1415 3925 1449 3964 a
1477 3907 1771 3982 plerisque
1801 3912 2044 3985 scripto-

395 4001 560 4058 ribus
591 4017 708 4057 non
746 3999 899 4055 inter
927 3997 1277 4054 Polonorum
1318 4013 1484 4070 reges
1527 4004 1891 4069 numeratur,
1925 4002 2046 4058 sive

395 4091 552 4162 quod
583 4090 810 4163 regium
842 4103 1055 4144 nomen
1106 4104 1222 4143 non
1266 4087 1634 4153 assumserit,
1675 4089 1793 4144 sive
1823 4090 1979 4161 quod
2013 4107 2045 4146 a

393 4178 716 4235 christiana
743 4176 928 4234 latina
951 4176 1066 4232 ﬁde
1095 4176 1421 4232 defecisset.
1446 4175 1570 4231 Non
1597 4176 1816 4247 profuit
1845 4181 2040 4233 tamen

394 4283 481 4336 ea,
498 4281 882 4340 quaecumque
905 4265 1078 4321 tuerit
1101 4264 1359 4337 dignitas
1383 4262 1697 4333 Bolizlavo;
1719 4281 1854 4320 nam
1882 4266 2043 4321 Chri-

393 4356 570 4412 stiani
602 4354 769 4411 latini
799 4353 860 4408 in
892 4353 990 4408 illo
1013 4352 1165 4408 civili
1184 4351 1442 4408 tumultu
1463 4356 1615 4407 certe
1637 4368 1772 4408 mox
1789 4353 2041 4412 victores

2158 3198 2534 3255 Mathildinie.
2569 3200 2630 3255 Si
2674 3215 2788 3270 quo
2834 3215 3094 3270 unquam
3145 3200 3204 3255 in
3246 3200 3388 3266 viro,
3421 3204 3574 3257 certe
3602 3199 3664 3256 in
3697 3199 3811 3256 hoc

2158 3287 2454 3361 Misegone
2483 3305 2657 3344 aurea
2691 3287 3061 3345 mediocritas
3090 3287 3312 3361 optima
3341 3294 3448 3345 est.

2229 3378 2526 3441 Quantum
2572 3376 2780 3433 attinet
2807 3377 2878 3431 ad
2925 3376 3058 3433 illas
3101 3376 3453 3434 Polonorum
3497 3378 3810 3450 depraeda-

2155 3465 2344 3522 tiones
2370 3468 2440 3537 jet
2480 3465 2873 3532 incursiones;
2916 3466 3062 3537 proh
3092 3465 3280 3522 dolorl
3324 3465 3628 3523 verissima
3659 3467 3811 3524 dixit

2156 3555 2648 3628 Chronographus
2683 3571 2696 3610 :
2730 3558 2807 3622 at,
2837 3555 2977 3626 quid
3021 3556 3093 3612 de
3141 3555 3305 3611 asino
3357 3555 3668 3624 faciamus,
3706 3557 3810 3628 qui

2157 3645 2391 3700 asinum
2423 3643 2629 3699 fricat?
2660 3641 2875 3699 Omnes
2895 3642 3096 3715 populi
3120 3647 3262 3699 tunc
3292 3643 3496 3699 eodem
3526 3643 3813 3700 bibebant

2155 3731 2385 3805 poculo.
2418 3733 2662 3788 Paratur
2700 3731 2920 3788 bellum
2947 3748 2982 3787 a
3008 3737 3198 3805 gente,
3231 3730 3426 3804 gloria:
3466 3735 3524 3786 et
3561 3732 3808 3788 divitia-

2154 3839 2286 3878 rum
2320 3821 2558 3894 cupida;
2592 3819 2949 3876 invaduntur
2967 3820 3114 3876 fines
3136 3820 3486 3893 populorum
3513 3820 3814 3894 proximo-

2153 3927 2315 3977 rum;
2347 3925 2579 3976 aurum,
2607 3914 2937 3981 argentum,
2970 3910 3242 3981 pecudes,
3278 3925 3370 3965 res
3399 3909 3667 3982 pretiosae
3700 3925 3807 3965 ca-

2153 4000 2415 4072 piuntur,
2435 3999 2646 4054 domus
2676 3998 3237 4065 comburuntur,viri
3261 3997 3472 4054 armati
3494 3996 3584 4054 vel
3616 3999 3805 4054 armis

2151 4089 2270 4160 apti
2303 4089 2627 4151 caeduntur,
2661 4085 2888 4142 feminae
2932 4086 3225 4143 violentur
3257 4091 3315 4143 et
3352 4087 3410 4142 in
3453 4086 3801 4143 servitutem

2151 4177 2461 4249 rapiuntur
2490 4193 2626 4232 cum
2667 4175 2967 4244 masculis,
3001 4175 3102 4246 qui
3134 4176 3396 4233 nondum
3442 4191 3609 4231 arma
3647 4175 3803 4231 ferre

2147 4265 2370 4335 valent;
2403 4267 2639 4321 tandem
2669 4282 2737 4321 ea
2764 4269 2927 4320 terrae
2966 4282 3123 4336 pars,
3147 4283 3274 4338 quae
3306 4265 3527 4321 intacta
3554 4265 3799 4330 mansit,

2145 4355 2433 4410 tributum
2465 4354 2790 4428 pollicetur.
2812 4354 3045 4410 Abeunt
3068 4353 3802 4426 praedatores,dividuntur

392 4443 660 4500 maxime:
677 4441 926 4498 Poloniae
948 4441 1130 4513 partis
1143 4439 1794 4497 evaserunt.Bolizlavus
1812 4443 2039 4501 occisus
2072 4449 2115 4513 D
2147 4443 2353 4516 spolia,
2389 4460 2460 4499 ne
2492 4444 2682 4500 dicam
2714 4443 2958 4516 rapinae;
2997 4447 3054 4498 et
3083 4443 3176 4498 his
3207 4443 3403 4500 onusti
3443 4442 3664 4500 milites
3694 4444 3798 4500 do-

389 4535 447 4587 ct
497 4529 739 4586 Polonia
765 4529 950 4584 divisa
1000 4531 1110 4596 est,
1144 4527 1202 4582 in
1257 4527 1697 4584 meridiolanem
1742 4530 2035 4602 (christia-

391 4619 619 4692 namve)
651 4622 876 4691 partem
906 4623 963 4674 et
992 4617 1052 4672 in
1086 4616 1600 4689 septentrionalem
1631 4619 2036 4694 (paganamve)

387 4709 470 4766 ita
497 4712 563 4765 ut
590 4707 701 4763 illae
756 4705 1086 4764 simultates
1130 4705 1282 4761 inter
1326 4705 1600 4762 ecclesias
1658 4707 1921 4765 Latinam
1980 4716 2037 4767 et

387 4799 645 4856 Graecam
660 4796 812 4852 veris
833 4795 1079 4868 paganis
1110 4798 1339 4849 tantum
1370 4795 1711 4866 profuerint.
1731 4797 1862 4854 Haec
1883 4799 2033 4855 Mas-

387 4885 547 4943 laum
569 4887 886 4957 quendam,
902 4884 1354 4956 subpincernam
1377 4883 1694 4956 Misegonis
1715 4885 1808 4954 11.,
1827 4887 2036 4958 princi-

388 4992 523 5048 pem
553 4973 641 5031 vel
687 4990 882 5046 regem
923 4972 1270 5045 proclamat;
1304 4972 1406 5028 illa
1434 4990 1588 5040 vero,
1621 4973 1679 5027 id
1711 4980 1799 5030 est
1852 4975 2036 5033 latina

386 5082 521 5137 pars
537 5061 877 5135 aliquandiu
898 5065 1125 5117 vastata
1148 5065 1206 5116 et
1235 5060 1384 5116 bello
1403 5061 1552 5116 civili
1587 5067 1644 5117 et
1674 5079 1708 5116 a
1738 5063 2032 5135 Bohemis,

381 5153 622 5210 tandem
653 5154 882 5207 revocat
901 5150 1273 5206 Casimirum.
1295 5150 1427 5216 Qui,
1444 5150 1504 5204 in
1530 5149 1827 5207 Poloniam
1850 5154 2034 5210 redux

478 5380 602 5464 442)
620 5380 871 5464 Τοᾷηὺενρ
899 5399 1076 5455 prope
1095 5381 1424 5438 Rheinbach
1461 5382 1519 5436 in
1543 5380 1784 5454 antiquo
1806 5388 2030 5442 Ducatu

382 5453 724 5508 Juliacensi.
846 5453 852 5454 7
901 5453 915 5454 ί
1009 5453 1024 5455 “
1695 5453 1699 5454 ί

426 5525 510 5596 ἐν.
544 5524 786 5596 Spruner
841 5525 1052 5596 Hister.
1097 5523 1262 5596 Atlas
1317 5524 1390 5578 Νο
1439 5525 1524 5596 13.
1558 5529 1643 5596 et,
1673 5523 1855 5596 patris
1914 5527 2028 5582 mei

382 5594 590 5668 dignas“
625 5596 936 5652 memoriae.
969 5595 1102 5654 Joh.
1133 5595 1297 5653 Peter
1348 5595 1569 5653 Dethier
1619 5594 1876 5669 Beitrage
1927 5615 2031 5654 zur

475 5313 601 5385 Mi)
632 5313 737 5384 Ap.
772 5312 1058 5367 Tolnerum
1086 5310 1144 5366 in
1177 5310 1316 5366 hist.
1351 5309 1530 5365 Palat.
1568 5327 1624 5381 p.
1657 5310 1753 5366 26-!
1793 5315 1860 5367 A.

453 5315 871 5506 ξὲἐὲἐῖξῖηὺενρ
899 5399 1076 5455 prope
1095 5381 1424 5438 Rheinbach
1461 5382 1519 5436 in
1543 5380 1784 5454 antiquo
1806 5388 1860 5437 ῡι

2145 4548 2310 4588 mum
2336 4533 2599 4600 reduces,
2615 4535 2789 4604 caput
2809 4532 2880 4588 ad
2899 4531 3094 4588 sidera
3113 4530 3348 4600 tollunt,
3365 4536 3542 4603 atque
3570 4531 3800 4589 familia

2145 4623 2202 4676 et
2229 4619 2448 4676 divitiis
2489 4620 2667 4688 aucti,
2698 4637 2990 4693 generosae
3031 4620 3234 4692 stirpis
3278 4621 3439 4693 origo
3477 4621 3658 4688 fiunt;
3690 4621 3798 4675 do-

2145 4725 2250 4764 nec
2283 4709 2396 4782 ipsi
2427 4726 2461 4764 a
2491 4708 2826 4766 fortioribus
2866 4712 2967 4764 aut
3010 4707 3367 4764 felicioribus
3416 4708 3684 4765 ﬁnitimis
3716 4709 3795 4764 si-

2146 4796 2305 4854 milia
2336 4798 2606 4853 tolerant.
2641 4805 2827 4854 Τοιαῦθ’
2853 4804 2879 4853 ὁ
2907 4804 3112 4868 τλὴμων
3139 4804 3350 4868 πόλεμος
3380 4805 3709 4870 ἐνεργάζεται.

2215 4885 2309 4941 Sic
2339 4887 2496 4942 [iussi
2525 4901 2729 4940 omnes
2768 4885 3053 4942 ﬁnitimos
3091 4885 3338 4958 populos
3371 4890 3429 4942 et
3459 4885 3796 4942 Grecorum

2144 4975 2456 5046 imperium
2489 4991 2641 5046 saepe
2679 4973 2993 5047 depradati
3024 4979 3184 5043 sunt,
3209 4972 3548 5046 incolasque
3580 4977 3642 5032 in
3671 4973 3798 5032 ser-

2140 5063 2384 5120 vitutem
2424 5064 2534 5120 sub
2566 5063 2736 5120 hasta
2765 5063 3168 5120 vendiderunt.

2212 5152 2307 5208 Sic
2345 5153 2606 5210 Bohemos
2651 5152 2909 5210 vidimus
2966 5170 3100 5210 cum
3149 5143 3432 5230 Bretislao
3484 5150 3797 5209 Poloniam

2141 5314 2347 5371 Gesch.
2380 5312 2700 5386 d.Kreises
2731 5313 3060 5386 Bergheim;
3088 5313 3235 5386 ,Koln
3271 5313 3426 5370 1833.
3462 5329 3523 5386 p.
3541 5314 3647 5386 A21.

2213 5387 2358 5461 (443)
2388 5385 2534 5461 Yide
2557 5402 2754 5461 supra:
2780 5383 2907 5457 cap.
2931 5385 3228 5461 XXIV._1§_°
3257 5386 3308 5441 1.
3333 5383 3795 5458 (ap.Miraum).

2390 5458 2687 5526 Chronogr.
2717 5457 2859 5512 Saxo
2890 5457 2961 5511 ad
2995 5473 3048 5512 a.
3085 5457 3241 5513 1030.

2234 5459 2348 5514 444·
2390 5459 2687 5526 Chronogr.
2717 5459 2859 5512 Saxo
2890 5459 2961 5511 ad
2995 5473 3048 5512 a.
3085 5461 3095 5511 1

2208 5464 2290 5587 Cf.
2315 5463 2512 5586 timuit.
2548 5527 2712 5584 Saxo.
2745 5528 2816 5585 ad
2848 5544 2901 5582 a.
2936 5528 3095 5584 4030.
