4026 6176
1524 586 1678 626 ANNO
1717 587 1922 628 DOMINI
1962 585 2227 626 DCCCCXC.

423 740 1294 904 JOANNES
1389 736 2031 898 SMEBA
2151 738 3333 903 POLOVECIUS

1251 1069 1757 1167 NOTITIA
1833 1068 2511 1163 HISTOBICA

940 1241 1107 1309 Cave,
1144 1240 1478 1312 Scriptorum
1503 1241 1995 1298 ecclesiasticorum
2024 1240 2254 1295 historia
2283 1239 2579 1305 litterario,
2615 1255 2670 1311 p.
2700 1240 2825 1295 509.

249 1474 508 1531 Joannes
539 1473 745 1529 Smera
774 1470 1124 1538 Polovecius,
1158 1471 1392 1528 natione
1416 1471 1825 1539 Russus,Wla—
1855 1472 1911 1540 Α
1939 1469 2237 1542 religionis
2266 1469 2586 1527 cultoribus
2617 1471 2925 1529 certiorem
2957 1472 3229 1529 reddidit.
3266 1474 3329 1531 ln
3369 1475 3594 1533 Greco-

187 1562 379 1622 dimiri
412 1562 565 1636 regis
595 1561 861 1618 medicus
908 1565 966 1617 et
1012 1561 1228 1629 rhetor,
1271 1561 1484 1617 claruit
1513 1578 1666 1617 anno
1705 1562 1828 1616 990.

187 1655 341 1710 Inter
383 1651 700 1725 scriptores
743 1650 1169 1706 ecclesiasticos
1224 1649 1416 1706 locum
1470 1650 1666 1720 habet,
1717 1666 1832 1705 non

189 1743 338 1816 quod
367 1741 540 1814 plura
569 1743 702 1814 post
739 1756 800 1796 se
831 1738 1070 1812 reliquit
1114 1739 1401 1812 opuscula
1444 1744 1632 1796 exstat
1679 1739 1834 1794 enim

188 1850 301 1890 non
333 1831 450 1888 nisi
479 1831 727 1904 epistola
755 1829 948 1896 unica,
977 1830 1078 1886 sed
1110 1830 1182 1885 ob
1215 1829 1575 1903 singularem
1619 1828 1701 1885 rei
1733 1845 1834 1885 no-

186 1919 836 1979 vitatem.Wladimirus
857 1935 1170 1992 supremus
1194 1919 1518 1974 Russorum
1543 1918 1836 1991 princeps,

189 2009 465 2083 religione
496 2007 1059 2083 gentilis,Helenam,
1093 2007 1233 2076 sive,
1268 2010 1333 2062 ut
1362 2006 1460 2063 alii
1487 2010 1835 2072 vocant,An-

191 2097 555 2168 nam,Basilii
572 2102 629 2154 et
644 2097 1011 2154 Constantini
1029 2097 1450 2168 imperatorum
1474 2096 1724 2152 Orientis
1743 2113 1836 2150 so-

190 2205 400 2255 rorem,
434 2188 493 2242 in
525 2203 764 2243 uxorem
796 2186 980 2242 duxit.
1014 2187 1138 2252 Qua
1169 2186 1470 2241 occasione
1496 2185 1836 2258 religionem

189 2276 579 2335 Christianam
612 2273 916 2348 amplexus
946 2279 1053 2343 est,
1087 2278 1144 2330 et
1185 2274 1360 2330 Russi
1406 2274 1466 2329 in
1506 2274 1837 2329 Graecorum

191 2367 337 2423 ritus
348 2366 884 2422 transferunt.Ante
903 2380 1036 2420 vero
1061 2380 1238 2435 quam
1259 2363 1378 2418 haec
1394 2362 1841 2431 ﬁerent,Wladi-

192 2454 694 2525 mirus,idolorum
727 2452 910 2509 cultui
934 2452 1126 2508 adhuc
1157 2451 1477 2520 deditus,in
1496 2452 1687 2507 varias
1711 2467 1838 2522 quae

190 2548 317 2600 tum
360 2542 638 2615 vigebant
682 2541 994 2614 religiones
1041 2540 1334 2612 inquirere
1392 2539 1586 2612 coepit,
1639 2539 1840 2596 missis

191 2633 581 2703 undequaque
609 2630 762 2686 hanc
786 2629 846 2684 in
879 2645 1002 2684 rem
1034 2627 1517 2700 exploratoribus.
1559 2627 1840 2685 Instanti-

193 2722 304 2778 bus
333 2717 1025 2785 Mahumetanis,illorum
1039 2717 1262 2772 cultum
1291 2716 1451 2772 velut
1481 2716 1700 2772 foedum
1722 2722 1841 2772 tur-

192 2825 444 2886 pemque
456 2807 816 2879 contemptui
833 2805 1129 2861 habuit.ln
1145 2805 1477 2861 Graecorum
1498 2805 1838 2878 religionem

193 2898 612 2973 propendebat.
657 2896 778 2961 Quo
837 2912 970 2951 vero
1018 2894 1205 2950 tutius
1261 2895 1620 2967 procederet,
1681 2894 1846 2950 misit

191 2988 484 3045 Joannem
510 2988 782 3040 nostrum
814 2983 914 3055 qui
949 2983 1138 3039 varias
1169 2984 1434 3055 regiones
1486 2988 1842 3055 peragraret,

194 3090 375 3147 seque
405 3074 477 3129 de
504 3072 782 3128 omnibus
813 3071 1118 3127 certiorem
1149 3071 1705 3143 faceret.Peragrata
1737 3071 1843 3126 ita-

192 3180 308 3237 que
336 3161 659 3230 Pannonia,
693 3160 911 3227 Servis,
944 3158 1240 3232 Bulgaria,
1275 3160 1478 3231 Mysia,
1515 3175 1847 3231 magnoque

195 3252 530 3309 Graecorum
579 3248 846 3321 imperio,
879 3247 1203 3314 Antiochia,
1244 3247 1686 3320 Hierosolymis,
1719 3252 1846 3303 tan-

192 3341 329 3398 dem
359 3338 591 3396 devenit
617 3338 678 3394 in
708 3339 1083 3410 Egyptum,et
1103 3337 1461 3393 Alexandriae
1479 3335 1578 3393 diu
1597 3353 1849 3392 commo-

191 3434 360 3488 ratus
389 3433 497 3499 est,
531 3444 696 3485 sacro
727 3427 957 3482 lavacro
988 3425 1069 3481 ibi
1102 3425 1387 3482 initiatus.
1424 3427 1502 3482 Ex
1539 3426 1648 3481 hac
1707 3426 1850 3481 urbe

193 3519 420 3577 litteras
441 3519 513 3574 ad
536 3516 956 3573 Wladimirum
987 3513 1387 3587 dedit,quibus
1415 3531 1549 3570 eum
1575 3515 1647 3570 de
1671 3513 1848 3570 variis

1944 1576 2077 1615 rum
2108 1575 2300 1616 mores
2332 1565 2390 1616 et
2416 1559 2687 1616 instituta
2719 1560 2909 1617 acrius
2937 1561 3250 1631 invehitur,
3274 1580 3597 1639 eorumque

1945 1648 2177 1704 ruinam
2191 1653 2248 1704 et
2268 1648 2507 1704 exitium
2532 1649 2604 1704 ob
2618 1648 3599 1728 idololatriam,hypocrisin,super-

1942 1736 2535 1805 biam,crudelitatem
2568 1737 2800 1811 aliaque
2831 1739 2972 1795 vitia
2998 1741 3596 1813 praedicit;ultimam-

1945 1842 2058 1898 que
2078 1829 2309 1898 gentem
2331 1826 2639 1882 Judaicam
2673 1827 2744 1882 ad
2778 1828 3105 1884 doctrinam
3128 1829 3342 1888 Christi
3364 1848 3599 1889 conver-

1943 1915 2203 1970 tendam.
2237 1914 2470 1971 Claudit
2499 1915 2725 1971 litteras
2772 1916 2866 1974 his
2913 1918 3332 1977 Wladimirum
3380 1921 3593 1978 verbis.

1944 2004 2186 2076 Ideoque,
2221 2020 2250 2059 ο
2283 2020 2398 2072 rex,
2431 2020 2541 2060 non
2573 2006 2698 2060 licet
2728 2006 2831 2062 tibi
2858 2009 3133 2080 suscipere
3179 2026 3356 2067 mores
3381 2014 3433 2067 et
3461 2013 3596 2067 reli-

1942 2094 2157 2163 gionem
2189 2092 2454 2150 Graecam.
2486 2092 2586 2148 Sin
2618 2110 2739 2150 vero
2779 2111 2901 2151 eam
2941 2100 3257 2169 susceperis,
3288 2115 3382 2170 ego
3430 2100 3500 2155 ad
3549 2108 3602 2156 te

1944 2197 2233 2253 nunquam
2274 2183 2613 2253 proﬁciscar,
2663 2184 2756 2239 sed
2810 2185 2898 2239 hic
2944 2185 3286 2242 obdormiens
3331 2187 3602 2259 judicium

1944 2272 2076 2326 Filii
2102 2271 2201 2325 Dei
2228 2271 2565 2342 exspectabo.
2598 2271 2838 2343 Scripsit
2866 2272 3020 2329 hanc
3051 2274 3363 2347 epistolam
3396 2275 3602 2349 lingua

1946 2358 2276 2431 Bulgarica,
2309 2360 2367 2414 in
2398 2358 2617 2415 tabulis
2646 2360 2833 2428 sireis,
2864 2360 3074 2418 litteris
3105 2363 3329 2420 ferreis.
3365 2364 3601 2422 Tabulis

1946 2447 2006 2502 in
2039 2447 2393 2503 monasterio
2425 2447 2743 2505 Salvatoris
2775 2449 3207 2521 Praemisliensi,
3241 2469 3357 2508 non
3396 2454 3600 2526 procul

1948 2553 1982 2592 a
2010 2537 2189 2592 veteri
2220 2536 2886 2603 Sambore,delituerunt
2898 2540 2969 2594 ad
2987 2556 3207 2598 annum
3231 2558 3418 2615 usque
3441 2543 3601 2609 £567,

1949 2643 2063 2699 quo
2086 2625 2349 2680 Andreas
2381 2624 2774 2698 Kolodynsky,
2808 2627 3128 2683 Bassorum
3168 2630 3472 2697 diaconus,
3505 2648 3604 2688 eas

1948 2716 2008 2770 in
2041 2731 2372 2771 sermonem
2399 2713 2717 2771 Russicum
2749 2718 2808 2771 et
2838 2715 3174 2773 Polonicum
3198 2719 3609 2777 transtulit.Ex

1948 2803 2240 2871 Polonico,
2276 2821 2370 2860 an.
2404 2803 2564 2871 4677,
2599 2803 2804 2860 Latine
2833 2805 3006 2861 vertit
3057 2806 3400 2865 Benedictus
3439 2809 3604 2865 Wis-

1951 2892 2604 2949 sowatius.Versionem
2633 2891 2761 2962 eius
2793 2893 2852 2947 in
2874 2892 3066 2950 lucem
3090 2895 3330 2966 prolulit
3349 2897 3606 2954 Sandius

1951 2983 2009 3036 in
2040 2981 2355 3054 Appendad
2383 2983 2519 3037 Hist.
2548 2982 3108 3052 Eccl.,p.61.Exinde
3136 2985 3400 3041 Andreas
3424 2986 3603 3042 Wen-

1953 3069 2214 3142 gerscius
2243 3072 2304 3125 in
2332 3069 2570 3142 Append.
2601 3069 2671 3124 ad
2702 3071 3042 3127 Hist.Eccles.
3071 3074 3606 3144 provinc.Sclavon.,

1954 3175 2012 3230 p.
2045 3159 2168 3213 499.
2200 3158 2325 3213 Non
2357 3173 2596 3230 parvam
2627 3157 2765 3213 huic
2796 3158 3052 3231 epistolae
3075 3159 3265 3217 lucem
3300 3162 3606 3220 aﬂ'undent

1955 3245 2327 3302 Miechowita
2358 3247 2494 3301 Hist.
2527 3247 2718 3301 Polon.
2752 3245 2884 3302 libr.
2938 3263 3000 3315 ιι,
3052 3265 3179 3321 cap.
3220 3251 3276 3320 3,
3327 3250 3426 3306 fol.
3476 3251 3600 3308 990.

1955 3335 2267 3390 Cromerus
2294 3338 2381 3389 De
2405 3335 2554 3404 Orig.
2587 3338 2638 3390 et
2663 3335 2819 3391 rebus
2845 3339 3008 3406 gestis
3036 3338 3230 3394 Polon.
3263 3338 3364 3395 lib.
3416 3356 3498 3410 ιιι,
3540 3357 3597 3413 p.

1954 3423 2044 3492 3t,
2074 3428 2140 3479 ut
2169 3422 2313 3479 alios
2344 3423 2596 3479 mittam.

1105 3789 1746 3892 SMERJB
1828 3786 2708 3891 POLOVBGII

1698 3975 2110 4079 EPISTOLA

698 4143 866 4255 AD
974 4142 1813 4257 WLADIMIRUM
1927 4140 2584 4257 RUSSORUM
2700 4143 3104 4259 REGEM

1051 4321 1346 4392 (Samus,
1377 4321 1617 4393 Append.
1649 4322 1721 4378 ad
1749 4322 2046 4379 Historiam
2072 4322 2512 4390 ecclesiasticam,
2547 4340 2604 4396 p.
2635 4323 2751 4395 61.)

1158 4558 1968 4653 APOGRAPHUM
2041 4560 2642 4654 EPISTOLAE

270 4740 446 4808 Quam
483 4740 704 4815 scripsit
750 4738 1064 4809 explorator
1101 4755 1200 4815 seu
1244 4741 1470 4815 nuntius
1518 4739 1864 4815 _Wladimiri,
1895 4742 2141 4812 supremi
2188 4741 2484 4815 [iussorum
2525 4742 2821 4815 principis,
2870 4741 3209 4798 Alexandria
3258 4745 3604 4815 ﬁgyptiwa,

187 4811 341 4884 circa
360 4810 732 4884 pannum—990,
761 4817 998 4884 tempore
1025 4826 1128 4884 quo
1159 4812 1351 4866 Russia
1379 4811 1624 4884 nondum
1653 4810 1983 4881 baptismum
2008 4813 2362 4884 suscepisset;
2393 4828 2511 4882 quae
2527 4810 2812 4868 translata
2857 4818 2939 4868 est
2984 4829 3054 4869 ex
3097 4815 3313 4884 scriptis
3330 4810 3610 4884 antiquae

186 4881 451 4937 doctrinae
480 4882 790 4948 Russorum,
819 4898 918 4952 per
945 4881 1218 4937 Andream
1245 4882 1585 4954 Rolodynsky
1616 4900 1651 4938 a
1687 4883 1968 4954 Witepsko,
2001 4885 2062 4938 in
2091 4881 2416 4938 hodiernum
2461 4884 2746 4954 scriptum,
2779 4899 2808 4938 e
2837 4884 3030 4955 lingua
3058 4881 3372 5010 Bulgarica,
3401 4901 3431 4940 e
3449 4881 3605 4940 tabu-

189 4952 266 5006 lis
296 4954 453 5008 areis
478 4954 716 5009 inventis
743 4955 806 5007 in
824 4953 1499 5010 monasterio'Salvatoris.
1534 4957 1692 5009 terra
1717 4955 2170 5010 Prw-missiensis.
2202 4970 2314 5009 non
2341 4955 2527 5010 procul
2557 4972 2590 5009 a
2619 4957 2789 5010 veteri
2816 4955 3096 5010 Sambore.
3119 4973 3156 5010 u
3195 4957 3216 5009 i
3242 4956 3468 5010 celebris
3497 4956 3605 5010 dum

189 4952 266 5024 tis
296 4954 453 5008 areis
478 4954 716 5009 inventis
743 4955 806 5007 in
824 4952 1499 5020 monasterio'Salvatoris,
1534 4952 1692 5009 terra
1717 4952 2170 5021 Praémissiensis,
2202 4970 2314 5009 non
2338 4955 2527 5024 procul
2557 4952 2590 5009 ὰ
2619 4957 2789 5010 veteri
2816 4952 3096 5020 Sambore,
3119 4973 3156 5010 u

3195 4957 3216 5009 i
3242 4956 3468 5012 celebris
3497 4956 3610 5012 dua:

187 5023 301 5097 Leo
329 5025 465 5078 situs
491 5031 589 5097 est,
615 5039 770 5097 anno
799 5024 957 5078 1567.
989 5025 1181 5097 Postea
1197 5039 1333 5097 ivero
1364 5024 1510 5080 idem
1537 5025 1778 5081 Andreas
1801 5026 2083 5081 transtulit
2112 5041 2235 5080 eam
2262 5041 2291 5079 e
2319 5023 2612 5094 Bulgarico
2647 5028 2845 5097 scripto
2880 5029 2940 5080 in
2969 5027 3285 5082 Polonicam
3334 5027 3604 5096 linguam.

189 5093 410 5168 Dictum
437 5095 722 5168 epistolam
749 5109 827 5168 ea;
980 5094 1158 5168 codice
1186 5096 1440 5168 Polonico
1469 5097 1495 5168 ζ
1521 5098 1829 5168 Ryniovicii
1858 5097 2148 5152 Trembecii
2176 5114 2211 5151 a
2238 5112 2297 5151 se
2321 5093 2642 5154 verbotenus
2674 5093 2843 5153 latine
2870 5097 3139 5154 redditam
3170 5115 3345 5155 meam
3373 5093 3611 5155 commu-

187 5165 408 5222 nicavit
433 5164 751 5222 Benedictus
789 5166 1173 5230 Wissowatius,
1206 5165 1354 5234 ﬁlius
1375 5164 1603 5222 Andreae
1639 5169 2005 5240 IVissowatii,
2034 5171 2091 5223 ut
2120 5169 2370 5240 sequitur
2401 5186 2420 5223 :

268 5313 682 5372 Potentissime
707 5331 808 5372 rex
853 5314 1216 5383 Wladimire,
1247 5314 1463 5389 inclyte
1519 5316 1712 5385 heros,
1746 5319 1848 5376 do-
1876 5321 1919 5388 (ζ
1948 5323 2005 5376 et
2033 5319 2195 5376 solus
2226 5319 2460 5393 sapiens
2491 5323 2656 5394 regat
2685 5323 2742 5376 te
2771 5319 2924 5377 sicut
2953 5319 3078 5392 ipse
3108 5319 3237 5388 scit,
3255 5318 3316 5375 in
3347 5318 3610 5392 potentia

192 5401 360 5457 mine
407 5401 488 5458 mi
531 5403 723 5474 chare,
765 5404 1128 5461 hmreditarie
1175 5404 1508 5461 dominator
1546 5407 1851 5479 regionum

189 5488 657 5561 Slavonicarum,
689 5497 824 5566 post
853 5493 1294 5550 ediﬁcetionem
1331 5494 1513 5553 turris
1562 5512 1851 5570 propaga-

189 5583 394 5637 tarum
427 5595 458 5635 θ
485 5582 857 5653 generatione
882 5582 1269 5656 Japhet,Deus
1292 5583 1458 5641 vivus
1481 5584 1850 5660 omnipotens

1959 5412 2018 5465 et
2045 5412 2353 5481 potestate,
2387 5409 2459 5464 ad
2493 5409 2710 5466 multos
2741 5426 2946 5466 annos.

2032 5497 2212 5553 Hodie
2240 5497 2392 5554 scias
2423 5515 2457 5552 a
2487 5514 2600 5566 me,
2633 5515 2755 5568 rex,
2782 5498 2953 5555 ﬂetus
2986 5498 3130 5554 mihi
3162 5512 3394 5571 semper
3425 5497 3611 5555 obori-

1958 5590 2057 5644 tur
2084 5603 2218 5644 cum
2249 5586 2526 5660 suspirio,
2560 5587 2715 5660 quod
2747 5604 2840 5647 me
2867 5586 3223 5664 ablegaveris
3252 5585 3312 5644 in
3342 5585 3608 5662 regiones
