4026 6176
365 308 538 368 “15-

1650 306 1985 369 APPEND.
2029 306 2134 370 AD
2177 306 2370 370 SEC.
2413 306 2488 367 Χ.

3610 305 3791 368 μω.

361 437 598 496 minatis
627 438 712 494 vel
745 438 804 493 in
845 437 972 494 loco
1021 439 1397 495 denominata
1428 439 1526 494 illo
1568 439 1698 512 (29),
1749 441 1808 495 in
1857 457 2006 514 pago
2037 440 2094 510 Α
2121 458 2237 498 non
2269 441 2344 497 sit
2374 440 2661 498 ambobus
2690 437 2854 494 vobis
2883 442 3004 494 tam
3032 437 3105 494 de
3133 436 3429 511 paternico
3467 453 3645 511 quam
3695 439 3770 496 de

359 529 527 600 cujus
559 527 906 585 vocabulum
937 531 1026 584 est
1046 527 1208 582 illud.
1236 529 1450 584 Omnes
1469 544 1560 584 res
1583 533 1834 596 nostras,
1859 547 2004 602 quas

356 616 415 671 in
451 615 704 689 presenti
737 616 849 688 (30)
882 615 1096 672 habere
1118 616 1224 671 visi
1246 632 1475 684 sumus,
1503 617 1559 671 id
1581 621 1670 673 est
1687 633 1824 673 casa
1843 623 2004 673 curte

356 705 469 778 (31)
501 705 721 773 clausa,
756 721 890 760 cum
921 704 1090 761 terris
1121 710 1177 759 et
1203 705 1500 777 domibus,
1533 705 1812 774 aediﬁciis,
1837 723 2002 762 man-

354 793 1016 867 cipiis,pratis,pascuis,
1036 793 1216 862 silvis,
1231 794 1438 863 vineis,
1459 795 1628 867 aquis
1644 812 2003 868 aquarumve

353 883 716 949 decursibus,
751 898 856 938 seu
888 881 1170 955 quicquid
1202 882 1318 938 dici
1350 887 1451 939 aut
1473 883 1763 940 nominari
1789 888 1998 956 potest,

351 972 550 1028 omnia
579 988 648 1026 ex
676 971 902 1043 integro
924 971 1213 1027 tradimus
1236 976 1412 1043 atque
1433 973 1905 1029 transfundimus
1927 975 2000 1029 ad

350 1059 770 1116 monasterium
804 1059 970 1127 illud,
990 1061 1146 1132 quod
1169 1065 1258 1116 est
1279 1064 1679 1117 constructum
1702 1061 1760 1116 in
1783 1062 1999 1118 honore

350 1153 690 1206 sanctorum
724 1147 980 1217 illorum,
1017 1149 1116 1205 ubi
1146 1148 1242 1205 ille
1273 1149 1456 1206 abbas
1487 1150 1830 1224 regulariter
1866 1168 1996 1224 pre-

2116 531 2436 587 maternico
2467 545 2569 585 seu
2602 527 2777 584 etiam
2807 527 2918 598 (40)
2941 523 3105 598 justo
3137 530 3433 583 contracto
3458 544 3551 583 res
3598 527 3767 583 vobis

2113 621 2399 692 quasdam
2433 615 2786 674 hereditario
2810 617 2945 688 jure
2976 615 3334 687 provenisse,
3360 633 3472 688 que
3494 615 3602 672 site
3624 621 3770 673 sunt

2111 707 2171 762 in
2203 725 2350 781 pago
2377 708 2778 779 nuncupante,
2811 703 2869 758 in
2901 703 3038 759 villa
3069 703 3447 760 denominata
3472 703 3590 772 illa,
3615 721 3770 777 quas

2109 813 2210 853 vos
2241 797 2436 852 animo
2459 794 2731 851 concordi
2751 809 2886 848 cum
2908 793 3080 849 terris
3104 795 3162 849 et
3177 792 3473 865 domibus,
3494 792 3763 862 adiﬁciis,

2110 885 2442 957 mancipiis,
2472 883 2678 957 pratis,
2703 883 2961 955 pascuis,
2982 880 3164 950 silvis,
3184 881 3273 938 vel
3292 881 3568 938 omnibus
3590 881 3768 939 cultis

2108 978 2165 1030 et
2194 972 2447 1045 incultis,
2480 988 2614 1027 cum
2650 969 2937 1026 universis
2959 969 3321 1040 adjacentiis,
3347 986 3493 1043 quas
3519 983 3760 1027 enume-

2108 1081 2235 1119 rare
2265 1061 2610 1135 perlongum
2640 1064 2748 1128 est,
2783 1057 3110 1114 tradidistis
3137 1061 3193 1114 et
3223 1062 3444 1115 cartam
3477 1057 3590 1130 (41)
3621 1075 3758 1115 con-

2107 1151 2386 1206 ﬁrmastis
2419 1151 2489 1207 ad
2523 1150 2650 1206 loca
2678 1152 3037 1213 sanctorum,
3072 1147 3171 1202 ubi
3205 1163 3311 1203 nos
3361 1151 3596 1202 auctore
3642 1149 3758 1204 Deo

345 1248 474 1294 esse
503 1236 760 1305 videtur;
791 1237 849 1293 in
880 1255 948 1295 ea
974 1237 1245 1294 videlicet
1275 1239 1518 1306 ratione,
1573 1243 1657 1308 ut,
1711 1240 1995 1312 quamdiu
2103 1239 2489 1297 vilicationem
2522 1239 2852 1310 fungimur;
2889 1237 2987 1294 sed
3020 1239 3221 1310 postea
3260 1236 3370 1292 fuit
3415 1240 3610 1293 vestra
3655 1252 3756 1309 pe-

344 1325 521 1384 simul
551 1326 890 1394 vixerimus,
921 1326 1011 1382 vel
1060 1328 1157 1399 qui
1209 1328 1280 1383 de
1329 1328 1499 1384 nobis
1544 1328 1657 1385 alio
1708 1328 1995 1401 superstis
2102 1328 2250 1396 titio,
2285 1332 2485 1384 nostra
2515 1343 2747 1399 quoque
2780 1342 2897 1381 non
2930 1325 3166 1381 rennuit
3193 1323 3487 1392 voluntas,
3536 1329 3602 1380 ut
3649 1341 3755 1381 su-

343 1415 912 1490 fuerit,supradictas
927 1416 1039 1488 (32)
1055 1417 1164 1472 sub
1184 1434 1293 1473 usu
1311 1417 1632 1474 fructuario
1648 1417 1993 1486 habeamus,
2102 1418 2298 1490 perius
2327 1415 2733 1472 denominatas
2757 1431 2847 1471 res
2865 1417 3088 1482 notras,
3110 1412 3200 1469 vel
3218 1430 3366 1486 quas
3390 1411 3616 1469 cartula
3636 1416 3756 1470 tra-

342 1513 704 1576 censumq-‘ue
735 1504 905 1560 annis
932 1503 1184 1577 singulis
1215 1505 1326 1578 (33)
1355 1505 1782 1578 prosolvamus,
1807 1506 1863 1562 id
1905 1512 1995 1562 est
2101 1505 2340 1562 ditionis
2375 1509 2574 1560 vestras
2606 1503 2837 1577 plenius
2857 1505 3298 1571 commemorat,
3322 1501 3490 1558 vobis
3511 1501 3620 1558 sub
3643 1517 3753 1558 usu

340 1597 573 1649 tantum
607 1595 664 1649 et
692 1597 945 1661 tantum,
972 1597 1027 1650 et
1053 1595 1286 1650 interim
1314 1595 1386 1650 de
1416 1595 1768 1668 supradictis
1816 1597 1992 1653 rebus
2104 1594 2421 1650 fructuario
2451 1593 2576 1650 dies
2606 1593 2734 1649 vitm
2762 1596 2963 1648 vestrae
2997 1591 3108 1663 (42)
3142 1594 3563 1664 prestaremus,
3597 1590 3756 1664 quod

343 1699 457 1739 non
489 1682 776 1739 habemus
811 1682 1144 1739 facultatem
1178 1683 1481 1740 minuendi
1525 1688 1625 1740 aut
1674 1685 1988 1752 alienandi,
2100 1684 2180 1740 ita
2208 1687 2264 1739 et
2295 1682 2570 1750 fecimus;
2608 1681 2664 1736 in
2695 1698 2762 1737 ea
2793 1679 3017 1735 ratione
3045 1677 3335 1748 videlicet,
3359 1681 3444 1747 ut,
3468 1679 3756 1752 quamdiu

340 1771 457 1826 nisi
487 1775 774 1844 quantum
808 1771 879 1826 ad
913 1788 1087 1827 usum
1120 1773 1370 1844 pertinet
1395 1789 1494 1828 eas
1529 1773 1818 1829 incolendi
1841 1778 1898 1829 et
1929 1773 1987 1830 in
2021 1813 2066 1844 η
2099 1772 2375 1838 vixeritis,
2410 1771 2644 1827 easdem
2696 1787 2786 1825 res
2834 1768 3120 1836 habeatis,
3171 1785 3531 1840 censumque
3580 1768 3756 1825 annis

340 1876 452 1914 usu
484 1859 762 1924 habendi,
791 1864 847 1914 et
875 1864 1007 1931 post
1033 1861 1257 1916 obitum
1299 1866 1567 1917 nostrum
1618 1863 1816 1917 statim
1869 1863 1994 1918 sine
2022 1854 2070 1878 "
2098 1861 2349 1934 singulis
2382 1858 2750 1933 prosolvatis,
2786 1858 2844 1913 id
2877 1861 2965 1913 est
2997 1861 3228 1913 tantum
3256 1859 3314 1913 et
3344 1860 3573 1913 tantum
3613 1854 3753 1929 (43),

341 1946 592 2020 alicujus
623 1947 1076 2004 contradictione
1101 1949 1191 2005 vel
1241 1949 1439 2022 aliqua
1486 1950 1875 2007 diminutione
1919 1953 1990 2008 ad

339 2035 678 2110 supradicta
707 2037 834 2093 loca
862 2042 1204 2094 sanctorum
1229 2056 1319 2095 res
1339 2041 1676 2112 supradicta
1697 2045 1989 2097 revertan-

338 2130 435 2182 tur
451 2125 874 2199 perpetualiter
890 2126 1249 2199 possidendi.
1273 2128 1332 2184 Si
1353 2128 1488 2200 quis
1506 2145 1660 2198 vero,
1684 2131 1839 2201 quod
1862 2147 1988 2186 eve-

338 2216 463 2271 nire
475 2231 590 2270 non
608 2216 803 2281 credo,
836 2215 884 2270 si
904 2232 1009 2271 nos
1027 2215 1137 2288 ipsi
1163 2221 1263 2272 aut
1285 2217 1562 2288 quislibet
1582 2218 1695 2289 (34)
1717 2235 1986 2290 persona,

336 2303 512 2359 istam
525 2302 896 2359 traditionem
912 2304 1209 2361 destruere
1219 2304 1989 2379 voluerit,nequeatinchoa~

2099 1951 2176 2022 [et
2208 1949 2466 2020 interim]
2497 1948 2609 2019 (At)
2642 1946 2787 2001 nihil
2820 1945 3125 2001 minuendi
3156 1949 3258 2001 aut
3292 1943 3586 2002 alienandi
3633 1961 3754 2001 non

2099 2039 2362 2095 habeatis
2394 2036 2752 2104 facultatem,
2787 2035 2887 2091 sed
2920 2039 3054 2108 post
3082 2034 3308 2090 obitum
3339 2038 3600 2090 vestrum
3623 2033 3755 2107 ipse

2097 2143 2190 2183 res
2220 2127 2278 2182 in
2303 2126 2580 2183 omnibus
2602 2124 2900 2180 meliorate
2922 2125 2992 2179 ad
3019 2122 3420 2195 supradictum
3449 2125 3755 2180 monaste-

2097 2216 2250 2272 rium
2283 2218 2647 2271 revertantur
2674 2210 3090 2286 perpetualiter
3118 2209 3480 2284 possidendi.
3505 2207 3766 2268 Nullus-

2096 2321 2228 2376 que,
2249 2320 2437 2376 neque
2455 2319 2561 2358 nos
2579 2318 2681 2357 nec
2703 2300 2946 2374 quilibet
2961 2315 3370 2356 successorum
3384 2301 3746 2370 nostrorum,

335 2396 465 2450 tum
485 2409 662 2450 suum
680 2392 843 2449 nulla
862 2393 1166 2450 occasione
1183 2395 1478 2466 perﬁcere,
1503 2399 1560 2451 et
1583 2413 1687 2469 pro
1707 2397 1784 2466 vi,
1807 2413 1986 2469 quam
2094 2393 2243 2450 hanc
2275 2392 2618 2466 precariam,
2644 2406 2822 2463 quam
2865 2405 2969 2445 nos
3023 2387 3352 2456 emisimus,
3405 2386 3748 2445 nullatenus

334 2481 482 2538 locis
513 2485 850 2538 sanctorum
883 2481 1096 2538 inferre
1117 2483 1456 2552 conebatur,
1481 2485 1979 2542 restituatibidem
2091 2481 2281 2539 valeat
2311 2483 2636 2548 destruere;
2672 2480 2772 2535 sed
2795 2477 3070 2552 perennis
3095 2478 3208 2551 (45)
3233 2477 3596 2550 temporibus
3625 2480 3747 2534 sta-

337 2570 581 2644 duplum
603 2575 892 2642 quantum
912 2570 1068 2626 malo
1086 2571 1290 2627 ordine
1308 2572 1603 2629 abstraere
1624 2572 1824 2639 voluit,
1847 2578 1903 2630 et
1922 2574 1983 2630 in
2091 2571 2227 2627 bilis
2256 2575 2314 2626 et
2344 2571 2516 2625 ﬁrma
2547 2569 2840 2641 perduret,
2873 2569 3048 2640 prout
3076 2569 3307 2638 tempus
3345 2565 3652 2622 dictaverit
3686 2566 3756 2622 et

335 2675 396 2715 re
420 2659 654 2733 publica
670 2658 964 2732 prosolvat
987 2660 1113 2715 auri
1134 2663 1387 2728 tantum,
1411 2663 1634 2734 argenti
1654 2667 1904 2729 tantum,
1929 2668 1986 2720 et
2093 2659 2494 2716 convenientia
2523 2657 2583 2713 in
2614 2674 2682 2714 ea
2711 2656 2990 2728 discripta
3020 2654 3187 2710 ﬁnita
3218 2654 3414 2710 fuerit.
3446 2653 3516 2711 Et
3538 2658 3602 2710 ut
3639 2651 3748 2709 fir-

333 2747 938 2820 insuperh‘ectraditio
955 2748 1984 2821 perennistemporibusﬁrmavaleat
2093 2749 2243 2804 mior
2274 2765 2376 2821 per
2404 2753 2668 2819 tempora
2708 2749 3099 2813 conservetur,
3152 2759 3332 2800 manu
3379 2747 3580 2800 nostra
3621 2743 3745 2799 fra-

334 2835 652 2908 perdurare
684 2851 820 2890 cum
852 2835 1102 2891 testibus
1134 2835 1553 2892 subordinatis.

404 2925 614 2980 Actum
647 2923 704 2978 in
738 2922 837 2979 illo
867 2922 1012 2993 loco,
1046 2923 1301 2996 publice,
1335 2925 1707 2997 prescntibus
1730 2943 1980 2998 quorum

332 3013 426 3069 hic
457 3011 761 3085 signacula
790 3013 1205 3068 subnotantur.
1241 3012 1360 3086 Sig.
1394 3013 1649 3082 illorum,
1684 3016 1784 3088 qui
1807 3015 1981 3072 istam

329 3101 704 3158 traditionem
738 3101 862 3174 pari
892 3117 1183 3158 consensu
1213 3103 1610 3159 firmaverunt.

792 3234 823 3308 §
857 3235 922 3290 ΙΙ.
957 3265 1025 3277 --
1057 3252 1336 3293 pauonum
1376 3238 1508 3310 (35).

401 3349 647 3407 Domino
693 3349 1010 3406 venerabili
1063 3354 1120 3406 et
1163 3351 1221 3406 in
1270 3351 1500 3408 Christo
1552 3352 1701 3425 patri
1743 3351 1826 3407 illi
1876 3353 1976 3409 ab-

330 3438 450 3495 bati
482 3440 594 3511 (36)
625 3439 965 3494 monasterii
993 3440 1163 3510 cujus
1185 3439 1535 3495 vocabulum
1565 3446 1650 3496 est
1674 3439 1817 3496 illud
1841 3441 1976 3513 (3’7).

330 3529 480 3584 Dum
509 3531 738 3582 constat
759 3527 870 3598 (38)
904 3526 1153 3598 qualiter
1172 3545 1273 3583 vos
1297 3527 1556 3600 legitimo
1575 3529 1703 3600 conj
1713 3530 1847 3601 ugio
1867 3530 1977 3601 (39)

330 3615 605 3690 primitus
634 3614 831 3670 conexi
864 3613 961 3670 iile
991 3616 1088 3687 [et]
1120 3614 1237 3684 illa,
1271 3615 1590 3689 mullisque
1615 3617 1977 3690 incognitum

424 3739 516 3812 29)
552 3739 624 3812 Qa
650 3738 917 3812 membra
947 3739 1017 3812 de
1047 3738 1262 3812 phrase
1292 3757 1547 3812 manque
1579 3742 1725 3798 dans
1758 3746 1813 3798 S.
1838 3744 1903 3798 G.

425 3808 514 3880 30)
547 3811 606 3865 S.
639 3808 704 3865 G.
739 3809 933 3880 ajoute
962 3808 1184 3866 ibidem.

423 3881 514 3937 31)
544 3881 604 3936 S.
639 3881 704 3937 G.
738 3897 865 3936 eum
893 3883 1061 3937 eurte.

425 3953 514 4026 32)
548 3953 606 4008 S.
641 3952 706 4008 G.
741 3953 936 4026 ajoute
963 3969 1066 4008 res.

423 4023 515 4092 33)
537 4028 593 4078 S.
627 4027 694 4095 (ξ.
727 4025 923 4095 ajoute
954 4024 1169 4079 exinde.

423 4095 513 4168 314)
546 4095 602 4168 β.
640 4094 705 4150 G.
743 4094 1000 4168 quelibet.

423 4164 512 4240 35)
545 4167 653 4222 Les
684 4164 932 4240 actosde
954 4166 1211 4240 précaire
1232 4164 1484 4240 doivent,
1515 4183 1664 4240 pour
1682 4169 1801 4223 etre
1824 4184 1977 4225 com-

330 4236 502 4317 plets,
531 4237 795 4322 contenir
822 4236 974 4322 deni
1003 4238 1219 4322 parties
1241 4255 1270 4322 τ’
1286 4238 1343 4294 1a
1373 4236 1978 4322 premiere,‘nomr_née

330 4308 708 4381 proprement
732 4308 1020 4380 prdeaire,
1036 4313 1124 4365 est
1153 4309 1209 4364 la
1239 4308 1526 4365 demande
1566 4327 1639 4364 ou
1682 4308 1740 4364 1a
1788 4310 1977 4382 priere

332 4380 603 4461 adressee
635 4379 820 4461 par-le.
850 4381 1570 4461 futur‘con‘cessionpaire;
1606 4381 1668 4461 la
1705 4382 1974 4461 secqnde,

330 4451 604 4506 nommée
617 4451 901 4522 prestaire,
917 4455 1003 4522 est
1021 4451 1073 4505 la
1090 4453 1266 4522 répon
1276 4467 1336 4505 se
1353 4451 1430 4506 du
1458 4451 1794 4522 concedant.
1820 4452 1977 4508 Dans

331 4523 496 4614 patre
527 4519 729 4614 espece
756 4519 932 4614 [actel
949 4521 1020 4576 de
1069 4519 1345 4614 donatiop
1395 4520 1496 4593 qui
1540 4522 1782 4603 precede
1831 4524 1979 4608 tient
2009 4549 2055 4614 Β

330 4589 724 4647 évidemment
755 4589 869 4662 lieu
901 4591 970 4646 de
997 4593 1270 4662 prec-nire;
1304 4590 1361 4646 la
1391 4589 1727 4648 concession
1772 4609 1846 4648 ou
1888 4597 1979 4649 ré-

332 4663 678 4735 trocession,
699 4659 798 4733 qui
820 4679 891 4717 en
914 4659 1009 4735 est
1023 4661 1078 4735 la
1099 4659 1518 4735 consequence,
1545 4664 1735 4720 aurait
1756 4664 1834 4720 du
1856 4667 1976 4722 etre

331 4733 597 4816 intitulée
621 4732 1087 4816 greataire..l\_iais
1115 4732 1465 4816 l’ignprance
1511 4736 1634 4816 des_
1663 4737 1976 4816 praticiens

331 4804 669 4862 confondait
699 4809 942 4860 souvent
971 4804 1054 4860 les
1081 4804 1484 4877 appellations,
1518 4812 1573 4862 et
1603 4804 1846 4862 donnait
1894 4809 1978 4862 in-

332 4878 770 4951 distinctement
824 4879 872 4932 lc
927 4894 1081 4951 nom
1121 4879 1191 4932 de
1241 4879 1584 4951 precairea
1618 4877 1674 4934 la
1733 4882 1976 4951 reponse

332 4963 562 5022 comme
592 4947 696 5003 ala
712 4948 1018 5022 demande.
1037 4948 1193 5022 Nous
1217 4947 1494 5022 trouvons
1515 4947 1587 5022 ici
1615 4966 1692 5022 un
1715 4947 1976 5022 exemple

333 5021 404 5076 de
435 5024 581 5093 cette
611 5018 938 5093 confusion,
973 5019 1073 5092 qui
1095 5037 1157 5075 se
1180 5019 1477 5092 rcproduit
1498 5019 1645 5076 dans
1665 5020 1721 5075 la
1741 5018 1978 5093 plupart

333 5093 435 5147 des
467 5088 746 5146 formules
778 5088 1095 5146 suivantes.

426 5161 516 5232 36)
548 5161 708 5233 S.7G.
735 5165 894 5233 patre
922 5162 1131 5233 abbate.

426 5231 518 5306 37)
552 5231 929 5305 L’ignorance
958 5249 1031 5287 ou
1063 5232 1120 5288 la
1151 5233 1484 5306 négligence
1514 5231 1591 5286 du
1623 5232 1842 5306 copiste
1893 5233 1974 5290 lui

335 5304 523 5384 faitici
541 5303 978 5384 commettreun
996 5303 1378 5384 contre-sens.
1403 5303 1772 5384 Onpourrait
1792 5305 1909 5384 croi
1918 5321 1976 5384 re

333 5391 405 5430 en
434 5376 584 5449 effet,
618 5375 844 5449 d‘apres
885 5373 943 5430 la
992 5375 1173 5449 formo
1223 5373 1978 5449 grammaticaladecette

335 5444 888 5538 premjere‘ph'rjase,
908 5461 1020 5538 que
1045 5445 1213 5538 l’ac'tcl
1226 5444 1328 5538 East
1355 5447 1652 5538 adresséja
1680 5444 1867 5538 1"abbé
1897 5449 1976 5504 du

336 5516 597 5588 couvent,
631 5516 824 5588 fandis
854 5516 1025 5588 qu’en
1051 5517 1251 5574 réalité
1278 5517 1320 5574 il
1351 5521 1556 5574 émane
1586 5519 1656 5574 de
1694 5516 1796 5575 lui.

429 5587 519 5652 38)
545 5586 603 5642 S.
635 5586 703 5644 G.
734 5586 1067 5647 consisteret.

429 5656 521 5738 39)
550 5655 625 5718 Co
655 5661 778 5718 mot
807 5674 1062 5735 manque
1093 5660 1240 5720 dans
1269 5664 1324 5719 Β.
1357 5661 1423 5724 G.

2092 2843 2365 2909 trumque
2391 2839 2726 2891 nostrorum
2759 2834 2970 2889 subtus
2993 2832 3330 2888 ﬁrmitatem
3355 2832 3738 2888 inseruimus.

2161 2927 2282 3000 Sig.
2315 2924 2474 2980 illius
2492 2923 2740 2993 abbatis,
2762 2923 2860 2996 qui
2880 2922 3031 2978 hanc
3052 2921 3376 2995 precariam
3399 2921 3521 2978 ﬁeri
3531 2920 3739 2993 jussit.

2089 3015 2208 3088 Sig.
2244 3016 2490 3070 fratrum
2522 3015 2744 3085 septem
2773 3011 2860 3068 vel
2891 3010 3165 3083 amplius.

2863 3100 2957 3156 III.

2006 3182 2048 3249 C
2161 3193 2239 3248 La
2270 3191 2514 3248 formule
2544 3191 2809 3246 suivante
2847 3193 2934 3244 est
2962 3187 3448 3261 lareproduction
3483 3197 3738 3261 presque

2085 3263 2343 3342 litteralc
2365 3261 2628 3342 det‘celle
2675 3261 2795 3342 q_ui_
2824 3256 3121 3342 precedef
3147 3258 3414 3342 l’espece.
3441 3256 3598 3315 séule
3622 3256 3740 3342 βοὶ

2085 3336 2404 3391 diﬁ‘érente.
2439 3334 2523 3388 0n
2554 3351 2588 3405 y
2617 3329 2736 3387 voit
2763 3329 2841 3387 de
2863 3335 3051 3387 meme
3074 3347 3188 3405 une
3220 3329 3495 3405 donation
3541 3337 3737 3405 egitras

2084 3407 2194 3462 vifs
2228 3406 2361 3461 faite
2393 3408 2427 3460 ὸ.
2455 3421 2533 3458 un
2556 3399 2916 3471 'monastere,
2951 3418 3091 3457 sous
3121 3403 3347 3458 réserve
3392 3399 3738 3470 d'usufruit,

2086 3482 2142 3533 et
2188 3478 2369 3533 suivie
2418 3476 2554 3530 d’un
2595 3481 2720 3530 acte
2767 3475 2836 3530 de
2880 3473 3284 3528 rétrocession.
3332 3473 3406 3527 La
3453 3471 3734 3529 donation

2087 3549 2351 3604 n’émane
2380 3550 2411 3602 ξι
2436 3546 2494 3602 la
2517 3547 2692 3617 vérité
2723 3562 2836 3617 que
2867 3546 2945 3617 du
2980 3544 3126 3599 mari
3148 3548 3223 3617 _et
3272 3559 3386 3599 non
3433 3542 3533 3617 des
3565 3537 3736 3617 deut

2085 3620 2402 3691 conjoints;
2432 3618 2583 3673 mais
2614 3612 2912 3672 l'usufruit
2931 3621 3021 3672 est
3041 3614 3369 3689 également
3404 3612 3619 3687 stipulé
3658 3627 3736 3670 an

2186 3746 2271 3816 40)
2303 3747 2359 3816 8.
2393 3745 2458 3816 qr.
2491 3742 2685 3812 ajoute
2709 3740 2963 3813 quodam.

2182 3813 2269 3870 41)
2301 3815 2357 3870 S.
2391 3813 2456 3870 G.
2490 3816 2664 3868 curta.

2157 3880 2269 3954 (42)
2299 3885 2373 3940 Ce
2405 3889 2527 3940 mot
2557 3898 2811 3954 manque
2843 3881 2992 3954 dans
3024 3885 3078 3934 S.
3115 3880 3180 3954 G.

2302 3958 2377 4011 Le
2412 3959 2534 4033 mo_t
2559 3948 3018 4033 censysdesigne
3066 3951 3456 4033 evideniment
3501 3948 3575 4033 ic_i
3617 3966 3737 4033 une

2087 4021 2403 4084 redevance
2433 4021 3185 4099 privée._L’établfssement_
3213 4022 3284 4099 de
3309 4037 3407 4099 _ces
3439 4025 3627 4099 sortes
3645 4021 3736 4099 ,ἀρ

2088 4089 2786 4169 Γθᾶθνᾶηοοέάέρθηάαῐιι
2810 4092 3282 4169 u‘niquementde
3307 4091 3364 4169 l_a
3379 4091 3612 4169 volante
3629 4089 3743 4169 de;

2129 4171 2326 4238 arties,
2360 4169 2486 4225 leur
2518 4162 2726 4223 nature
2756 4170 2812 4222 et
2840 4162 2967 4238 leur
2991 4170 3129 4238 taux
3171 4162 3440 4238 devaient
3475 4163 3740 4238 varient

2112 4233 2544 4296 ’inﬁniITantOt
2563 4238 2702 4294 elles
2723 4237 2970 4293 constitu
2981 4237 3138 4291 aient
3154 4233 3582 4290 réellementun
3603 4233 3737 4306 pii:

2088 4315 2159 4368 de
2190 4315 2369 4369 ferme
2400 4327 2474 4366 ou
2507 4327 2584 4365 un
2617 4325 2803 4365 canon
2834 4306 3338 4380 emphytéotiqu‘e;
3369 4309 3560 4360 tantOt
3589 4305 3734 4380 elles

2089 4401 2187 4456 rep
2195 4387 2357 4456 résen
2363 4381 2613 4456 taientl’i
2623 4382 2808 4456 ntéret
2821 4375 2992 4433 d’une
3007 4375 3131 4432 som
3139 4375 3732 4456 m_é_d’argentpretée_.

2089 4447 2461 4526 Quelquefois
2491 4451 2633 4526 elles
2662 4450 2875 4526 étaienl
2905 4452 3214 4526 purement
3234 4447 3656 4526 honoriﬁq’ues,
3670 4451 3736 4526 δή

2089 4511 2474 4602 constataient
2499 4524 2556 4578 1a
2576 4511 2974 4602 vassalitédu
3017 4519 3341 4602 débitenra
3387 4511 3607 4602 regard
3644 4511 3734 4602 du

2088 4597 2409 4663 créancier;
2438 4599 2682 4650 souvent
2712 4592 2870 4647 aussi
2905 4590 3044 4647 elles
3067 4589 3303 4663 avaient
3332 4588 3488 4663 poni
3510 4590 3616 4663 but
3662 4588 3736 4643 de

2087 4667 2353 4741 prevenir
2376 4659 2502 4741 une
2524 4663 2902 4720 interversion
2932 4663 3005 4741 de
3035 4661 3220 4741 titres,
3240 4664 3301 4741 et
3321 4659 3638 4741 donnaient
3659 4669 3736 4715 tu

2086 4730 2573 4865 nu-propriétaire
2604 4751 2718 4791 une
2741 4733 3003 4807 garantic
3021 4736 3219 4788 contra
3240 4730 3324 4813 les
3349 4730 3740 4804 usurpatione

2086 4813 2156 4866 de
2229 4808 2589 4866 usufruitier.
2649 4812 2721 4860 La
2771 4805 3086 4860 redevance
3135 4802 3346 4858 etablie
3389 4802 3538 4857 dans
3587 4803 3741 4857 certe

2127 4830 2156 4866 ϐ
2188 4824 2589 4866 ιὐευηιυιιιθιι.

2086 4881 2333 4937 formule
2392 4878 2721 4952 appartient
2768 4879 2801 4931 ὲ
2857 4881 3003 4952 cette
3051 4875 3317 4952 _derniére
3363 4873 3572 4952 classe.

2086 4954 2312 5009 clauses
2339 4952 2408 5006 de
2428 4941 2583 5005 cette
2615 4951 2840 5017 nature,
2874 4948 3026 5017 dans
3051 4945 3104 5001 le
3134 4961 3234 5001 cas
3259 4944 3434 5000 d’une
3452 4941 3738 5017 donation

2086 5023 2270 5080 suivie
2296 5023 2367 5077 de
2397 5020 2454 5076 la
2483 5013 2864 5076 rétrocession
2895 5019 2967 5072 de
2994 5016 3298 5072 l’usufruit
3323 5013 3739 5072 devaientétra

2085 5097 2440 5168 frequentes,
2473 5108 2570 5147 car
2596 5090 2654 5168 la
2685 5089 2912 5168 Loindes
2941 5087 3280 5168 Allemands
3325 5087 3437 5168 (tit.
3492 5085 3559 5168 ll)
3602 5083 3742 5168 ἔξω

2085 5184 2118 5222 a
2144 5155 2563 5222 consacré'une
2592 5159 2939 5234 disposition
2973 5158 3268 5234 _speciale:
3320 5155 3381 5213 Si
3417 5155 3549 5234 guis
3598 5155 3741 5212 liber

2085 5254 2169 5293 res
2198 5253 2324 5292 suas
2351 5235 2419 5290 ad
2450 5228 2731 5290 ecclesiam
2759 5233 2855 5287 Dei
2889 5228 3184 5296 dederin...
3217 5233 3270 5284 et
3289 5228 3523 5300 posthaec
3551 5239 3587 5282 α
3625 5241 3742 5352 m

2086 5313 2228 5352 _cfnrn
2258 5308 2501 5352 pnnlnsijp
2529 5321 2626 5352 ner
2657 5303 2974 5352 beneficium
3001 5303 3297 5352 susceperit
3325 5299 3396 5352 ad
3445 5301 3619 5352 vidua
3681 5310 3684 5314 ’

2085 5313 2228 5364 store
2258 5308 2501 5364 ecclesiae
2526 5321 2626 5376 per
2657 5299 3301 5376 beneﬁcz'umsuseeperii
3325 5299 3396 5355 ad
3445 5299 3684 5355 viduale

2084 5382 2453 5435 necessitatem
2481 5366 2905 5448 conquirendum
2935 5373 3122 5448 diebus
3153 5366 3299 5429 ὐἰιέε
3335 5384 3546 5448 δεμες...
3574 5366 3744 5448 _quod

2085 5449 2369 5524 spopondit
2397 5440 2671 5524 persoluat
2697 5445 2769 5501 ad
2789 5445 3077 5524 ecclesigm
3105 5459 3334 5500 causam
3356 5443 3421 5499 de
3440 5440 3546 5498 illa
3561 5442 3743 5500 term.

2159 5514 2272 5596 ('44)
2303 5514 2587 5596 Suppléés
2618 5517 2844 5596 d’apres
2874 5517 2930 5574 S.
2966 5514 3032 5575 G.

2159 5537 2250 5596 (44
2303 5537 2382 5578 δι]
2429 5537 2587 5594 pices
2618 5537 2804 5592 u'apre

2156 5537 2272 5674 (45)
2301 5596 2358 5650 S.
2485 5607 2582 5667 per
2607 5590 2804 5650 omnis.
