4026 6176
193 327 385 428 -tai7

1506 327 1910 393 FORMULzE
1961 328 2353 398 VETERES.

3472 345 3629 410 μη

229 463 405 552 ρξοξὶι
436 464 516 552 de.
551 463 609 520 la
641 461 1094 552 ﬂammeusihelle
1116 463 1311 552 (survit‘
1339 465 1736 552 ALS‘ODnépOU‘X.
1774 463 1881 552 Lee
1909 462 1963 530 Α
1991 462 2124 518 vina
2153 464 2536 537 inspiratione
2576 469 2687 524 sibi
2737 472 2936 542 procul
2969 474 3148 531 dubio
3177 475 3326 535 sciat
3365 478 3474 534 hoc
3503 496 3630 552 per-

228 531 632 607 observations
649 552 761 607 que
771 531 870 605 j’ai
885 531 1058 589 faites
1075 551 1146 588 au
1163 535 1407 607 sujetqde
1425 531 1742 607 latormule
1760 536 1882 607 pre-

226 605 470 662 eédente
500 609 636 663 sont
667 605 816 662 done
847 622 918 662 en
946 605 1178 678 general
1202 605 1558 677 applicables
1584 609 1617 660 ὰ
1637 605 1878 660 celle-ci.

197 711 254 784 .§
294 711 338 767 Ι.
372 729 555 768 αΑῐιτΑ
600 729 986 777 τωυιτιοκιε,
1028 728 1189 775 QUAM
1227 729 1327 766 via
1373 729 1533 767 mox?
1581 728 1652 767 ne
1697 727 1882 767 annos

301 816 452 869 SUIS,
493 817 561 856 ET
589 817 734 856 νυνι·
763 818 838 858 UT
869 816 1024 857 UXOR
1049 817 1185 856 EJUS
1226 818 1442 856 HABEA'P
1470 817 1608 856 POST
1639 817 1736 868 SE;
1769 817 1882 855 AUT

298 905 458 952 QUAM
489 907 647 945 UXOR
683 905 845 945 FACIT
884 906 956 944 DE
992 905 1181 945 REBUS
1212 905 1360 957 SUIS,
1394 906 1462 945 ετ
1488 906 1636 945 νυιτ
1673 905 1750 944 UT
1786 906 1881 943 VIR

297 995 432 1035 ams
463 994 680 1035 HABEAT
710 994 852 1034 pos'r
881 995 944 1034 se
976 979 1110 1051 (46).

297 1084 359 1140 In
391 1084 492 1141 Dei
524 1085 780 1153 nomine,
808 1086 1267 1158 perpetrandum
1303 1089 1392 1140 est
1425 1085 1740 1158 unicuique
1769 1085 1878 1155 (47)

229 1175 384 1246 quod
413 1174 702 1246 sapientia
747 1173 847 1229 Dei
898 1191 1000 1247 per
1039 1173 1412 1230 Salomonem
1446 1175 1624 1230 dixit:
1660 1173 1877 1229 Redem-

222 1264 342 1334 ptio
371 1265 555 1320 anime
584 1265 696 1318 viri
720 1265 946 1335 proprie
988 1264 1184 1319 clivicie
1219 1264 1352 1335 ejus.
1377 1295 1446 1304 —
1477 1263 1882 1335 Redemptoris

227 1366 460 1423 quoque
507 1353 683 1407 verba
733 1351 1024 1407 dicentis:
1064 1353 1198 1408 Date
1249 1352 1620 1421 elemosinam,
1671 1355 1720 1407 et
1767 1367 1883 1406 ecce

225 1442 416 1497 omnia
446 1440 656 1495 munda
684 1445 813 1496 sunt
856 1441 1020 1497 vobis.
1046 1441 1298 1514 Ideoque
1328 1456 1434 1514 ego
1469 1439 1586 1508 ille,
1619 1439 1712 1495 bis
1756 1457 1879 1495 am-

227 1529 654 1585 monitionibus
685 1535 1074 1602 compunctus
1122 1528 1301 1586 simul
1341 1534 1399 1585 et
1428 1529 1704 1596 conlisus,
1728 1528 1881 1584 dono

227 1619 508 1674 donatum
535 1635 638 1690 pro
663 1618 918 1674 remedio
943 1617 1140 1674 anime
1165 1635 1304 1674 mete
1326 1618 1458 1690 (48),
1485 1618 1638 1690 quod
1670 1617 1728 1672 in
1755 1633 1882 1689 per-

226 1710 468 1780 petuum
492 1723 620 1762 esse
637 1707 786 1773 volo,
805 1710 860 1761 et
879 1706 984 1761 hoc
1005 1707 1275 1780 est,quod
1300 1707 1471 1773 dono,
1489 1707 1546 1761 in
1569 1723 1716 1778 pago
1737 1723 1883 1760 nun-

225 1800 478 1868 cupante
498 1793 597 1851 illo
621 1795 703 1892 [in
725 1793 876 1862 villa]
904 1795 1016 1866 (49)
1041 1796 1213 1866 cujus
1234 1795 1590 1892 vocabulum.
1605 1799 1693 1892 est
1711 1793 1878 1892 illud,
1911 1827 1959 1892 Β

225 1900 461 1939 omnem
507 1883 832 1955 portionem
871 1899 1083 1950 meam,
1119 1901 1244 1956 qua:
1285 1883 1502 1939 ibidem
1544 1883 1622 1939 sit
1652 1883 1788 1956 (50),
1821 1882 1878 1938 id

223 1977 313 2028 est
344 1977 464 2028 tam
501 1972 672 2028 terris
717 1989 895 2044 quam
940 1973 1234 2039 domibus,
1255 1971 1520 2038 ediﬁciis,
1547 1971 1876 2044 mancipiis,

223 2060 428 2133 pratis,
449 2060 707 2135 pascuis,
728 2059 912 2127 silvis,
933 2061 1102 2132 aquis
1126 2077 1485 2132 aquarumve
1508 2061 1879 2129 decursibus,

225 2165 359 2205 cum
404 2149 682 2204 omnibus
727 2149 1072 2221 adjacentiis
1104 2149 1248 2215 suis,
1274 2149 1344 2204 ad
1389 2148 1718 2218 basilicam,
1751 2165 1881 2221 qum

225 2243 315 2294 est
343 2240 680 2294 constructa
709 2238 767 2292 in
809 2237 1027 2293 honore
1075 2238 1262 2293 sancti
1294 2237 1474 2304 illius,
1495 2238 1592 2292 ubi
1627 2237 1720 2293 ille
1752 2255 1878 2294 ser-

224 2344 332 2383 vus
362 2327 460 2383 Dei
493 2332 684 2400 rector
705 2344 832 2384 esse
861 2327 1118 2395 videtur;
1153 2328 1211 2381 in
1244 2343 1311 2382 ea
1340 2327 1560 2383 ratione
1589 2325 1876 2394 videlicet,

228 2420 314 2482 ut,
338 2415 623 2488 quamdiu
660 2416 874 2485 vixero,
907 2417 1143 2472 easdem
1176 2433 1268 2472 res
1307 2415 1573 2485 habeam,
1605 2433 1879 2472 censum-

227 2522 341 2577 que
372 2506 544 2560 annis
574 2504 826 2578 singulis
859 2505 1109 2570 solvam;
1143 2511 1199 2560 et
1229 2505 1276 2560 si
1307 2522 1450 2560 uxor
1476 2523 1604 2560 mea
1629 2505 1742 2575 (51)
1764 2504 1878 2560 mei

227 2594 633 2666 supervixerit,
654 2609 720 2648 eo
751 2595 907 2666 quod
956 2595 1209 2649 ﬁliorum
1261 2595 1582 2666 procreatio
1632 2594 1881 2648 minima

225 2684 352 2738 visa
400 2687 488 2738 est
537 2682 892 2754 processisse
925 2683 1060 2754 (52),
1091 2682 1251 2755 ipsas
1282 2699 1374 2737 res
1418 2683 1543 2737 dies
1598 2683 1710 2737 vite
1762 2699 1878 2737 suae

231 2770 462 2839 habeat,
488 2775 544 2826 et
576 2770 979 2843 supradictum
1011 2787 1251 2826 censum
1285 2770 1499 2836 solvat;
1521 2775 1577 2826 et
1606 2774 1738 2842 post
1769 2771 1884 2826 dis-

234 2875 466 2914 cessum
498 2859 626 2931 ejus
648 2857 774 2914 sine
797 2858 995 2931 aliqua
1022 2858 1359 2915 marritione
1381 2860 1451 2914 ad
1477 2858 1880 2931 supradictum

227 2947 604 3004 traditionem
646 2953 1006 3004 revertantur
1048 2947 1480 3020 perpetualiter.
1511 2947 1879 3020 Nunlusque,

226 3053 416 3109 neque
448 3052 552 3109 ego
609 3041 710 3092 aut
765 3035 1012 3108 quilibet
1042 3036 1322 3091 heredum
1354 3035 1446 3091 vel
1495 3035 1882 3109 proheredum

230 3125 458 3181 occasio
489 3129 589 3180 aut
620 3125 1072 3197 qualiscumque
1109 3141 1379 3197 persona,
1404 3129 1734 3196 presentem
1767 3129 1883 3179 tra-

236 3213 516 3269 ditionem
534 3193 881 3285 pervnullius
903 3193 1129 3286 ingenii
1147 3193 1530 3268 subtilitatem
1557 3213 1744 3268 valeat
1768 3230 1886 3268 cor-
1915 3193 1958 3259 Ο

231 3319 534 3375 rumpere;
567 3302 666 3358 sed
700 3303 937 3374 perenni
965 3302 1163 3374 vigore
1191 3301 1418 3358 stabilis
1443 3302 1650 3358 debeat
1676 3302 1884 3374 perdu-

233 3409 380 3447 rare.
406 3389 474 3446 Et
519 3396 582 3446 ut
614 3391 825 3446 certior
871 3390 1175 3459 habeatur,
1206 3395 1264 3447 et
1292 3390 1472 3446 nullis
1519 3391 1883 3463 temporibus

233 3479 606 3536 subventUris
628 3479 738 3549 (53)
761 3479 1144 3547 destruatur),
1180 3479 1228 3534 si
1262 3479 1395 3550 quis
1426 3496 1554 3535 eam
1587 3480 1884 3534 destruere

228 3569 478 3625 voluerit
506 3570 641 3638 (54),
675 3585 905 3640 pmnam
950 3567 1293 3640 inscriptam
1328 3567 1384 3622 in
1427 3569 1603 3622 rebus
1633 3567 1884 3640 publicis

228 3659 340 3730 (55)
374 3657 688 3730 prosolvat,
723 3657 779 3712 id
809 3661 899 3713 est
930 3656 1056 3712 auri
1087 3660 1341 3722 tantum,
1372 3656 1594 3729 argenti
1629 3661 1880 3724 tantum,

225 3751 283 3802 et
314 3745 743 3802 nihilhominus
793 3762 1037 3817 presens
1078 3745 1304 3800 cartula
1333 3762 1468 3800 cum
1520 3745 1794 3800 omnibus
1826 3744 1884 3798 in

223 3852 292 3891 ea
321 3834 762 3891 continentibus
795 3851 984 3906 usque
1037 3834 1094 3889 in
1136 3849 1306 3889 evum
1358 3833 1710 3889 inconcussa
1757 3849 1884 3906 per-

226 3928 464 3980 maneat
493 3941 628 3980 cum
661 3921 1042 3996 stipulatione
1073 3923 1186 3994 (56)
1217 3922 1490 3978 subnixa.

293 4017 503 4068 Actum
537 4011 596 4068 in
633 4011 733 4067 illo
766 4011 890 4068 loco
927 4011 1061 4083 (57),
1086 4009 1320 4084 publice
1351 4011 1485 4083 (58),
1515 4011 1887 4084 presentibus

226 4103 335 4174 qui
351 4099 1156 4172 subscribunturvel'reliquo
1190 4098 1424 4172 populo.
1447 4100 1566 4172 Sig.
1588 4098 1766 4164 illius,
1788 4102 1886 4172 qui

227 4192 407 4247 istam
442 4190 818 4246 traditionem
852 4189 974 4244 ﬁeri
1009 4193 1064 4243 et
1090 4190 1322 4245 firmare
1354 4188 1597 4261 rogavit.

781 4278 810 4349 §
842 4277 910 4332 ΙΙ.
937 4307 1003 4317 -
1035 4293 1333 4331 PRECARIA.

305 4371 451 4422 Dum
485 4365 642 4422 enim
675 4364 928 4437 quisque
957 4381 1062 4437 pro
1110 4364 1372 4419 remedio
1405 4364 1599 4420 anime
1629 4382 1749 4420 sua:
1783 4382 1891 4422 sua

233 4454 473 4528 pr0pria
501 4471 570 4509 ex
591 4453 774 4524 justis
800 4452 1101 4509 laboribus
1131 4451 1332 4524 largiri
1355 4453 1688 4519 decreverit,
1711 4471 1780 4510 ex
1810 4454 1891 4508 di-

301 4573 419 4648 (46)
450 4577 608 4635 Cette
639 4577 918 4650 rubrique
959 4582 1332 4650 montreique
1373 4576 1429 4650 la
1471 4577 1718 4650 formule
1745 4595 1887 4650 pou-
1921 4555 1966 4620 D

231 4651 350 4706 vait
380 4651 564 4706 servir
605 4651 675 4707 de
725 4648 950 4721 modele
981 4653 1160 4705 amne
1189 4648 1464 4721 donation
1499 4648 1634 4721 faite
1681 4648 1786 4721 par
1832 4649 1891 4721 la

231 4724 448 4794 femme
481 4721 642 4778 aussi
676 4721 809 4778 bien
850 4719 985 4794 qu’a
1033 4736 1146 4775 une
1190 4719 1467 4776 donation
1514 4720 1654 4776 faite
1683 4719 1808 4793 'par
1837 4720 1890 4776 le

116 4849 120 4852 η
233 4793 402 4850 mari.

325 4866 415 4935 47)
447 4865 523 4920 Ce
555 4867 679 4919 mot
709 4879 963 4935 manque
994 4863 1141 4918 dans
1173 4862 1230 4918 S.
1265 4862 1331 4917 G.

325 4934 413 5006 48)
436 4935 541 4991 Ces
564 4939 769 5006 quatre
793 4934 1054 5006 derniers
1077 4938 1228 5006 mots
1247 4939 1575 5006 manquent
1591 4934 1739 4991 dans
1755 4935 1886 4991 ΞΒ.

330 5004 419 5076 49)
452 5004 736 5078 Suppléés
767 5005 1004 5078 d’apresr
1024 5005 1084 5060 S.
1115 5004 1184 5061 G.

329 5079 422 5144 50)
453 5077 512 5132 S.
543 5076 613 5132 G7.
648 5092 751 5146 que
776 5076 879 5132 me
893 5077 1093 5131 ibidem
1121 5077 1406 5147 contingit.

306 5149 421 5217 (51)
455 5148 514 5203 S.
544 5148 610 5202 G.
644 5148 838 5218 ajoute
868 5149 1110 5201 maritus
1140 5162 1308 5201 meus.

311 5221 422 5289 (52)
456 5221 611 5274 Cette
642 5217 924 5289 mention,
951 5219 1127 5289 qu’on
1155 5220 1358 5289 trouve
1389 5217 1716 5289 également
1744 5219 1891 5275 dans

236 5287 493 5345 d’autres
526 5287 826 5357 formules,
855 5287 1084 5357 montre
1117 5304 1231 5354 que
1261 5287 1520 5343 l'entiere
1550 5288 1757 5345 liberté
1789 5291 1892 5346 des

237 5363 486 5433 donateu
497 5377 554 5416 rs
567 5356 879 5433 dependait
895 5360 967 5433 de
985 5356 1271 5433 l'absence
1289 5359 1662 5433 d'enfants,et
1677 5377 1893 5432 prouve

235 5449 344 5504 par
373 5431 497 5488 cela
527 5429 717 5504 meme
748 5447 867 5504 que
906 5430 959 5486 le
985 5430 1269 5504 principe
1294 5429 1364 5504 de
1396 5429 1452 5504 la
1481 5429 1708 5504 reserve
1754 5433 1895 5488 était

238 5502 430 5560 connu
453 5507 509 5559 et
538 5503 823 5574 pratique.
847 5503 924 5558 Le
951 5502 1088 5556 titre
1109 5502 1234 5574 [side
1250 5502 1317 5574 la
1338 5502 1437 5558 Loi
1461 5503 1564 5558 des
1587 5503 1894 5574 Ripuaires

238 5592 332 5631 me
363 5573 555 5646 paratt
582 5573 786 5646 formel
809 5577 843 5629 ὲ
871 5577 961 5629 cet
989 5573 1166 5646 égard
1192 5589 1204 5626 :
1233 5573 1294 5628 Si
1321 5575 1444 5646 quis
1465 5576 1896 5646 procreationem

235 5644 482 5719 ﬁliorum
508 5645 592 5701 vel
617 5645 1008 5719 ﬁliarumaou
1033 5644 1308 5719 habuerit,
1330 5644 1550 5719 omnem
1576 5645 1897 5717 facultatem

236 5715 486 5788 suam...
516 5719 629 5774 sive
656 5717 745 5771 vir
763 5716 1010 5788 mulieri,
1033 5715 1116 5772 vel
1145 5715 1352 5774 mulier
1379 5717 1518 5788 viro,
1542 5715 1638 5774 seu
1658 5719 1896 5776 cuicum-

239 5762 1115 5874 ἦῐῖϊὶὂὲῖ.,Ἴὶῖοὲἱιὶίὶὶὶῖιᾚὶιῦἓῑιῐξ
1142 5762 1254 5848 Eii.

561 5915 828 6000 Peraea.
871 5913 1019 5984 CLI.

1989 557 2239 608 venisse.
2266 554 2538 626 Ideoque,
2572 559 2631 610 tu
2663 558 2750 612 vir
2777 559 2871 614 illc
2895 561 3023 634 (59),
3048 562 3403 636 complacuit
3433 568 3536 624 tibi
3569 572 3635 627 ut

1991 657 2081 696 res
2112 645 2267 709 tuas,
2290 660 2436 714 quas
2476 643 2532 698 in
2587 648 2837 718 presenti
2887 649 3098 708 habere
3144 652 3307 710 visus
3355 653 3540 725 fuisti,
3575 653 3636 718 in

1987 728 2124 785 villa
2147 747 2271 802 quae
2293 737 2532 788 vocatur
2553 732 2678 802 illa;
2716 735 2772 790 in
2807 753 2954 809 pago
2979 746 3352 814 nuncupante
3382 742 3502 812 illo,
3524 747 3638 800 tra-

1990 818 2157 873 deres
2189 819 2259 874 ad
2293 819 2418 875 loca
2461 827 2799 878 sanctorum
2831 821 3084 892 illorum,
3110 829 3179 884 ad
3212 825 3635 888 monasterium

1992 907 2148 978 quod
2181 907 2518 966 nominatur
2549 909 2714 979 illud,
2749 913 2848 969 ubi
2893 931 3020 983 nos,
3055 922 3290 974 auctore
3319 918 3455 988 Deo,
3489 937 3636 993 prae-

1991 997 2283 1064 sidemus;
2317 999 2416 1053 sed
2458 1003 2660 1072 postea
2701 1004 2757 1058 te
2799 1003 3134 1074 postulante
3165 1010 3453 1079 quatenus
3503 1008 3636 1070 illas

1993 1102 2084 1140 res
2115 1086 2225 1140 sub
2260 1103 2369 1142 usu
2409 1088 2728 1146 fructuario
2771 1091 2878 1147 tibi
2924 1095 3283 1164 cederemus,
3309 1113 3424 1153 non
3457 1113 3634 1172 nega-

1989 1174 2182 1230 vimus
2225 1174 2362 1232 huic
2409 1177 2842 1249 postulationis,
2876 1181 2977 1237 sed
3030 1183 3182 1239 sicut
3234 1183 3635 1257 postulavere:

1990 1262 2071 1317 ita
2119 1262 2384 1331 fecimus,
2418 1266 2473 1320 id
2527 1270 2614 1322 est
2666 1272 2749 1337 ut,
2783 1270 3067 1342 quamdiu
3095 1272 3327 1341 vixeris,
3356 1273 3488 1330 illas
3541 1291 3634 1334 res

1989 1351 2100 1406 sub
2132 1369 2243 1406 usu
2284 1353 2602 1411 fructuario
2642 1357 2878 1426 habeas,
2913 1375 3274 1434 censumque
3311 1365 3482 1422 annis
3513 1364 3634 1424 sin-

1989 1439 2143 1512 gulis
2174 1440 2308 1496 inde
2356 1443 2673 1514 prosolvas,
2708 1449 2764 1500 et
2793 1447 2843 1502 si
2873 1465 3018 1503 uxor
3060 1453 3162 1507 tua
3201 1455 3258 1508 te
3291 1444 3632 1528 supervixe-

1990 1528 2084 1596 rit,
2117 1531 2489 1602 supradictas
2538 1550 2629 1588 res
2677 1539 2912 1608 tempus
2958 1537 3074 1594 vite
3122 1555 3239 1596 suae
3287 1533 3520 1614 habeat,
3553 1541 3634 1604 si-

1991 1615 2308 1688 milemque
2338 1635 2579 1676 censum
2611 1639 2679 1677 ex
2714 1624 2933 1680 eisdem
2965 1627 3138 1683 rebus
3167 1629 3381 1686 annuis
3409 1634 3634 1704 tempoo

1991 1705 2155 1760 ribus
2186 1706 2421 1774 reddat;
2457 1725 2586 1781 qua:
2616 1711 2813 1767 statim
2845 1719 2978 1786 post
3007 1714 3180 1772 istam
3213 1707 3635 1779 diffinicionetn

1991 1794 2318 1866 statu[tjam
2342 1812 2475 1852 cum
2521 1799 2680 1854 omni
2714 1801 3065 1875 integritate,
3089 1805 3242 1861 sicut
3269 1806 3492 1864 cartula
3518 1801 3635 1866 tra-

1991 1881 2230 1939 ditionis
2261 1889 2372 1938 tus:
2403 1902 2535 1941 cum
2567 1889 2883 1945 earundem
2922 1909 3117 1948 rerum
3152 1894 3428 1965 continet,
3455 1887 3634 1969 quam

1989 1972 2144 2043 apud
2177 1989 2282 2028 nos
2314 1975 2654 2044 retinemus,
2679 1977 2738 2033 in
2767 1980 3040 2038 omnibus
3068 1981 3367 2041 meliorate
3389 1983 3514 2041 sine
3534 1981 3637 2044 ali-

1989 2061 2159 2131 cujus
2181 2063 2635 2121 contradictione
2658 2067 2728 2122 ad
2754 2085 2860 2124 nos
2887 2087 3374 2146 successoresque
3403 2079 3634 2136 nostros

1987 2153 2352 2205 revertantur
2389 2152 2500 2207 sub
2548 2155 2933 2225 perpetuitate
2981 2159 3096 2229 (60)
3144 2160 3453 2218 retinendi.
3486 2161 3633 2219 Nul-

1985 2237 2371 2310 1usque,[nec
2418 2242 2544 2313 ego]
2580 2241 2688 2314 (61)
2741 2261 2844 2300 nec
2897 2246 3176 2318 quislibet
3226 2239 3633 2320 successorum

1988 2329 2344 2397 nostrorum,
2370 2328 2520 2385 hanc
2559 2332 2878 2402 precariam
2913 2334 3048 2392 ullis
3090 2338 3455 2410 temporibus
3483 2356 3632 2398 ausu

1986 2416 2294 2470 temerario
2325 2418 2537 2473 audeat
2585 2419 2883 2479 destruere
2912 2423 3047 2495 (62),
3075 2427 3177 2482 sed
3222 2423 3500 2500 quicquid
3532 2425 3639 2488 no-

1987 2503 2128 2558 stris
2159 2505 2396 2560 statutis
2424 2506 2743 2564 dilﬁnitum
2766 2515 2856 2566 est
2878 2513 2988 2585 (63)
3014 2513 3421 2574 inconvulsum
3449 2512 3642 2581 valeat

1988 2593 2324 2664 perdurare,
2346 2599 2636 2665 quatenus
2686 2597 2942 2672 reliquos
2991 2603 3193 2662 fideles
3222 2605 3464 2663 delectet
3510 2604 3635 2664 sine

1988 2679 2186 2752 aliquo
2217 2687 2352 2754 typo
2385 2682 2472 2738 vel
2506 2686 2807 2744 occasione
2831 2689 2942 2760 (64)
2973 2692 3342 2750 contenciosa
3369 2693 3636 2767 proprias

1990 2787 2082 2824 res
2114 2769 2184 2824 ad
2216 2771 2521 2828 ecclesiam
2545 2773 2644 2829 Dei
2674 2778 3012 2836 contradere
3035 2780 3106 2836 ad
3137 2797 3460 2855 pauperum
3483 2777 3640 2840 Chri-

1990 2857 2064 2912 sti
2096 2858 2354 2931 in0piam
2389 2861 2830 2920 sublevandam.

2059 2948 2266 3035 Actum
2295 2949 2352 3003 in
2380 2949 2506 3022 ipso
2535 2955 3118 3025 monasterio,coram
3144 2956 3271 3031 ipso
3293 2957 3405 3035 (65)
3427 2959 3638 3019 abbate

1989 3034 2077 3090 Vel
2109 3035 2386 3094 fratribus
2419 3057 2520 3095 seu
2568 3041 2808 3115 reliquis
2839 3047 2952 3116 (66)
2983 3046 3273 3105 fidelibus.
3302 3048 3421 3122 Sig.
3449 3047 3636 3123 ipsius

1992 3125 2242 3192 abbatis,
2279 3127 2376 3198 qui
2411 3126 2582 3184 istam
2616 3132 2939 3202 precariam
2971 3134 3095 3191 fieri
3125 3135 3379 3194 decrevit
3407 3137 3539 3208 (67).

2766 3283 2858 3340 IV.

2063 3381 2218 3438 Cette
2250 3384 2496 3468 formule
2521 3457 2530 3468 .
2554 3403 2624 3441 ne
2655 3389 2854 3444 differe
2879 3391 3005 3468 Ades
3053 3392 3231 3468 deuxi
3259 3395 3633 3468 précédentes

1992 3469 2104 3524 que
2136 3472 2240 3526 par
2275 3455 2610 3528 l’extension
2653 3475 2766 3514 aux
2796 3461 3028 3518 enfants
3075 3465 3154 3520 du
3201 3455 3486 3526 donateur
3530 3470 3632 3528 des

1992 3527 2249 3580 réserves
2280 3527 2560 3598 stipulées
2602 3547 2706 3602 par
2735 3532 2962 3589 celui-ci
2993 3537 3028 3590 a
3054 3551 3160 3592 son
3192 3539 3382 3609 proﬁt.

1991 3631 2390 3703 §I.——caa'r.\
2443 3650 2826 3705 TRADI'I'IONIS,
2886 3656 3042 3702 QUAM
3107 3658 3266 3699 racrr
3331 3659 3508 3716 nouo,
3569 3641 3638 3703 tr

2064 3737 2209 3775 V’ULT
2258 3738 2331 3776 UT
2379 3740 2650 3781 INFANTES
2701 3741 2836 3783 EJUS
2893 3743 3153 3787 ΗΑΒΕΑΝΤ
3202 3747 3340 3790 ΡΟΒΤ
3394 3748 3460 3791 ΒΕ
3513 3749 3636 3793 ουκ

2066 3825 2265 3865 CENSU.

2067 3925 2205 3998 Ego,
2230 3924 2289 3980 in
2333 3925 2430 3982 Dei
2465 3929 2722 3998 nomine,
2747 3930 2865 3986 ille.
2890 3931 3236 4007 Conplacuit
3265 3936 3410 3993 mihi
3441 3937 3501 3995 in
3530 3940 3655 3998 ani.

1997 4031 2092 4069 mo
2114 4031 2241 4070 meo
2264 4019 2328 4070 ut
2351 4015 2572 4088 aliquid
2591 4018 2661 4073 de
2685 4019 2860 4076 rebus
2882 4021 3030 4078 meis
3053 4040 3156 4095 pro
3180 4024 3432 4082 remedio
3453 4027 3657 4084 anime

1998 4120 2138 4158 meae
2171 4106 2500 4160 condonare
2530 4106 2824 4176 deberem,
2858 4110 3012 4181 quod
3053 4111 3134 4167 ita
3174 4115 3232 4168 et
3279 4111 3418 4183 feci;
3452 4118 3510 4172 et
3539 4095 3653 4172 hoe

1998 4195 2108 4259 est,
2162 4192 2316 4264 quod
2364 4193 2550 4259 trado,
2593 4193 2652 4249 in
2701 4194 2930 4268 pagello
2984 4197 3357 4258 denominato
3409 4201 3529 4272 illo,
3560 4201 3645 4276 [in

1997 4279 2145 4351 loco]
2167 4281 2277 4352 (68)
2300 4281 2470 4351 cujus
2501 4282 2847 4339 vocabulum
2874 4290 2963 4341 est
2981 4283 3146 4343 illud.
3171 4288 3304 4346 Illas
3326 4305 3528 4347 omnes
3549 4291 3644 4349 re'e

1998 4386 2182 4435 meas,
2204 4386 2352 4441 quas
2383 4370 2527 4425 mihi
2574 4369 2792 4427 ibidem
2823 4379 2989 4445 pater
3034 4391 3201 4432 meus
3243 4377 3498 4435 moriens
3520 4353 3643 4450 (65)

1997 4457 2346 4529 dereliquid,
2373 4463 2538 4530 [quas
2573 4459 2792 4517 ibidem
2837 4466 3039 4520 contra
3080 4464 3287 4524 fratres
3312 4468 3497 4541 meos]
3526 4468 3640 4544 (70)
3691 4514 3697 4517 .

2089 4581 2180 4652 53)
2210 4582 2268 4638 S.
2303 4585 2367 4637 Ο.
2398 4588 2823 4654 superem-turis.

2094 4654 2182 4726 54)
2214 4658 2287 4726 ge
2318 4658 2440 4726 mot
2469 4671 2722 4726 manque
2753 4656 2900 4714 dans
2929 4659 2986 4715 S.
3020 4659 3085 4716 G.

2071 4723 2182 4794 (55)
2215 4723 2273 4778 S.
2307 4725 2370 4794 Cu.
2397 4723 2657 4794 puplicis.

2070 4793 2180 4860 (56)
2213 4794 2270 4850 S.
2305 4793 2371 4849 G.
2398 4793 2776 4855 ktibulacione.

2066 4866 2182 4939 (57)
2212 4866 2288 4922 Ce
2315 4870 2442 4939 _mot
2470 4883 2723 4939 manque
2753 4870 2901 4928 dans
2932 4872 2990 4929 S.
3025 4871 3098 4930 G.

2090 4937 2181 5009 58)
2212 4943 2268 4993 S.
2303 4936 2369 5009 G.
2397 4936 2637 5009 puplice.

2397 5007 2600 5079 'ajoute
2635 5010 2996 5086 :ﬁdelissima
3023 5014 3226 5086 conjua:
3248 5017 3369 5074 illa.

2069 5079 2182 5152 (60)
2214 5081 2272 5152 S.
2307 5078 2808 5152 G._perpetualiter.

2071 5149 2184 5223 (61)
2217 5149 2506 5223 ευρριὲἑεί
2529 5151 2759 5223 d’apres
2789 5153 2848 5209 S.
2882 5153 2948 5210 G.

2072 5219 2185 5360 (62)
2215 5225 2271 5277 S.
2303 5219 2368 5276 GL
2405 5219 2734 5278 construere.

2072 5292 2164 5360 (63
2215 5297 2271 5346 S.
2305 5292 2371 5347 G.
2404 5293 2734 5360 dif/iniciam

2071 5292 2185 5360 (63)
2215 5297 2271 5346 S.
2305 5292 2371 5347 G.
2404 5293 2762 5363 difﬁnicione.

2071 5364 2186 5430 (64)
2217 5364 2273 5419 S.
2309 5363 2375 5434 G.
2410 5367 2570 5434 quasi
2605 5367 2683 5420 in.

2073 5436 2185 5504 (65)
2215 5435 2270 5490 S.
2304 5433 2370 5506 Gr.
2402 5433 2683 5506 praesente.

2093 5507 2182 5572 66)
2222 5507 2279 5578 S.
2312 5505 2378 5578 G.
2406 5505 2608 5578 alente
2631 5508 2987 5566 secularibus.

2093 5510 2187 5648 ἓξέ
2219 5510 2279 5632 ἓξ
2310 5510 2378 5633 ἓξ
2409 5510 2722 5634 ἓξὲἲεξῗεξῖῖῖ

2097 5649 2186 5718 68)
2216 5647 2496 5720 Suppléés
2523 5649 2718 5720 d’apre

2098 5720 2190 5790 69)
2222 5719 2473 5849 Manque
2503 5720 2650 5776 dans
2682 5724 2718 5776 S

2134 5791 2188 5866 Ο)
2221 5790 2382 5868 Supp
2409 5792 2504 5851 éés
2535 5791 2722 5868 d’apré

2165 4655 2182 4864 ἓ

2097 5647 2186 5718 68)
2216 5647 2496 5720 Suppléés
2523 5649 2751 5720 d’apres
2780 5651 2838 5706 Β.
2871 5651 2936 5707 G.

2098 5720 2190 5790 69)
2222 5719 2473 5790 Manque
2503 5719 2650 5776 dans
2682 5724 2736 5776 S.
2773 5721 2838 5778 G.

2134 5791 2188 5866 Ο)
2221 5790 2504 5868 Suppléés
2535 5791 2762 5870 d’apms
2791 5795 2846 5859 Β.
2881 5792 2948 5860 G.

3255 5929 3335 6003 ιι
