4026 6176
459 336 643 428 ἓιιίο

483 589 596 658 (72)
628 586 775 644 mihi
804 587 1108 660 partiendo
1139 603 1266 644 sors
1297 586 1560 659 legitima
1590 585 1858 653 contulit,
1880 584 1969 641 vel
2002 601 2129 655 quae

483 691 590 749 ego
620 680 826 750 postea
855 675 1216 748 quibuslibet
1262 675 1444 746 justis
1502 674 1802 731 laboribus
1849 689 2130 746 augmen-

480 767 608 821 tare
634 764 820 839 potui,
851 781 984 820 cum
1016 764 1175 820 omni
1207 763 1564 837 integritate,
1585 764 1644 819 id
1677 768 1766 819 est
1794 768 1955 819 curto
1977 762 2130 817 clau-

482 869 550 909 sa
579 869 713 909 cum
742 852 1008 920 ediﬁciis,
1036 852 1348 926 mancipiis
1378 855 1513 924 (73),
1547 853 1764 908 casatis
1807 850 1976 907 terris
2007 851 2128 905 cul-

437 941 454 946 ”
481 940 559 998 tis
589 944 646 997 et
675 941 932 1011 incultis,
971 941 1176 1016 pratis,
1216 941 1378 998 silvis
1410 944 1540 1015 (74),
1584 942 1774 1014 aquis,
1815 937 2127 1002 farinariis,

482 1029 624 1097 haec,
653 1033 720 1086 ut
738 1031 1020 1102 praefatus
1041 1048 1194 1098 sum,
1221 1048 1356 1087 cum
1380 1031 1656 1086 omnibus
1678 1028 2022 1101 adjacentiis
2043 1025 2128 1081 vel

482 1118 843 1191 adpendiciis
860 1121 1025 1181 trado
1044 1121 1116 1177 ad
1133 1120 1438 1178 ecclesiam
1458 1138 1584 1192 quae
1608 1122 1941 1176 constructa
1960 1120 2050 1173 est
2071 1116 2129 1170 in

445 1207 455 1221 '
480 1206 702 1264 honore
732 1208 920 1264 sancti
950 1209 1129 1278 illius,
1151 1211 1222 1266 ad
1254 1211 1677 1266 monasterium
1721 1209 1876 1281 quod
1918 1205 2132 1262 dicitur

480 1293 649 1365 illud,
672 1297 773 1353 ubi
799 1295 897 1352 ille
920 1298 1102 1354 abbas
1131 1296 1292 1371 gregi
1323 1299 1421 1354 Dei
1451 1297 1798 1371 regulariter
1822 1294 2128 1369 praesidere

440 1386 454 1396 ’
481 1387 884 1459 cognoscitur;
918 1387 977 1442 in
1017 1404 1084 1444 ea
1126 1387 1348 1444 ratione
1391 1387 1677 1454 videlicet,
1713 1391 1796 1455 ut,
1843 1383 2128 1457 quamdiu

443 1468 628 1542 fmihi
657 1477 778 1534 vita
819 1476 1130 1533 comitatur
1171 1476 1230 1532 in
1275 1493 1533 1549 corpore,
1568 1475 1838 1548 superius
1865 1472 2126 1529 denomi-

441 1562 456 1566 ’⁷
479 1570 646 1623 natas
676 1581 769 1622 res
808 1567 867 1621 in
897 1566 1246 1623 beneﬁcium
1279 1583 1313 1622 a
1339 1566 1502 1622 vobis
1532 1564 1814 1637 accipiam
1859 1563 1970 1618 sub
2018 1579 2127 1617 usu

478 1654 820 1722 fructuario,
836 1655 1218 1728 debitumque
1239 1671 1480 1712 censum
1503 1653 1798 1727 [singulis]
1822 1654 1932 1725 (75)
1957 1651 2126 1706 annis

476 1744 640 1799 vobis
689 1744 1247 1817 successoribusque
1291 1745 1502 1800 vestris
1550 1741 1901 1816 prosolvam,
1932 1741 1989 1795 id
2039 1744 2128 1795 est

1760 356 2095 425 APPEND.
2138 353 2242 421 AD
2287 354 2475 426 S/EC.
2520 357 2597 425 X.

483 498 572 560 vel
605 515 751 572 quas
788 497 1006 556 ibidem
1050 503 1253 556 contra
1294 497 1568 554 heredem
1593 498 1704 570 (71)
1735 513 1934 553 meum
1964 495 2132 551 illum
2161 495 2218 562 Α

3734 359 3890 426 1420

2719 497 2748 570 §
2781 496 2847 553 II.
2874 527 2942 538 ——
2972 513 3252 553 PRICARIA
3279 497 3414 570 (83).

2311 584 2445 656 Ego,
2470 585 2528 640 in
2558 585 2657 641 Dei
2682 586 2934 654 nomine,
2960 585 3058 642 ille
3076 587 3261 642 abbas
3284 603 3402 642 una
3421 602 3556 642 cum
3578 587 3892 644 conmissis

2241 672 2520 729 fratribus
2552 675 2789 731 nostris.
2817 679 2965 730 Dum
2997 691 3114 730 non
3146 675 3225 729 sit
3251 675 3617 748 incognitum
3642 675 3895 748 qualiter

2239 766 2302 816 tu
2345 761 2459 831 ille,
2493 764 2852 820 exortatione
2900 763 3098 819 divina
3147 768 3515 836 suggerente,
3547 781 3758 821 omnes
3805 782 3894 821 res

2239 855 2392 918 tuas,
2427 869 2574 923 quas
2629 852 2689 908 in
2749 870 2898 926 pago
2947 851 3344 920 denominato,
3377 853 3436 908 in
3467 852 3608 909 villa
3664 871 3893 911 nuncu-

2239 945 2412 1011 pante
2444 941 2574 1013 (85),
2601 941 2816 997 habere
2858 941 3174 1010 videbaris,
3210 958 3358 1014 quas
3388 940 3495 997 tibi
3539 941 3765 998 ibidem
3796 961 3895 1016 pa-

2239 1033 2326 1083 ter
2355 1035 2494 1084 tuus
2538 1031 2797 1086 moriens
2827 1029 3174 1103 dereliquid,
3204 1029 3293 1086 vel
3326 1047 3474 1102 quas
3522 1033 3758 1104 proprio
3813 1031 3894 1087 la-

2238 1117 2376 1173 bore
2399 1119 2613 1174 ibidem
2637 1118 2863 1175 lucrare
2885 1120 3148 1192 potuisti,
3167 1119 3256 1175 vel
3285 1136 3432 1192 quas
3455 1119 3672 1176 ibidem
3690 1126 3895 1177 contra

2238 1206 2474 1262 fratrem
2506 1209 2617 1280 (85)
2648 1208 2737 1264 vel
2768 1214 2972 1264 contra
3003 1208 3344 1265 coheredem
3377 1213 3544 1264 tuum
3577 1211 3689 1282 (86)
3720 1209 3887 1265 illum

2239 1298 2351 1366 (87)
2376 1297 2540 1367 justa
2572 1298 2676 1352 tibi
2708 1297 2895 1370 portio
2919 1300 3030 1367 (88)
3052 1296 3320 1365 contulit,
3343 1315 3478 1354 cum
3507 1303 3670 1355 curte
3688 1297 3891 1356 clausa

2238 1387 2294 1440 et
2350 1385 2596 1440 ediﬁciis
2653 1387 2914 1459 ortisque
2972 1386 3296 1458 pomiferis,
3329 1385 3727 1459 singularibus
3769 1388 3890 1457 (89)

2237 1474 2568 1546 mancipiis,
2603 1474 2695 1530 his
2727 1473 3066 1531 nominibus
3098 1474 3212 1548 (90)
3241 1473 3379 1542 illis,
3411 1475 3647 1543 casatis,
3692 1476 3888 1542 terris,

2237 1562 2442 1633 pratis,
2484 1563 2669 1630 silvis,
2703 1562 2878 1618 cultis
2910 1568 2966 1619 et
3003 1563 3264 1631 incultis,
3299 1580 3402 1620 seu
3435 1581 3571 1619 cum
3615 1566 3891 1622 omnibus

2237 1651 2304 1705 ad
2306 1652 2598 1722 jacentiis,
2619 1653 2689 1707 ad
2697 1652 3003 1724 pendiciis,
3024 1653 3095 1708 ad
3122 1669 3251 1708 eam
3274 1653 3890 1726 pertinentibus,quod

2236 1756 2582 1796 enumerare
2629 1740 2976 1814 perlongum
3006 1745 3115 1811 est,
3155 1757 3289 1797 cum
3343 1743 3502 1797 omni
3555 1741 3892 1816 integritate

441 1816 1026 1904 ‘ltantum,ﬁliusque
1059 1816 1227 1890 meus
1258 1832 1384 1905 ipse
1406 1833 1515 1905 (76)
1545 1849 1637 1887 res
1680 1831 1892 1886 habeat
1921 1829 2125 1884 diebus
2165 1865 2211 1928 Β
2240 1829 2532 1884 tradidisti
2582 1831 2648 1884 ad
2704 1831 3126 1886 monasterium
3184 1829 3327 1886 illud
3359 1830 3494 1903 (91),
3530 1832 3603 1886 ad
3629 1830 3896 1928 .basilica

477 1920 594 1976 vite
615 1937 734 1976 suae
764 1923 1194 1989 tantummodo,
1215 1925 1272 1977 et
1309 1921 1712 1993 supradictum
1736 1935 1976 1974 censum
2003 1935 2130 1990 pro-

437 2005 697 2078 "s’olvat;
722 2012 779 2065 et
799 2010 848 2065 si
871 2008 1123 2066 infantes
1155 2010 1269 2065 mei
1294 2026 1385 2065 me
1409 2009 1520 2081 (77)
1546 2008 1989 2081 supervixerint,
2005 2007 2129 2062 dies

457 2096 592 2152 'vite
625 2114 742 2154 suae
772 2098 1005 2154 easdem
1039 2115 1130 2155 res
1158 2097 1414 2154 habeant
1449 2097 1875 2167 tantummodo,
1899 2100 1956 2152 et
1984 2112 2126 2151 eun-

445 2259 450 2266 ,
481 2186 614 2258 dem
646 2202 888 2243 censum
911 2187 1022 2260 (78)
1042 2187 1409 2260 prosolvant;
1433 2191 1488 2242 et
1517 2187 1567 2243 si
1599 2185 1743 2242 mibi
1765 2190 1917 2240 Deus
1940 2184 2124 2239 filium

479 2275 552 2330 de
579 2273 842 2347 legitima
874 2292 1047 2331 uxore
1077 2274 1318 2344 dederit,
1342 2275 1577 2331 easdem
1617 2292 1709 2331 res
1759 2273 1971 2330 habeat
2004 2273 2123 2328 die-

466 2364 592 2420 ‘bus
621 2365 734 2437 (79)
759 2364 875 2420 vite
920 2381 1038 2420 suae
1071 2365 1508 2432 tantummodo;
1541 2368 1672 2436 post
1718 2379 1968 2434 quorum
2001 2361 2122 2418 obi-

477 2456 605 2510 tum
637 2454 760 2526 ipse
786 2471 878 2510 res
901 2453 960 2510 in
981 2453 1256 2510 omnibus
1279 2453 1579 2509 meliorate
1601 2451 1838 2508 redeant
1859 2451 2124 2523 partibus

464 2543 684 2599 vestris
713 2544 824 2613 (80)
865 2543 926 2598 in
983 2547 1331 2616 perpetuum
1390 2542 1704 2598 retinende.
1745 2542 1815 2596 Et
1870 2540 1918 2596 si
1978 2539 2121 2594 mibi

476 2631 731 2688 ﬁliorum
764 2631 1086 2703 procreatio
1117 2633 1187 2688 de
1216 2631 1477 2703 legitimo
1524 2630 1796 2702 conjugio
1844 2629 2121 2694 evenerit,

470 2718 590 2792 ipsi
619 2720 854 2776 easdem
887 2735 978 2775 res
1026 2724 1158 2792 post
1209 2720 1432 2774 obitum
1483 2735 1678 2774 meum
1730 2718 2034 2784 retineant,
2068 2722 2124 2772 et

477 2823 610 2863 cum
643 2807 977 2881 supradicto
999 2824 1177 2863 censu
1201 2807 1538 2880 prosolvant
1561 2812 1794 2878 tempus
1825 2806 1938 2860 vite
1970 2822 2118 2872 suae;

476 2895 569 2952 sin
599 2900 793 2952 autem
824 2895 1089 2964 minime,
1113 2898 1247 2967 post
1279 2895 1502 2951 obitum
1535 2911 1734 2949 meum
1767 2894 1893 2949 sine
1923 2894 2117 2965 cujus-

474 2983 620 3060 libet
647 2984 1123 3058 tergiversatione
1160 2986 1304 3055 jure.
1344 2983 1708 3040 auctoritatis
1737 2987 1942 3039 vestrae
1981 2983 2118 3038 reti-

476 3074 664 3130 nende
695 3076 1056 3146 revertantur
1096 3073 1222 3146 ipse
1265 3090 1356 3129 res
1406 3073 1464 3128 in
1513 3077 1860 3145 perpetuum
1893 3073 2024 3144 (81).
2059 3073 2117 3127 Si

474 3162 608 3233 quis
632 3162 788 3232 vero,
803 3163 957 3234 quod
991 3163 1253 3218 futurum
1276 3178 1403 3218 esse
1425 3178 1538 3217 non
1563 3162 1754 3229 credo,
1781 3161 1832 3215 si
1859 3177 1964 3234 ego
1994 3161 2118 3233 ipse

2241 1933 2352 1988 que
2384 1922 2716 1973 constructa
2740 1918 3004 1974 noscitur
3032 1920 3092 1973 in
3123 1919 3344 1975 honore
3366 1919 3554 1975 sancti
3585 1919 3771 1988 illius,
3796 1922 3893 1978 ubi

2239 2022 2366 2070 nos,
2399 2013 2632 2062 auctore
2676 2007 2812 2074 Deo,
2847 2006 3198 2080 pastoralem
3228 2024 3428 2063 curam
3461 2009 3755 2080 gerimus;
3790 2011 3892 2066 sed

2237 2098 2458 2165 postea,
2473 2099 2527 2150 te
2546 2095 2898 2166 postulante,
2913 2113 3236 2169 congruum
3260 2097 3451 2152 visum
3473 2101 3564 2152 est
3582 2097 3758 2154 nobis
3779 2098 3893 2170 (92)

2235 2181 2392 2254 ipsas
2425 2201 2515 2238 res
2549 2184 2651 2239 tibi
2685 2185 2885 2240 cedere
2930 2185 3038 2240 sub
3086 2203 3196 2240 usu
3230 2185 3550 2241 fructuario
3582 2185 3890 2244 habendas

2235 2271 2368 2343 (93),
2393 2289 2752 2344 tensumque
2779 2274 2984 2330 exinde
3012 2273 3341 2346 prosolvere
3370 2274 3584 2330 annuis
3614 2277 3889 2349 tempori-

2234 2361 2345 2416 bus
2376 2378 2491 2416 non
2537 2362 2855 2435 negl[eg]as
2879 2362 3013 2435 (94),
3043 2363 3100 2418 id
3133 2368 3220 2420 est
3267 2367 3521 2431 tantum;
3570 2367 3628 2419 et
3679 2365 3728 2420 si
3783 2365 3887 2420 tibi

2234 2449 2388 2505 Deus
2415 2451 2601 2506 ﬁlium
2632 2450 2703 2506 de
2735 2451 2998 2524 legitima
3039 2469 3214 2508 uxore
3255 2452 3500 2521 dederit,
3523 2453 3762 2509 easdem
3799 2471 3888 2510 res

2233 2537 2466 2604 habeat,
2490 2539 2615 2595 dies
2645 2539 2759 2594 vite
2786 2557 2906 2596 suae
2937 2544 3168 2596 tantum
3200 2541 3394 2609 modo,
3422 2544 3481 2596 et
3509 2557 3758 2597 censum
3790 2560 3885 2599 su-

2233 2627 2560 2697 pradictum
2616 2626 2921 2701 neglegere
2969 2645 3088 2684 non
3136 2634 3457 2701 presumat,
3492 2629 3884 2704 similiterque

2233 2714 2334 2770 ﬁlii
2368 2716 2453 2771 tui
2477 2718 2608 2784 (95),
2634 2733 2780 2788 quas
2799 2717 2909 2787 (96)
2932 2717 2991 2772 in
3015 2719 3269 2789 presenti
3298 2717 3514 2774 habere
3533 2719 3697 2775 visus
3720 2721 3884 2777 fuisti

2229 2805 2366 2872 (97),
2395 2805 2618 2859 faciunt
2638 2806 2750 2876 (98)
2772 2806 2898 2860 dies
2942 2806 3056 2861 vite
3104 2823 3253 2876 suae;
3309 2811 3442 2878 post
3490 2823 3743 2879 quorum
3771 2809 3881 2880 (99)

2230 2892 2455 2948 obitum
2487 2910 2691 2949 omnes
2739 2910 2832 2948 res
2885 2895 3220 2966 supradicta
3251 2899 3616 2952 revertantur
3667 2897 3740 2952 ad
3775 2914 3880 2953 nos

2229 2997 2711 3054 successoresque
2755 2987 2990 3039 nostros
3033 2984 3472 3056 perpetualiter;
3511 3001 3657 3057 quos
3691 2987 3741 3042 si
3775 2986 3880 3041 tibi

2229 3070 2602 3144 [procreacio]
2633 3072 2782 3144 (100)
2830 3071 3086 3128 filiorum
3133 3073 3377 3129 minime
3426 3073 3630 3129 oborta
3679 3075 3877 3146 fuerit,

2230 3159 2430 3214 statim
2461 3165 2596 3231 post
2623 3161 2848 3216 obitum
2880 3164 3050 3217 tuum
3094 3161 3220 3217 sine
3250 3161 3499 3234 alicujus
3528 3163 3878 3234 prejudicia-

475 3226 577 3307 aut
607 3226 884 3322 quislibet
911 3267 1161 3322 persona
1205 3250 1376 3307 istius
1420 3226 1752 3306 traditionis
1782 3226 2120 3305 ﬁrmitatem
2149 3226 2191 3292 (ἶ
2231 3248 2320 3302 ria
2349 3226 2720 3304 contentione
2743 3251 2815 3305 ad
2845 3253 3067 3306 actores
3089 3267 3190 3306 seu
3218 3251 3290 3306 ad
3320 3226 3654 3307 defensores
3679 3270 3881 3326 supra-

475 3355 848 3413 corrumpere
875 3339 1140 3409 voluerit,
1174 3339 1444 3395 obviante
1487 3337 1539 3394 ei
1589 3339 1790 3394 ordine
1832 3339 2116 3407 veritatis,

472 3427 805 3487 nullatenus
843 3428 1126 3485 fallatiam
1175 3445 1345 3485 suam
1389 3427 1578 3484 valeat
1601 3428 1711 3500 (82)
1741 3428 2034 3500 perficere,
2062 3433 2118 3483 et

469 3535 574 3591 pro
606 3535 753 3574 ausu
777 3517 1085 3574 temerario
1106 3517 1400 3589 prosolvat
1421 3516 1493 3571 ad
1515 3517 1802 3588 prefatum
1831 3520 2118 3572 monaste-

456 3607 623 3661 rium
654 3604 902 3678 duplum
925 3609 1152 3662 tantum
1176 3609 1464 3676 quantum
1495 3603 1648 3660 malo
1670 3604 1868 3660 ordine
1890 3605 2112 3676 cupidi-

437 3683 442 3744 ξ
465 3699 584 3750 tate
614 3698 940 3766 praeventus
960 3693 1298 3749 abstrahere
1317 3691 1581 3764 voluerit,
1605 3697 1661 3748 et
1689 3693 1929 3764 insuper
1957 3693 2113 3766 regie

434 3769 742 3856 potestati
781 3782 861 3839 sit
909 3781 1217 3855 culpabilis
1275 3782 1402 3838 auri
1455 3785 1707 3852 tantum,
1755 3787 1812 3836 et
1857 3781 2110 3838 nihilho-

463 3873 669 3946 minus
712 3888 952 3946 presens
983 3870 1207 3928 cartula
1235 3888 1371 3926 cum
1413 3870 1688 3927 omnibus
1721 3871 1779 3926 in
1823 3888 1885 3927 se
1927 3870 2109 3927 conti-

415 3971 429 3981 ’
467 3953 744 4021 nantibus
773 3961 1050 4019 inviolata
1078 3964 1417 4034 permaneat
1451 3977 1586 4016 cum
1616 3960 1868 4016 testibus
1903 3960 2108 4016 subor-

464 4052 703 4123 dinatis.

2189 3325 2191 3328 9
2227 3336 2379 3392 dicte
2409 3338 2664 3394 eccelsiae
2697 3343 3064 3395 revertantur
3102 3340 3161 3394 in
3205 3344 3572 3412 perpetuum.
3598 3340 3715 3396 Nec
3744 3342 3875 3414 qui-

2225 3425 2385 3491 libet,
2421 3431 2522 3482 aut
2553 3444 2660 3483 nos
2691 3428 2804 3499 ipsi
2837 3427 2923 3484 vel
2963 3445 3332 3485 successores
3362 3429 3568 3498 nostri,
3602 3429 3727 3486 haec
3757 3436 3876 3486 sta-

2223 3520 2350 3570 tuta
2378 3514 2566 3572 valeat
2588 3533 2736 3572 ausu
2757 3517 3064 3573 temerario
3098 3517 3502 3573 inordinanter
3530 3518 3874 3574 destruhere

2223 3605 2392 3675 (101),
2422 3605 2544 3673 sed,
2578 3609 2750 3676 prout
2795 3609 3030 3679 tempus
3060 3606 3120 3662 in
3152 3607 3408 3679 presenti
3461 3608 3725 3678 precaria
3775 3626 3872 3681 po-

2223 3693 2494 3764 poscerit,
2527 3693 2931 3750 inconvulsum
2967 3694 3154 3750 valeat
3195 3696 3533 3767 perdurare,
3554 3713 3735 3768 quam
3768 3715 3874 3753 nos

2220 3799 2353 3837 cum
2386 3799 2674 3840 consensu
2714 3785 2961 3839 fratrum
3001 3788 3337 3840 nostrorum
3367 3785 3639 3840 roborare
3669 3786 3870 3842 decre-

2219 3871 2431 3927 vimus.

2286 3963 2497 4017 Actum
2526 3961 2587 4016 in
2620 3960 2718 4017 illo
2747 3961 2894 4031 loco,
2929 3963 3037 4018 sub
3083 3962 3378 4034 presentia
3405 3962 3639 4018 illorum
3669 3967 3730 4020 et
3758 3980 3868 4021 cae-

2215 4053 2494 4117 terorum,
2535 4068 2683 4122 quos
2739 4067 3080 4107 enumerare
3137 4049 3372 4106 libitum
3427 4068 3543 4108 non
3601 4057 3711 4108 est.
3745 4053 3864 4126 Sig.

469 4193 474 4218 ς
525 4145 737 4200 Actum
768 4141 828 4198 in
860 4138 961 4196 illo
992 4139 1136 4208 loco,
1169 4138 1418 4212 publice,
1451 4139 1543 4195 his
1575 4140 1674 4212 qui
1712 4140 2106 4196 subnotantur
2213 4139 2402 4212 ipsius
2432 4139 2680 4209 abbatis,
2709 4140 2810 4211 qui
2840 4140 2991 4196 hanc
3015 4139 3339 4212 precariam
3367 4141 3491 4196 fieri
3518 4142 3793 4198 decrevit.

495 4229 902 4307 presentibus]
951 4229 1041 4286 vel
1088 4227 1314 4302 reliqua
1366 4229 1677 4285 innumera
1723 4228 2103 4285 multitudine

427 4326 437 4399 ξ
453 4320 678 4396 populi.

543 4543 634 4614 71)
668 4540 727 4614 Si.
760 4541 826 4598 ρ.
857 4541 1186 4614 coheredem.

541 4612 634 4681 72)
664 4613 914 4684 Manque
944 4613 1092 4668 dans
1123 4613 1181 4668 S.
1216 4612 1281 4666 G.

519 4683 636 4754 (73)
667 4684 723 4741 8.
758 4683 836 4756 ϐξ
860 4683 1053 4754 ajoute
1078 4685 1280 4756 pratis,
1307 4685 1546 4756 pascuis.

518 4757 635 4825 (74)
655 4761 759 4812 Cea
790 4755 940 4827 deux
961 4755 1230 4827 Aderniers
1253 4755 1406 4827 mets
1427 4759 1750 4827 manquent
1775 4756 1922 4813 dans
1947 4759 2006 4814 8.
2031 4761 2094 4814 G.

520 4824 632 4902 (75)
662 4825 913 4902 guppleé
942 4824 1170 4899 d'apres
1199 4827 1254 4881 S.
1287 4825 1351 4880 G.

520 4843 632 4902 (7a)
662 4843 913 4954 suspice
942 4843 1013 4881 αι

516 4899 628 4969 (76)
657 4898 714 4969 8.
799 4938 812 4952 .
847 4898 1013 4969 ipsas.

515 4968 630 5038 (77)
661 4968 914 5040 Manque
944 4969 1094 5024 dans
1122 4971 1176 5040 S.
1213 4968 1280 5040 (ἆ.
1318 5007 1320 5010 μ

537 5041 629 5109 78)
659 5038 912 5110 Manque
944 5040 1092 5096 dans
1121 5039 1179 5095 8.
1212 5038 1280 5094 G.

537 5111 630 5180 79)
661 5110 720 5167 8.
755 5112 819 5168 6.
855 5111 986 5166 dies.

514 5198 626 5272 (80)
659 5198 718 5255 S.
753 5198 818 5256 G.
853 5199 1048 5271 ajoute
1077 5200 1228 5255 vobis
1257 5200 1755 5272 successoribusque
1782 5204 1993 5257 vestris.

478 5289 625 5371 .(81)
654 5291 836 5371 C‘ette.
861 5286 1056 5343 clause
1105 5304 1320 5371 prouve
1352 5290 1386 5343 ὲ
1416 5288 1471 5371 la
1512 5289 1880 5371 foianuehle
1929 5291 2086 5362 prin-

478 5289 628 5414 ,(813
654 5291 811 5344 Cette
861 5289 1056 5343 clause
1105 5304 1320 5370 prouve
1352 5290 1386 5343 ὲ
1416 5289 1471 5371 la
1512 5289 1630 5370 fcis.
1665 5289 1880 5376 quede
1929 5291 2086 5362 prin-

439 5375 568 5442 cipe
605 5357 1008 5442 .enla.ré_serve
1049 5362 1300 5442 enistait,
1335 5376 1484 5442 mals
1517 5359 1840 5442 qu’.11_etait
1882 5378 2088 5442 encore

439 5428 559 5514 mal
579 5430 766 5514 ,(1ρβΠὶ
793 5434 852 5485 et
895 5428 1376 5514 singulierement
1419 5428 1710 5514 restraint.
1745 5433 2085 5514 Dans.S._G.

439 5497 499 5590 Ila
528 5500 862 5590 negligence
893 5497 1222 5590 dulcopiste
1261 5518 1315 5590 a,
1347 5519 1454 5574 par
1483 5502 1632 5590 suits
1663 5502 2085 5590 de‘l’omission

438 5570 577 5626 d’un
608 5570 628 5573 ⁷
649 5570 794 5627 rand
825 5570 1170 5628 nombre‘de
1202 5570 1376 5640 mots,
1401 5573 1587 5628 rendu
1609 5589 1706 5630 ces
1729 5574 1880 5630 deux
1909 5592 2087 5632 mem-

436 5639 572 5696 bres
603 5587 673 5696 ge
703 5641 914 5712 phrase
947 5642 1569 5714 incomprehensibles.

512 5728 625 5798 (82)
658 5727 909 5800 Manque
935 5730 1082 5786 dans
1114 5732 1172 5786 S.
1205 5732 1270 5787 G.

510 5815 625 5910 (83)
653 5814 810 5876 Cotta
838 5817 1125 5895 rubrique
1147 5833 1401 5898 marique
1430 5822 1578 5883 dans
1607 5827 1663 5883 8.
1695 5824 1761 5886 G.

2122 4593 2171 4659 D

2708 4229 2777 4298 v,
2810 4229 2906 4297 VI,
2940 4233 3063 4297 vn,
3095 4229 3249 4297 VIII,
3283 4229 3372 4284 1x.

2282 4318 2426 4375 Rien
2447 4318 2593 4376 n’est
2621 4317 2753 4390 plus
2784 4334 2992 4390 propre
3023 4334 3138 4390 que
3167 4317 3250 4375 les
3276 4318 3411 4390 cinq
3441 4318 3724 4377 formulas
3745 4322 3867 4377 sui-

2277 4542 2389 4614 (84)
2420 4543 2480 4598 8.
2513 4543 2577 4598 G.
2610 4543 2674 4599 in
2706 4544 2868 4615 pagis
2913 4542 3301 4610 denominatis,
3334 4545 3394 4599 in
3441 4545 3594 4600 villis
3640 4562 3863 4602 nuncu-

2197 4615 2366 4685 palis.

2304 4685 2392 4742 85)
2423 4688 2478 4740 S.
2513 4685 2579 4742 G.

2304 4757 2394 4813 86)
2426 4760 2482 4810 8.
2515 4761 2579 4813 G.

2300 4828 2391 4899 87)
2425 4828 2674 4899 Manque
2699 4829 2846 4883 dans
2874 4829 2931 4885 S.
2965 4829 3029 4884 G.

2298 4898 2387 4970 88)
2419 4898 2476 4970 S.
2511 4898 2594 4970 G.’
2606 4900 2879 4970 porcione.

2416 4969 2473 5041 S.
2509 4969 2574 5041 G.
2606 4969 2950 5041 singulariis.

2368 5044 2383 5112 )
2414 5040 2470 5093 S.
2506 5040 2572 5096 G.
2600 5040 2921 5096 nominatis.

2366 5119 2386 5179 )
2417 5113 2472 5166 S.
2503 5112 2569 5167 G.
2607 5113 2705 5169 vel.

2363 5194 2383 5250 )
2416 5183 2668 5255 Manque
2698 5184 2846 5240 dans
2875 5185 2932 5240 S.
2969 5185 3035 5241 G.

2328 5256 2382 5324 3)
2413 5257 2470 5309 S.
2507 5256 2574 5311 G.
2609 5256 2828 5311 habeas.

2295 5327 2382 5397 94)
2417 5326 2678 5399 Restitué
2717 5326 2944 5399 d’apres
2974 5327 3032 5382 8.
3066 5328 3134 5384 G.

2412 5398 2468 5453 S.
2504 5400 2568 5453 ti.
2601 5397 2754 5466 ﬁlius
2783 5397 2927 5454 titus.

2458 5470 2563 5524 .G.
2593 5485 2771 5540 quem.

2638 4689 2812 4742 'ratres
2839 4689 2975 4743 tuos.

2647 4757 2827 4813 eredes
2853 4765 2992 4813 tuos.

2281 4685 2296 4758 (

2278 4759 2297 4899 ἕ

2369 4685 2394 5040 ἐ

2273 4972 2328 5110 i3

2273 5113 2329 5237 ἓξ

2331 4971 2365 5023 9

2329 5042 2363 5093 Ο

2325 5114 2384 5179 ιι)

2325 5187 2383 5250 ρ)

2327 5256 2382 5397 ti

2325 5400 2384 5540 ἐξ

2291 5257 2325 5309 9

2293 5329 2325 5380 9

2291 5400 2326 5452 9

2290 5470 2326 5522 9.

2529 5725 2953 5826 ἕρῖἓῖἒιδαριεὸε
3077 5755 3144 5814 G.
