  <div class='ocr_page' id='page_1' title='image "/cluster/home/n/w/nwhite01/storage/ocr_20150623/151/hvd.32044054760095/718.png"; bbox 0 0 4026 6176; ppageno 0'>
   <div class='ocr_carea' id='block_1_1' title="bbox 176 347 330 415">
    <p class='ocr_par' dir='ltr' id='par_1_1' title="bbox 176 347 330 415">
     <span class='ocr_line' id='line_1_1' title="bbox 176 347 330 415; baseline 0.019 -5"><span class='ocrx_word' id='word_1_1' title='bbox 176 347 330 415; x_wconf 68' lang='grc'>1125</span> 
     </span>
    </p>
   </div>
   <div class='ocr_carea' id='block_1_2' title="bbox 598 481 1387 556">
    <p class='ocr_par' dir='ltr' id='par_1_2' title="bbox 598 481 1387 556">
     <span class='ocr_line' id='line_1_2' title="bbox 598 481 1387 556; baseline -0.003 -13"><span class='ocrx_word' id='word_1_2' title='bbox 598 484 626 556; x_wconf 87' lang='lat'><strong>§</strong></span> <span class='ocrx_word' id='word_1_3' title='bbox 655 481 755 543; x_wconf 92' lang='lat' dir='ltr'>III.</span> <span class='ocrx_word' id='word_1_4' title='bbox 788 499 1061 543; x_wconf 69' lang='lat' dir='ltr'><strong>Passum</strong></span> <span class='ocrx_word' id='word_1_5' title='bbox 1090 500 1387 542; x_wconf 76' lang='lat' dir='ltr'><strong>FILIORUM.</strong></span> 
     </span>
    </p>
   </div>
   <div class='ocr_carea' id='block_1_3' title="bbox 243 574 1820 650">
    <p class='ocr_par' dir='ltr' id='par_1_3' title="bbox 243 574 1820 650">
     <span class='ocr_line' id='line_1_3' title="bbox 243 574 1820 650; baseline -0.001 -17"><span class='ocrx_word' id='word_1_6' title='bbox 243 575 380 650; x_wconf 83' lang='lat' dir='ltr'><strong>Ego,</strong></span> <span class='ocrx_word' id='word_1_7' title='bbox 413 575 473 632; x_wconf 92' lang='lat' dir='ltr'><strong>in</strong></span> <span class='ocrx_word' id='word_1_8' title='bbox 534 576 630 633; x_wconf 92' lang='lat' dir='ltr'><strong>Dei</strong></span> <span class='ocrx_word' id='word_1_9' title='bbox 689 575 946 644; x_wconf 83' lang='lat' dir='ltr'><strong>nomine,</strong></span> <span class='ocrx_word' id='word_1_10' title='bbox 978 574 1290 648; x_wconf 62' lang='lat' dir='ltr'><strong>illeIabbas</strong></span> <span class='ocrx_word' id='word_1_11' title='bbox 1339 576 1409 631; x_wconf 91' lang='lat' dir='ltr'><strong>de</strong></span> <span class='ocrx_word' id='word_1_12' title='bbox 1463 574 1820 632; x_wconf 75' lang='lat' dir='ltr'><strong>monasterio</strong></span> 
     </span>
    </p>
   </div>
   <div class='ocr_carea' id='block_1_4' title="bbox 171 664 1821 738">
    <p class='ocr_par' dir='ltr' id='par_1_4' title="bbox 171 664 1821 738">
     <span class='ocr_line' id='line_1_4' title="bbox 171 664 1821 738; baseline -0.001 -17"><span class='ocrx_word' id='word_1_13' title='bbox 171 665 326 738; x_wconf 90' lang='lat' dir='ltr'><strong>quod</strong></span> <span class='ocrx_word' id='word_1_14' title='bbox 349 668 589 720; x_wconf 79' lang='lat' dir='ltr'><strong>vocatur</strong></span> <span class='ocrx_word' id='word_1_15' title='bbox 607 664 774 734; x_wconf 92' lang='lat' dir='ltr'><strong>illud,</strong></span> <span class='ocrx_word' id='word_1_16' title='bbox 799 665 954 737; x_wconf 92' lang='lat' dir='ltr'><strong>quod</strong></span> <span class='ocrx_word' id='word_1_17' title='bbox 976 668 1063 720; x_wconf 89' lang='lat' dir='ltr'><strong>est</strong></span> <span class='ocrx_word' id='word_1_18' title='bbox 1084 668 1487 720; x_wconf 84' lang='lat' dir='ltr'><strong>constructum</strong></span> <span class='ocrx_word' id='word_1_19' title='bbox 1511 665 1570 720; x_wconf 90' lang='lat' dir='ltr'><strong>in</strong></span> <span class='ocrx_word' id='word_1_20' title='bbox 1602 664 1821 720; x_wconf 86' lang='lat' dir='ltr'><strong>honore</strong></span> 
     </span>
    </p>
   </div>
   <div class='ocr_carea' id='block_1_5' title="bbox 171 753 1819 827">
    <p class='ocr_par' dir='ltr' id='par_1_5' title="bbox 171 753 1819 827">
     <span class='ocr_line' id='line_1_5' title="bbox 171 753 1819 827; baseline -0.001 -16"><span class='ocrx_word' id='word_1_21' title='bbox 171 758 386 811; x_wconf 63' lang='lat' dir='ltr'><strong>sancta:</strong></span> <span class='ocrx_word' id='word_1_22' title='bbox 416 754 611 810; x_wconf 65' lang='lat' dir='ltr'><strong>Maria;</strong></span> <span class='ocrx_word' id='word_1_23' title='bbox 650 769 882 826; x_wconf 80' lang='lat' dir='ltr'><strong>semper</strong></span> <span class='ocrx_word' id='word_1_24' title='bbox 926 753 1187 826; x_wconf 83' lang='lat' dir='ltr'><strong>virginis.</strong></span> <span class='ocrx_word' id='word_1_25' title='bbox 1222 758 1368 810; x_wconf 89' lang='lat' dir='ltr'><strong>Dum</strong></span> <span class='ocrx_word' id='word_1_26' title='bbox 1401 753 1673 827; x_wconf 79' lang='lat' dir='ltr'><strong>plurimis</strong></span> <span class='ocrx_word' id='word_1_27' title='bbox 1705 771 1819 811; x_wconf 92' lang='lat' dir='ltr'><strong>non</strong></span> 
     </span>
    </p>
   </div>
   <div class='ocr_carea' id='block_1_6' title="bbox 169 841 1822 915">
    <p class='ocr_par' dir='ltr' id='par_1_6' title="bbox 169 841 1822 915">
     <span class='ocr_line' id='line_1_6' title="bbox 169 841 1822 915; baseline 0.001 -17"><span class='ocrx_word' id='word_1_28' title='bbox 169 845 257 898; x_wconf 88' lang='lat' dir='ltr'><strong>est</strong></span> <span class='ocrx_word' id='word_1_29' title='bbox 285 842 670 915; x_wconf 89' lang='lat' dir='ltr'><strong>incognitum,</strong></span> <span class='ocrx_word' id='word_1_30' title='bbox 705 845 761 897; x_wconf 88' lang='lat' dir='ltr'><strong>te</strong></span> <span class='ocrx_word' id='word_1_31' title='bbox 807 841 986 896; x_wconf 88' lang='lat' dir='ltr'><strong>etiam</strong></span> <span class='ocrx_word' id='word_1_32' title='bbox 1016 841 1183 896; x_wconf 91' lang='lat' dir='ltr'><strong>illum</strong></span> <span class='ocrx_word' id='word_1_33' title='bbox 1217 860 1332 898; x_wconf 90' lang='lat' dir='ltr'><strong>non</strong></span> <span class='ocrx_word' id='word_1_34' title='bbox 1361 843 1520 910; x_wconf 84' lang='lat' dir='ltr'><strong>latet,</strong></span> <span class='ocrx_word' id='word_1_35' title='bbox 1573 842 1822 915; x_wconf 82' lang='lat' dir='ltr'><strong>qualiter</strong></span> 
     </span>
    </p>
   </div>
   <div class='ocr_carea' id='block_1_7' title="bbox 171 929 1824 1003">
    <p class='ocr_par' dir='ltr' id='par_1_7' title="bbox 171 929 1824 1003">
     <span class='ocr_line' id='line_1_7' title="bbox 171 929 1824 1003; baseline 0 -17"><span class='ocrx_word' id='word_1_36' title='bbox 171 929 299 986; x_wconf 88' lang='lat' dir='ltr'><strong>avia</strong></span> <span class='ocrx_word' id='word_1_37' title='bbox 320 935 422 987; x_wconf 89' lang='lat' dir='ltr'><strong>tua</strong></span> <span class='ocrx_word' id='word_1_38' title='bbox 444 929 546 986; x_wconf 92' lang='lat' dir='ltr'><strong>illa</strong></span> <span class='ocrx_word' id='word_1_39' title='bbox 562 929 805 986; x_wconf 82' lang='lat' dir='ltr'><strong>tradidit</strong></span> <span class='ocrx_word' id='word_1_40' title='bbox 843 930 1042 986; x_wconf 84' lang='lat' dir='ltr'><strong>omnia</strong></span> <span class='ocrx_word' id='word_1_41' title='bbox 1061 947 1428 1003; x_wconf 88' lang='lat' dir='ltr'><strong>quacumque</strong></span> <span class='ocrx_word' id='word_1_42' title='bbox 1453 931 1668 988; x_wconf 88' lang='lat' dir='ltr'><strong>habere</strong></span> <span class='ocrx_word' id='word_1_43' title='bbox 1697 932 1824 988; x_wconf 89' lang='lat' dir='ltr'><strong>visa</strong></span> 
     </span>
    </p>
   </div>
   <div class='ocr_carea' id='block_1_8' title="bbox 171 1018 1820 1093">
    <p class='ocr_par' dir='ltr' id='par_1_8' title="bbox 171 1018 1820 1093">
     <span class='ocr_line' id='line_1_8' title="bbox 171 1018 1820 1093; baseline 0.001 -18"><span class='ocrx_word' id='word_1_44' title='bbox 171 1018 281 1075; x_wconf 85' lang='lat' dir='ltr'><strong>fuit</strong></span> <span class='ocrx_word' id='word_1_45' title='bbox 302 1019 361 1075; x_wconf 90' lang='lat' dir='ltr'><strong>in</strong></span> <span class='ocrx_word' id='word_1_46' title='bbox 378 1019 496 1075; x_wconf 87' lang='lat' dir='ltr'><strong>illis</strong></span> <span class='ocrx_word' id='word_1_47' title='bbox 518 1018 682 1089; x_wconf 88' lang='lat' dir='ltr'><strong>locis,</strong></span> <span class='ocrx_word' id='word_1_48' title='bbox 703 1020 958 1092; x_wconf 85' lang='lat' dir='ltr'><strong>exceptis</strong></span> <span class='ocrx_word' id='word_1_49' title='bbox 982 1019 1075 1075; x_wconf 91' lang='lat' dir='ltr'><strong>bis</strong></span> <span class='ocrx_word' id='word_1_50' title='bbox 1096 1020 1404 1093; x_wconf 80' lang='lat' dir='ltr'><strong>mancipiis</strong></span> <span class='ocrx_word' id='word_1_51' title='bbox 1424 1020 1567 1089; x_wconf 88' lang='lat' dir='ltr'><strong>illis,</strong></span> <span class='ocrx_word' id='word_1_52' title='bbox 1587 1021 1726 1087; x_wconf 89' lang='lat' dir='ltr'><strong>illis,</strong></span> <span class='ocrx_word' id='word_1_53' title='bbox 1747 1022 1820 1077; x_wconf 82' lang='lat' dir='ltr'><strong>ad</strong></span> 
     </span>
    </p>
   </div>
   <div class='ocr_carea' id='block_1_9' title="bbox 170 1108 1822 1182">
    <p class='ocr_par' dir='ltr' id='par_1_9' title="bbox 170 1108 1822 1182">
     <span class='ocr_line' id='line_1_9' title="bbox 170 1108 1822 1182; baseline 0.001 -18"><span class='ocrx_word' id='word_1_54' title='bbox 170 1109 576 1181; x_wconf 88' lang='lat' dir='ltr'><strong>supradictum</strong></span> <span class='ocrx_word' id='word_1_55' title='bbox 603 1108 1027 1166; x_wconf 81' lang='lat' dir='ltr'><strong>monasterium</strong></span> <span class='ocrx_word' id='word_1_56' title='bbox 1057 1126 1161 1182; x_wconf 89' lang='lat' dir='ltr'><strong>pro</strong></span> <span class='ocrx_word' id='word_1_57' title='bbox 1194 1109 1449 1165; x_wconf 90' lang='lat' dir='ltr'><strong>remedio</strong></span> <span class='ocrx_word' id='word_1_58' title='bbox 1493 1111 1683 1166; x_wconf 88' lang='lat' dir='ltr'><strong>anime</strong></span> <span class='ocrx_word' id='word_1_59' title='bbox 1715 1110 1822 1165; x_wconf 91' lang='lat' dir='ltr'><strong>viri</strong></span> 
     </span>
    </p>
   </div>
   <div class='ocr_carea' id='block_1_10' title="bbox 169 1196 1822 1269">
    <p class='ocr_par' dir='ltr' id='par_1_10' title="bbox 169 1196 1822 1269">
     <span class='ocr_line' id='line_1_10' title="bbox 169 1196 1822 1269; baseline 0.001 -16"><span class='ocrx_word' id='word_1_60' title='bbox 169 1198 299 1269; x_wconf 86' lang='lat' dir='ltr'><strong>ejus</strong></span> <span class='ocrx_word' id='word_1_61' title='bbox 330 1196 487 1254; x_wconf 89' lang='lat' dir='ltr'><strong>illius</strong></span> <span class='ocrx_word' id='word_1_62' title='bbox 513 1201 569 1253; x_wconf 91' lang='lat' dir='ltr'><strong>et</strong></span> <span class='ocrx_word' id='word_1_63' title='bbox 598 1196 909 1253; x_wconf 85' lang='lat' dir='ltr'><strong>animabus</strong></span> <span class='ocrx_word' id='word_1_64' title='bbox 935 1197 1191 1253; x_wconf 90' lang='lat' dir='ltr'><strong>ﬁliorum</strong></span> <span class='ocrx_word' id='word_1_65' title='bbox 1226 1199 1354 1269; x_wconf 86' lang='lat' dir='ltr'><strong>ejus</strong></span> <span class='ocrx_word' id='word_1_66' title='bbox 1386 1197 1544 1254; x_wconf 90' lang='lat' dir='ltr'><strong>illius</strong></span> <span class='ocrx_word' id='word_1_67' title='bbox 1573 1203 1630 1254; x_wconf 91' lang='lat' dir='ltr'><strong>et</strong></span> <span class='ocrx_word' id='word_1_68' title='bbox 1661 1198 1822 1254; x_wconf 90' lang='lat' dir='ltr'><strong>illius</strong></span> 
     </span>
    </p>
   </div>
   <div class='ocr_carea' id='block_1_11' title="bbox 169 1285 1822 1362">
    <p class='ocr_par' dir='ltr' id='par_1_11' title="bbox 169 1285 1822 1362">
     <span class='ocr_line' id='line_1_11' title="bbox 169 1285 1822 1362; baseline 0 -20"><span class='ocrx_word' id='word_1_69' title='bbox 169 1291 240 1362; x_wconf 2' lang='lat' dir='ltr'><strong>et)</strong></span> <span class='ocrx_word' id='word_1_70' title='bbox 254 1303 359 1360; x_wconf 90' lang='lat' dir='ltr'><strong>pro</strong></span> <span class='ocrx_word' id='word_1_71' title='bbox 409 1285 597 1342; x_wconf 87' lang='lat' dir='ltr'><strong>salute</strong></span> <span class='ocrx_word' id='word_1_72' title='bbox 636 1286 846 1342; x_wconf 76' lang='lat' dir='ltr'><strong>animae</strong></span> <span class='ocrx_word' id='word_1_73' title='bbox 879 1303 1030 1358; x_wconf 64' lang='lat' dir='ltr'><strong>suis;</strong></span> <span class='ocrx_word' id='word_1_74' title='bbox 1062 1287 1164 1343; x_wconf 91' lang='lat' dir='ltr'><strong>sed</strong></span> <span class='ocrx_word' id='word_1_75' title='bbox 1197 1290 1399 1358; x_wconf 88' lang='lat' dir='ltr'><strong>postea</strong></span> <span class='ocrx_word' id='word_1_76' title='bbox 1443 1289 1570 1358; x_wconf 85' lang='lat' dir='ltr'><strong>ejus</strong></span> <span class='ocrx_word' id='word_1_77' title='bbox 1622 1287 1822 1360; x_wconf 83' lang='lat' dir='ltr'><strong>petitio</strong></span> 
     </span>
    </p>
   </div>
   <div class='ocr_carea' id='block_1_12' title="bbox 167 1375 1826 1448">
    <p class='ocr_par' dir='ltr' id='par_1_12' title="bbox 167 1375 1826 1448">
     <span class='ocr_line' id='line_1_12' title="bbox 167 1375 1826 1448; baseline 0.001 -18"><span class='ocrx_word' id='word_1_78' title='bbox 167 1375 302 1444; x_wconf 88' lang='lat' dir='ltr'><strong>fuit,</strong></span> <span class='ocrx_word' id='word_1_79' title='bbox 335 1379 536 1432; x_wconf 90' lang='lat' dir='ltr'><strong>nostra</strong></span> <span class='ocrx_word' id='word_1_80' title='bbox 574 1391 809 1448; x_wconf 89' lang='lat' dir='ltr'><strong>quoque</strong></span> <span class='ocrx_word' id='word_1_81' title='bbox 840 1392 956 1432; x_wconf 90' lang='lat' dir='ltr'><strong>non</strong></span> <span class='ocrx_word' id='word_1_82' title='bbox 989 1376 1223 1431; x_wconf 86' lang='lat' dir='ltr'><strong>rennuit</strong></span> <span class='ocrx_word' id='word_1_83' title='bbox 1251 1375 1542 1442; x_wconf 83' lang='lat' dir='ltr'><strong>voluntas,</strong></span> <span class='ocrx_word' id='word_1_84' title='bbox 1577 1381 1642 1431; x_wconf 91' lang='lat' dir='ltr'><strong>ut</strong></span> <span class='ocrx_word' id='word_1_85' title='bbox 1696 1379 1826 1448; x_wconf 90' lang='lat' dir='ltr'><strong>post</strong></span> 
     </span>
    </p>
   </div>
   <div class='ocr_carea' id='block_1_13' title="bbox 166 1463 1822 1532">
    <p class='ocr_par' dir='ltr' id='par_1_13' title="bbox 166 1463 1822 1532">
     <span class='ocr_line' id='line_1_13' title="bbox 166 1463 1822 1532; baseline 0.001 -13"><span class='ocrx_word' id='word_1_86' title='bbox 166 1464 330 1522; x_wconf 90' lang='lat' dir='ltr'><strong>illius</strong></span> <span class='ocrx_word' id='word_1_87' title='bbox 353 1464 682 1523; x_wconf 87' lang='lat' dir='ltr'><strong>discessum</strong></span> <span class='ocrx_word' id='word_1_88' title='bbox 710 1463 768 1520; x_wconf 92' lang='lat' dir='ltr'><strong>in</strong></span> <span class='ocrx_word' id='word_1_89' title='bbox 789 1463 1134 1521; x_wconf 89' lang='lat' dir='ltr'><strong>beneﬁcium</strong></span> <span class='ocrx_word' id='word_1_90' title='bbox 1154 1464 1502 1532; x_wconf 88' lang='lat' dir='ltr'><strong>cederimus,</strong></span> <span class='ocrx_word' id='word_1_91' title='bbox 1517 1469 1574 1520; x_wconf 87' lang='lat' dir='ltr'><strong>et</strong></span> <span class='ocrx_word' id='word_1_92' title='bbox 1596 1482 1711 1520; x_wconf 92' lang='lat' dir='ltr'><strong>non</strong></span> <span class='ocrx_word' id='word_1_93' title='bbox 1731 1482 1822 1521; x_wconf 88' lang='lat' dir='ltr'><strong>ne-</strong></span> 
     </span>
    </p>
   </div>
   <div class='ocr_carea' id='block_1_14' title="bbox 162 1552 1827 1627">
    <p class='ocr_par' dir='ltr' id='par_1_14' title="bbox 162 1552 1827 1627">
     <span class='ocr_line' id='line_1_14' title="bbox 162 1552 1827 1627; baseline 0 -18"><span class='ocrx_word' id='word_1_94' title='bbox 162 1553 440 1627; x_wconf 79' lang='lat' dir='ltr'><strong>gavimus</strong></span> <span class='ocrx_word' id='word_1_95' title='bbox 471 1553 610 1609; x_wconf 88' lang='lat' dir='ltr'><strong>huic</strong></span> <span class='ocrx_word' id='word_1_96' title='bbox 639 1552 1042 1626; x_wconf 88' lang='lat' dir='ltr'><strong>postulationi,</strong></span> <span class='ocrx_word' id='word_1_97' title='bbox 1077 1555 1178 1610; x_wconf 89' lang='lat' dir='ltr'><strong>sed</strong></span> <span class='ocrx_word' id='word_1_98' title='bbox 1211 1554 1363 1610; x_wconf 84' lang='lat' dir='ltr'><strong>sicut</strong></span> <span class='ocrx_word' id='word_1_99' title='bbox 1394 1553 1707 1626; x_wconf 83' lang='lat' dir='ltr'><strong>postulavit</strong></span> <span class='ocrx_word' id='word_1_100' title='bbox 1744 1554 1827 1609; x_wconf 88' lang='lat' dir='ltr'><strong>ita</strong></span> 
     </span>
    </p>
   </div>
   <div class='ocr_carea' id='block_1_15' title="bbox 164 1641 1824 1716">
    <p class='ocr_par' dir='ltr' id='par_1_15' title="bbox 164 1641 1824 1716">
     <span class='ocr_line' id='line_1_15' title="bbox 164 1641 1824 1716; baseline 0 -18"><span class='ocrx_word' id='word_1_101' title='bbox 164 1641 437 1710; x_wconf 83' lang='lat' dir='ltr'><strong>fecimus,</strong></span> <span class='ocrx_word' id='word_1_102' title='bbox 459 1641 518 1698; x_wconf 92' lang='lat' dir='ltr'><strong>in</strong></span> <span class='ocrx_word' id='word_1_103' title='bbox 541 1641 882 1698; x_wconf 90' lang='lat' dir='ltr'><strong>eavidalicet</strong></span> <span class='ocrx_word' id='word_1_104' title='bbox 903 1642 1128 1700; x_wconf 83' lang='lat' dir='ltr'><strong>ratione</strong></span> <span class='ocrx_word' id='word_1_105' title='bbox 1143 1646 1207 1697; x_wconf 91' lang='lat' dir='ltr'><strong>ut</strong></span> <span class='ocrx_word' id='word_1_106' title='bbox 1227 1646 1359 1716; x_wconf 89' lang='lat' dir='ltr'><strong>post</strong></span> <span class='ocrx_word' id='word_1_107' title='bbox 1378 1642 1537 1699; x_wconf 91' lang='lat' dir='ltr'><strong>illius</strong></span> <span class='ocrx_word' id='word_1_108' title='bbox 1558 1642 1824 1699; x_wconf 89' lang='lat' dir='ltr'><strong>discessu</strong></span> 
     </span>
    </p>
   </div>
   <div class='ocr_carea' id='block_1_16' title="bbox 164 1731 1824 1804">
    <p class='ocr_par' dir='ltr' id='par_1_16' title="bbox 164 1731 1824 1804">
     <span class='ocr_line' id='line_1_16' title="bbox 164 1731 1824 1804; baseline 0.001 -18"><span class='ocrx_word' id='word_1_109' title='bbox 164 1731 391 1788; x_wconf 86' lang='lat' dir='ltr'><strong>habeas</strong></span> <span class='ocrx_word' id='word_1_110' title='bbox 413 1731 782 1804; x_wconf 83' lang='lat' dir='ltr'><strong>supradictas</strong></span> <span class='ocrx_word' id='word_1_111' title='bbox 798 1747 890 1787; x_wconf 89' lang='lat' dir='ltr'><strong>res</strong></span> <span class='ocrx_word' id='word_1_112' title='bbox 906 1732 1032 1787; x_wconf 90' lang='lat' dir='ltr'><strong>dies</strong></span> <span class='ocrx_word' id='word_1_113' title='bbox 1051 1731 1182 1787; x_wconf 71' lang='lat' dir='ltr'><strong>vitae</strong></span> <span class='ocrx_word' id='word_1_114' title='bbox 1208 1735 1320 1787; x_wconf 68' lang='lat' dir='ltr'><strong>tua:</strong></span> <span class='ocrx_word' id='word_1_115' title='bbox 1343 1736 1593 1800; x_wconf 89' lang='lat' dir='ltr'><strong>tantum,</strong></span> <span class='ocrx_word' id='word_1_116' title='bbox 1616 1736 1672 1788; x_wconf 91' lang='lat' dir='ltr'><strong>et</strong></span> <span class='ocrx_word' id='word_1_117' title='bbox 1692 1749 1824 1788; x_wconf 86' lang='lat' dir='ltr'><strong>cen-</strong></span> 
     </span>
    </p>
   </div>
   <div class='ocr_carea' id='block_1_17' title="bbox 167 1819 1904 1928">
    <p class='ocr_par' dir='ltr' id='par_1_17' title="bbox 167 1819 1904 1928">
     <span class='ocr_line' id='line_1_17' title="bbox 167 1819 1904 1928; baseline -0.001 -52"><span class='ocrx_word' id='word_1_118' title='bbox 167 1836 308 1877; x_wconf 90' lang='lat' dir='ltr'><strong>sum</strong></span> <span class='ocrx_word' id='word_1_119' title='bbox 340 1819 532 1876; x_wconf 88' lang='lat' dir='ltr'><strong>solvas</strong></span> <span class='ocrx_word' id='word_1_120' title='bbox 562 1821 732 1878; x_wconf 89' lang='lat' dir='ltr'><strong>annis</strong></span> <span class='ocrx_word' id='word_1_121' title='bbox 754 1820 1026 1895; x_wconf 88' lang='lat' dir='ltr'><strong>singulis,</strong></span> <span class='ocrx_word' id='word_1_122' title='bbox 1051 1821 1160 1876; x_wconf 87' lang='lat' dir='ltr'><strong>hoc</strong></span> <span class='ocrx_word' id='word_1_123' title='bbox 1177 1825 1266 1877; x_wconf 86' lang='lat' dir='ltr'><strong>est</strong></span> <span class='ocrx_word' id='word_1_124' title='bbox 1286 1821 1543 1894; x_wconf 89' lang='lat' dir='ltr'><strong>quinque</strong></span> <span class='ocrx_word' id='word_1_125' title='bbox 1573 1820 1822 1889; x_wconf 90' lang='lat' dir='ltr'><strong>solidos;</strong></span> <span class='ocrx_word' id='word_1_126' title='bbox 1856 1863 1904 1928; x_wconf 75' lang='grc' dir='ltr'>Β</span> 
     </span>
    </p>
   </div>
   <div class='ocr_carea' id='block_1_18' title="bbox 165 1909 1830 1984">
    <p class='ocr_par' dir='ltr' id='par_1_18' title="bbox 165 1909 1830 1984">
     <span class='ocr_line' id='line_1_18' title="bbox 165 1909 1830 1984; baseline 0.001 -20"><span class='ocrx_word' id='word_1_127' title='bbox 165 1912 306 1984; x_wconf 82' lang='lat' dir='ltr'><strong>post</strong></span> <span class='ocrx_word' id='word_1_128' title='bbox 332 1912 504 1965; x_wconf 84' lang='lat' dir='ltr'><strong>tuum</strong></span> <span class='ocrx_word' id='word_1_129' title='bbox 527 1927 660 1965; x_wconf 90' lang='lat' dir='ltr'><strong>vero</strong></span> <span class='ocrx_word' id='word_1_130' title='bbox 683 1909 1020 1976; x_wconf 88' lang='lat' dir='ltr'><strong>transitum,</strong></span> <span class='ocrx_word' id='word_1_131' title='bbox 1045 1910 1335 1966; x_wconf 90' lang='lat' dir='ltr'><strong>antedicto</strong></span> <span class='ocrx_word' id='word_1_132' title='bbox 1358 1926 1450 1966; x_wconf 88' lang='lat' dir='ltr'><strong>res</strong></span> <span class='ocrx_word' id='word_1_133' title='bbox 1467 1914 1830 1967; x_wconf 85' lang='lat' dir='ltr'><strong>revertantur</strong></span> 
     </span>
    </p>
   </div>
   <div class='ocr_carea' id='block_1_19' title="bbox 165 1997 993 2077">
    <p class='ocr_par' dir='ltr' id='par_1_19' title="bbox 165 1997 993 2077">
     <span class='ocr_line' id='line_1_19' title="bbox 165 1997 993 2077; baseline -0.001 -24"><span class='ocrx_word' id='word_1_134' title='bbox 165 1997 590 2077; x_wconf 82' lang='lat' dir='ltr'><strong>perpetualiter</strong></span> <span class='ocrx_word' id='word_1_135' title='bbox 620 1998 993 2071; x_wconf 89' lang='lat' dir='ltr'><strong>possidenda.</strong></span> 
     </span>
    </p>
   </div>
   <div class='ocr_carea' id='block_1_20' title="bbox 849 2087 1147 2159">
    <p class='ocr_par' dir='ltr' id='par_1_20' title="bbox 849 2087 1147 2159">
     <span class='ocr_line' id='line_1_20' title="bbox 849 2087 1147 2159; baseline -0.003 -16"><span class='ocrx_word' id='word_1_136' title='bbox 849 2087 949 2143; x_wconf 89' lang='lat' dir='ltr'>x11</span> <span class='ocrx_word' id='word_1_137' title='bbox 981 2087 1147 2159; x_wconf 83' lang='lat'>(126).</span> 
     </span>
    </p>
   </div>
   <div class='ocr_carea' id='block_1_21' title="bbox 244 2174 1831 2248">
    <p class='ocr_par' dir='ltr' id='par_1_21' title="bbox 244 2174 1831 2248">
     <span class='ocr_line' id='line_1_21' title="bbox 244 2174 1831 2248; baseline 0.001 -19"><span class='ocrx_word' id='word_1_138' title='bbox 244 2174 291 2248; x_wconf 85' lang='lat' dir='ltr'><strong>Il</strong></span> <span class='ocrx_word' id='word_1_139' title='bbox 321 2174 493 2248; x_wconf 84' lang='lat' dir='ltr'><strong>s&#39;agit</strong></span> <span class='ocrx_word' id='word_1_140' title='bbox 535 2175 737 2248; x_wconf 12' lang='lat' dir='ltr'><strong>icirdu</strong></span> <span class='ocrx_word' id='word_1_141' title='bbox 788 2175 1286 2233; x_wconf 89' lang='lat' dir='ltr'><strong>renouvellement</strong></span> <span class='ocrx_word' id='word_1_142' title='bbox 1334 2192 1408 2232; x_wconf 94' lang='lat' dir='ltr'><strong>ou</strong></span> <span class='ocrx_word' id='word_1_143' title='bbox 1458 2176 1646 2248; x_wconf 78' lang='lat' dir='ltr'><strong>plutOt</strong></span> <span class='ocrx_word' id='word_1_144' title='bbox 1673 2177 1743 2232; x_wconf 93' lang='lat' dir='ltr'><strong>de</strong></span> <span class='ocrx_word' id='word_1_145' title='bbox 1772 2175 1831 2231; x_wconf 88' lang='lat' dir='ltr'><strong>1a</strong></span> 
     </span>
    </p>
   </div>
   <div class='ocr_carea' id='block_1_22' title="bbox 167 2245 1828 2319">
    <p class='ocr_par' dir='ltr' id='par_1_22' title="bbox 167 2245 1828 2319">
     <span class='ocr_line' id='line_1_22' title="bbox 167 2245 1828 2319; baseline 0.001 -18"><span class='ocrx_word' id='word_1_146' title='bbox 167 2245 576 2319; x_wconf 29' lang='lat' dir='ltr'><strong>prolong‘ation</strong></span> <span class='ocrx_word' id='word_1_147' title='bbox 605 2247 779 2302; x_wconf 90' lang='lat' dir='ltr'><strong>d’une</strong></span> <span class='ocrx_word' id='word_1_148' title='bbox 809 2248 1156 2304; x_wconf 89' lang='lat' dir='ltr'><strong>convention</strong></span> <span class='ocrx_word' id='word_1_149' title='bbox 1190 2245 1546 2304; x_wconf 76' lang='lat' dir='ltr'><strong>antérieure:</strong></span> <span class='ocrx_word' id='word_1_150' title='bbox 1584 2265 1662 2303; x_wconf 91' lang='lat' dir='ltr'><strong>un</strong></span> <span class='ocrx_word' id='word_1_151' title='bbox 1695 2251 1828 2319; x_wconf 81' lang='lat' dir='ltr'><strong>pera</strong></span> 
     </span>
    </p>
   </div>
   <div class='ocr_carea' id='block_1_23' title="bbox 169 2318 1830 2375">
    <p class='ocr_par' dir='ltr' id='par_1_23' title="bbox 169 2318 1830 2375">
     <span class='ocr_line' id='line_1_23' title="bbox 169 2318 1830 2375; baseline 0.001 -2"><span class='ocrx_word' id='word_1_152' title='bbox 169 2318 326 2374; x_wconf 77' lang='lat' dir='ltr'><strong>avait</strong></span> <span class='ocrx_word' id='word_1_153' title='bbox 356 2318 548 2374; x_wconf 83' lang='lat' dir='ltr'><strong>denné</strong></span> <span class='ocrx_word' id='word_1_154' title='bbox 593 2335 696 2374; x_wconf 91' lang='lat' dir='ltr'><strong>son</strong></span> <span class='ocrx_word' id='word_1_155' title='bbox 731 2319 863 2374; x_wconf 91' lang='lat' dir='ltr'><strong>bien</strong></span> <span class='ocrx_word' id='word_1_156' title='bbox 903 2323 936 2374; x_wconf 74' lang='grc' dir='ltr'><strong>ὸ.</strong></span> <span class='ocrx_word' id='word_1_157' title='bbox 965 2337 1045 2374; x_wconf 91' lang='lat' dir='ltr'><strong>un</strong></span> <span class='ocrx_word' id='word_1_158' title='bbox 1076 2323 1406 2375; x_wconf 82' lang='lat' dir='ltr'><strong>monastere</strong></span> <span class='ocrx_word' id='word_1_159' title='bbox 1437 2336 1572 2374; x_wconf 88' lang='lat' dir='ltr'><strong>avec</strong></span> <span class='ocrx_word' id='word_1_160' title='bbox 1603 2318 1830 2375; x_wconf 89' lang='lat' dir='ltr'><strong>réserve</strong></span> 
     </span>
    </p>
   </div>
   <div class='ocr_carea' id='block_1_24' title="bbox 170 2389 1827 2463">
    <p class='ocr_par' dir='ltr' id='par_1_24' title="bbox 170 2389 1827 2463">
     <span class='ocr_line' id='line_1_24' title="bbox 170 2389 1827 2463; baseline 0.001 -20"><span class='ocrx_word' id='word_1_161' title='bbox 170 2389 246 2463; x_wconf 73' lang='lat' dir='ltr'><strong>de</strong></span> <span class='ocrx_word' id='word_1_162' title='bbox 273 2389 329 2446; x_wconf 89' lang='lat' dir='ltr'><strong>la</strong></span> <span class='ocrx_word' id='word_1_163' title='bbox 343 2390 683 2463; x_wconf 82' lang='lat' dir='ltr'><strong>jouissance</strong></span> <span class='ocrx_word' id='word_1_164' title='bbox 711 2394 838 2463; x_wconf 88' lang='lat' dir='ltr'><strong>tant</strong></span> <span class='ocrx_word' id='word_1_165' title='bbox 868 2394 901 2446; x_wconf 72' lang='grc' dir='ltr'><strong>ὲ,</strong></span> <span class='ocrx_word' id='word_1_166' title='bbox 917 2407 1023 2446; x_wconf 92' lang='lat' dir='ltr'><strong>son</strong></span> <span class='ocrx_word' id='word_1_167' title='bbox 1047 2391 1220 2463; x_wconf 88' lang='lat' dir='ltr'><strong>proﬁt</strong></span> <span class='ocrx_word' id='word_1_168' title='bbox 1239 2391 1420 2463; x_wconf 89' lang='lat' dir='ltr'><strong>qu’au</strong></span> <span class='ocrx_word' id='word_1_169' title='bbox 1436 2391 1610 2462; x_wconf 87' lang='lat' dir='ltr'><strong>proﬁt</strong></span> <span class='ocrx_word' id='word_1_170' title='bbox 1626 2392 1697 2446; x_wconf 90' lang='lat' dir='ltr'><strong>de</strong></span> <span class='ocrx_word' id='word_1_171' title='bbox 1723 2407 1827 2445; x_wconf 91' lang='lat' dir='ltr'><strong>son</strong></span> 
     </span>
    </p>
   </div>
   <div class='ocr_carea' id='block_1_25' title="bbox 171 2459 1830 2534">
    <p class='ocr_par' dir='ltr' id='par_1_25' title="bbox 171 2459 1830 2534">
     <span class='ocr_line' id='line_1_25' title="bbox 171 2459 1830 2534; baseline 0.002 -21"><span class='ocrx_word' id='word_1_172' title='bbox 171 2459 299 2534; x_wconf 76' lang='lat' dir='ltr'><strong>ﬁla;</strong></span> <span class='ocrx_word' id='word_1_173' title='bbox 333 2459 575 2516; x_wconf 72' lang='lat' dir='ltr'><strong>(Salui-ci</strong></span> <span class='ocrx_word' id='word_1_174' title='bbox 596 2461 884 2534; x_wconf 81' lang='lat' dir='ltr'><strong>demands</strong></span> <span class='ocrx_word' id='word_1_175' title='bbox 904 2465 938 2518; x_wconf 70' lang='grc' dir='ltr'>ὰ</span> <span class='ocrx_word' id='word_1_176' title='bbox 957 2459 1064 2518; x_wconf 78' lang='lat' dir='ltr'><strong>son</strong></span> <span class='ocrx_word' id='word_1_177' title='bbox 1082 2467 1215 2517; x_wconf 91' lang='lat' dir='ltr'><strong>tour</strong></span> <span class='ocrx_word' id='word_1_178' title='bbox 1234 2459 1292 2517; x_wconf 78' lang='lat' dir='ltr'><strong>et</strong></span> <span class='ocrx_word' id='word_1_179' title='bbox 1308 2459 1531 2517; x_wconf 78' lang='lat' dir='ltr'><strong>obtient</strong></span> <span class='ocrx_word' id='word_1_180' title='bbox 1557 2479 1667 2534; x_wconf 89' lang='lat' dir='ltr'><strong>qua</strong></span> <span class='ocrx_word' id='word_1_181' title='bbox 1684 2465 1830 2517; x_wconf 87' lang='lat' dir='ltr'><strong>cette</strong></span> 
     </span>
    </p>
   </div>
   <div class='ocr_carea' id='block_1_26' title="bbox 166 2531 1830 2604">
    <p class='ocr_par' dir='ltr' id='par_1_26' title="bbox 166 2531 1830 2604">
     <span class='ocr_line' id='line_1_26' title="bbox 166 2531 1830 2604; baseline 0.001 -18"><span class='ocrx_word' id='word_1_182' title='bbox 166 2531 513 2604; x_wconf 27' lang='lat' dir='ltr'><strong>jou‘issance</strong></span> <span class='ocrx_word' id='word_1_183' title='bbox 543 2532 658 2604; x_wconf 86' lang='lat' dir='ltr'><strong>soit</strong></span> <span class='ocrx_word' id='word_1_184' title='bbox 687 2533 996 2589; x_wconf 88' lang='lat' dir='ltr'><strong>eontinuée</strong></span> <span class='ocrx_word' id='word_1_185' title='bbox 1026 2537 1060 2588; x_wconf 71' lang='grc' dir='ltr'>ὲ</span> <span class='ocrx_word' id='word_1_186' title='bbox 1089 2551 1181 2589; x_wconf 88' lang='lat' dir='ltr'><strong>ses</strong></span> <span class='ocrx_word' id='word_1_187' title='bbox 1214 2535 1464 2589; x_wconf 86' lang='lat' dir='ltr'><strong>enfants.</strong></span> <span class='ocrx_word' id='word_1_188' title='bbox 1499 2531 1608 2589; x_wconf 75' lang='lat' dir='ltr'><strong>Les</strong></span> <span class='ocrx_word' id='word_1_189' title='bbox 1629 2550 1830 2588; x_wconf 91' lang='lat' dir='ltr'><strong>renou-</strong></span> 
     </span>
    </p>
   </div>
   <div class='ocr_carea' id='block_1_27' title="bbox 173 2601 1832 2660">
    <p class='ocr_par' dir='ltr' id='par_1_27' title="bbox 173 2601 1832 2660">
     <span class='ocr_line' id='line_1_27' title="bbox 173 2601 1832 2660; baseline 0.002 -5"><span class='ocrx_word' id='word_1_190' title='bbox 173 2601 524 2658; x_wconf 67' lang='lat' dir='ltr'><strong>vellements</strong></span> <span class='ocrx_word' id='word_1_191' title='bbox 554 2603 626 2658; x_wconf 91' lang='lat' dir='ltr'><strong>de</strong></span> <span class='ocrx_word' id='word_1_192' title='bbox 656 2609 800 2659; x_wconf 88' lang='lat' dir='ltr'><strong>cette</strong></span> <span class='ocrx_word' id='word_1_193' title='bbox 832 2608 1037 2659; x_wconf 88' lang='lat' dir='ltr'><strong>nature</strong></span> <span class='ocrx_word' id='word_1_194' title='bbox 1068 2604 1336 2660; x_wconf 88' lang='lat' dir='ltr'><strong>devaient</strong></span> <span class='ocrx_word' id='word_1_195' title='bbox 1357 2608 1476 2660; x_wconf 78' lang='lat' dir='ltr'><strong>atra</strong></span> <span class='ocrx_word' id='word_1_196' title='bbox 1499 2604 1832 2660; x_wconf 87' lang='lat' dir='ltr'><strong>facilemant</strong></span> 
     </span>
    </p>
   </div>
   <div class='ocr_carea' id='block_1_28' title="bbox 175 2671 1832 2746">
    <p class='ocr_par' dir='ltr' id='par_1_28' title="bbox 175 2671 1832 2746">
     <span class='ocr_line' id='line_1_28' title="bbox 175 2671 1832 2746; baseline 0 -16"><span class='ocrx_word' id='word_1_197' title='bbox 175 2671 839 2746; x_wconf 83' lang='lat' dir='ltr'><strong>accordés,soitlorsque</strong></span> <span class='ocrx_word' id='word_1_198' title='bbox 870 2673 925 2729; x_wconf 89' lang='lat' dir='ltr'><strong>le</strong></span> <span class='ocrx_word' id='word_1_199' title='bbox 955 2691 1092 2731; x_wconf 86' lang='lat' dir='ltr'><strong>cens</strong></span> <span class='ocrx_word' id='word_1_200' title='bbox 1109 2675 1320 2730; x_wconf 86' lang='lat' dir='ltr'><strong>annual</strong></span> <span class='ocrx_word' id='word_1_201' title='bbox 1340 2677 1655 2731; x_wconf 87' lang='lat' dir='ltr'><strong>étaitassez</strong></span> <span class='ocrx_word' id='word_1_202' title='bbox 1677 2675 1832 2731; x_wconf 84' lang='lat' dir='ltr'><strong>élevé</strong></span> 
     </span>
    </p>
   </div>
   <div class='ocr_carea' id='block_1_29' title="bbox 175 2744 1830 2820">
    <p class='ocr_par' dir='ltr' id='par_1_29' title="bbox 175 2744 1830 2820">
     <span class='ocr_line' id='line_1_29' title="bbox 175 2744 1830 2820; baseline 0.001 -20"><span class='ocrx_word' id='word_1_203' title='bbox 175 2761 328 2820; x_wconf 81' lang='lat' dir='ltr'><strong>pour</strong></span> <span class='ocrx_word' id='word_1_204' title='bbox 357 2744 679 2820; x_wconf 79' lang='lat' dir='ltr'><strong>constituer</strong></span> <span class='ocrx_word' id='word_1_205' title='bbox 707 2744 785 2800; x_wconf 81' lang='lat' dir='ltr'><strong>un</strong></span> <span class='ocrx_word' id='word_1_206' title='bbox 813 2746 943 2820; x_wconf 58' lang='lat' dir='ltr'><strong>prin</strong></span> <span class='ocrx_word' id='word_1_207' title='bbox 972 2747 1042 2801; x_wconf 92' lang='lat' dir='ltr'><strong>de</strong></span> <span class='ocrx_word' id='word_1_208' title='bbox 1071 2748 1259 2820; x_wconf 82' lang='lat' dir='ltr'><strong>ferme</strong></span> <span class='ocrx_word' id='word_1_209' title='bbox 1283 2763 1356 2801; x_wconf 92' lang='lat' dir='ltr'><strong>ou</strong></span> <span class='ocrx_word' id='word_1_210' title='bbox 1380 2764 1565 2820; x_wconf 83' lang='lat' dir='ltr'><strong>canon</strong></span> <span class='ocrx_word' id='word_1_211' title='bbox 1594 2746 1830 2820; x_wconf 82' lang='lat' dir='ltr'><strong>empby-</strong></span> 
     </span>
    </p>
   </div>
   <div class='ocr_carea' id='block_1_30' title="bbox 175 2816 1830 2890">
    <p class='ocr_par' dir='ltr' id='par_1_30' title="bbox 175 2816 1830 2890">
     <span class='ocr_line' id='line_1_30' title="bbox 175 2816 1830 2890; baseline 0.001 -18"><span class='ocrx_word' id='word_1_212' title='bbox 175 2816 454 2890; x_wconf 85' lang='lat' dir='ltr'><strong>téotique,</strong></span> <span class='ocrx_word' id='word_1_213' title='bbox 487 2816 600 2890; x_wconf 84' lang='lat' dir='ltr'><strong>soit</strong></span> <span class='ocrx_word' id='word_1_214' title='bbox 645 2817 880 2890; x_wconf 81' lang='lat' dir='ltr'><strong>lorsque</strong></span> <span class='ocrx_word' id='word_1_215' title='bbox 911 2817 968 2872; x_wconf 87' lang='lat' dir='ltr'><strong>la</strong></span> <span class='ocrx_word' id='word_1_216' title='bbox 998 2818 1340 2890; x_wconf 87' lang='lat' dir='ltr'><strong>convention</strong></span> <span class='ocrx_word' id='word_1_217' title='bbox 1393 2816 1830 2890; x_wconf 66' lang='lat' dir='ltr'><strong>primitivené-</strong></span> 
     </span>
    </p>
   </div>
   <div class='ocr_carea' id='block_1_31' title="bbox 179 2887 1830 2962">
    <p class='ocr_par' dir='ltr' id='par_1_31' title="bbox 179 2887 1830 2962">
     <span class='ocr_line' id='line_1_31' title="bbox 179 2887 1830 2962; baseline 0 -19"><span class='ocrx_word' id='word_1_218' title='bbox 179 2888 292 2962; x_wconf 75' lang='lat' dir='ltr'><strong>tait</strong></span> <span class='ocrx_word' id='word_1_219' title='bbox 322 2887 391 2943; x_wconf 79' lang='lat' dir='ltr'><strong>an</strong></span> <span class='ocrx_word' id='word_1_220' title='bbox 426 2887 626 2962; x_wconf 78' lang='lat' dir='ltr'><strong>realité</strong></span> <span class='ocrx_word' id='word_1_221' title='bbox 673 2887 854 2960; x_wconf 80' lang='lat' dir='ltr'><strong>qu’un</strong></span> <span class='ocrx_word' id='word_1_222' title='bbox 903 2893 1137 2962; x_wconf 82' lang='lat' dir='ltr'><strong>contrat</strong></span> <span class='ocrx_word' id='word_1_223' title='bbox 1163 2887 1498 2962; x_wconf 76' lang='lat' dir='ltr'><strong>pignoratif,</strong></span> <span class='ocrx_word' id='word_1_224' title='bbox 1531 2891 1646 2945; x_wconf 89' lang='lat' dir='ltr'><strong>soit</strong></span> <span class='ocrx_word' id='word_1_225' title='bbox 1674 2891 1830 2945; x_wconf 88' lang='lat' dir='ltr'><strong>enﬁn</strong></span> 
     </span>
    </p>
   </div>
   <div class='ocr_carea' id='block_1_32' title="bbox 176 2958 1833 3033">
    <p class='ocr_par' dir='ltr' id='par_1_32' title="bbox 176 2958 1833 3033">
     <span class='ocr_line' id='line_1_32' title="bbox 176 2958 1833 3033; baseline 0.001 -19"><span class='ocrx_word' id='word_1_226' title='bbox 176 2958 413 3033; x_wconf 84' lang='lat' dir='ltr'><strong>lorsque</strong></span> <span class='ocrx_word' id='word_1_227' title='bbox 444 2959 496 3015; x_wconf 93' lang='lat' dir='ltr'><strong>le</strong></span> <span class='ocrx_word' id='word_1_228' title='bbox 513 2958 846 3016; x_wconf 77' lang='lat' dir='ltr'><strong>monastere</strong></span> <span class='ocrx_word' id='word_1_229' title='bbox 862 2978 898 3033; x_wconf 83' lang='lat' dir='ltr'><strong>y</strong></span> <span class='ocrx_word' id='word_1_230' title='bbox 918 2958 1266 3033; x_wconf 51' lang='lat' dir='ltr'><strong>trouvait&#39;un</strong></span> <span class='ocrx_word' id='word_1_231' title='bbox 1286 2958 1586 3033; x_wconf 89' lang='lat' dir='ltr'><strong>avantage,</strong></span> <span class='ocrx_word' id='word_1_232' title='bbox 1607 2978 1833 3016; x_wconf 88' lang='lat' dir='ltr'><strong>comma</strong></span> 
     </span>
    </p>
   </div>
   <div class='ocr_carea' id='block_1_33' title="bbox 177 3031 1758 3104">
    <p class='ocr_par' dir='ltr' id='par_1_33' title="bbox 177 3031 1758 3104">
     <span class='ocr_line' id='line_1_33' title="bbox 177 3031 1758 3104; baseline 0.001 -18"><span class='ocrx_word' id='word_1_233' title='bbox 177 3031 330 3087; x_wconf 86' lang='lat' dir='ltr'><strong>dans</strong></span> <span class='ocrx_word' id='word_1_234' title='bbox 358 3035 525 3087; x_wconf 90' lang='lat' dir='ltr'><strong>notre</strong></span> <span class='ocrx_word' id='word_1_235' title='bbox 546 3034 769 3102; x_wconf 79' lang='lat' dir='ltr'><strong>espace,</strong></span> <span class='ocrx_word' id='word_1_236' title='bbox 799 3031 948 3104; x_wconf 61' lang='lat' dir='ltr'><strong>po&#39;ur</strong></span> <span class='ocrx_word' id='word_1_237' title='bbox 977 3031 1458 3103; x_wconf 88' lang='lat' dir='ltr'><strong>l’augmentation</strong></span> <span class='ocrx_word' id='word_1_238' title='bbox 1493 3031 1567 3088; x_wconf 89' lang='lat' dir='ltr'><strong>du</strong></span> <span class='ocrx_word' id='word_1_239' title='bbox 1601 3049 1758 3088; x_wconf 88' lang='lat' dir='ltr'><strong>cens.</strong></span> 
     </span>
    </p>
   </div>
   <div class='ocr_carea' id='block_1_34' title="bbox 761 3120 1242 3190">
    <p class='ocr_par' dir='ltr' id='par_1_34' title="bbox 761 3120 1242 3190">
     <span class='ocr_line' id='line_1_34' title="bbox 761 3120 1242 3190; baseline 0.002 -16"><span class='ocrx_word' id='word_1_240' title='bbox 761 3135 1042 3175; x_wconf 79' lang='lat' dir='ltr'><strong>PRECABIA</strong></span> <span class='ocrx_word' id='word_1_241' title='bbox 1075 3120 1242 3190; x_wconf 81' lang='grc'>(127).</span> 
     </span>
    </p>
   </div>
   <div class='ocr_carea' id='block_1_35' title="bbox 1461 345 2290 433">
    <p class='ocr_par' dir='ltr' id='par_1_35' title="bbox 1461 345 2290 433">
     <span class='ocr_line' id='line_1_35' title="bbox 1461 345 2290 433; baseline -0.004 -20"><span class='ocrx_word' id='word_1_242' title='bbox 1461 348 1865 414; x_wconf 64' lang='grc' dir='ltr'><strong>ΡΟΗΜΗΙΛΕ</strong></span> <span class='ocrx_word' id='word_1_243' title='bbox 1905 345 2290 433; x_wconf 60' lang='lat' dir='ltr'><strong>versans.</strong></span> 
     </span>
    </p>
   </div>
   <div class='ocr_carea' id='block_1_36' title="bbox 1843 480 3582 556">
    <p class='ocr_par' dir='ltr' id='par_1_36' title="bbox 1843 480 3582 556">
     <span class='ocr_line' id='line_1_36' title="bbox 1843 480 3582 556; baseline 0 -17"><span class='ocrx_word' id='word_1_244' title='bbox 1843 487 1900 554; x_wconf 81' lang='grc' dir='ltr'><strong>Α</strong></span> <span class='ocrx_word' id='word_1_245' title='bbox 1928 499 2044 540; x_wconf 90' lang='lat' dir='ltr'><strong>non</strong></span> <span class='ocrx_word' id='word_1_246' title='bbox 2077 483 2180 539; x_wconf 89' lang='lat' dir='ltr'><strong>ﬁat</strong></span> <span class='ocrx_word' id='word_1_247' title='bbox 2224 480 2395 556; x_wconf 87' lang='lat'>(129),</span> <span class='ocrx_word' id='word_1_248' title='bbox 2424 480 2642 540; x_wconf 88' lang='lat' dir='ltr'><strong>solidos</strong></span> <span class='ocrx_word' id='word_1_249' title='bbox 2669 484 2899 540; x_wconf 87' lang='lat' dir='ltr'><strong>tantum</strong></span> <span class='ocrx_word' id='word_1_250' title='bbox 2931 484 2987 540; x_wconf 90' lang='lat' dir='ltr'><strong>et</strong></span> <span class='ocrx_word' id='word_1_251' title='bbox 3021 485 3255 539; x_wconf 88' lang='lat' dir='ltr'><strong>tantum</strong></span> <span class='ocrx_word' id='word_1_252' title='bbox 3287 498 3492 556; x_wconf 83' lang='lat' dir='ltr'><strong>panes,</strong></span> <span class='ocrx_word' id='word_1_253' title='bbox 3523 486 3582 539; x_wconf 91' lang='lat' dir='ltr'><strong>et</strong></span> 
     </span>
    </p>
   </div>
   <div class='ocr_carea' id='block_1_37' title="bbox 3424 309 3611 406">
    <p class='ocr_par' dir='ltr' id='par_1_37' title="bbox 3424 309 3611 406">
     <span class='ocr_line' id='line_1_37' title="bbox 3424 309 3611 406; baseline 0.005 -2"><span class='ocrx_word' id='word_1_254' title='bbox 3424 309 3611 406; x_wconf 48' lang='lat'><strong>1426&#39;</strong></span> 
     </span>
    </p>
   </div>
   <div class='ocr_carea' id='block_1_38' title="bbox 1930 572 3583 630">
    <p class='ocr_par' dir='ltr' id='par_1_38' title="bbox 1930 572 3583 630">
     <span class='ocr_line' id='line_1_38' title="bbox 1930 572 3583 630; baseline 0 -2"><span class='ocrx_word' id='word_1_255' title='bbox 1930 572 2038 630; x_wconf 89' lang='lat' dir='ltr'><strong>hoc</strong></span> <span class='ocrx_word' id='word_1_256' title='bbox 2071 573 2142 628; x_wconf 89' lang='lat' dir='ltr'><strong>ad</strong></span> <span class='ocrx_word' id='word_1_257' title='bbox 2174 572 2546 628; x_wconf 89' lang='lat' dir='ltr'><strong>Nativitatem</strong></span> <span class='ocrx_word' id='word_1_258' title='bbox 2577 572 2807 628; x_wconf 89' lang='lat' dir='ltr'><strong>Domini</strong></span> <span class='ocrx_word' id='word_1_259' title='bbox 2829 573 2998 629; x_wconf 88' lang='lat' dir='ltr'><strong>faciat</strong></span> <span class='ocrx_word' id='word_1_260' title='bbox 3018 573 3151 629; x_wconf 91' lang='lat' dir='ltr'><strong>duci</strong></span> <span class='ocrx_word' id='word_1_261' title='bbox 3173 573 3244 628; x_wconf 87' lang='lat' dir='ltr'><strong>ad</strong></span> <span class='ocrx_word' id='word_1_262' title='bbox 3271 572 3434 628; x_wconf 86' lang='lat' dir='ltr'><strong>illam</strong></span> <span class='ocrx_word' id='word_1_263' title='bbox 3457 590 3583 628; x_wconf 88' lang='lat' dir='ltr'><strong>cur-</strong></span> 
     </span>
    </p>
   </div>
   <div class='ocr_carea' id='block_1_39' title="bbox 1927 661 3580 735">
    <p class='ocr_par' dir='ltr' id='par_1_39' title="bbox 1927 661 3580 735">
     <span class='ocr_line' id='line_1_39' title="bbox 1927 661 3580 735; baseline -0.001 -17"><span class='ocrx_word' id='word_1_264' title='bbox 1927 665 2045 718; x_wconf 84' lang='lat' dir='ltr'><strong>tem</strong></span> <span class='ocrx_word' id='word_1_265' title='bbox 2079 666 2361 728; x_wconf 90' lang='lat' dir='ltr'><strong>nostram,</strong></span> <span class='ocrx_word' id='word_1_266' title='bbox 2387 665 2442 717; x_wconf 90' lang='lat' dir='ltr'><strong>et</strong></span> <span class='ocrx_word' id='word_1_267' title='bbox 2462 662 2718 717; x_wconf 76' lang='lat' dir='ltr'><strong>infantes</strong></span> <span class='ocrx_word' id='word_1_268' title='bbox 2749 663 2875 734; x_wconf 89' lang='lat' dir='ltr'><strong>ejus</strong></span> <span class='ocrx_word' id='word_1_269' title='bbox 2908 667 3037 735; x_wconf 90' lang='lat' dir='ltr'><strong>post</strong></span> <span class='ocrx_word' id='word_1_270' title='bbox 3066 662 3291 719; x_wconf 90' lang='lat' dir='ltr'><strong>obitum</strong></span> <span class='ocrx_word' id='word_1_271' title='bbox 3315 663 3442 734; x_wconf 91' lang='lat' dir='ltr'><strong>ejus</strong></span> <span class='ocrx_word' id='word_1_272' title='bbox 3474 661 3580 718; x_wconf 91' lang='lat' dir='ltr'><strong>hec</strong></span> 
     </span>
    </p>
   </div>
   <div class='ocr_carea' id='block_1_40' title="bbox 1929 750 3580 822">
    <p class='ocr_par' dir='ltr' id='par_1_40' title="bbox 1929 750 3580 822">
     <span class='ocr_line' id='line_1_40' title="bbox 1929 750 3580 822; baseline -0.001 -15"><span class='ocrx_word' id='word_1_273' title='bbox 1929 751 2128 807; x_wconf 89' lang='lat' dir='ltr'><strong>omnia</strong></span> <span class='ocrx_word' id='word_1_274' title='bbox 2180 751 2398 806; x_wconf 82' lang='lat' dir='ltr'><strong>faciant</strong></span> <span class='ocrx_word' id='word_1_275' title='bbox 2446 751 2570 806; x_wconf 90' lang='lat' dir='ltr'><strong>dies</strong></span> <span class='ocrx_word' id='word_1_276' title='bbox 2613 750 2728 806; x_wconf 85' lang='lat' dir='ltr'><strong>vita</strong></span> <span class='ocrx_word' id='word_1_277' title='bbox 2778 768 2897 806; x_wconf 68' lang='lat' dir='ltr'><strong>suae</strong></span> <span class='ocrx_word' id='word_1_278' title='bbox 2937 754 3183 817; x_wconf 89' lang='lat' dir='ltr'><strong>tantum,</strong></span> <span class='ocrx_word' id='word_1_279' title='bbox 3217 750 3264 805; x_wconf 89' lang='lat' dir='ltr'><strong>si</strong></span> <span class='ocrx_word' id='word_1_280' title='bbox 3295 750 3454 822; x_wconf 89' lang='lat' dir='ltr'><strong>ipsas</strong></span> <span class='ocrx_word' id='word_1_281' title='bbox 3487 767 3580 806; x_wconf 89' lang='lat' dir='ltr'><strong>res</strong></span> 
     </span>
    </p>
   </div>
   <div class='ocr_carea' id='block_1_41' title="bbox 1930 839 3579 912">
    <p class='ocr_par' dir='ltr' id='par_1_41' title="bbox 1930 839 3579 912">
     <span class='ocr_line' id='line_1_41' title="bbox 1930 839 3579 912; baseline -0.001 -17"><span class='ocrx_word' id='word_1_282' title='bbox 1930 839 2144 896; x_wconf 86' lang='lat' dir='ltr'><strong>habere</strong></span> <span class='ocrx_word' id='word_1_283' title='bbox 2172 840 2484 908; x_wconf 83' lang='lat' dir='ltr'><strong>voluerint;</strong></span> <span class='ocrx_word' id='word_1_284' title='bbox 2507 845 2639 912; x_wconf 90' lang='lat' dir='ltr'><strong>post</strong></span> <span class='ocrx_word' id='word_1_285' title='bbox 2660 857 2913 912; x_wconf 90' lang='lat' dir='ltr'><strong>quorum</strong></span> <span class='ocrx_word' id='word_1_286' title='bbox 2936 840 3158 896; x_wconf 85' lang='lat' dir='ltr'><strong>obitum</strong></span> <span class='ocrx_word' id='word_1_287' title='bbox 3183 841 3306 896; x_wconf 91' lang='lat' dir='ltr'><strong>sine</strong></span> <span class='ocrx_word' id='word_1_288' title='bbox 3327 839 3579 910; x_wconf 88' lang='lat' dir='ltr'><strong>alicujus</strong></span> 
     </span>
    </p>
   </div>
   <div class='ocr_carea' id='block_1_42' title="bbox 1931 928 3580 1003">
    <p class='ocr_par' dir='ltr' id='par_1_42' title="bbox 1931 928 3580 1003">
     <span class='ocr_line' id='line_1_42' title="bbox 1931 928 3580 1003; baseline -0.001 -18"><span class='ocrx_word' id='word_1_289' title='bbox 1931 929 2385 985; x_wconf 85' lang='lat' dir='ltr'><strong>contradictione</strong></span> <span class='ocrx_word' id='word_1_290' title='bbox 2415 930 2752 1003; x_wconf 89' lang='lat' dir='ltr'><strong>supradicta</strong></span> <span class='ocrx_word' id='word_1_291' title='bbox 2783 946 2874 985; x_wconf 88' lang='lat' dir='ltr'><strong>res</strong></span> <span class='ocrx_word' id='word_1_292' title='bbox 2896 929 2956 984; x_wconf 92' lang='lat' dir='ltr'><strong>in</strong></span> <span class='ocrx_word' id='word_1_293' title='bbox 2987 928 3262 984; x_wconf 89' lang='lat' dir='ltr'><strong>omnibus</strong></span> <span class='ocrx_word' id='word_1_294' title='bbox 3282 929 3580 984; x_wconf 87' lang='lat' dir='ltr'><strong>meliorate</strong></span> 
     </span>
    </p>
   </div>
   <div class='ocr_carea' id='block_1_43' title="bbox 1932 1019 3580 1091">
    <p class='ocr_par' dir='ltr' id='par_1_43' title="bbox 1932 1019 3580 1091">
     <span class='ocr_line' id='line_1_43' title="bbox 1932 1019 3580 1091; baseline -0.001 -18"><span class='ocrx_word' id='word_1_295' title='bbox 1932 1019 2002 1074; x_wconf 92' lang='lat' dir='ltr'><strong>ad</strong></span> <span class='ocrx_word' id='word_1_296' title='bbox 2039 1035 2145 1075; x_wconf 90' lang='lat' dir='ltr'><strong>nos</strong></span> <span class='ocrx_word' id='word_1_297' title='bbox 2192 1034 2677 1091; x_wconf 88' lang='lat' dir='ltr'><strong>successoresque</strong></span> <span class='ocrx_word' id='word_1_298' title='bbox 2720 1022 2954 1074; x_wconf 89' lang='lat' dir='ltr'><strong>nostros</strong></span> <span class='ocrx_word' id='word_1_299' title='bbox 2984 1021 3349 1073; x_wconf 88' lang='lat' dir='ltr'><strong>revertantur</strong></span> <span class='ocrx_word' id='word_1_300' title='bbox 3376 1033 3580 1089; x_wconf 73' lang='lat' dir='ltr'><strong>perpa-</strong></span> 
     </span>
    </p>
   </div>
   <div class='ocr_carea' id='block_1_44' title="bbox 1931 1105 3580 1180">
    <p class='ocr_par' dir='ltr' id='par_1_44' title="bbox 1931 1105 3580 1180">
     <span class='ocr_line' id='line_1_44' title="bbox 1931 1105 3580 1180; baseline -0.001 -19"><span class='ocrx_word' id='word_1_301' title='bbox 1931 1107 2165 1162; x_wconf 86' lang='lat' dir='ltr'><strong>tualiter</strong></span> <span class='ocrx_word' id='word_1_302' title='bbox 2195 1108 2566 1180; x_wconf 87' lang='lat' dir='ltr'><strong>possidenda.</strong></span> <span class='ocrx_word' id='word_1_303' title='bbox 2618 1107 2827 1163; x_wconf 89' lang='lat' dir='ltr'><strong>Nullus</strong></span> <span class='ocrx_word' id='word_1_304' title='bbox 2866 1107 2977 1162; x_wconf 92' lang='lat' dir='ltr'><strong>hoc</strong></span> <span class='ocrx_word' id='word_1_305' title='bbox 3006 1106 3195 1162; x_wconf 89' lang='lat' dir='ltr'><strong>valeat</strong></span> <span class='ocrx_word' id='word_1_306' title='bbox 3223 1105 3580 1178; x_wconf 89' lang='lat' dir='ltr'><strong>inrumpere,</strong></span> 
     </span>
    </p>
   </div>
   <div class='ocr_carea' id='block_1_45' title="bbox 1932 1193 3581 1270">
    <p class='ocr_par' dir='ltr' id='par_1_45' title="bbox 1932 1193 3581 1270">
     <span class='ocr_line' id='line_1_45' title="bbox 1932 1193 3581 1270; baseline -0.002 -18"><span class='ocrx_word' id='word_1_307' title='bbox 1932 1197 2056 1264; x_wconf 92' lang='lat' dir='ltr'><strong>sed,</strong></span> <span class='ocrx_word' id='word_1_308' title='bbox 2083 1201 2254 1268; x_wconf 87' lang='lat' dir='ltr'><strong>prout</strong></span> <span class='ocrx_word' id='word_1_309' title='bbox 2275 1201 2509 1270; x_wconf 88' lang='lat' dir='ltr'><strong>tempus</strong></span> <span class='ocrx_word' id='word_1_310' title='bbox 2541 1196 2865 1262; x_wconf 88' lang='lat' dir='ltr'><strong>dictaverit,</strong></span> <span class='ocrx_word' id='word_1_311' title='bbox 2890 1193 3234 1252; x_wconf 87' lang='lat' dir='ltr'><strong>inconvulsa</strong></span> <span class='ocrx_word' id='word_1_312' title='bbox 3247 1194 3434 1251; x_wconf 88' lang='lat' dir='ltr'><strong>valeat</strong></span> <span class='ocrx_word' id='word_1_313' title='bbox 3452 1211 3581 1267; x_wconf 91' lang='lat' dir='ltr'><strong>per-</strong></span> 
     </span>
    </p>
   </div>
   <div class='ocr_carea' id='block_1_46' title="bbox 1931 1285 3036 1358">
    <p class='ocr_par' dir='ltr' id='par_1_46' title="bbox 1931 1285 3036 1358">
     <span class='ocr_line' id='line_1_46' title="bbox 1931 1285 3036 1358; baseline 0 -18"><span class='ocrx_word' id='word_1_314' title='bbox 1931 1285 2144 1341; x_wconf 88' lang='lat' dir='ltr'><strong>durare</strong></span> <span class='ocrx_word' id='word_1_315' title='bbox 2175 1302 2310 1341; x_wconf 90' lang='lat' dir='ltr'><strong>cum</strong></span> <span class='ocrx_word' id='word_1_316' title='bbox 2339 1285 2719 1358; x_wconf 85' lang='lat' dir='ltr'><strong>stipulatione</strong></span> <span class='ocrx_word' id='word_1_317' title='bbox 2751 1285 3036 1342; x_wconf 65' lang='lat' dir='ltr'><strong>subnixa.‘</strong></span> 
     </span>
    </p>
   </div>
   <div class='ocr_carea' id='block_1_47' title="bbox 2002 1373 3580 1448">
    <p class='ocr_par' dir='ltr' id='par_1_47' title="bbox 2002 1373 3580 1448">
     <span class='ocr_line' id='line_1_47' title="bbox 2002 1373 3580 1448; baseline -0.003 -19"><span class='ocrx_word' id='word_1_318' title='bbox 2002 1376 2208 1430; x_wconf 90' lang='lat' dir='ltr'><strong>Actum</strong></span> <span class='ocrx_word' id='word_1_319' title='bbox 2228 1375 2285 1429; x_wconf 91' lang='lat' dir='ltr'><strong>in</strong></span> <span class='ocrx_word' id='word_1_320' title='bbox 2319 1375 2446 1448; x_wconf 90' lang='lat' dir='ltr'><strong>ipso</strong></span> <span class='ocrx_word' id='word_1_321' title='bbox 2471 1374 2847 1443; x_wconf 87' lang='lat' dir='ltr'><strong>monasterio,</strong></span> <span class='ocrx_word' id='word_1_322' title='bbox 2868 1375 2977 1430; x_wconf 92' lang='lat' dir='ltr'><strong>sub</strong></span> <span class='ocrx_word' id='word_1_323' title='bbox 3002 1373 3293 1446; x_wconf 89' lang='lat' dir='ltr'><strong>presentia</strong></span> <span class='ocrx_word' id='word_1_324' title='bbox 3314 1373 3580 1429; x_wconf 86' lang='lat' dir='ltr'><strong>fratrum.</strong></span> 
     </span>
    </p>
   </div>
   <div class='ocr_carea' id='block_1_48' title="bbox 1933 1462 3587 1536">
    <p class='ocr_par' dir='ltr' id='par_1_48' title="bbox 1933 1462 3587 1536">
     <span class='ocr_line' id='line_1_48' title="bbox 1933 1462 3587 1536; baseline -0.002 -16"><span class='ocrx_word' id='word_1_325' title='bbox 1933 1463 2052 1536; x_wconf 86' lang='lat' dir='ltr'><strong>Sig.</strong></span> <span class='ocrx_word' id='word_1_326' title='bbox 2087 1463 2274 1536; x_wconf 89' lang='lat' dir='ltr'><strong>ipsius</strong></span> <span class='ocrx_word' id='word_1_327' title='bbox 2297 1464 2546 1533; x_wconf 89' lang='lat' dir='ltr'><strong>abbatis,</strong></span> <span class='ocrx_word' id='word_1_328' title='bbox 2580 1465 2679 1536; x_wconf 89' lang='lat' dir='ltr'><strong>qui</strong></span> <span class='ocrx_word' id='word_1_329' title='bbox 2701 1465 2849 1520; x_wconf 89' lang='lat' dir='ltr'><strong>hanc</strong></span> <span class='ocrx_word' id='word_1_330' title='bbox 2879 1463 3202 1536; x_wconf 88' lang='lat' dir='ltr'><strong>precariam</strong></span> <span class='ocrx_word' id='word_1_331' title='bbox 3233 1462 3358 1519; x_wconf 86' lang='lat' dir='ltr'><strong>ﬁeri</strong></span> <span class='ocrx_word' id='word_1_332' title='bbox 3389 1463 3587 1517; x_wconf 89' lang='lat' dir='ltr'><strong>decre-</strong></span> 
     </span>
    </p>
   </div>
   <div class='ocr_carea' id='block_1_49' title="bbox 1930 1551 3120 1626">
    <p class='ocr_par' dir='ltr' id='par_1_49' title="bbox 1930 1551 3120 1626">
     <span class='ocr_line' id='line_1_49' title="bbox 1930 1551 3120 1626; baseline -0.002 -18"><span class='ocrx_word' id='word_1_333' title='bbox 1930 1553 2032 1608; x_wconf 91' lang='lat' dir='ltr'><strong>vit.</strong></span> <span class='ocrx_word' id='word_1_334' title='bbox 2061 1553 2180 1625; x_wconf 86' lang='lat' dir='ltr'><strong>Sig.</strong></span> <span class='ocrx_word' id='word_1_335' title='bbox 2206 1553 2454 1608; x_wconf 81' lang='lat' dir='ltr'><strong>fratrum</strong></span> <span class='ocrx_word' id='word_1_336' title='bbox 2480 1558 2704 1626; x_wconf 86' lang='lat' dir='ltr'><strong>septem</strong></span> <span class='ocrx_word' id='word_1_337' title='bbox 2728 1553 2816 1609; x_wconf 90' lang='lat' dir='ltr'><strong>vel</strong></span> <span class='ocrx_word' id='word_1_338' title='bbox 2845 1551 3120 1625; x_wconf 87' lang='lat' dir='ltr'><strong>amplius.</strong></span> 
     </span>
    </p>
   </div>
   <div class='ocr_carea' id='block_1_50' title="bbox 2598 1660 2924 1732">
    <p class='ocr_par' dir='ltr' id='par_1_50' title="bbox 2598 1660 2924 1732">
     <span class='ocr_line' id='line_1_50' title="bbox 2598 1660 2924 1732; baseline -0.003 -17"><span class='ocrx_word' id='word_1_339' title='bbox 2598 1660 2924 1732; x_wconf 43' lang='lat' dir='ltr'><strong>x1n&lt;330y</strong></span> 
     </span>
    </p>
   </div>
   <div class='ocr_carea' id='block_1_51' title="bbox 2012 1747 3588 1805">
    <p class='ocr_par' dir='ltr' id='par_1_51' title="bbox 2012 1747 3588 1805">
     <span class='ocr_line' id='line_1_51' title="bbox 2012 1747 3588 1805; baseline -0.003 -1"><span class='ocrx_word' id='word_1_340' title='bbox 2012 1750 2120 1805; x_wconf 89' lang='lat' dir='ltr'><strong>Les</strong></span> <span class='ocrx_word' id='word_1_341' title='bbox 2152 1749 2383 1804; x_wconf 84' lang='lat' dir='ltr'><strong>chartas</strong></span> <span class='ocrx_word' id='word_1_342' title='bbox 2414 1756 2466 1804; x_wconf 81' lang='lat' dir='ltr'><strong>et</strong></span> <span class='ocrx_word' id='word_1_343' title='bbox 2517 1749 2600 1805; x_wconf 89' lang='lat' dir='ltr'><strong>les</strong></span> <span class='ocrx_word' id='word_1_344' title='bbox 2649 1750 2932 1805; x_wconf 88' lang='lat' dir='ltr'><strong>formulas</strong></span> <span class='ocrx_word' id='word_1_345' title='bbox 2981 1747 3588 1805; x_wconf 84' lang='lat' dir='ltr'><strong>d’affranchissement</strong></span> 
     </span>
    </p>
   </div>
   <div class='ocr_carea' id='block_1_52' title="bbox 1934 1819 3588 1893">
    <p class='ocr_par' dir='ltr' id='par_1_52' title="bbox 1934 1819 3588 1893">
     <span class='ocr_line' id='line_1_52' title="bbox 1934 1819 3588 1893; baseline -0.002 -17"><span class='ocrx_word' id='word_1_346' title='bbox 1934 1825 2069 1876; x_wconf 92' lang='lat' dir='ltr'><strong>sont</strong></span> <span class='ocrx_word' id='word_1_347' title='bbox 2099 1820 2425 1893; x_wconf 87' lang='lat' dir='ltr'><strong>égalamant</strong></span> <span class='ocrx_word' id='word_1_348' title='bbox 2446 1837 2810 1888; x_wconf 89' lang='lat' dir='ltr'><strong>communes,</strong></span> <span class='ocrx_word' id='word_1_349' title='bbox 2843 1827 2900 1876; x_wconf 90' lang='lat' dir='ltr'><strong>et</strong></span> <span class='ocrx_word' id='word_1_350' title='bbox 2922 1825 3070 1877; x_wconf 88' lang='lat' dir='ltr'><strong>cette</strong></span> <span class='ocrx_word' id='word_1_351' title='bbox 3101 1819 3443 1893; x_wconf 24' lang='lat' dir='ltr'><strong>matiere‘ne</strong></span> <span class='ocrx_word' id='word_1_352' title='bbox 3462 1820 3588 1893; x_wconf 70' lang='lat' dir='ltr'><strong>pre-</strong></span> 
     </span>
    </p>
   </div>
   <div class='ocr_carea' id='block_1_53' title="bbox 1938 1889 3589 1964">
    <p class='ocr_par' dir='ltr' id='par_1_53' title="bbox 1938 1889 3589 1964">
     <span class='ocr_line' id='line_1_53' title="bbox 1938 1889 3589 1964; baseline -0.002 -17"><span class='ocrx_word' id='word_1_353' title='bbox 1938 1896 2118 1964; x_wconf 88' lang='lat' dir='ltr'><strong>sente,</strong></span> <span class='ocrx_word' id='word_1_354' title='bbox 2136 1889 2290 1964; x_wconf 73' lang='lat' dir='ltr'><strong>pour</strong></span> <span class='ocrx_word' id='word_1_355' title='bbox 2305 1892 2455 1947; x_wconf 89' lang='lat' dir='ltr'><strong>ainsi</strong></span> <span class='ocrx_word' id='word_1_356' title='bbox 2486 1893 2628 1959; x_wconf 87' lang='lat' dir='ltr'><strong>dire,</strong></span> <span class='ocrx_word' id='word_1_357' title='bbox 2649 1909 2876 1949; x_wconf 89' lang='lat' dir='ltr'><strong>aucune</strong></span> <span class='ocrx_word' id='word_1_358' title='bbox 2898 1891 3210 1949; x_wconf 87' lang='lat' dir='ltr'><strong>obscurité.</strong></span> <span class='ocrx_word' id='word_1_359' title='bbox 3241 1892 3320 1946; x_wconf 90' lang='lat' dir='ltr'><strong>La</strong></span> <span class='ocrx_word' id='word_1_360' title='bbox 3341 1889 3589 1964; x_wconf 83' lang='lat' dir='ltr'><strong>formula</strong></span> 
     </span>
    </p>
   </div>
   <div class='ocr_carea' id='block_1_54' title="bbox 1938 1961 3588 2052">
    <p class='ocr_par' dir='ltr' id='par_1_54' title="bbox 1938 1961 3588 2052">
     <span class='ocr_line' id='line_1_54' title="bbox 1938 1961 3588 2052; baseline -0.001 -34"><span class='ocrx_word' id='word_1_361' title='bbox 1938 1963 2038 2036; x_wconf 91' lang='lat' dir='ltr'><strong>qui</strong></span> <span class='ocrx_word' id='word_1_362' title='bbox 2060 1961 2178 2052; x_wconf 54' lang='lat' dir='ltr'><strong>sui}</strong></span> <span class='ocrx_word' id='word_1_363' title='bbox 2194 1963 2450 2052; x_wconf 54' lang='lat' dir='ltr'><strong>n’ajoute</strong></span> <span class='ocrx_word' id='word_1_364' title='bbox 2469 1965 2620 2052; x_wconf 75' lang='grc' dir='ltr'><strong>ἀρηο</strong></span> <span class='ocrx_word' id='word_1_365' title='bbox 2637 1965 2760 2052; x_wconf 78' lang='lat' dir='ltr'><strong>rien</strong></span> <span class='ocrx_word' id='word_1_366' title='bbox 2784 1982 2899 2020; x_wconf 81' lang='lat' dir='ltr'><strong>aux</strong></span> <span class='ocrx_word' id='word_1_367' title='bbox 2919 1964 3370 2052; x_wconf 62' lang='lat' dir='ltr'><strong>connaissanoes</strong></span> <span class='ocrx_word' id='word_1_368' title='bbox 3392 1961 3588 2052; x_wconf 59' lang='lat' dir='ltr'><strong>acqui-</strong></span> 
     </span>
    </p>
   </div>
   <div class='ocr_carea' id='block_1_55' title="bbox 1938 2033 3586 2102">
    <p class='ocr_par' dir='ltr' id='par_1_55' title="bbox 1938 2033 3586 2102">
     <span class='ocr_line' id='line_1_55' title="bbox 1938 2033 3586 2102; baseline -0.002 -12"><span class='ocrx_word' id='word_1_369' title='bbox 1938 2033 2061 2102; x_wconf 76' lang='lat' dir='ltr'><strong>ses;</strong></span> <span class='ocrx_word' id='word_1_370' title='bbox 2090 2035 2199 2090; x_wconf 89' lang='lat' dir='ltr'><strong>elle</strong></span> <span class='ocrx_word' id='word_1_371' title='bbox 2229 2033 2368 2090; x_wconf 77' lang='lat' dir='ltr'><strong>oti&#39;re</strong></span> <span class='ocrx_word' id='word_1_372' title='bbox 2397 2035 2723 2091; x_wconf 91' lang='lat' dir='ltr'><strong>seulement</strong></span> <span class='ocrx_word' id='word_1_373' title='bbox 2753 2054 2833 2091; x_wconf 90' lang='lat' dir='ltr'><strong>un</strong></span> <span class='ocrx_word' id='word_1_374' title='bbox 2876 2052 3139 2092; x_wconf 91' lang='lat' dir='ltr'><strong>nouveau</strong></span> <span class='ocrx_word' id='word_1_375' title='bbox 3183 2033 3409 2091; x_wconf 79' lang='lat' dir='ltr'><strong>modele</strong></span> <span class='ocrx_word' id='word_1_376' title='bbox 3444 2033 3586 2089; x_wconf 88' lang='lat' dir='ltr'><strong>d&#39;af—</strong></span> 
     </span>
    </p>
   </div>
   <div class='ocr_carea' id='block_1_56' title="bbox 1938 2107 2923 2180">
    <p class='ocr_par' dir='ltr' id='par_1_56' title="bbox 1938 2107 2923 2180">
     <span class='ocr_line' id='line_1_56' title="bbox 1938 2107 2923 2180; baseline 0.003 -19"><span class='ocrx_word' id='word_1_377' title='bbox 1938 2107 2428 2163; x_wconf 88' lang='lat' dir='ltr'><strong>franchissement</strong></span> <span class='ocrx_word' id='word_1_378' title='bbox 2457 2124 2562 2179; x_wconf 90' lang='lat' dir='ltr'><strong>par</strong></span> <span class='ocrx_word' id='word_1_379' title='bbox 2589 2111 2714 2162; x_wconf 90' lang='lat' dir='ltr'><strong>acte</strong></span> <span class='ocrx_word' id='word_1_380' title='bbox 2744 2107 2923 2180; x_wconf 76' lang='lat' dir='ltr'><strong>priva.</strong></span> 
     </span>
    </p>
   </div>
   <div class='ocr_carea' id='block_1_57' title="bbox 2584 2229 2944 2286">
    <p class='ocr_par' dir='ltr' id='par_1_57' title="bbox 2584 2229 2944 2286">
     <span class='ocr_line' id='line_1_57' title="bbox 2584 2229 2944 2286; baseline 0 -18"><span class='ocrx_word' id='word_1_381' title='bbox 2584 2229 2944 2286; x_wconf 69' lang='lat' dir='ltr'><strong>INGENUITAB.</strong></span> 
     </span>
    </p>
   </div>
   <div class='ocr_carea' id='block_1_58' title="bbox 2008 2319 3589 2392">
    <p class='ocr_par' dir='ltr' id='par_1_58' title="bbox 2008 2319 3589 2392">
     <span class='ocr_line' id='line_1_58' title="bbox 2008 2319 3589 2392; baseline 0 -18"><span class='ocrx_word' id='word_1_382' title='bbox 2008 2320 2147 2392; x_wconf 86' lang='lat' dir='ltr'><strong>Ego,</strong></span> <span class='ocrx_word' id='word_1_383' title='bbox 2174 2319 2232 2374; x_wconf 93' lang='lat' dir='ltr'><strong>in</strong></span> <span class='ocrx_word' id='word_1_384' title='bbox 2268 2320 2364 2375; x_wconf 90' lang='lat' dir='ltr'><strong>Dei</strong></span> <span class='ocrx_word' id='word_1_385' title='bbox 2394 2321 2649 2376; x_wconf 91' lang='lat' dir='ltr'><strong>nomine.</strong></span> <span class='ocrx_word' id='word_1_386' title='bbox 2674 2319 3014 2392; x_wconf 88' lang='lat' dir='ltr'><strong>Conplacuit</strong></span> <span class='ocrx_word' id='word_1_387' title='bbox 3036 2319 3180 2376; x_wconf 91' lang='lat' dir='ltr'><strong>mihi</strong></span> <span class='ocrx_word' id='word_1_388' title='bbox 3225 2320 3284 2376; x_wconf 90' lang='lat' dir='ltr'><strong>in</strong></span> <span class='ocrx_word' id='word_1_389' title='bbox 3303 2320 3500 2376; x_wconf 88' lang='lat' dir='ltr'><strong>animo</strong></span> <span class='ocrx_word' id='word_1_390' title='bbox 3521 2323 3589 2375; x_wconf 90' lang='lat' dir='ltr'><strong>ut</strong></span> 
     </span>
    </p>
   </div>
   <div class='ocr_carea' id='block_1_59' title="bbox 1938 2408 3586 2480">
    <p class='ocr_par' dir='ltr' id='par_1_59' title="bbox 1938 2408 3586 2480">
     <span class='ocr_line' id='line_1_59' title="bbox 1938 2408 3586 2480; baseline 0.002 -18"><span class='ocrx_word' id='word_1_391' title='bbox 1938 2408 2317 2464; x_wconf 85' lang='lat' dir='ltr'><strong>vernaculum</strong></span> <span class='ocrx_word' id='word_1_392' title='bbox 2342 2409 2498 2480; x_wconf 90' lang='lat' dir='ltr'><strong>juris</strong></span> <span class='ocrx_word' id='word_1_393' title='bbox 2519 2409 2656 2476; x_wconf 90' lang='lat' dir='ltr'><strong>mei,</strong></span> <span class='ocrx_word' id='word_1_394' title='bbox 2691 2409 2927 2465; x_wconf 89' lang='lat' dir='ltr'><strong>nomine</strong></span> <span class='ocrx_word' id='word_1_395' title='bbox 2950 2409 3142 2477; x_wconf 92' lang='lat' dir='ltr'><strong>illum,</strong></span> <span class='ocrx_word' id='word_1_396' title='bbox 3176 2411 3248 2466; x_wconf 92' lang='lat' dir='ltr'><strong>ad</strong></span> <span class='ocrx_word' id='word_1_397' title='bbox 3279 2409 3586 2466; x_wconf 88' lang='lat' dir='ltr'><strong>ecclesiam</strong></span> 
     </span>
    </p>
   </div>
   <div class='ocr_carea' id='block_1_60' title="bbox 1940 2496 3591 2572">
    <p class='ocr_par' dir='ltr' id='par_1_60' title="bbox 1940 2496 3591 2572">
     <span class='ocr_line' id='line_1_60' title="bbox 1940 2496 3591 2572; baseline 0.002 -20"><span class='ocrx_word' id='word_1_398' title='bbox 1940 2497 2126 2552; x_wconf 85' lang='lat' dir='ltr'><strong>sancti</strong></span> <span class='ocrx_word' id='word_1_399' title='bbox 2153 2496 2312 2553; x_wconf 89' lang='lat' dir='ltr'><strong>illius</strong></span> <span class='ocrx_word' id='word_1_400' title='bbox 2334 2499 2502 2569; x_wconf 87' lang='lat'>(131),</span> <span class='ocrx_word' id='word_1_401' title='bbox 2537 2499 2693 2569; x_wconf 92' lang='lat' dir='ltr'><strong>quod</strong></span> <span class='ocrx_word' id='word_1_402' title='bbox 2725 2503 2814 2554; x_wconf 88' lang='lat' dir='ltr'><strong>est</strong></span> <span class='ocrx_word' id='word_1_403' title='bbox 2833 2501 3164 2555; x_wconf 90' lang='lat' dir='ltr'><strong>constructa</strong></span> <span class='ocrx_word' id='word_1_404' title='bbox 3183 2499 3243 2554; x_wconf 91' lang='lat' dir='ltr'><strong>in</strong></span> <span class='ocrx_word' id='word_1_405' title='bbox 3273 2498 3412 2555; x_wconf 90' lang='lat' dir='ltr'><strong>villa</strong></span> <span class='ocrx_word' id='word_1_406' title='bbox 3435 2500 3591 2572; x_wconf 89' lang='lat' dir='ltr'><strong>quod</strong></span> 
     </span>
    </p>
   </div>
   <div class='ocr_carea' id='block_1_61' title="bbox 1941 2585 3590 2660">
    <p class='ocr_par' dir='ltr' id='par_1_61' title="bbox 1941 2585 3590 2660">
     <span class='ocr_line' id='line_1_61' title="bbox 1941 2585 3590 2660; baseline 0.002 -19"><span class='ocrx_word' id='word_1_407' title='bbox 1941 2586 2156 2641; x_wconf 90' lang='lat' dir='ltr'><strong>dicitur</strong></span> <span class='ocrx_word' id='word_1_408' title='bbox 2202 2585 2321 2654; x_wconf 90' lang='lat' dir='ltr'><strong>illa,</strong></span> <span class='ocrx_word' id='word_1_409' title='bbox 2355 2587 2414 2640; x_wconf 89' lang='lat' dir='ltr'><strong>in</strong></span> <span class='ocrx_word' id='word_1_410' title='bbox 2445 2604 2595 2660; x_wconf 85' lang='lat' dir='ltr'><strong>pago</strong></span> <span class='ocrx_word' id='word_1_411' title='bbox 2640 2591 3016 2659; x_wconf 89' lang='lat' dir='ltr'><strong>nuncupante</strong></span> <span class='ocrx_word' id='word_1_412' title='bbox 3041 2588 3211 2658; x_wconf 90' lang='lat' dir='ltr'><strong>cujus</strong></span> <span class='ocrx_word' id='word_1_413' title='bbox 3238 2587 3590 2644; x_wconf 88' lang='lat' dir='ltr'><strong>vocabulum</strong></span> 
     </span>
    </p>
   </div>
   <div class='ocr_carea' id='block_1_62' title="bbox 1939 2674 3592 2749">
    <p class='ocr_par' dir='ltr' id='par_1_62' title="bbox 1939 2674 3592 2749">
     <span class='ocr_line' id='line_1_62' title="bbox 1939 2674 3592 2749; baseline 0.002 -19"><span class='ocrx_word' id='word_1_414' title='bbox 1939 2679 2030 2730; x_wconf 90' lang='lat' dir='ltr'><strong>est</strong></span> <span class='ocrx_word' id='word_1_415' title='bbox 2064 2674 2230 2742; x_wconf 90' lang='lat' dir='ltr'><strong>illud,</strong></span> <span class='ocrx_word' id='word_1_416' title='bbox 2272 2675 2590 2748; x_wconf 90' lang='lat' dir='ltr'><strong>ingenuam</strong></span> <span class='ocrx_word' id='word_1_417' title='bbox 2621 2674 2942 2731; x_wconf 81' lang='lat' dir='ltr'><strong>relaxarem</strong></span> <span class='ocrx_word' id='word_1_418' title='bbox 2973 2693 3076 2749; x_wconf 92' lang='lat' dir='ltr'><strong>pro</strong></span> <span class='ocrx_word' id='word_1_419' title='bbox 3103 2676 3358 2734; x_wconf 89' lang='lat' dir='ltr'><strong>remedio</strong></span> <span class='ocrx_word' id='word_1_420' title='bbox 3383 2677 3592 2733; x_wconf 73' lang='lat' dir='ltr'><strong>animae</strong></span> 
     </span>
    </p>
   </div>
   <div class='ocr_carea' id='block_1_63' title="bbox 1943 2764 3590 2838">
    <p class='ocr_par' dir='ltr' id='par_1_63' title="bbox 1943 2764 3590 2838">
     <span class='ocr_line' id='line_1_63' title="bbox 1943 2764 3590 2838; baseline 0.002 -19"><span class='ocrx_word' id='word_1_421' title='bbox 1943 2780 2083 2820; x_wconf 67' lang='lat' dir='ltr'><strong>meae</strong></span> <span class='ocrx_word' id='word_1_422' title='bbox 2104 2764 2189 2819; x_wconf 86' lang='lat' dir='ltr'><strong>vel</strong></span> <span class='ocrx_word' id='word_1_423' title='bbox 2204 2782 2306 2836; x_wconf 88' lang='lat' dir='ltr'><strong>pro</strong></span> <span class='ocrx_word' id='word_1_424' title='bbox 2323 2768 2537 2819; x_wconf 69' lang='lat' dir='ltr'><strong>aeterna</strong></span> <span class='ocrx_word' id='word_1_425' title='bbox 2549 2764 2950 2833; x_wconf 86' lang='lat' dir='ltr'><strong>retributione,</strong></span> <span class='ocrx_word' id='word_1_426' title='bbox 2965 2766 3120 2838; x_wconf 89' lang='lat' dir='ltr'><strong>quod</strong></span> <span class='ocrx_word' id='word_1_427' title='bbox 3138 2766 3219 2821; x_wconf 89' lang='lat' dir='ltr'><strong>ita</strong></span> <span class='ocrx_word' id='word_1_428' title='bbox 3231 2770 3287 2822; x_wconf 91' lang='lat' dir='ltr'><strong>et</strong></span> <span class='ocrx_word' id='word_1_429' title='bbox 3298 2766 3406 2822; x_wconf 88' lang='lat' dir='ltr'><strong>feci</strong></span> <span class='ocrx_word' id='word_1_430' title='bbox 3419 2767 3590 2838; x_wconf 89' lang='lat'>(132);</span> 
     </span>
    </p>
   </div>
   <div class='ocr_carea' id='block_1_64' title="bbox 1944 2852 3627 2928">
    <p class='ocr_par' dir='ltr' id='par_1_64' title="bbox 1944 2852 3627 2928">
     <span class='ocr_line' id='line_1_64' title="bbox 1944 2852 3627 2928; baseline 0.003 -21"><span class='ocrx_word' id='word_1_431' title='bbox 1944 2853 2004 2908; x_wconf 92' lang='lat' dir='ltr'><strong>in</strong></span> <span class='ocrx_word' id='word_1_432' title='bbox 2034 2870 2103 2909; x_wconf 87' lang='lat' dir='ltr'><strong>ea</strong></span> <span class='ocrx_word' id='word_1_433' title='bbox 2152 2852 2442 2925; x_wconf 26' lang='lat' dir='ltr'><strong>videlicet.</strong></span> <span class='ocrx_word' id='word_1_434' title='bbox 2478 2854 2701 2910; x_wconf 88' lang='lat' dir='ltr'><strong>ratione</strong></span> <span class='ocrx_word' id='word_1_435' title='bbox 2751 2859 2835 2923; x_wconf 90' lang='lat' dir='ltr'><strong>ut,</strong></span> <span class='ocrx_word' id='word_1_436' title='bbox 2871 2855 3152 2927; x_wconf 88' lang='lat' dir='ltr'><strong>quamdiu</strong></span> <span class='ocrx_word' id='word_1_437' title='bbox 3204 2854 3437 2923; x_wconf 89' lang='lat' dir='ltr'><strong>vixeris,</strong></span> <span class='ocrx_word' id='word_1_438' title='bbox 3471 2857 3590 2928; x_wconf 88' lang='lat' dir='ltr'><strong>a[d]</strong></span> <span class='ocrx_word' id='word_1_439' title='bbox 3623 2877 3627 2880; x_wconf 66' lang='grc'><strong>’</strong></span> 
     </span>
    </p>
   </div>
   <div class='ocr_carea' id='block_1_65' title="bbox 1947 2941 3594 3014">
    <p class='ocr_par' dir='ltr' id='par_1_65' title="bbox 1947 2941 3594 3014">
     <span class='ocr_line' id='line_1_65' title="bbox 1947 2941 3594 3014; baseline 0.004 -18"><span class='ocrx_word' id='word_1_440' title='bbox 1947 2943 2226 3014; x_wconf 84' lang='lat' dir='ltr'><strong>prefatam</strong></span> <span class='ocrx_word' id='word_1_441' title='bbox 2275 2941 2597 2999; x_wconf 71' lang='lat' dir='ltr'><strong>mcclesiam</strong></span> <span class='ocrx_word' id='word_1_442' title='bbox 2651 2944 2708 2998; x_wconf 91' lang='lat' dir='ltr'><strong>in</strong></span> <span class='ocrx_word' id='word_1_443' title='bbox 2741 2960 2872 2998; x_wconf 90' lang='lat' dir='ltr'><strong>cera</strong></span> <span class='ocrx_word' id='word_1_444' title='bbox 2913 2944 3189 3001; x_wconf 87' lang='lat' dir='ltr'><strong>tramissa</strong></span> <span class='ocrx_word' id='word_1_445' title='bbox 3216 2945 3442 3002; x_wconf 84' lang='lat' dir='ltr'><strong>valente</strong></span> <span class='ocrx_word' id='word_1_446' title='bbox 3472 2946 3594 3002; x_wconf 88' lang='lat' dir='ltr'><strong>sive</strong></span> 
     </span>
    </p>
   </div>
   <div class='ocr_carea' id='block_1_66' title="bbox 1947 3030 3596 3103">
    <p class='ocr_par' dir='ltr' id='par_1_66' title="bbox 1947 3030 3596 3103">
     <span class='ocr_line' id='line_1_66' title="bbox 1947 3030 3596 3103; baseline 0.002 -17"><span class='ocrx_word' id='word_1_447' title='bbox 1947 3031 2230 3103; x_wconf 85' lang='lat' dir='ltr'><strong>[ar]gento</strong></span> <span class='ocrx_word' id='word_1_448' title='bbox 2281 3030 2366 3086; x_wconf 91' lang='lat' dir='ltr'><strong>vel</strong></span> <span class='ocrx_word' id='word_1_449' title='bbox 2416 3031 2473 3085; x_wconf 93' lang='lat' dir='ltr'><strong>in</strong></span> <span class='ocrx_word' id='word_1_450' title='bbox 2507 3030 2622 3086; x_wconf 91' lang='lat' dir='ltr'><strong>alia</strong></span> <span class='ocrx_word' id='word_1_451' title='bbox 2669 3031 2930 3103; x_wconf 90' lang='lat' dir='ltr'><strong>qualibet</strong></span> <span class='ocrx_word' id='word_1_452' title='bbox 2958 3033 3239 3103; x_wconf 88' lang='lat' dir='ltr'><strong>peccunia</strong></span> <span class='ocrx_word' id='word_1_453' title='bbox 3279 3033 3450 3089; x_wconf 89' lang='lat' dir='ltr'><strong>annis</strong></span> <span class='ocrx_word' id='word_1_454' title='bbox 3481 3034 3596 3090; x_wconf 90' lang='lat' dir='ltr'><strong>sin-</strong></span> 
     </span>
    </p>
   </div>
   <div class='ocr_carea' id='block_1_67' title="bbox 1946 3119 3598 3194">
    <p class='ocr_par' dir='ltr' id='par_1_67' title="bbox 1946 3119 3598 3194">
     <span class='ocr_line' id='line_1_67' title="bbox 1946 3119 3598 3194; baseline 0.002 -19"><span class='ocrx_word' id='word_1_455' title='bbox 1946 3119 2125 3192; x_wconf 88' lang='lat' dir='ltr'><strong>gul[is</strong></span> <span class='ocrx_word' id='word_1_456' title='bbox 2173 3119 2513 3191; x_wconf 91' lang='lat' dir='ltr'><strong>pro]solvas,</strong></span> <span class='ocrx_word' id='word_1_457' title='bbox 2570 3119 2954 3191; x_wconf 90' lang='lat' dir='ltr'><strong>similiterque</strong></span> <span class='ocrx_word' id='word_1_458' title='bbox 2997 3121 3117 3175; x_wconf 93' lang='lat' dir='ltr'><strong>nati</strong></span> <span class='ocrx_word' id='word_1_459' title='bbox 3147 3121 3255 3188; x_wconf 92' lang='lat' dir='ltr'><strong>tui,</strong></span> <span class='ocrx_word' id='word_1_460' title='bbox 3290 3122 3389 3194; x_wconf 88' lang='lat' dir='ltr'><strong>qui</strong></span> <span class='ocrx_word' id='word_1_461' title='bbox 3442 3139 3509 3178; x_wconf 87' lang='lat' dir='ltr'><strong>ex</strong></span> <span class='ocrx_word' id='word_1_462' title='bbox 3541 3127 3598 3179; x_wconf 91' lang='lat' dir='ltr'><strong>te</strong></span> 
     </span>
    </p>
   </div>
   <div class='ocr_carea' id='block_1_68' title="bbox 249 3205 3598 3298">
    <p class='ocr_par' dir='ltr' id='par_1_68' title="bbox 249 3205 3598 3298">
     <span class='ocr_line' id='line_1_68' title="bbox 249 3205 3598 3298; baseline 0.001 -36"><span class='ocrx_word' id='word_1_463' title='bbox 249 3205 498 3262; x_wconf 90' lang='lat' dir='ltr'><strong>Domino</strong></span> <span class='ocrx_word' id='word_1_464' title='bbox 515 3206 847 3262; x_wconf 84' lang='lat' dir='ltr'><strong>venerabile</strong></span> <span class='ocrx_word' id='word_1_465' title='bbox 878 3211 935 3262; x_wconf 89' lang='lat' dir='ltr'><strong>at</strong></span> <span class='ocrx_word' id='word_1_466' title='bbox 960 3207 1021 3262; x_wconf 91' lang='lat' dir='ltr'><strong>in</strong></span> <span class='ocrx_word' id='word_1_467' title='bbox 1039 3207 1271 3264; x_wconf 88' lang='lat' dir='ltr'><strong>Christo</strong></span> <span class='ocrx_word' id='word_1_468' title='bbox 1293 3213 1456 3281; x_wconf 88' lang='lat' dir='ltr'><strong>patre</strong></span> <span class='ocrx_word' id='word_1_469' title='bbox 1477 3209 1686 3265; x_wconf 89' lang='lat' dir='ltr'><strong>abbate</strong></span> <span class='ocrx_word' id='word_1_470' title='bbox 1719 3227 1837 3265; x_wconf 91' lang='lat' dir='ltr'><strong>mo-</strong></span> <span class='ocrx_word' id='word_1_471' title='bbox 1870 3232 1912 3298; x_wconf 67' lang='grc' dir='ltr'><strong>ρ</strong></span> <span class='ocrx_word' id='word_1_472' title='bbox 1950 3207 2072 3264; x_wconf 89' lang='lat' dir='ltr'><strong>nati</strong></span> <span class='ocrx_word' id='word_1_473' title='bbox 2103 3212 2243 3263; x_wconf 88' lang='lat' dir='ltr'><strong>sunt</strong></span> <span class='ocrx_word' id='word_1_474' title='bbox 2273 3208 2380 3298; x_wconf 87' lang='lat' dir='ltr'><strong>[vel</strong></span> <span class='ocrx_word' id='word_1_475' title='bbox 2404 3207 3014 3298; x_wconf 79' lang='lat' dir='ltr'><strong>pro]creatifu[erint],</strong></span> <span class='ocrx_word' id='word_1_476' title='bbox 3053 3209 3280 3277; x_wconf 85' lang='lat' dir='ltr'><strong>fatiant,</strong></span> <span class='ocrx_word' id='word_1_477' title='bbox 3330 3210 3469 3266; x_wconf 91' lang='lat' dir='ltr'><strong>etin</strong></span> <span class='ocrx_word' id='word_1_478' title='bbox 3503 3227 3598 3266; x_wconf 90' lang='lat' dir='ltr'><strong>ea-</strong></span> 
     </span>
    </p>
   </div>
   <div class='ocr_carea' id='block_1_69' title="bbox 181 3295 1838 3370">
    <p class='ocr_par' dir='ltr' id='par_1_69' title="bbox 181 3295 1838 3370">
     <span class='ocr_line' id='line_1_69' title="bbox 181 3295 1838 3370; baseline 0.001 -18"><span class='ocrx_word' id='word_1_479' title='bbox 181 3295 425 3352; x_wconf 88' lang='lat' dir='ltr'><strong>nastarii</strong></span> <span class='ocrx_word' id='word_1_480' title='bbox 459 3295 614 3367; x_wconf 89' lang='lat' dir='ltr'><strong>quod</strong></span> <span class='ocrx_word' id='word_1_481' title='bbox 645 3295 1045 3352; x_wconf 83' lang='lat' dir='ltr'><strong>vocaturillud</strong></span> <span class='ocrx_word' id='word_1_482' title='bbox 1067 3297 1234 3368; x_wconf 86' lang='lat'>(128).</span> <span class='ocrx_word' id='word_1_483' title='bbox 1265 3303 1412 3352; x_wconf 89' lang='lat' dir='ltr'><strong>Dum</strong></span> <span class='ocrx_word' id='word_1_484' title='bbox 1437 3300 1838 3370; x_wconf 89' lang='lat' dir='ltr'><strong>constetquod</strong></span> 
     </span>
    </p>
   </div>
   <div class='ocr_carea' id='block_1_70' title="bbox 179 3383 1838 3459">
    <p class='ocr_par' dir='ltr' id='par_1_70' title="bbox 179 3383 1838 3459">
     <span class='ocr_line' id='line_1_70' title="bbox 179 3383 1838 3459; baseline 0.002 -19"><span class='ocrx_word' id='word_1_485' title='bbox 179 3383 280 3441; x_wconf 89' lang='lat' dir='ltr'><strong>ille</strong></span> <span class='ocrx_word' id='word_1_486' title='bbox 311 3384 608 3456; x_wconf 87' lang='lat' dir='ltr'><strong>quondam</strong></span> <span class='ocrx_word' id='word_1_487' title='bbox 627 3385 825 3440; x_wconf 88' lang='lat' dir='ltr'><strong>omnia</strong></span> <span class='ocrx_word' id='word_1_488' title='bbox 846 3402 1232 3457; x_wconf 57' lang='lat' dir='ltr'><strong>quascumque</strong></span> <span class='ocrx_word' id='word_1_489' title='bbox 1263 3387 1321 3440; x_wconf 88' lang='lat' dir='ltr'><strong>in</strong></span> <span class='ocrx_word' id='word_1_490' title='bbox 1352 3385 1452 3442; x_wconf 93' lang='lat' dir='ltr'><strong>illo</strong></span> <span class='ocrx_word' id='word_1_491' title='bbox 1485 3387 1610 3443; x_wconf 91' lang='lat' dir='ltr'><strong>loco</strong></span> <span class='ocrx_word' id='word_1_492' title='bbox 1640 3387 1838 3459; x_wconf 85' lang='lat' dir='ltr'><strong>[habe-</strong></span> 
     </span>
    </p>
   </div>
   <div class='ocr_carea' id='block_1_71' title="bbox 185 3472 1836 3546">
    <p class='ocr_par' dir='ltr' id='par_1_71' title="bbox 185 3472 1836 3546">
     <span class='ocr_line' id='line_1_71' title="bbox 185 3472 1836 3546; baseline 0.001 -16"><span class='ocrx_word' id='word_1_493' title='bbox 185 3474 308 3546; x_wconf 88' lang='lat' dir='ltr'><strong>bat]</strong></span> <span class='ocrx_word' id='word_1_494' title='bbox 336 3472 581 3529; x_wconf 86' lang='lat' dir='ltr'><strong>tradidit</strong></span> <span class='ocrx_word' id='word_1_495' title='bbox 610 3473 680 3529; x_wconf 90' lang='lat' dir='ltr'><strong>ad</strong></span> <span class='ocrx_word' id='word_1_496' title='bbox 705 3473 1130 3530; x_wconf 85' lang='lat' dir='ltr'><strong>monasterium</strong></span> <span class='ocrx_word' id='word_1_497' title='bbox 1154 3476 1311 3546; x_wconf 91' lang='lat' dir='ltr'><strong>quod</strong></span> <span class='ocrx_word' id='word_1_498' title='bbox 1341 3480 1579 3531; x_wconf 88' lang='lat' dir='ltr'><strong>vocatur</strong></span> <span class='ocrx_word' id='word_1_499' title='bbox 1597 3475 1836 3544; x_wconf 90' lang='lat' dir='ltr'><strong>illud,ad</strong></span> 
     </span>
    </p>
   </div>
   <div class='ocr_carea' id='block_1_72' title="bbox 179 3561 1842 3637">
    <p class='ocr_par' dir='ltr' id='par_1_72' title="bbox 179 3561 1842 3637">
     <span class='ocr_line' id='line_1_72' title="bbox 179 3561 1842 3637; baseline 0.001 -19"><span class='ocrx_word' id='word_1_500' title='bbox 179 3561 486 3618; x_wconf 87' lang='lat' dir='ltr'><strong>ecclesiam</strong></span> <span class='ocrx_word' id='word_1_501' title='bbox 510 3561 696 3617; x_wconf 88' lang='lat' dir='ltr'><strong>sancti</strong></span> <span class='ocrx_word' id='word_1_502' title='bbox 730 3561 914 3628; x_wconf 89' lang='lat' dir='ltr'><strong>illius,</strong></span> <span class='ocrx_word' id='word_1_503' title='bbox 947 3567 1002 3618; x_wconf 90' lang='lat' dir='ltr'><strong>et</strong></span> <span class='ocrx_word' id='word_1_504' title='bbox 1023 3562 1226 3636; x_wconf 87' lang='lat' dir='ltr'><strong>petivit</strong></span> <span class='ocrx_word' id='word_1_505' title='bbox 1243 3566 1306 3619; x_wconf 86' lang='lat' dir='ltr'><strong>ut</strong></span> <span class='ocrx_word' id='word_1_506' title='bbox 1339 3563 1442 3618; x_wconf 88' lang='lat' dir='ltr'><strong>ﬁlii</strong></span> <span class='ocrx_word' id='word_1_507' title='bbox 1475 3565 1623 3634; x_wconf 78' lang='lat' dir='ltr'><strong>ejus,</strong></span> <span class='ocrx_word' id='word_1_508' title='bbox 1653 3581 1842 3637; x_wconf 91' lang='lat' dir='ltr'><strong>usque</strong></span> 
     </span>
    </p>
   </div>
   <div class='ocr_carea' id='block_1_73' title="bbox 182 3651 1844 3724">
    <p class='ocr_par' dir='ltr' id='par_1_73' title="bbox 182 3651 1844 3724">
     <span class='ocr_line' id='line_1_73' title="bbox 182 3651 1844 3724; baseline 0.002 -18"><span class='ocrx_word' id='word_1_509' title='bbox 182 3651 258 3706; x_wconf 88' lang='lat' dir='ltr'><strong>ad</strong></span> <span class='ocrx_word' id='word_1_510' title='bbox 290 3651 513 3706; x_wconf 91' lang='lat' dir='ltr'><strong>obitum</strong></span> <span class='ocrx_word' id='word_1_511' title='bbox 545 3667 744 3718; x_wconf 90' lang='lat' dir='ltr'><strong>suum,</strong></span> <span class='ocrx_word' id='word_1_512' title='bbox 781 3655 912 3724; x_wconf 88' lang='lat' dir='ltr'><strong>post</strong></span> <span class='ocrx_word' id='word_1_513' title='bbox 958 3668 1093 3708; x_wconf 90' lang='lat' dir='ltr'><strong>eum</strong></span> <span class='ocrx_word' id='word_1_514' title='bbox 1124 3651 1408 3708; x_wconf 87' lang='lat' dir='ltr'><strong>baberent</strong></span> <span class='ocrx_word' id='word_1_515' title='bbox 1435 3652 1594 3724; x_wconf 89' lang='lat' dir='ltr'><strong>ipsas</strong></span> <span class='ocrx_word' id='word_1_516' title='bbox 1642 3671 1755 3720; x_wconf 89' lang='lat' dir='ltr'><strong>res,</strong></span> <span class='ocrx_word' id='word_1_517' title='bbox 1787 3657 1844 3709; x_wconf 89' lang='lat' dir='ltr'><strong>at</strong></span> 
     </span>
    </p>
   </div>
   <div class='ocr_carea' id='block_1_74' title="bbox 181 3739 1838 3812">
    <p class='ocr_par' dir='ltr' id='par_1_74' title="bbox 181 3739 1838 3812">
     <span class='ocr_line' id='line_1_74' title="bbox 181 3739 1838 3812; baseline 0.001 -17"><span class='ocrx_word' id='word_1_518' title='bbox 181 3755 320 3795; x_wconf 92' lang='lat' dir='ltr'><strong>cum</strong></span> <span class='ocrx_word' id='word_1_519' title='bbox 353 3756 528 3796; x_wconf 90' lang='lat' dir='ltr'><strong>sensu</strong></span> <span class='ocrx_word' id='word_1_520' title='bbox 557 3739 979 3812; x_wconf 84' lang='lat' dir='ltr'><strong>prosolverent,</strong></span> <span class='ocrx_word' id='word_1_521' title='bbox 1013 3740 1069 3794; x_wconf 93' lang='lat' dir='ltr'><strong>id</strong></span> <span class='ocrx_word' id='word_1_522' title='bbox 1103 3744 1190 3795; x_wconf 89' lang='lat' dir='ltr'><strong>est</strong></span> <span class='ocrx_word' id='word_1_523' title='bbox 1218 3744 1450 3796; x_wconf 88' lang='lat' dir='ltr'><strong>tantum</strong></span> <span class='ocrx_word' id='word_1_524' title='bbox 1484 3746 1542 3797; x_wconf 84' lang='lat' dir='ltr'><strong>et</strong></span> <span class='ocrx_word' id='word_1_525' title='bbox 1571 3746 1799 3797; x_wconf 90' lang='lat' dir='ltr'><strong>tantum</strong></span> <span class='ocrx_word' id='word_1_526' title='bbox 1826 3761 1838 3810; x_wconf 92' lang='lat'><strong>;</strong></span> 
     </span>
    </p>
   </div>
   <div class='ocr_carea' id='block_1_75' title="bbox 178 3827 1841 3902">
    <p class='ocr_par' dir='ltr' id='par_1_75' title="bbox 178 3827 1841 3902">
     <span class='ocr_line' id='line_1_75' title="bbox 178 3827 1841 3902; baseline 0.001 -18"><span class='ocrx_word' id='word_1_527' title='bbox 178 3844 338 3884; x_wconf 88' lang='lat' dir='ltr'><strong>nunc</strong></span> <span class='ocrx_word' id='word_1_528' title='bbox 357 3828 673 3900; x_wconf 89' lang='lat' dir='ltr'><strong>postulavit</strong></span> <span class='ocrx_word' id='word_1_529' title='bbox 693 3827 856 3884; x_wconf 89' lang='lat' dir='ltr'><strong>illius</strong></span> <span class='ocrx_word' id='word_1_530' title='bbox 873 3828 1032 3885; x_wconf 88' lang='lat' dir='ltr'><strong>ﬁlius</strong></span> <span class='ocrx_word' id='word_1_531' title='bbox 1057 3828 1152 3885; x_wconf 92' lang='lat' dir='ltr'><strong>ille</strong></span> <span class='ocrx_word' id='word_1_532' title='bbox 1185 3834 1248 3884; x_wconf 91' lang='lat' dir='ltr'><strong>ut</strong></span> <span class='ocrx_word' id='word_1_533' title='bbox 1270 3831 1606 3902; x_wconf 89' lang='lat' dir='ltr'><strong>supradicta</strong></span> <span class='ocrx_word' id='word_1_534' title='bbox 1636 3848 1726 3886; x_wconf 90' lang='lat' dir='ltr'><strong>res</strong></span> <span class='ocrx_word' id='word_1_535' title='bbox 1753 3831 1841 3886; x_wconf 91' lang='lat' dir='ltr'><strong>in-</strong></span> 
     </span>
    </p>
   </div>
   <div class='ocr_carea' id='block_1_76' title="bbox 178 3917 1843 3992">
    <p class='ocr_par' dir='ltr' id='par_1_76' title="bbox 178 3917 1843 3992">
     <span class='ocr_line' id='line_1_76' title="bbox 178 3917 1843 3992; baseline 0 -18"><span class='ocrx_word' id='word_1_536' title='bbox 178 3917 445 3974; x_wconf 84' lang='lat' dir='ltr'><strong>fantibus</strong></span> <span class='ocrx_word' id='word_1_537' title='bbox 460 3918 596 3988; x_wconf 86' lang='lat' dir='ltr'><strong>ejus</strong></span> <span class='ocrx_word' id='word_1_538' title='bbox 613 3917 917 3974; x_wconf 90' lang='lat' dir='ltr'><strong>cederetur</strong></span> <span class='ocrx_word' id='word_1_539' title='bbox 928 3923 1062 3991; x_wconf 88' lang='lat' dir='ltr'><strong>post</strong></span> <span class='ocrx_word' id='word_1_540' title='bbox 1075 3919 1264 3992; x_wconf 90' lang='lat' dir='ltr'><strong>ipsius</strong></span> <span class='ocrx_word' id='word_1_541' title='bbox 1285 3917 1345 3973; x_wconf 89' lang='lat' dir='ltr'><strong>ill</strong></span> <span class='ocrx_word' id='word_1_542' title='bbox 1355 3919 1446 3974; x_wconf 91' lang='lat' dir='ltr'><strong>ius</strong></span> <span class='ocrx_word' id='word_1_543' title='bbox 1478 3919 1703 3975; x_wconf 91' lang='lat' dir='ltr'><strong>obitum</strong></span> <span class='ocrx_word' id='word_1_544' title='bbox 1717 3920 1772 3974; x_wconf 91' lang='lat' dir='ltr'><strong>di</strong></span> <span class='ocrx_word' id='word_1_545' title='bbox 1782 3936 1843 3975; x_wconf 91' lang='lat' dir='ltr'><strong>es</strong></span> 
     </span>
    </p>
   </div>
   <div class='ocr_carea' id='block_1_77' title="bbox 179 4004 1845 4078">
    <p class='ocr_par' dir='ltr' id='par_1_77' title="bbox 179 4004 1845 4078">
     <span class='ocr_line' id='line_1_77' title="bbox 179 4004 1845 4078; baseline 0.003 -18"><span class='ocrx_word' id='word_1_546' title='bbox 179 4006 312 4061; x_wconf 68' lang='lat' dir='ltr'><strong>vitae</strong></span> <span class='ocrx_word' id='word_1_547' title='bbox 337 4004 595 4074; x_wconf 90' lang='lat' dir='ltr'><strong>illorum,</strong></span> <span class='ocrx_word' id='word_1_548' title='bbox 619 4007 774 4078; x_wconf 89' lang='lat' dir='ltr'><strong>quod</strong></span> <span class='ocrx_word' id='word_1_549' title='bbox 790 4024 896 4064; x_wconf 89' lang='lat' dir='ltr'><strong>nos</strong></span> <span class='ocrx_word' id='word_1_550' title='bbox 912 4007 991 4063; x_wconf 89' lang='lat' dir='ltr'><strong>ita</strong></span> <span class='ocrx_word' id='word_1_551' title='bbox 1013 4007 1436 4075; x_wconf 89' lang='lat' dir='ltr'><strong>concessimus,</strong></span> <span class='ocrx_word' id='word_1_552' title='bbox 1452 4008 1509 4062; x_wconf 92' lang='lat' dir='ltr'><strong>in</strong></span> <span class='ocrx_word' id='word_1_553' title='bbox 1533 4025 1600 4063; x_wconf 89' lang='lat' dir='ltr'><strong>ea</strong></span> <span class='ocrx_word' id='word_1_554' title='bbox 1622 4009 1845 4065; x_wconf 90' lang='lat' dir='ltr'><strong>ratione</strong></span> 
     </span>
    </p>
   </div>
   <div class='ocr_carea' id='block_1_78' title="bbox 182 4094 1844 4170">
    <p class='ocr_par' dir='ltr' id='par_1_78' title="bbox 182 4094 1844 4170">
     <span class='ocr_line' id='line_1_78' title="bbox 182 4094 1844 4170; baseline 0.002 -20"><span class='ocrx_word' id='word_1_555' title='bbox 182 4099 253 4150; x_wconf 89' lang='lat' dir='ltr'><strong>ut</strong></span> <span class='ocrx_word' id='word_1_556' title='bbox 285 4094 410 4166; x_wconf 89' lang='lat' dir='ltr'><strong>ipse</strong></span> <span class='ocrx_word' id='word_1_557' title='bbox 432 4094 530 4150; x_wconf 91' lang='lat' dir='ltr'><strong>ille</strong></span> <span class='ocrx_word' id='word_1_558' title='bbox 549 4094 744 4167; x_wconf 91' lang='lat' dir='ltr'><strong>ipsum</strong></span> <span class='ocrx_word' id='word_1_559' title='bbox 769 4111 1010 4152; x_wconf 90' lang='lat' dir='ltr'><strong>censum</strong></span> <span class='ocrx_word' id='word_1_560' title='bbox 1042 4096 1212 4152; x_wconf 90' lang='lat' dir='ltr'><strong>annis</strong></span> <span class='ocrx_word' id='word_1_561' title='bbox 1239 4097 1494 4170; x_wconf 85' lang='lat' dir='ltr'><strong>singulis</strong></span> <span class='ocrx_word' id='word_1_562' title='bbox 1522 4097 1692 4153; x_wconf 87' lang='lat' dir='ltr'><strong>istam</strong></span> <span class='ocrx_word' id='word_1_563' title='bbox 1715 4115 1844 4153; x_wconf 90' lang='lat' dir='ltr'><strong>con-</strong></span> 
     </span>
    </p>
   </div>
   <div class='ocr_carea' id='block_1_79' title="bbox 180 4183 1842 4254">
    <p class='ocr_par' dir='ltr' id='par_1_79' title="bbox 180 4183 1842 4254">
     <span class='ocr_line' id='line_1_79' title="bbox 180 4183 1842 4254; baseline 0.001 -15"><span class='ocrx_word' id='word_1_564' title='bbox 180 4183 538 4239; x_wconf 83' lang='lat' dir='ltr'><strong>venientiam</strong></span> <span class='ocrx_word' id='word_1_565' title='bbox 590 4185 874 4254; x_wconf 85' lang='lat' dir='ltr'><strong>majorem</strong></span> <span class='ocrx_word' id='word_1_566' title='bbox 907 4184 1092 4250; x_wconf 88' lang='lat' dir='ltr'><strong>fatiat,</strong></span> <span class='ocrx_word' id='word_1_567' title='bbox 1135 4185 1190 4239; x_wconf 90' lang='lat' dir='ltr'><strong>id</strong></span> <span class='ocrx_word' id='word_1_568' title='bbox 1226 4188 1316 4240; x_wconf 89' lang='lat' dir='ltr'><strong>est</strong></span> <span class='ocrx_word' id='word_1_569' title='bbox 1345 4189 1574 4240; x_wconf 88' lang='lat' dir='ltr'><strong>tantum</strong></span> <span class='ocrx_word' id='word_1_570' title='bbox 1609 4191 1666 4241; x_wconf 86' lang='lat' dir='ltr'><strong>et</strong></span> <span class='ocrx_word' id='word_1_571' title='bbox 1715 4190 1842 4241; x_wconf 89' lang='lat' dir='ltr'><strong>tan-</strong></span> 
     </span>
    </p>
   </div>
   <div class='ocr_carea' id='block_1_80' title="bbox 179 4272 1848 4345">
    <p class='ocr_par' dir='ltr' id='par_1_80' title="bbox 179 4272 1848 4345">
     <span class='ocr_line' id='line_1_80' title="bbox 179 4272 1848 4345; baseline 0.002 -17"><span class='ocrx_word' id='word_1_572' title='bbox 179 4277 336 4339; x_wconf 83' lang='lat' dir='ltr'><strong>tum,</strong></span> <span class='ocrx_word' id='word_1_573' title='bbox 363 4272 679 4345; x_wconf 85' lang='lat' dir='ltr'><strong>friskingas</strong></span> <span class='ocrx_word' id='word_1_574' title='bbox 710 4277 943 4328; x_wconf 90' lang='lat' dir='ltr'><strong>tantum</strong></span> <span class='ocrx_word' id='word_1_575' title='bbox 977 4273 1098 4328; x_wconf 86' lang='lat' dir='ltr'><strong>sive</strong></span> <span class='ocrx_word' id='word_1_576' title='bbox 1126 4289 1289 4329; x_wconf 88' lang='lat' dir='ltr'><strong>escas</strong></span> <span class='ocrx_word' id='word_1_577' title='bbox 1322 4273 1380 4329; x_wconf 90' lang='lat' dir='ltr'><strong>in</strong></span> <span class='ocrx_word' id='word_1_578' title='bbox 1408 4291 1561 4330; x_wconf 88' lang='lat' dir='ltr'><strong>anno</strong></span> <span class='ocrx_word' id='word_1_579' title='bbox 1595 4276 1697 4331; x_wconf 87' lang='lat' dir='ltr'><strong>ﬁat</strong></span> <span class='ocrx_word' id='word_1_580' title='bbox 1729 4276 1848 4332; x_wconf 89' lang='lat' dir='ltr'><strong>sive</strong></span> 
     </span>
    </p>
   </div>
   <div class='ocr_carea' id='block_1_81' title="bbox 256 4393 1775 4537">
    <p class='ocr_par' dir='ltr' id='par_1_81' title="bbox 256 4393 1775 4537">
     <span class='ocr_line' id='line_1_81' title="bbox 256 4393 1775 4537; baseline 0.002 -87"><span class='ocrx_word' id='word_1_581' title='bbox 256 4393 588 4537; x_wconf 67' lang='grc'>(126)(18116</span> <span class='ocrx_word' id='word_1_582' title='bbox 615 4395 867 4450; x_wconf 87' lang='lat' dir='ltr'><strong>formula</strong></span> <span class='ocrx_word' id='word_1_583' title='bbox 898 4411 969 4450; x_wconf 90' lang='lat' dir='ltr'><strong>ne</strong></span> <span class='ocrx_word' id='word_1_584' title='bbox 1001 4412 1064 4452; x_wconf 91' lang='lat' dir='ltr'><strong>se</strong></span> <span class='ocrx_word' id='word_1_585' title='bbox 1087 4399 1286 4451; x_wconf 89' lang='lat' dir='ltr'><strong>trouve</strong></span> <span class='ocrx_word' id='word_1_586' title='bbox 1317 4397 1590 4468; x_wconf 87' lang='lat' dir='ltr'><strong>pasdans</strong></span> <span class='ocrx_word' id='word_1_587' title='bbox 1620 4399 1674 4453; x_wconf 92' lang='lat' dir='ltr'>S.</span> <span class='ocrx_word' id='word_1_588' title='bbox 1711 4399 1775 4453; x_wconf 89' lang='lat' dir='ltr'><strong>G.</strong></span> 
     </span>
     <span class='ocr_line' id='line_1_82' title="bbox 281 4465 1775 4537; baseline 0.003 -17"><span class='ocrx_word' id='word_1_589' title='bbox 281 4465 409 4537; x_wconf 78' lang='grc'>127)</span> <span class='ocrx_word' id='word_1_590' title='bbox 441 4465 557 4537; x_wconf 83' lang='lat' dir='ltr'><strong>Des</strong></span> <span class='ocrx_word' id='word_1_591' title='bbox 600 4467 753 4537; x_wconf 80' lang='lat' dir='ltr'><strong>deux</strong></span> <span class='ocrx_word' id='word_1_592' title='bbox 802 4467 1019 4537; x_wconf 88' lang='lat' dir='ltr'><strong>parties</strong></span> <span class='ocrx_word' id='word_1_593' title='bbox 1067 4467 1167 4537; x_wconf 92' lang='lat' dir='ltr'><strong>qui</strong></span> <span class='ocrx_word' id='word_1_594' title='bbox 1225 4467 1494 4523; x_wconf 88' lang='lat' dir='ltr'><strong>devaient</strong></span> <span class='ocrx_word' id='word_1_595' title='bbox 1546 4486 1775 4537; x_wconf 83' lang='lat' dir='ltr'><strong>compos</strong></span> 
     </span>
    </p>
   </div>
   <div class='ocr_carea' id='block_1_82' title="bbox 281 4465 1850 4540">
    <p class='ocr_par' dir='ltr' id='par_1_82' title="bbox 281 4465 1850 4540">
     <span class='ocr_line' id='line_1_83' title="bbox 281 4465 1850 4540; baseline 0.001 -20"><span class='ocrx_word' id='word_1_596' title='bbox 281 4465 409 4540; x_wconf 67' lang='grc'>127)</span> <span class='ocrx_word' id='word_1_597' title='bbox 441 4465 558 4540; x_wconf 79' lang='lat' dir='ltr'><strong>Des</strong></span> <span class='ocrx_word' id='word_1_598' title='bbox 600 4467 753 4540; x_wconf 80' lang='lat' dir='ltr'><strong>deux</strong></span> <span class='ocrx_word' id='word_1_599' title='bbox 802 4467 1019 4540; x_wconf 81' lang='lat' dir='ltr'><strong>parties</strong></span> <span class='ocrx_word' id='word_1_600' title='bbox 1067 4467 1167 4538; x_wconf 92' lang='lat' dir='ltr'><strong>qui</strong></span> <span class='ocrx_word' id='word_1_601' title='bbox 1225 4465 1512 4540; x_wconf 12' lang='lat' dir='ltr'><strong>devaient;</strong></span> <span class='ocrx_word' id='word_1_602' title='bbox 1546 4484 1850 4540; x_wconf 91' lang='lat' dir='ltr'><strong>composer</strong></span> 
     </span>
    </p>
   </div>
   <div class='ocr_carea' id='block_1_83' title="bbox 182 4534 1842 4610">
    <p class='ocr_par' dir='ltr' id='par_1_83' title="bbox 182 4534 1842 4610">
     <span class='ocr_line' id='line_1_84' title="bbox 182 4534 1842 4610; baseline 0.001 -17"><span class='ocrx_word' id='word_1_603' title='bbox 182 4534 335 4610; x_wconf 67' lang='lat' dir='ltr'><strong>cette</strong></span> <span class='ocrx_word' id='word_1_604' title='bbox 349 4534 619 4610; x_wconf 77' lang='lat' dir='ltr'><strong>formula,</strong></span> <span class='ocrx_word' id='word_1_605' title='bbox 645 4535 699 4610; x_wconf 85' lang='lat' dir='ltr'><strong>la</strong></span> <span class='ocrx_word' id='word_1_606' title='bbox 719 4534 940 4610; x_wconf 79' lang='lat' dir='ltr'><strong>copiste</strong></span> <span class='ocrx_word' id='word_1_607' title='bbox 957 4537 1051 4610; x_wconf 81' lang='lat' dir='ltr'><strong>n’a</strong></span> <span class='ocrx_word' id='word_1_608' title='bbox 1067 4534 1344 4610; x_wconf 74' lang='lat' dir='ltr'><strong>transcrit</strong></span> <span class='ocrx_word' id='word_1_609' title='bbox 1366 4555 1478 4610; x_wconf 92' lang='lat' dir='ltr'><strong>que</strong></span> <span class='ocrx_word' id='word_1_610' title='bbox 1501 4538 1556 4594; x_wconf 90' lang='lat' dir='ltr'><strong>la</strong></span> <span class='ocrx_word' id='word_1_611' title='bbox 1575 4534 1842 4606; x_wconf 81' lang='lat' dir='ltr'><strong>seconde,</strong></span> 
     </span>
    </p>
   </div>
   <div class='ocr_carea' id='block_1_84' title="bbox 1949 3296 3596 3370">
    <p class='ocr_par' dir='ltr' id='par_1_84' title="bbox 1949 3296 3596 3370">
     <span class='ocr_line' id='line_1_85' title="bbox 1949 3296 3596 3370; baseline 0.001 -18"><span class='ocrx_word' id='word_1_612' title='bbox 1949 3299 2082 3353; x_wconf 92' lang='lat' dir='ltr'><strong>dem</strong></span> <span class='ocrx_word' id='word_1_613' title='bbox 2105 3296 2466 3368; x_wconf 83' lang='lat' dir='ltr'><strong>ingenuitate</strong></span> <span class='ocrx_word' id='word_1_614' title='bbox 2489 3297 2935 3369; x_wconf 87' lang='lat' dir='ltr'><strong>p[erma]neant,</strong></span> <span class='ocrx_word' id='word_1_615' title='bbox 2967 3314 3144 3370; x_wconf 88' lang='lat' dir='ltr'><strong>quam</strong></span> <span class='ocrx_word' id='word_1_616' title='bbox 3175 3298 3279 3354; x_wconf 87' lang='lat' dir='ltr'><strong>tibi</strong></span> <span class='ocrx_word' id='word_1_617' title='bbox 3313 3298 3596 3364; x_wconf 83' lang='lat' dir='ltr'><strong>concessi,</strong></span> 
     </span>
    </p>
   </div>
   <div class='ocr_carea' id='block_1_85' title="bbox 1949 3385 3598 3458">
    <p class='ocr_par' dir='ltr' id='par_1_85' title="bbox 1949 3385 3598 3458">
     <span class='ocr_line' id='line_1_86' title="bbox 1949 3385 3598 3458; baseline 0.001 -17"><span class='ocrx_word' id='word_1_618' title='bbox 1949 3385 2223 3457; x_wconf 89' lang='lat' dir='ltr'><strong>perennis</strong></span> <span class='ocrx_word' id='word_1_619' title='bbox 2247 3385 2638 3457; x_wconf 83' lang='lat' dir='ltr'><strong>temporibus:</strong></span> <span class='ocrx_word' id='word_1_620' title='bbox 2665 3385 3211 3458; x_wconf 73' lang='lat' dir='ltr'><strong>[munde]purdium</strong></span> <span class='ocrx_word' id='word_1_621' title='bbox 3235 3404 3368 3444; x_wconf 87' lang='lat' dir='ltr'><strong>vero</strong></span> <span class='ocrx_word' id='word_1_622' title='bbox 3387 3387 3472 3443; x_wconf 91' lang='lat' dir='ltr'><strong>vel</strong></span> <span class='ocrx_word' id='word_1_623' title='bbox 3505 3388 3598 3443; x_wconf 91' lang='lat' dir='ltr'><strong>de-</strong></span> 
     </span>
    </p>
   </div>
   <div class='ocr_carea' id='block_1_86' title="bbox 1950 3471 3598 3546">
    <p class='ocr_par' dir='ltr' id='par_1_86' title="bbox 1950 3471 3598 3546">
     <span class='ocr_line' id='line_1_87' title="bbox 1950 3471 3598 3546; baseline 0.002 -19"><span class='ocrx_word' id='word_1_624' title='bbox 1950 3473 2274 3529; x_wconf 88' lang='lat' dir='ltr'><strong>fensionem</strong></span> <span class='ocrx_word' id='word_1_625' title='bbox 2303 3473 2372 3528; x_wconf 92' lang='lat' dir='ltr'><strong>de</strong></span> <span class='ocrx_word' id='word_1_626' title='bbox 2402 3472 2532 3544; x_wconf 88' lang='lat' dir='ltr'><strong>ipsa</strong></span> <span class='ocrx_word' id='word_1_627' title='bbox 2560 3471 2827 3544; x_wconf 89' lang='lat' dir='ltr'><strong>ecclesi[a</strong></span> <span class='ocrx_word' id='word_1_628' title='bbox 2855 3471 3144 3541; x_wconf 86' lang='lat' dir='ltr'><strong>babea]tis</strong></span> <span class='ocrx_word' id='word_1_629' title='bbox 3175 3473 3341 3546; x_wconf 88' lang='grc'>(133).</span> <span class='ocrx_word' id='word_1_630' title='bbox 3375 3473 3432 3529; x_wconf 84' lang='lat' dir='ltr'><strong>Si</strong></span> <span class='ocrx_word' id='word_1_631' title='bbox 3464 3473 3598 3546; x_wconf 90' lang='lat' dir='ltr'><strong>quis</strong></span> 
     </span>
    </p>
   </div>
   <div class='ocr_carea' id='block_1_87' title="bbox 1949 3561 3600 3635">
    <p class='ocr_par' dir='ltr' id='par_1_87' title="bbox 1949 3561 3600 3635">
     <span class='ocr_line' id='line_1_88' title="bbox 1949 3561 3600 3635; baseline 0.001 -18"><span class='ocrx_word' id='word_1_632' title='bbox 1949 3578 2103 3630; x_wconf 90' lang='lat' dir='ltr'><strong>vero,</strong></span> <span class='ocrx_word' id='word_1_633' title='bbox 2150 3563 2303 3634; x_wconf 88' lang='lat' dir='ltr'><strong>quod</strong></span> <span class='ocrx_word' id='word_1_634' title='bbox 2336 3561 2457 3617; x_wconf 89' lang='lat' dir='ltr'><strong>ﬁeri</strong></span> <span class='ocrx_word' id='word_1_635' title='bbox 2492 3578 2604 3616; x_wconf 91' lang='lat' dir='ltr'><strong>non</strong></span> <span class='ocrx_word' id='word_1_636' title='bbox 2655 3562 2848 3629; x_wconf 90' lang='lat' dir='ltr'><strong>credo,</strong></span> <span class='ocrx_word' id='word_1_637' title='bbox 2883 3561 2932 3617; x_wconf 89' lang='lat' dir='ltr'><strong>si</strong></span> <span class='ocrx_word' id='word_1_638' title='bbox 2965 3577 3070 3634; x_wconf 90' lang='lat' dir='ltr'><strong>ego</strong></span> <span class='ocrx_word' id='word_1_639' title='bbox 3119 3563 3247 3634; x_wconf 90' lang='lat' dir='ltr'><strong>ipse</strong></span> <span class='ocrx_word' id='word_1_640' title='bbox 3275 3563 3417 3635; x_wconf 86' lang='lat' dir='ltr'><strong>[aut]</strong></span> <span class='ocrx_word' id='word_1_641' title='bbox 3439 3562 3600 3620; x_wconf 89' lang='lat' dir='ltr'><strong>ullus</strong></span> 
     </span>
    </p>
   </div>
   <div class='ocr_carea' id='block_1_88' title="bbox 1951 3649 3600 3722">
    <p class='ocr_par' dir='ltr' id='par_1_88' title="bbox 1951 3649 3600 3722">
     <span class='ocr_line' id='line_1_89' title="bbox 1951 3649 3600 3722; baseline 0.001 -16"><span class='ocrx_word' id='word_1_642' title='bbox 1951 3650 2232 3707; x_wconf 86' lang='lat' dir='ltr'><strong>heredum</strong></span> <span class='ocrx_word' id='word_1_643' title='bbox 2286 3667 2552 3706; x_wconf 88' lang='lat' dir='ltr'><strong>meorum</strong></span> <span class='ocrx_word' id='word_1_644' title='bbox 2600 3667 2701 3706; x_wconf 90' lang='lat' dir='ltr'><strong>vos</strong></span> <span class='ocrx_word' id='word_1_645' title='bbox 2745 3649 3068 3722; x_wconf 89' lang='lat' dir='ltr'><strong>inquietare</strong></span> <span class='ocrx_word' id='word_1_646' title='bbox 3097 3667 3184 3718; x_wconf 93' lang='lat' dir='ltr'><strong>va,</strong></span> <span class='ocrx_word' id='word_1_647' title='bbox 3217 3655 3418 3708; x_wconf 91' lang='lat' dir='ltr'><strong>contra</strong></span> <span class='ocrx_word' id='word_1_648' title='bbox 3447 3651 3600 3709; x_wconf 88' lang='lat' dir='ltr'><strong>hanc</strong></span> 
     </span>
    </p>
   </div>
   <div class='ocr_carea' id='block_1_89' title="bbox 1951 3740 3601 3813">
    <p class='ocr_par' dir='ltr' id='par_1_89' title="bbox 1951 3740 3601 3813">
     <span class='ocr_line' id='line_1_90' title="bbox 1951 3740 3601 3813; baseline 0.002 -19"><span class='ocrx_word' id='word_1_649' title='bbox 1951 3741 2371 3813; x_wconf 85' lang='lat' dir='ltr'><strong>ingenuitatem</strong></span> <span class='ocrx_word' id='word_1_650' title='bbox 2409 3756 2442 3794; x_wconf 87' lang='lat' dir='ltr'><strong>a</strong></span> <span class='ocrx_word' id='word_1_651' title='bbox 2472 3755 2564 3794; x_wconf 89' lang='lat' dir='ltr'><strong>me</strong></span> <span class='ocrx_word' id='word_1_652' title='bbox 2594 3740 2806 3795; x_wconf 87' lang='lat' dir='ltr'><strong>factam</strong></span> <span class='ocrx_word' id='word_1_653' title='bbox 2854 3741 3052 3795; x_wconf 90' lang='lat' dir='ltr'><strong>venire</strong></span> <span class='ocrx_word' id='word_1_654' title='bbox 3097 3741 3471 3813; x_wconf 90' lang='lat' dir='ltr'><strong>temptaverit</strong></span> <span class='ocrx_word' id='word_1_655' title='bbox 3498 3746 3601 3798; x_wconf 90' lang='lat' dir='ltr'><strong>aut</strong></span> 
     </span>
    </p>
   </div>
   <div class='ocr_carea' id='block_1_90' title="bbox 1952 3827 3604 3902">
    <p class='ocr_par' dir='ltr' id='par_1_90' title="bbox 1952 3827 3604 3902">
     <span class='ocr_line' id='line_1_91' title="bbox 1952 3827 3604 3902; baseline 0.001 -16"><span class='ocrx_word' id='word_1_656' title='bbox 1952 3847 2080 3886; x_wconf 90' lang='lat' dir='ltr'><strong>eam</strong></span> <span class='ocrx_word' id='word_1_657' title='bbox 2133 3829 2470 3900; x_wconf 90' lang='lat' dir='ltr'><strong>inrumpere</strong></span> <span class='ocrx_word' id='word_1_658' title='bbox 2524 3827 2787 3895; x_wconf 77' lang='lat' dir='ltr'><strong>voluerit,</strong></span> <span class='ocrx_word' id='word_1_659' title='bbox 2819 3829 2880 3883; x_wconf 91' lang='lat' dir='ltr'><strong>in</strong></span> <span class='ocrx_word' id='word_1_660' title='bbox 2911 3829 3165 3884; x_wconf 89' lang='lat' dir='ltr'><strong>erarium</strong></span> <span class='ocrx_word' id='word_1_661' title='bbox 3214 3830 3366 3902; x_wconf 87' lang='lat' dir='ltr'><strong>regis</strong></span> <span class='ocrx_word' id='word_1_662' title='bbox 3415 3831 3604 3887; x_wconf 87' lang='lat' dir='ltr'><strong>multa</strong></span> 
     </span>
    </p>
   </div>
   <div class='ocr_carea' id='block_1_91' title="bbox 1953 3917 3604 3991">
    <p class='ocr_par' dir='ltr' id='par_1_91' title="bbox 1953 3917 3604 3991">
     <span class='ocr_line' id='line_1_92' title="bbox 1953 3917 3604 3991; baseline 0 -17"><span class='ocrx_word' id='word_1_663' title='bbox 1953 3922 2283 3991; x_wconf 90' lang='lat' dir='ltr'><strong>componat,</strong></span> <span class='ocrx_word' id='word_1_664' title='bbox 2319 3918 2375 3972; x_wconf 95' lang='lat' dir='ltr'><strong>id</strong></span> <span class='ocrx_word' id='word_1_665' title='bbox 2405 3920 2494 3972; x_wconf 90' lang='lat' dir='ltr'><strong>est</strong></span> <span class='ocrx_word' id='word_1_666' title='bbox 2522 3917 2646 3972; x_wconf 88' lang='lat' dir='ltr'><strong>auri</strong></span> <span class='ocrx_word' id='word_1_667' title='bbox 2681 3917 2876 3972; x_wconf 89' lang='lat' dir='ltr'><strong>untias</strong></span> <span class='ocrx_word' id='word_1_668' title='bbox 2903 3921 3042 3984; x_wconf 89' lang='lat' dir='ltr'><strong>tres,</strong></span> <span class='ocrx_word' id='word_1_669' title='bbox 3076 3919 3300 3990; x_wconf 88' lang='lat' dir='ltr'><strong>argenti</strong></span> <span class='ocrx_word' id='word_1_670' title='bbox 3344 3920 3604 3990; x_wconf 89' lang='lat' dir='ltr'><strong>pondera</strong></span> 
     </span>
    </p>
   </div>
   <div class='ocr_carea' id='block_1_92' title="bbox 1953 4005 3605 4080">
    <p class='ocr_par' dir='ltr' id='par_1_92' title="bbox 1953 4005 3605 4080">
     <span class='ocr_line' id='line_1_93' title="bbox 1953 4005 3605 4080; baseline -0.001 -17"><span class='ocrx_word' id='word_1_671' title='bbox 1953 4008 2236 4080; x_wconf 88' lang='lat' dir='ltr'><strong>quinque,</strong></span> <span class='ocrx_word' id='word_1_672' title='bbox 2270 4010 2507 4062; x_wconf 91' lang='lat' dir='ltr'><strong>coactus</strong></span> <span class='ocrx_word' id='word_1_673' title='bbox 2527 4005 2802 4072; x_wconf 84' lang='lat' dir='ltr'><strong>exsolvat,</strong></span> <span class='ocrx_word' id='word_1_674' title='bbox 2836 4009 2894 4061; x_wconf 90' lang='lat' dir='ltr'><strong>at</strong></span> <span class='ocrx_word' id='word_1_675' title='bbox 2922 4007 3080 4077; x_wconf 92' lang='lat' dir='ltr'><strong>quod</strong></span> <span class='ocrx_word' id='word_1_676' title='bbox 3111 4005 3321 4078; x_wconf 90' lang='lat' dir='ltr'><strong>repetit</strong></span> <span class='ocrx_word' id='word_1_677' title='bbox 3346 4022 3450 4078; x_wconf 90' lang='lat' dir='ltr'><strong>per</strong></span> <span class='ocrx_word' id='word_1_678' title='bbox 3469 4007 3605 4062; x_wconf 87' lang='lat' dir='ltr'><strong>nul-</strong></span> 
     </span>
    </p>
   </div>
   <div class='ocr_carea' id='block_1_93' title="bbox 1954 4093 3608 4167">
    <p class='ocr_par' dir='ltr' id='par_1_93' title="bbox 1954 4093 3608 4167">
     <span class='ocr_line' id='line_1_94' title="bbox 1954 4093 3608 4167; baseline 0 -15"><span class='ocrx_word' id='word_1_679' title='bbox 1954 4097 2068 4152; x_wconf 87' lang='lat' dir='ltr'><strong>lius</strong></span> <span class='ocrx_word' id='word_1_680' title='bbox 2118 4095 2419 4167; x_wconf 89' lang='lat' dir='ltr'><strong>inganium</strong></span> <span class='ocrx_word' id='word_1_681' title='bbox 2471 4093 2766 4149; x_wconf 89' lang='lat' dir='ltr'><strong>vindicare</strong></span> <span class='ocrx_word' id='word_1_682' title='bbox 2800 4111 2916 4150; x_wconf 93' lang='lat' dir='ltr'><strong>non</strong></span> <span class='ocrx_word' id='word_1_683' title='bbox 2947 4093 3171 4162; x_wconf 85' lang='lat' dir='ltr'><strong>valeat;</strong></span> <span class='ocrx_word' id='word_1_684' title='bbox 3226 4095 3327 4151; x_wconf 88' lang='lat' dir='ltr'><strong>sed</strong></span> <span class='ocrx_word' id='word_1_685' title='bbox 3367 4111 3608 4167; x_wconf 89' lang='lat' dir='ltr'><strong>presens</strong></span> 
     </span>
    </p>
   </div>
   <div class='ocr_carea' id='block_1_94' title="bbox 1954 4182 3605 4258">
    <p class='ocr_par' dir='ltr' id='par_1_94' title="bbox 1954 4182 3605 4258">
     <span class='ocr_line' id='line_1_95' title="bbox 1954 4182 3605 4258; baseline -0.001 -17"><span class='ocrx_word' id='word_1_686' title='bbox 1954 4184 2201 4258; x_wconf 86' lang='lat' dir='ltr'><strong>epistola</strong></span> <span class='ocrx_word' id='word_1_687' title='bbox 2231 4182 2610 4257; x_wconf 87' lang='lat' dir='ltr'><strong>ingenuitatis</strong></span> <span class='ocrx_word' id='word_1_688' title='bbox 2641 4182 2811 4238; x_wconf 90' lang='lat' dir='ltr'><strong>ﬁrma</strong></span> <span class='ocrx_word' id='word_1_689' title='bbox 2841 4185 2897 4238; x_wconf 89' lang='lat' dir='ltr'><strong>et</strong></span> <span class='ocrx_word' id='word_1_690' title='bbox 2927 4182 3155 4240; x_wconf 86' lang='lat' dir='ltr'><strong>stabilis</strong></span> <span class='ocrx_word' id='word_1_691' title='bbox 3185 4184 3356 4240; x_wconf 89' lang='lat' dir='ltr'><strong>debet</strong></span> <span class='ocrx_word' id='word_1_692' title='bbox 3385 4185 3605 4258; x_wconf 87' lang='lat' dir='ltr'><strong>perdu-</strong></span> 
     </span>
    </p>
   </div>
   <div class='ocr_carea' id='block_1_95' title="bbox 1957 4291 2105 4330">
    <p class='ocr_par' dir='ltr' id='par_1_95' title="bbox 1957 4291 2105 4330">
     <span class='ocr_line' id='line_1_96' title="bbox 1957 4291 2105 4330; baseline 0 0"><span class='ocrx_word' id='word_1_693' title='bbox 1957 4291 2105 4330; x_wconf 89' lang='lat' dir='ltr'><strong>rare.</strong></span> 
     </span>
    </p>
   </div>
   <div class='ocr_carea' id='block_1_96' title="bbox 1955 4395 3612 4471">
    <p class='ocr_par' dir='ltr' id='par_1_96' title="bbox 1955 4395 3612 4471">
     <span class='ocr_line' id='line_1_97' title="bbox 1955 4395 3612 4471; baseline 0.001 -17"><span class='ocrx_word' id='word_1_694' title='bbox 1955 4403 2000 4454; x_wconf 88' lang='lat' dir='ltr'><strong>A</strong></span> <span class='ocrx_word' id='word_1_695' title='bbox 2032 4399 2215 4471; x_wconf 88' lang='lat' dir='ltr'><strong>partir</strong></span> <span class='ocrx_word' id='word_1_696' title='bbox 2235 4399 2305 4453; x_wconf 89' lang='lat' dir='ltr'><strong>de</strong></span> <span class='ocrx_word' id='word_1_697' title='bbox 2325 4401 2415 4454; x_wconf 91' lang='lat' dir='ltr'><strong>cet</strong></span> <span class='ocrx_word' id='word_1_698' title='bbox 2434 4397 2684 4463; x_wconf 86' lang='lat' dir='ltr'><strong>endroit,</strong></span> <span class='ocrx_word' id='word_1_699' title='bbox 2704 4395 2787 4452; x_wconf 91' lang='lat' dir='ltr'><strong>les</strong></span> <span class='ocrx_word' id='word_1_700' title='bbox 2809 4395 3066 4471; x_wconf 79' lang='lat' dir='ltr'><strong>feuillets</strong></span> <span class='ocrx_word' id='word_1_701' title='bbox 3089 4397 3167 4452; x_wconf 90' lang='lat' dir='ltr'><strong>du</strong></span> <span class='ocrx_word' id='word_1_702' title='bbox 3187 4397 3515 4454; x_wconf 88' lang='lat' dir='ltr'><strong>manuscrit</strong></span> <span class='ocrx_word' id='word_1_703' title='bbox 3542 4399 3612 4455; x_wconf 93' lang='lat' dir='ltr'><strong>de</strong></span> 
     </span>
    </p>
   </div>
   <div class='ocr_carea' id='block_1_97' title="bbox 1957 4469 3616 4542">
    <p class='ocr_par' dir='ltr' id='par_1_97' title="bbox 1957 4469 3616 4542">
     <span class='ocr_line' id='line_1_98' title="bbox 1957 4469 3616 4542; baseline -0.001 -15"><span class='ocrx_word' id='word_1_704' title='bbox 1957 4469 2312 4542; x_wconf 77' lang='lat' dir='ltr'><strong>Strasbourg</strong></span> <span class='ocrx_word' id='word_1_705' title='bbox 2341 4477 2443 4525; x_wconf 86' lang='lat' dir='ltr'><strong>ont</strong></span> <span class='ocrx_word' id='word_1_706' title='bbox 2475 4471 2926 4542; x_wconf 74' lang='lat' dir='ltr'><strong>étégravement</strong></span> <span class='ocrx_word' id='word_1_707' title='bbox 2946 4469 3394 4542; x_wconf 82' lang='lat' dir='ltr'><strong>endommagés;</strong></span> <span class='ocrx_word' id='word_1_708' title='bbox 3420 4487 3497 4524; x_wconf 90' lang='lat' dir='ltr'><strong>un</strong></span> <span class='ocrx_word' id='word_1_709' title='bbox 3525 4487 3616 4526; x_wconf 86' lang='lat' dir='ltr'><strong>as-</strong></span> 
     </span>
    </p>
   </div>
   <div class='ocr_carea' id='block_1_98' title="bbox 1959 4538 3612 4614">
    <p class='ocr_par' dir='ltr' id='par_1_98' title="bbox 1959 4538 3612 4614">
     <span class='ocr_line' id='line_1_99' title="bbox 1959 4538 3612 4614; baseline 0 -17"><span class='ocrx_word' id='word_1_710' title='bbox 1959 4559 2054 4597; x_wconf 90' lang='lat' dir='ltr'><strong>sez</strong></span> <span class='ocrx_word' id='word_1_711' title='bbox 2074 4543 2258 4614; x_wconf 90' lang='lat' dir='ltr'><strong>grand</strong></span> <span class='ocrx_word' id='word_1_712' title='bbox 2279 4538 2528 4614; x_wconf 71' lang='lat' dir='ltr'><strong>nombre</strong></span> <span class='ocrx_word' id='word_1_713' title='bbox 2559 4538 2911 4614; x_wconf 65' lang='lat' dir='ltr'><strong>dasyllabes</strong></span> <span class='ocrx_word' id='word_1_714' title='bbox 2942 4545 2999 4614; x_wconf 87' lang='lat' dir='ltr'><strong>et</strong></span> <span class='ocrx_word' id='word_1_715' title='bbox 3029 4544 3219 4596; x_wconf 76' lang='lat' dir='ltr'><strong>meme</strong></span> <span class='ocrx_word' id='word_1_716' title='bbox 3240 4538 3310 4614; x_wconf 57' lang='lat' dir='ltr'><strong>d&#39;e</strong></span> <span class='ocrx_word' id='word_1_717' title='bbox 3333 4546 3486 4597; x_wconf 82' lang='lat' dir='ltr'><strong>mets</strong></span> <span class='ocrx_word' id='word_1_718' title='bbox 3510 4546 3612 4598; x_wconf 90' lang='lat' dir='ltr'><strong>ont</strong></span> 
     </span>
    </p>
   </div>
   <div class='ocr_carea' id='block_1_99' title="bbox 185 4602 3613 4685">
    <p class='ocr_par' dir='ltr' id='par_1_99' title="bbox 185 4602 3613 4685">
     <span class='ocr_line' id='line_1_100' title="bbox 185 4602 3613 4685; baseline 0.002 -23"><span class='ocrx_word' id='word_1_719' title='bbox 185 4613 225 4685; x_wconf 52' lang='grc' dir='ltr'>ξ(</span> <span class='ocrx_word' id='word_1_720' title='bbox 243 4606 501 4685; x_wconf 76' lang='lat' dir='ltr'><strong>laquelle</strong></span> <span class='ocrx_word' id='word_1_721' title='bbox 533 4607 572 4662; x_wconf 91' lang='lat' dir='ltr'><strong>il</strong></span> <span class='ocrx_word' id='word_1_722' title='bbox 597 4602 639 4685; x_wconf 20' lang='lat' dir='ltr'><strong>ia</strong></span> <span class='ocrx_word' id='word_1_723' title='bbox 668 4602 1088 4685; x_wconf 77' lang='lat' dir='ltr'><strong>donné_le_titra</strong></span> <span class='ocrx_word' id='word_1_724' title='bbox 1109 4609 1181 4663; x_wconf 91' lang='lat' dir='ltr'><strong>de</strong></span> <span class='ocrx_word' id='word_1_725' title='bbox 1201 4602 1497 4685; x_wconf 53' lang='lat' dir='ltr'><strong>_Preca&#39;ria,</strong></span> <span class='ocrx_word' id='word_1_726' title='bbox 1519 4627 1591 4666; x_wconf 90' lang='lat' dir='ltr'><strong>au</strong></span> <span class='ocrx_word' id='word_1_727' title='bbox 1622 4611 1737 4667; x_wconf 91' lang='lat' dir='ltr'><strong>lieu</strong></span> <span class='ocrx_word' id='word_1_728' title='bbox 1770 4602 1847 4667; x_wconf 82' lang='lat' dir='ltr'><strong>du</strong></span> <span class='ocrx_word' id='word_1_729' title='bbox 1878 4602 1925 4667; x_wconf 91' lang='lat' dir='ltr'><strong>D</strong></span> <span class='ocrx_word' id='word_1_730' title='bbox 1958 4602 2196 4685; x_wconf 48' lang='lat' dir='ltr'><strong>disp’aru</strong></span> <span class='ocrx_word' id='word_1_731' title='bbox 2221 4631 2234 4680; x_wconf 89' lang='lat'><strong>;</strong></span> <span class='ocrx_word' id='word_1_732' title='bbox 2261 4613 2363 4682; x_wconf 83' lang='lat' dir='ltr'><strong>j’ai</strong></span> <span class='ocrx_word' id='word_1_733' title='bbox 2393 4613 2592 4683; x_wconf 79' lang='lat' dir='ltr'><strong>essayé</strong></span> <span class='ocrx_word' id='word_1_734' title='bbox 2622 4602 2805 4667; x_wconf 52' lang='lat' dir='ltr'><strong>de&#39;lcs</strong></span> <span class='ocrx_word' id='word_1_735' title='bbox 2825 4612 3118 4680; x_wconf 89' lang='lat' dir='ltr'><strong>restituar,</strong></span> <span class='ocrx_word' id='word_1_736' title='bbox 3154 4611 3303 4668; x_wconf 87' lang='lat' dir='ltr'><strong>mais</strong></span> <span class='ocrx_word' id='word_1_737' title='bbox 3332 4629 3403 4685; x_wconf 83' lang='lat' dir='ltr'><strong>an</strong></span> <span class='ocrx_word' id='word_1_738' title='bbox 3437 4619 3613 4685; x_wconf 86' lang='lat' dir='ltr'><strong>ayant</strong></span> 
     </span>
    </p>
   </div>
   <div class='ocr_carea' id='block_1_100' title="bbox 181 4678 1487 4751">
    <p class='ocr_par' dir='ltr' id='par_1_100' title="bbox 181 4678 1487 4751">
     <span class='ocr_line' id='line_1_101' title="bbox 181 4678 1487 4751; baseline -0.001 -14"><span class='ocrx_word' id='word_1_739' title='bbox 181 4678 426 4737; x_wconf 28' lang='lat' dir='ltr'><strong>titre’de</strong></span> <span class='ocrx_word' id='word_1_740' title='bbox 447 4681 754 4751; x_wconf 66' lang='lat' dir='ltr'><strong>Prestaria,</strong></span> <span class='ocrx_word' id='word_1_741' title='bbox 777 4679 985 4751; x_wconf 88' lang='lat' dir='ltr'><strong>qu&#39;elle</strong></span> <span class='ocrx_word' id='word_1_742' title='bbox 1017 4680 1240 4735; x_wconf 90' lang='lat' dir='ltr'><strong>devrait</strong></span> <span class='ocrx_word' id='word_1_743' title='bbox 1271 4685 1487 4751; x_wconf 89' lang='lat' dir='ltr'><strong>porter.</strong></span> 
     </span>
    </p>
   </div>
   <div class='ocr_carea' id='block_1_101' title="bbox 257 4750 1850 4824">
    <p class='ocr_par' dir='ltr' id='par_1_101' title="bbox 257 4750 1850 4824">
     <span class='ocr_line' id='line_1_102' title="bbox 257 4750 1850 4824; baseline 0.003 -20"><span class='ocrx_word' id='word_1_744' title='bbox 257 4752 412 4821; x_wconf 89' lang='lat'>(128)</span> <span class='ocrx_word' id='word_1_745' title='bbox 444 4750 524 4804; x_wconf 90' lang='lat' dir='ltr'><strong>La</strong></span> <span class='ocrx_word' id='word_1_746' title='bbox 553 4751 737 4824; x_wconf 81' lang='lat' dir='ltr'><strong>forma</strong></span> <span class='ocrx_word' id='word_1_747' title='bbox 794 4750 1344 4824; x_wconf 8' lang='lat' dir='ltr'><strong>grammaticalepde</strong></span> <span class='ocrx_word' id='word_1_748' title='bbox 1374 4757 1521 4808; x_wconf 89' lang='lat' dir='ltr'><strong>cette</strong></span> <span class='ocrx_word' id='word_1_749' title='bbox 1567 4753 1850 4824; x_wconf 79' lang='lat' dir='ltr'><strong>premiere</strong></span> 
     </span>
    </p>
   </div>
   <div class='ocr_carea' id='block_1_102' title="bbox 183 4820 1854 4895">
    <p class='ocr_par' dir='ltr' id='par_1_102' title="bbox 183 4820 1854 4895">
     <span class='ocr_line' id='line_1_103' title="bbox 183 4820 1854 4895; baseline 0.001 -19"><span class='ocrx_word' id='word_1_750' title='bbox 183 4820 403 4895; x_wconf 84' lang='lat' dir='ltr'><strong>phrase</strong></span> <span class='ocrx_word' id='word_1_751' title='bbox 425 4820 1014 4895; x_wconf 76' lang='lat' dir='ltr'><strong>attestel’ignorance</strong></span> <span class='ocrx_word' id='word_1_752' title='bbox 1037 4823 1114 4877; x_wconf 90' lang='lat' dir='ltr'><strong>du</strong></span> <span class='ocrx_word' id='word_1_753' title='bbox 1139 4822 1460 4895; x_wconf 18' lang='lat' dir='ltr'><strong>copiste,4et</strong></span> <span class='ocrx_word' id='word_1_754' title='bbox 1481 4840 1552 4878; x_wconf 91' lang='lat' dir='ltr'><strong>ne</strong></span> <span class='ocrx_word' id='word_1_755' title='bbox 1567 4820 1854 4880; x_wconf 51' lang='lat' dir='ltr'><strong>_convient</strong></span> 
     </span>
    </p>
   </div>
   <div class='ocr_carea' id='block_1_103' title="bbox 184 4892 1854 4966">
    <p class='ocr_par' dir='ltr' id='par_1_103' title="bbox 184 4892 1854 4966">
     <span class='ocr_line' id='line_1_104' title="bbox 184 4892 1854 4966; baseline 0.002 -19"><span class='ocrx_word' id='word_1_756' title='bbox 184 4892 293 4966; x_wconf 72' lang='lat' dir='ltr'><strong>pas</strong></span> <span class='ocrx_word' id='word_1_757' title='bbox 322 4909 396 4966; x_wconf 74' lang='lat' dir='ltr'><strong>au</strong></span> <span class='ocrx_word' id='word_1_758' title='bbox 427 4892 608 4966; x_wconf 81' lang='lat' dir='ltr'><strong>début</strong></span> <span class='ocrx_word' id='word_1_759' title='bbox 625 4892 760 4948; x_wconf 88' lang='lat' dir='ltr'><strong>d’un</strong></span> <span class='ocrx_word' id='word_1_760' title='bbox 786 4898 910 4949; x_wconf 85' lang='lat' dir='ltr'><strong>acte</strong></span> <span class='ocrx_word' id='word_1_761' title='bbox 933 4895 1004 4949; x_wconf 90' lang='lat' dir='ltr'><strong>de</strong></span> <span class='ocrx_word' id='word_1_762' title='bbox 1022 4892 1328 4965; x_wconf 54' lang='lat' dir='ltr'><strong>prestatre;</strong></span> <span class='ocrx_word' id='word_1_763' title='bbox 1344 4893 1459 4966; x_wconf 83' lang='lat' dir='ltr'><strong>elle</strong></span> <span class='ocrx_word' id='word_1_764' title='bbox 1482 4895 1652 4950; x_wconf 85' lang='lat' dir='ltr'><strong>ferait</strong></span> <span class='ocrx_word' id='word_1_765' title='bbox 1673 4895 1854 4950; x_wconf 88' lang='lat' dir='ltr'><strong>croire</strong></span> 
     </span>
    </p>
   </div>
   <div class='ocr_carea' id='block_1_104' title="bbox 183 4962 1857 5032">
    <p class='ocr_par' dir='ltr' id='par_1_104' title="bbox 183 4962 1857 5032">
     <span class='ocr_line' id='line_1_105' title="bbox 183 4962 1857 5032; baseline 0.001 -12"><span class='ocrx_word' id='word_1_766' title='bbox 183 4962 260 5020; x_wconf 68' lang='lat' dir='ltr'><strong>an</strong></span> <span class='ocrx_word' id='word_1_767' title='bbox 283 4962 421 5019; x_wconf 79' lang='lat' dir='ltr'><strong>affet</strong></span> <span class='ocrx_word' id='word_1_768' title='bbox 445 4978 558 5032; x_wconf 90' lang='lat' dir='ltr'><strong>que</strong></span> <span class='ocrx_word' id='word_1_769' title='bbox 580 4962 636 5018; x_wconf 90' lang='lat' dir='ltr'><strong>la</strong></span> <span class='ocrx_word' id='word_1_770' title='bbox 657 4965 996 5021; x_wconf 89' lang='lat' dir='ltr'><strong>concession</strong></span> <span class='ocrx_word' id='word_1_771' title='bbox 1019 4962 1110 5020; x_wconf 82' lang='lat' dir='ltr'><strong>est</strong></span> <span class='ocrx_word' id='word_1_772' title='bbox 1135 4965 1269 5020; x_wconf 88' lang='lat' dir='ltr'><strong>faite</strong></span> <span class='ocrx_word' id='word_1_773' title='bbox 1291 4968 1324 5021; x_wconf 72' lang='grc' dir='ltr'><strong>ὸ,</strong></span> <span class='ocrx_word' id='word_1_774' title='bbox 1343 4964 1532 5022; x_wconf 86' lang='lat' dir='ltr'><strong>l’abbé</strong></span> <span class='ocrx_word' id='word_1_775' title='bbox 1554 4967 1631 5021; x_wconf 90' lang='lat' dir='ltr'><strong>du</strong></span> <span class='ocrx_word' id='word_1_776' title='bbox 1656 4983 1857 5022; x_wconf 91' lang='lat' dir='ltr'><strong>mona-</strong></span> 
     </span>
    </p>
   </div>
   <div class='ocr_carea' id='block_1_105' title="bbox 191 5033 1306 5104">
    <p class='ocr_par' dir='ltr' id='par_1_105' title="bbox 191 5033 1306 5104">
     <span class='ocr_line' id='line_1_106' title="bbox 191 5033 1306 5104; baseline 0 -14"><span class='ocrx_word' id='word_1_777' title='bbox 191 5033 601 5104; x_wconf 28' lang='lat' dir='ltr'><strong>sterettandis</strong></span> <span class='ocrx_word' id='word_1_778' title='bbox 635 5035 842 5104; x_wconf 85' lang='lat' dir='ltr'><strong>qu’elle</strong></span> <span class='ocrx_word' id='word_1_779' title='bbox 865 5039 1069 5091; x_wconf 89' lang='lat' dir='ltr'><strong>émane</strong></span> <span class='ocrx_word' id='word_1_780' title='bbox 1101 5037 1172 5091; x_wconf 92' lang='lat' dir='ltr'><strong>de</strong></span> <span class='ocrx_word' id='word_1_781' title='bbox 1203 5035 1306 5090; x_wconf 90' lang='lat' dir='ltr'><strong>lui.</strong></span> 
     </span>
    </p>
   </div>
   <div class='ocr_carea' id='block_1_106' title="bbox 278 5101 1860 5186">
    <p class='ocr_par' dir='ltr' id='par_1_106' title="bbox 278 5101 1860 5186">
     <span class='ocr_line' id='line_1_107' title="bbox 278 5101 1860 5186; baseline 0.004 -28"><span class='ocrx_word' id='word_1_782' title='bbox 278 5101 425 5186; x_wconf 53' lang='lat'>(129)</span> <span class='ocrx_word' id='word_1_783' title='bbox 456 5101 1037 5186; x_wconf 42' lang='lat' dir='ltr'><strong>La‘redavanced’un</strong></span> <span class='ocrx_word' id='word_1_784' title='bbox 1069 5108 1289 5186; x_wconf 83' lang='lat' dir='ltr'><strong>certain</strong></span> <span class='ocrx_word' id='word_1_785' title='bbox 1313 5108 1556 5186; x_wconf 76' lang='lat' dir='ltr'><strong>nombre</strong></span> <span class='ocrx_word' id='word_1_786' title='bbox 1589 5109 1658 5163; x_wconf 88' lang='lat' dir='ltr'><strong>de</strong></span> <span class='ocrx_word' id='word_1_787' title='bbox 1690 5126 1860 5180; x_wconf 89' lang='lat' dir='ltr'><strong>porcs</strong></span> 
     </span>
    </p>
   </div>
   <div class='ocr_carea' id='block_1_107' title="bbox 190 5174 1864 5302">
    <p class='ocr_par' dir='ltr' id='par_1_107' title="bbox 190 5174 1864 5302">
     <span class='ocr_line' id='line_1_108' title="bbox 190 5174 1864 5302; baseline 0.004 -73"><span class='ocrx_word' id='word_1_788' title='bbox 190 5174 545 5302; x_wconf 36' lang='lat' dir='ltr'><strong>Sfrz&#39;sking’as)</strong></span> <span class='ocrx_word' id='word_1_789' title='bbox 571 5175 780 5258; x_wconf 44' lang='lat' dir='ltr'><strong>n&#39;était.</strong></span> <span class='ocrx_word' id='word_1_790' title='bbox 803 5177 1265 5258; x_wconf 69' lang='lat' dir='ltr'><strong>ordinairamant</strong></span> <span class='ocrx_word' id='word_1_791' title='bbox 1296 5178 1544 5248; x_wconf 79' lang='lat' dir='ltr'><strong>stipulae</strong></span> <span class='ocrx_word' id='word_1_792' title='bbox 1577 5174 1864 5250; x_wconf 57' lang='lat' dir='ltr'><strong>que&#39;pour</strong></span> 
     </span>
     <span class='ocr_line' id='line_1_109' title="bbox 218 5247 1861 5302; baseline 0 0"><span class='ocrx_word' id='word_1_793' title='bbox 218 5263 281 5302; x_wconf 92' lang='lat' dir='ltr'><strong>es</strong></span> <span class='ocrx_word' id='word_1_794' title='bbox 312 5261 531 5300; x_wconf 87' lang='lat' dir='ltr'><strong>annees</strong></span> <span class='ocrx_word' id='word_1_795' title='bbox 557 5249 634 5301; x_wconf 79' lang='grc' dir='ltr'><strong>οὺ</strong></span> <span class='ocrx_word' id='word_1_796' title='bbox 659 5252 812 5302; x_wconf 78' lang='lat' dir='ltr'><strong>avait</strong></span> <span class='ocrx_word' id='word_1_797' title='bbox 837 5247 955 5302; x_wconf 86' lang='lat' dir='ltr'><strong>heu</strong></span> <span class='ocrx_word' id='word_1_798' title='bbox 978 5247 1034 5302; x_wconf 91' lang='lat' dir='ltr'><strong>la</strong></span> <span class='ocrx_word' id='word_1_799' title='bbox 1064 5247 1275 5302; x_wconf 86' lang='lat' dir='ltr'><strong>récolte</strong></span> <span class='ocrx_word' id='word_1_800' title='bbox 1293 5247 1395 5302; x_wconf 90' lang='lat' dir='ltr'><strong>des</strong></span> <span class='ocrx_word' id='word_1_801' title='bbox 1419 5248 1627 5302; x_wconf 70' lang='lat' dir='ltr'><strong>elands</strong></span> <span class='ocrx_word' id='word_1_802' title='bbox 1651 5251 1861 5302; x_wconf 78' lang='lat' dir='ltr'><strong>(escas).</strong></span> 
     </span>
    </p>
   </div>
   <div class='ocr_carea' id='block_1_108' title="bbox 218 5246 1861 5320">
    <p class='ocr_par' dir='ltr' id='par_1_108' title="bbox 218 5246 1861 5320">
     <span class='ocr_line' id='line_1_110' title="bbox 218 5246 1861 5320; baseline 0.002 -18"><span class='ocrx_word' id='word_1_803' title='bbox 218 5263 281 5302; x_wconf 92' lang='lat' dir='ltr'><strong>es</strong></span> <span class='ocrx_word' id='word_1_804' title='bbox 312 5247 531 5300; x_wconf 88' lang='lat' dir='ltr'><strong>années</strong></span> <span class='ocrx_word' id='word_1_805' title='bbox 557 5249 634 5301; x_wconf 76' lang='lat' dir='ltr'><strong>ou</strong></span> <span class='ocrx_word' id='word_1_806' title='bbox 659 5246 812 5320; x_wconf 81' lang='lat' dir='ltr'><strong>avait</strong></span> <span class='ocrx_word' id='word_1_807' title='bbox 837 5247 955 5320; x_wconf 85' lang='lat' dir='ltr'><strong>lieu</strong></span> <span class='ocrx_word' id='word_1_808' title='bbox 978 5247 1034 5320; x_wconf 83' lang='lat' dir='ltr'><strong>la</strong></span> <span class='ocrx_word' id='word_1_809' title='bbox 1064 5247 1275 5320; x_wconf 81' lang='lat' dir='ltr'><strong>recolte</strong></span> <span class='ocrx_word' id='word_1_810' title='bbox 1293 5246 1395 5320; x_wconf 79' lang='lat' dir='ltr'><strong>des</strong></span> <span class='ocrx_word' id='word_1_811' title='bbox 1418 5246 1627 5320; x_wconf 76' lang='lat' dir='ltr'><strong>glands</strong></span> <span class='ocrx_word' id='word_1_812' title='bbox 1651 5246 1861 5320; x_wconf 46' lang='lat' dir='ltr'><strong>(es-cas),</strong></span> 
     </span>
    </p>
   </div>
   <div class='ocr_carea' id='block_1_109' title="bbox 199 5316 1866 5388">
    <p class='ocr_par' dir='ltr' id='par_1_109' title="bbox 199 5316 1866 5388">
     <span class='ocr_line' id='line_1_111' title="bbox 199 5316 1866 5388; baseline 0.003 -15"><span class='ocrx_word' id='word_1_813' title='bbox 199 5331 427 5388; x_wconf 87' lang='lat' dir='ltr'><strong>comma</strong></span> <span class='ocrx_word' id='word_1_814' title='bbox 473 5332 547 5371; x_wconf 93' lang='lat' dir='ltr'><strong>on</strong></span> <span class='ocrx_word' id='word_1_815' title='bbox 579 5321 720 5388; x_wconf 90' lang='lat' dir='ltr'><strong>paut</strong></span> <span class='ocrx_word' id='word_1_816' title='bbox 747 5316 800 5373; x_wconf 93' lang='lat' dir='ltr'><strong>la</strong></span> <span class='ocrx_word' id='word_1_817' title='bbox 831 5318 955 5373; x_wconf 91' lang='lat' dir='ltr'><strong>voir</strong></span> <span class='ocrx_word' id='word_1_818' title='bbox 986 5319 1140 5388; x_wconf 90' lang='lat' dir='ltr'><strong>dans</strong></span> <span class='ocrx_word' id='word_1_819' title='bbox 1163 5317 1219 5373; x_wconf 90' lang='lat' dir='ltr'><strong>la</strong></span> <span class='ocrx_word' id='word_1_820' title='bbox 1265 5316 1866 5378; x_wconf 72' lang='lat' dir='ltr'><strong>soixante-deuxieme</strong></span> 
     </span>
    </p>
   </div>
   <div class='ocr_carea' id='block_1_110' title="bbox 198 5387 1871 5467">
    <p class='ocr_par' dir='ltr' id='par_1_110' title="bbox 198 5387 1871 5467">
     <span class='ocr_line' id='line_1_112' title="bbox 198 5387 1871 5467; baseline 0.002 -23"><span class='ocrx_word' id='word_1_821' title='bbox 198 5389 303 5444; x_wconf 89' lang='lat' dir='ltr'><strong>des</strong></span> <span class='ocrx_word' id='word_1_822' title='bbox 333 5387 671 5467; x_wconf 35' lang='lat' dir='ltr'><strong>cbartes’ou</strong></span> <span class='ocrx_word' id='word_1_823' title='bbox 696 5388 984 5467; x_wconf 75' lang='lat' dir='ltr'><strong>formulas</strong></span> <span class='ocrx_word' id='word_1_824' title='bbox 1009 5387 1275 5467; x_wconf 77' lang='lat' dir='ltr'><strong>publieae</strong></span> <span class='ocrx_word' id='word_1_825' title='bbox 1309 5406 1415 5467; x_wconf 75' lang='lat' dir='ltr'><strong>par</strong></span> <span class='ocrx_word' id='word_1_826' title='bbox 1436 5389 1694 5447; x_wconf 88' lang='lat' dir='ltr'><strong>Goldast.</strong></span> <span class='ocrx_word' id='word_1_827' title='bbox 1712 5393 1790 5448; x_wconf 79' lang='grc' dir='ltr'><strong>[οἱ</strong></span> <span class='ocrx_word' id='word_1_828' title='bbox 1812 5394 1871 5467; x_wconf 88' lang='lat' dir='ltr'><strong>la</strong></span> 
     </span>
    </p>
   </div>
   <div class='ocr_carea' id='block_1_111' title="bbox 199 5459 1868 5531">
    <p class='ocr_par' dir='ltr' id='par_1_111' title="bbox 199 5459 1868 5531">
     <span class='ocr_line' id='line_1_113' title="bbox 199 5459 1868 5531; baseline 0.005 -20"><span class='ocrx_word' id='word_1_829' title='bbox 199 5459 502 5531; x_wconf 81' lang='lat' dir='ltr'><strong>condition</strong></span> <span class='ocrx_word' id='word_1_830' title='bbox 533 5462 624 5514; x_wconf 88' lang='lat' dir='ltr'><strong>est</strong></span> <span class='ocrx_word' id='word_1_831' title='bbox 654 5459 790 5531; x_wconf 90' lang='lat' dir='ltr'><strong>plus</strong></span> <span class='ocrx_word' id='word_1_832' title='bbox 821 5461 989 5524; x_wconf 89' lang='lat' dir='ltr'><strong>dure,</strong></span> <span class='ocrx_word' id='word_1_833' title='bbox 1010 5459 1078 5516; x_wconf 78' lang='lat' dir='ltr'><strong>et</strong></span> <span class='ocrx_word' id='word_1_834' title='bbox 1109 5464 1256 5516; x_wconf 90' lang='lat' dir='ltr'><strong>cette</strong></span> <span class='ocrx_word' id='word_1_835' title='bbox 1288 5459 1604 5516; x_wconf 29' lang='lat' dir='ltr'><strong>r’edevance</strong></span> <span class='ocrx_word' id='word_1_836' title='bbox 1635 5467 1724 5518; x_wconf 91' lang='lat' dir='ltr'><strong>est</strong></span> <span class='ocrx_word' id='word_1_837' title='bbox 1753 5466 1868 5519; x_wconf 79' lang='lat' dir='ltr'><strong>exi-</strong></span> 
     </span>
    </p>
   </div>
   <div class='ocr_carea' id='block_1_112' title="bbox 198 5528 1870 5606">
    <p class='ocr_par' dir='ltr' id='par_1_112' title="bbox 198 5528 1870 5606">
     <span class='ocr_line' id='line_1_114' title="bbox 198 5528 1870 5606; baseline 0.004 -21"><span class='ocrx_word' id='word_1_838' title='bbox 198 5528 356 5604; x_wconf 90' lang='lat' dir='ltr'><strong>gible</strong></span> <span class='ocrx_word' id='word_1_839' title='bbox 372 5528 599 5600; x_wconf 89' lang='lat' dir='ltr'><strong>chaque</strong></span> <span class='ocrx_word' id='word_1_840' title='bbox 621 5528 828 5598; x_wconf 79' lang='lat' dir='ltr'><strong>annéa,</strong></span> <span class='ocrx_word' id='word_1_841' title='bbox 846 5548 960 5603; x_wconf 90' lang='lat' dir='ltr'><strong>qua</strong></span> <span class='ocrx_word' id='word_1_842' title='bbox 979 5531 1034 5588; x_wconf 91' lang='lat' dir='ltr'><strong>la</strong></span> <span class='ocrx_word' id='word_1_843' title='bbox 1053 5531 1271 5588; x_wconf 87' lang='lat' dir='ltr'><strong>récolte</strong></span> <span class='ocrx_word' id='word_1_844' title='bbox 1294 5532 1397 5588; x_wconf 90' lang='lat' dir='ltr'><strong>des</strong></span> <span class='ocrx_word' id='word_1_845' title='bbox 1419 5531 1629 5606; x_wconf 83' lang='lat' dir='ltr'><strong>glands</strong></span> <span class='ocrx_word' id='word_1_846' title='bbox 1653 5534 1734 5589; x_wconf 90' lang='lat' dir='ltr'><strong>ait</strong></span> <span class='ocrx_word' id='word_1_847' title='bbox 1755 5535 1870 5592; x_wconf 90' lang='lat' dir='ltr'><strong>lieu</strong></span> 
     </span>
    </p>
   </div>
   <div class='ocr_carea' id='block_1_113' title="bbox 199 5617 449 5660">
    <p class='ocr_par' dir='ltr' id='par_1_113' title="bbox 199 5617 449 5660">
     <span class='ocr_line' id='line_1_115' title="bbox 199 5617 449 5660; baseline -0.02 0"><span class='ocrx_word' id='word_1_848' title='bbox 199 5619 276 5660; x_wconf 77' lang='grc' dir='ltr'><strong>ΟΠ</strong></span> <span class='ocrx_word' id='word_1_849' title='bbox 310 5617 449 5656; x_wconf 90' lang='lat' dir='ltr'><strong>non.</strong></span> 
     </span>
    </p>
   </div>
   <div class='ocr_carea' id='block_1_114' title="bbox 273 5671 1878 5748">
    <p class='ocr_par' dir='ltr' id='par_1_114' title="bbox 273 5671 1878 5748">
     <span class='ocr_line' id='line_1_116' title="bbox 273 5671 1878 5748; baseline 0.004 -20"><span class='ocrx_word' id='word_1_850' title='bbox 273 5673 421 5746; x_wconf 88' lang='grc'>(130)</span> <span class='ocrx_word' id='word_1_851' title='bbox 442 5671 602 5730; x_wconf 84' lang='lat' dir='ltr'><strong>Cette</strong></span> <span class='ocrx_word' id='word_1_852' title='bbox 627 5672 879 5732; x_wconf 83' lang='lat' dir='ltr'><strong>formula</strong></span> <span class='ocrx_word' id='word_1_853' title='bbox 903 5691 974 5732; x_wconf 90' lang='lat' dir='ltr'><strong>na</strong></span> <span class='ocrx_word' id='word_1_854' title='bbox 1000 5690 1061 5732; x_wconf 80' lang='lat' dir='ltr'><strong>se</strong></span> <span class='ocrx_word' id='word_1_855' title='bbox 1091 5677 1294 5732; x_wconf 87' lang='lat' dir='ltr'><strong>trouve</strong></span> <span class='ocrx_word' id='word_1_856' title='bbox 1317 5691 1426 5748; x_wconf 88' lang='lat' dir='ltr'><strong>pas</strong></span> <span class='ocrx_word' id='word_1_857' title='bbox 1447 5675 1596 5734; x_wconf 88' lang='lat' dir='ltr'><strong>dans</strong></span> <span class='ocrx_word' id='word_1_858' title='bbox 1628 5677 1686 5734; x_wconf 92' lang='lat' dir='ltr'><strong>S.</strong></span> <span class='ocrx_word' id='word_1_859' title='bbox 1720 5677 1783 5734; x_wconf 87' lang='lat' dir='ltr'><strong>G.</strong></span> <span class='ocrx_word' id='word_1_860' title='bbox 1809 5710 1878 5722; x_wconf 86' lang='lat'><strong>—-</strong></span> 
     </span>
    </p>
   </div>
   <div class='ocr_carea' id='block_1_115' title="bbox 1959 4683 3486 4752">
    <p class='ocr_par' dir='ltr' id='par_1_115' title="bbox 1959 4683 3486 4752">
     <span class='ocr_line' id='line_1_117' title="bbox 1959 4683 3486 4752; baseline -0.003 -12"><span class='ocrx_word' id='word_1_861' title='bbox 1959 4683 2087 4740; x_wconf 83' lang='lat' dir='ltr'><strong>soin</strong></span> <span class='ocrx_word' id='word_1_862' title='bbox 2119 4685 2190 4738; x_wconf 90' lang='lat' dir='ltr'><strong>de</strong></span> <span class='ocrx_word' id='word_1_863' title='bbox 2223 4688 2429 4737; x_wconf 85' lang='lat' dir='ltr'><strong>mettre</strong></span> <span class='ocrx_word' id='word_1_864' title='bbox 2462 4699 2586 4736; x_wconf 90' lang='lat' dir='ltr'><strong>mas</strong></span> <span class='ocrx_word' id='word_1_865' title='bbox 2618 4685 2981 4752; x_wconf 80' lang='lat' dir='ltr'><strong>conjectures</strong></span> <span class='ocrx_word' id='word_1_866' title='bbox 3011 4688 3172 4739; x_wconf 91' lang='lat' dir='ltr'><strong>entre</strong></span> <span class='ocrx_word' id='word_1_867' title='bbox 3201 4683 3486 4738; x_wconf 73' lang='lat' dir='ltr'><strong>crochets.</strong></span> 
     </span>
    </p>
   </div>
   <div class='ocr_carea' id='block_1_116' title="bbox 2031 4753 3615 4826">
    <p class='ocr_par' dir='ltr' id='par_1_116' title="bbox 2031 4753 3615 4826">
     <span class='ocr_line' id='line_1_118' title="bbox 2031 4753 3615 4826; baseline 0.001 -18"><span class='ocrx_word' id='word_1_868' title='bbox 2031 4755 2178 4826; x_wconf 88' lang='grc'>(131)</span> <span class='ocrx_word' id='word_1_869' title='bbox 2211 4754 2316 4826; x_wconf 85' lang='lat' dir='ltr'><strong>Ccs</strong></span> <span class='ocrx_word' id='word_1_870' title='bbox 2348 4759 2500 4826; x_wconf 90' lang='lat' dir='ltr'><strong>mots</strong></span> <span class='ocrx_word' id='word_1_871' title='bbox 2550 4753 2856 4826; x_wconf 80' lang='lat' dir='ltr'><strong>indiquent</strong></span> <span class='ocrx_word' id='word_1_872' title='bbox 2884 4771 2996 4825; x_wconf 90' lang='lat' dir='ltr'><strong>que</strong></span> <span class='ocrx_word' id='word_1_873' title='bbox 3026 4753 3615 4810; x_wconf 79' lang='lat' dir='ltr'><strong>l&#39;affrancbissement</strong></span> 
     </span>
    </p>
   </div>
   <div class='ocr_carea' id='block_1_117' title="bbox 1962 4824 2915 4895">
    <p class='ocr_par' dir='ltr' id='par_1_117' title="bbox 1962 4824 2915 4895">
     <span class='ocr_line' id='line_1_119' title="bbox 1962 4824 2915 4895; baseline -0.004 -13"><span class='ocrx_word' id='word_1_874' title='bbox 1962 4827 2116 4882; x_wconf 89' lang='lat' dir='ltr'><strong>avait</strong></span> <span class='ocrx_word' id='word_1_875' title='bbox 2146 4824 2216 4881; x_wconf 88' lang='lat' dir='ltr'><strong>eu</strong></span> <span class='ocrx_word' id='word_1_876' title='bbox 2252 4825 2365 4880; x_wconf 91' lang='lat' dir='ltr'><strong>lieu</strong></span> <span class='ocrx_word' id='word_1_877' title='bbox 2397 4825 2542 4878; x_wconf 89' lang='lat' dir='ltr'><strong>dans</strong></span> <span class='ocrx_word' id='word_1_878' title='bbox 2574 4839 2687 4877; x_wconf 88' lang='lat' dir='ltr'><strong>une</strong></span> <span class='ocrx_word' id='word_1_879' title='bbox 2717 4824 2915 4895; x_wconf 63' lang='lat' dir='ltr'><strong>églisel</strong></span> 
     </span>
    </p>
   </div>
   <div class='ocr_carea' id='block_1_118' title="bbox 2037 4893 3616 4968">
    <p class='ocr_par' dir='ltr' id='par_1_118' title="bbox 2037 4893 3616 4968">
     <span class='ocr_line' id='line_1_120' title="bbox 2037 4893 3616 4968; baseline 0.001 -17"><span class='ocrx_word' id='word_1_880' title='bbox 2037 4898 2182 4967; x_wconf 89' lang='lat'>(132)</span> <span class='ocrx_word' id='word_1_881' title='bbox 2219 4896 2261 4951; x_wconf 94' lang='lat' dir='ltr'><strong>ll</strong></span> <span class='ocrx_word' id='word_1_882' title='bbox 2295 4897 2418 4968; x_wconf 83' lang='lat' dir='ltr'><strong>faut</strong></span> <span class='ocrx_word' id='word_1_883' title='bbox 2438 4893 2780 4968; x_wconf 75' lang='lat' dir='ltr'><strong>remarquer</strong></span> <span class='ocrx_word' id='word_1_884' title='bbox 2809 4911 2920 4968; x_wconf 83' lang='lat' dir='ltr'><strong>que</strong></span> <span class='ocrx_word' id='word_1_885' title='bbox 2950 4893 3007 4948; x_wconf 90' lang='lat' dir='ltr'><strong>la</strong></span> <span class='ocrx_word' id='word_1_886' title='bbox 3028 4895 3312 4968; x_wconf 79' lang='lat' dir='ltr'><strong>premiere</strong></span> <span class='ocrx_word' id='word_1_887' title='bbox 3337 4895 3520 4968; x_wconf 90' lang='lat' dir='ltr'><strong>partie</strong></span> <span class='ocrx_word' id='word_1_888' title='bbox 3545 4897 3616 4953; x_wconf 89' lang='lat' dir='ltr'><strong>de</strong></span> 
     </span>
    </p>
   </div>
   <div class='ocr_carea' id='block_1_119' title="bbox 1965 4965 3614 5038">
    <p class='ocr_par' dir='ltr' id='par_1_119' title="bbox 1965 4965 3614 5038">
     <span class='ocr_line' id='line_1_121' title="bbox 1965 4965 3614 5038; baseline -0.001 -14"><span class='ocrx_word' id='word_1_889' title='bbox 1965 4965 2112 5024; x_wconf 82' lang='lat' dir='ltr'><strong>cette</strong></span> <span class='ocrx_word' id='word_1_890' title='bbox 2139 4967 2388 5022; x_wconf 85' lang='lat' dir='ltr'><strong>formule</strong></span> <span class='ocrx_word' id='word_1_891' title='bbox 2417 4973 2504 5021; x_wconf 91' lang='lat' dir='ltr'><strong>est</strong></span> <span class='ocrx_word' id='word_1_892' title='bbox 2525 4965 2753 5038; x_wconf 75' lang='lat' dir='ltr'><strong>rédigée</strong></span> <span class='ocrx_word' id='word_1_893' title='bbox 2771 4965 2842 5020; x_wconf 81' lang='lat' dir='ltr'><strong>eri</strong></span> <span class='ocrx_word' id='word_1_894' title='bbox 2874 4967 3059 5038; x_wconf 83' lang='lat' dir='ltr'><strong>forme</strong></span> <span class='ocrx_word' id='word_1_895' title='bbox 3090 4966 3160 5038; x_wconf 85' lang='lat' dir='ltr'><strong>de</strong></span> <span class='ocrx_word' id='word_1_896' title='bbox 3189 4965 3394 5034; x_wconf 53' lang='lat' dir='ltr'><strong>chart&#39;e,</strong></span> <span class='ocrx_word' id='word_1_897' title='bbox 3419 4968 3614 5023; x_wconf 88' lang='lat' dir='ltr'><strong>tandis</strong></span> 
     </span>
    </p>
   </div>
   <div class='ocr_carea' id='block_1_120' title="bbox 2011 5037 3618 5109">
    <p class='ocr_par' dir='ltr' id='par_1_120' title="bbox 2011 5037 3618 5109">
     <span class='ocr_line' id='line_1_122' title="bbox 2011 5037 3618 5109; baseline -0.001 -15"><span class='ocrx_word' id='word_1_898' title='bbox 2011 5056 2081 5094; x_wconf 93' lang='lat' dir='ltr'><strong>ua</strong></span> <span class='ocrx_word' id='word_1_899' title='bbox 2112 5039 2167 5093; x_wconf 92' lang='lat' dir='ltr'><strong>la</strong></span> <span class='ocrx_word' id='word_1_900' title='bbox 2209 5039 2360 5094; x_wconf 86' lang='lat' dir='ltr'><strong>snite</strong></span> <span class='ocrx_word' id='word_1_901' title='bbox 2391 5041 2480 5092; x_wconf 89' lang='lat' dir='ltr'><strong>est</strong></span> <span class='ocrx_word' id='word_1_902' title='bbox 2512 5037 2739 5107; x_wconf 86' lang='lat' dir='ltr'><strong>rédigée</strong></span> <span class='ocrx_word' id='word_1_903' title='bbox 2769 5053 2839 5092; x_wconf 88' lang='lat' dir='ltr'><strong>an</strong></span> <span class='ocrx_word' id='word_1_904' title='bbox 2873 5037 3318 5109; x_wconf 74' lang='lat' dir='ltr'><strong>formed’épz’tre</strong></span> <span class='ocrx_word' id='word_1_905' title='bbox 3346 5038 3618 5093; x_wconf 86' lang='lat' dir='ltr'><strong>adressée</strong></span> 
     </span>
    </p>
   </div>
   <div class='ocr_carea' id='block_1_121' title="bbox 1967 5059 3182 5180">
    <p class='ocr_par' dir='ltr' id='par_1_121' title="bbox 1967 5059 3182 5180">
     <span class='ocr_line' id='line_1_123' title="bbox 2011 5059 3182 5109; baseline -0.002 -15"><span class='ocrx_word' id='word_1_906' title='bbox 2011 5059 2081 5094; x_wconf 77' lang='lat' dir='ltr'><strong>U8</strong></span> <span class='ocrx_word' id='word_1_907' title='bbox 2112 5059 2167 5093; x_wconf 80' lang='grc'><strong>18.</strong></span> <span class='ocrx_word' id='word_1_908' title='bbox 2209 5059 2360 5094; x_wconf 57' lang='grc'>511118</span> <span class='ocrx_word' id='word_1_909' title='bbox 2391 5059 2480 5092; x_wconf 65' lang='grc' dir='ltr'><strong>ρει</strong></span> <span class='ocrx_word' id='word_1_910' title='bbox 2512 5059 2739 5107; x_wconf 70' lang='lat' dir='ltr'><strong>mulges</strong></span> <span class='ocrx_word' id='word_1_911' title='bbox 2769 5059 2839 5092; x_wconf 72' lang='grc' dir='ltr'><strong>ΘΗ</strong></span> <span class='ocrx_word' id='word_1_912' title='bbox 2873 5059 3056 5092; x_wconf 74' lang='lat' dir='ltr'><strong>IOI‘IIIB</strong></span> <span class='ocrx_word' id='word_1_913' title='bbox 3087 5059 3123 5091; x_wconf 84' lang='grc'>(1</span> <span class='ocrx_word' id='word_1_914' title='bbox 3145 5059 3182 5109; x_wconf 65' lang='grc' dir='ltr'><strong>ϐλ</strong></span> 
     </span>
     <span class='ocr_line' id='line_1_124' title="bbox 1967 5059 3182 5180; baseline -0.002 -13"><span class='ocrx_word' id='word_1_915' title='bbox 1967 5059 2349 5167; x_wconf 58' lang='grc' dir='ltr'><strong>ἓίωείθιηθηῑ</strong></span> <span class='ocrx_word' id='word_1_916' title='bbox 2381 5112 2414 5163; x_wconf 78' lang='lat' dir='ltr'><strong>a</strong></span> <span class='ocrx_word' id='word_1_917' title='bbox 2440 5109 2496 5163; x_wconf 92' lang='lat' dir='ltr'><strong>la</strong></span> <span class='ocrx_word' id='word_1_918' title='bbox 2525 5124 2814 5180; x_wconf 80' lang='lat' dir='ltr'><strong>personae</strong></span> <span class='ocrx_word' id='word_1_919' title='bbox 2845 5108 3182 5180; x_wconf 80' lang='lat' dir='ltr'><strong>aﬂ&#39;ranchie.</strong></span> 
     </span>
    </p>
   </div>
   <div class='ocr_carea' id='block_1_122' title="bbox 2042 5178 3658 5252">
    <p class='ocr_par' dir='ltr' id='par_1_122' title="bbox 2042 5178 3658 5252">
     <span class='ocr_line' id='line_1_125' title="bbox 2042 5178 3658 5252; baseline 0.001 -16"><span class='ocrx_word' id='word_1_920' title='bbox 2042 5183 2191 5250; x_wconf 85' lang='lat'>(133)</span> <span class='ocrx_word' id='word_1_921' title='bbox 2224 5181 2308 5235; x_wconf 92' lang='lat' dir='ltr'><strong>On</strong></span> <span class='ocrx_word' id='word_1_922' title='bbox 2343 5180 2456 5235; x_wconf 90' lang='lat' dir='ltr'><strong>sait</strong></span> <span class='ocrx_word' id='word_1_923' title='bbox 2482 5178 2595 5252; x_wconf 77' lang='lat' dir='ltr'><strong>qua</strong></span> <span class='ocrx_word' id='word_1_924' title='bbox 2626 5179 2710 5234; x_wconf 90' lang='lat' dir='ltr'><strong>les</strong></span> <span class='ocrx_word' id='word_1_925' title='bbox 2731 5179 3046 5252; x_wconf 74' lang='lat' dir='ltr'><strong>affrancbis</strong></span> <span class='ocrx_word' id='word_1_926' title='bbox 3075 5178 3341 5252; x_wconf 84' lang='lat' dir='ltr'><strong>devaient</strong></span> <span class='ocrx_word' id='word_1_927' title='bbox 3360 5180 3658 5252; x_wconf 73' lang='lat' dir='ltr'><strong>toujourS‘</strong></span> 
     </span>
    </p>
   </div>
   <div class='ocr_carea' id='block_1_123' title="bbox 1974 5250 3630 5324">
    <p class='ocr_par' dir='ltr' id='par_1_123' title="bbox 1974 5250 3630 5324">
     <span class='ocr_line' id='line_1_126' title="bbox 1974 5250 3630 5324; baseline -0.001 -16"><span class='ocrx_word' id='word_1_928' title='bbox 1974 5253 2319 5324; x_wconf 80' lang='lat' dir='ltr'><strong>étreplacés</strong></span> <span class='ocrx_word' id='word_1_929' title='bbox 2351 5250 2573 5324; x_wconf 27' lang='lat' dir='ltr'><strong>sous‘la</strong></span> <span class='ocrx_word' id='word_1_930' title='bbox 2603 5251 3066 5324; x_wconf 80' lang='lat' dir='ltr'><strong>mundeburdium</strong></span> <span class='ocrx_word' id='word_1_931' title='bbox 3095 5252 3166 5307; x_wconf 91' lang='lat' dir='ltr'><strong>de</strong></span> <span class='ocrx_word' id='word_1_932' title='bbox 3198 5250 3538 5324; x_wconf 78' lang='lat' dir='ltr'><strong>quelqu’un,</strong></span> <span class='ocrx_word' id='word_1_933' title='bbox 3572 5256 3630 5324; x_wconf 82' lang='lat' dir='ltr'><strong>et</strong></span> 
     </span>
    </p>
   </div>
   <div class='ocr_carea' id='block_1_124' title="bbox 1976 5322 3626 5396">
    <p class='ocr_par' dir='ltr' id='par_1_124' title="bbox 1976 5322 3626 5396">
     <span class='ocr_line' id='line_1_127' title="bbox 1976 5322 3626 5396; baseline 0 -18"><span class='ocrx_word' id='word_1_934' title='bbox 1976 5341 2089 5396; x_wconf 91' lang='lat' dir='ltr'><strong>que</strong></span> <span class='ocrx_word' id='word_1_935' title='bbox 2109 5322 2173 5396; x_wconf 76' lang='lat' dir='ltr'><strong>la</strong></span> <span class='ocrx_word' id='word_1_936' title='bbox 2196 5323 2561 5396; x_wconf 81' lang='lat' dir='ltr'><strong>designation</strong></span> <span class='ocrx_word' id='word_1_937' title='bbox 2585 5339 2654 5396; x_wconf 81' lang='lat' dir='ltr'><strong>an</strong></span> <span class='ocrx_word' id='word_1_938' title='bbox 2681 5322 3388 5396; x_wconf 76' lang='lat' dir='ltr'><strong>appartenaitaumaitre.</strong></span> <span class='ocrx_word' id='word_1_939' title='bbox 3414 5323 3562 5379; x_wconf 88' lang='lat' dir='ltr'><strong>Mais</strong></span> <span class='ocrx_word' id='word_1_940' title='bbox 3584 5322 3626 5378; x_wconf 90' lang='lat' dir='ltr'><strong>il</strong></span> 
     </span>
    </p>
   </div>
   <div class='ocr_carea' id='block_1_125' title="bbox 1978 5393 3631 5464">
    <p class='ocr_par' dir='ltr' id='par_1_125' title="bbox 1978 5393 3631 5464">
     <span class='ocr_line' id='line_1_128' title="bbox 1978 5393 3631 5464; baseline 0 -13"><span class='ocrx_word' id='word_1_941' title='bbox 1978 5393 2116 5451; x_wconf 77' lang='lat' dir='ltr'><strong>était</strong></span> <span class='ocrx_word' id='word_1_942' title='bbox 2165 5393 2422 5450; x_wconf 79' lang='lat' dir='ltr'><strong>habitual</strong></span> <span class='ocrx_word' id='word_1_943' title='bbox 2475 5410 2587 5464; x_wconf 90' lang='lat' dir='ltr'><strong>qua</strong></span> <span class='ocrx_word' id='word_1_944' title='bbox 2617 5393 2849 5448; x_wconf 29' lang='lat' dir='ltr'><strong>dans’le</strong></span> <span class='ocrx_word' id='word_1_945' title='bbox 2880 5411 2979 5448; x_wconf 90' lang='lat' dir='ltr'><strong>cas</strong></span> <span class='ocrx_word' id='word_1_946' title='bbox 3025 5393 3631 5451; x_wconf 84' lang='lat' dir='ltr'><strong>d’affranchissement</strong></span> 
     </span>
    </p>
   </div>
   <div class='ocr_carea' id='block_1_126' title="bbox 1980 5465 3626 5535">
    <p class='ocr_par' dir='ltr' id='par_1_126' title="bbox 1980 5465 3626 5535">
     <span class='ocr_line' id='line_1_129' title="bbox 1980 5465 3626 5535; baseline 0.001 -13"><span class='ocrx_word' id='word_1_947' title='bbox 1980 5465 2299 5523; x_wconf 84' lang='lat' dir='ltr'><strong>semblable</strong></span> <span class='ocrx_word' id='word_1_948' title='bbox 2323 5470 2354 5520; x_wconf 66' lang='grc' dir='ltr'><strong>ὲ</strong></span> <span class='ocrx_word' id='word_1_949' title='bbox 2372 5465 2517 5520; x_wconf 89' lang='lat' dir='ltr'><strong>celui</strong></span> <span class='ocrx_word' id='word_1_950' title='bbox 2541 5465 2682 5519; x_wconf 88' lang='lat' dir='ltr'><strong>dont</strong></span> <span class='ocrx_word' id='word_1_951' title='bbox 2698 5469 2843 5520; x_wconf 83' lang='lat' dir='ltr'><strong>cette</strong></span> <span class='ocrx_word' id='word_1_952' title='bbox 2866 5465 3114 5520; x_wconf 89' lang='lat' dir='ltr'><strong>formula</strong></span> <span class='ocrx_word' id='word_1_953' title='bbox 3135 5466 3276 5522; x_wconf 81' lang='lat' dir='ltr'><strong>oil‘ra</strong></span> <span class='ocrx_word' id='word_1_954' title='bbox 3305 5465 3358 5521; x_wconf 91' lang='lat' dir='ltr'><strong>le</strong></span> <span class='ocrx_word' id='word_1_955' title='bbox 3380 5466 3626 5535; x_wconf 81' lang='lat' dir='ltr'><strong>modele,</strong></span> 
     </span>
    </p>
   </div>
   <div class='ocr_carea' id='block_1_127' title="bbox 1982 5535 3632 5613">
    <p class='ocr_par' dir='ltr' id='par_1_127' title="bbox 1982 5535 3632 5613">
     <span class='ocr_line' id='line_1_130' title="bbox 1982 5535 3632 5613; baseline 0.001 -21"><span class='ocrx_word' id='word_1_956' title='bbox 1982 5539 2034 5613; x_wconf 84' lang='lat' dir='ltr'><strong>le</strong></span> <span class='ocrx_word' id='word_1_957' title='bbox 2050 5537 2508 5613; x_wconf 59' lang='lat' dir='ltr'><strong>mundctardium</strong></span> <span class='ocrx_word' id='word_1_958' title='bbox 2531 5536 2618 5613; x_wconf 76' lang='lat' dir='ltr'><strong>ut</strong></span> <span class='ocrx_word' id='word_1_959' title='bbox 2634 5535 2794 5613; x_wconf 73' lang='lat' dir='ltr'><strong>dévol</strong></span> <span class='ocrx_word' id='word_1_960' title='bbox 2805 5554 2838 5613; x_wconf 82' lang='lat' dir='ltr'><strong>_u</strong></span> <span class='ocrx_word' id='word_1_961' title='bbox 2855 5539 2887 5592; x_wconf 68' lang='grc' dir='ltr'>ὲ</span> <span class='ocrx_word' id='word_1_962' title='bbox 2909 5536 3128 5609; x_wconf 86' lang='lat' dir='ltr'><strong>l’église</strong></span> <span class='ocrx_word' id='word_1_963' title='bbox 3151 5539 3361 5594; x_wconf 88' lang='lat' dir='ltr'><strong>devant</strong></span> <span class='ocrx_word' id='word_1_964' title='bbox 3381 5537 3632 5613; x_wconf 89' lang='lat' dir='ltr'><strong>laquelle</strong></span> 
     </span>
    </p>
   </div>
   <div class='ocr_carea' id='block_1_128' title="bbox 1981 5607 2914 5666">
    <p class='ocr_par' dir='ltr' id='par_1_128' title="bbox 1981 5607 2914 5666">
     <span class='ocr_line' id='line_1_131' title="bbox 1981 5607 2914 5666; baseline -0.001 -1"><span class='ocrx_word' id='word_1_965' title='bbox 1981 5608 2569 5666; x_wconf 83' lang='lat' dir='ltr'><strong>l‘atfranchissement</strong></span> <span class='ocrx_word' id='word_1_966' title='bbox 2598 5607 2749 5663; x_wconf 89' lang='lat' dir='ltr'><strong>avait</strong></span> <span class='ocrx_word' id='word_1_967' title='bbox 2779 5607 2914 5664; x_wconf 91' lang='lat' dir='ltr'><strong>lieu.</strong></span> 
     </span>
    </p>
   </div>
  </div>
