4026 6176
165 303 322 368 1437

1457 285 1860 354 ῈΟΗΜΠΙΑΕ
1901 264 2284 348 VETERES.

3417 287 3575 349 1438

165 438 488 496 secundum
517 433 728 510 legem.
761 433 818 490 Si
853 431 996 507 quis
1017 447 1172 499 vero,
1197 425 1350 503 quod
1382 427 1507 502 fieri
1540 442 1656 482 non
1689 440 1813 480 ere-
1840 421 1898 488 Α
1926 419 2160 510 propria
2197 416 2466 491 largitate
2491 417 2826 510 decreverit,
2858 417 2958 477 ille
2999 419 3149 477 bene
3193 420 3418 490 tribuit,
3451 423 3575 495 qui,

165 528 386 597 dimus,
417 527 466 585 si
498 498 608 600 ego
636 525 759 598 ipse
790 498 892 580 aut
923 521 1078 578 ullus
1109 498 1391 576 heredum
1418 498 1508 572 vel
1541 514 1814 588 prohere-

1927 508 2196 580 quamvis
2227 523 2458 580 parum,
2492 506 2638 562 nihil
2679 511 2874 564 tamen
2903 513 3066 566 extra
3101 510 3303 566 datum
3335 510 3576 568 dimise-

165 618 306 674 dum
340 597 627 682 meorum,
653 597 752 687 qui
775 616 976 668 contra
1006 611 1156 666 hanc
1186 607 1452 663 libellum
1474 605 1628 662 dotis
1650 621 1819 677 agere
1928 599 2021 654 rit.
2060 599 2190 654 Ideo
2224 598 2281 652 in
2314 597 2512 653 Dei...
2538 638 2584 652 ..
2610 638 2657 654 ..

165 711 269 762 aut
295 707 492 762 venire
526 703 793 774 voluerit,
816 699 1085 774 partibus
1114 699 1251 754 ﬁsce
1281 699 1428 770 (167)
1462 695 1648 752 multa
1679 712 1818 750 con-

163 800 363 869 ponat,
389 795 447 850 id
479 792 735 872 estpauri
786 793 1043 854 tantum,
1076 787 1302 860 argenti
1353 785 1610 858 pondera
1659 789 1822 840 tanta

164 889 402 942 coactus
455 881 733 953 exsolvat,
766 884 823 936 et
851 879 1007 952 quod
1061 877 1272 949 repetit
1324 893 1428 948 per
1478 874 1822 947 nulliusque

161 971 438 1046 ingenuis
463 971 610 1041 (168)
643 968 974 1024 evindicare
1017 982 1133 1020 non
1163 962 1379 1030 valeat;
1415 963 1516 1018 sed
1559 961 1664 1018 hec
1695 962 1821 1034 epi—

163 1061 314 1120 stola
343 1060 494 1116 dotis
526 1058 684 1114 omni
725 1061 988 1129 tempore
1027 1054 1198 1109 firma
1226 1056 1284 1108 et
1314 1051 1541 1108 stabilis
1592 1066 1823 1123 perma-

164 1154 480 1311 neSignum
505 1236 685 1304 illius,
710 1233 812 1308 qui
837 1234 1012 1290 istam
1045 1235 1238 1289 dotem
1262 1231 1500 1288 donavit
1521 1233 1696 1302 atque
1731 1229 1824 1287 ἣν.

164 1344 324 1385 mare
355 1327 602 1399 rogavit.

738 1430 1022 1469 LIBELLUM
1063 1429 1226 1468 DOTIS
1237 1453 1249 1466 .

2594 730 2911 771 PROLOGUS.

2002 830 2102 887 Ille
2130 831 2279 887 bene
2309 830 2592 904 possidet,
2611 831 2711 903 qui
2735 830 2845 886 sibi
2878 831 2935 885 in
2961 832 3174 888 saecula
3202 832 3315 888 ista
3343 851 3576 907 compa-

1932 924 2019 976 rat
2053 919 2278 994 premia
2306 920 2682 992 sempiterna.
2717 920 3031 993 Propterea
3059 938 3190 994 ego.
3215 962 3226 978 .
3250 963 3262 978 .
3286 964 3298 978 .
3321 963 3333 979 .
3359 965 3368 978 .
3394 965 3405 979 .

2712 1037 2804 1093 ΧΙ.

2600 1143 2913 1183 PROLOGUS.

2006 1235 2252 1293 Domino
2283 1253 2452 1292 sacra
2471 1240 2676 1292 sancta
2696 1235 2939 1292 basilica
2959 1236 3181 1292 Sanctae
3217 1237 3416 1304 Maris,
3437 1253 3585 1294 sem-

1935 1342 2039 1400 per
2064 1325 2308 1399 virginis
2339 1343 2440 1383 seu
2465 1325 2664 1382 Sancti
2689 1325 2844 1382 Petri
2869 1325 3116 1398 apostoli
3143 1329 3588 1399 ceterorumque

1937 1420 2270 1472 sanctorum
2297 1415 2468 1487 (473),
2487 1430 2600 1488 que
2629 1418 2719 1471 est
2743 1419 3080 1472 constructa
3110 1414 3168 1470 in
3199 1415 3326 1472 loco
3358 1432 3585 1472 nuncu-

234 1505 384 1572 Quia
405 1521 507 1578 per
523 1502 968 1576 dispositionem
992 1501 1222 1558 Domini
1246 1501 1431 1557 nostri
1451 1500 1483 1557 J
1491 1517 1594 1558 esu
1614 1499 1827 1570 Christi
1938 1511 2113 1578 pante
2142 1505 2261 1561 illo.
2295 1505 2446 1562 Dum
2479 1521 2594 1561 non
2624 1508 2713 1560 est
2742 1503 3132 1578 incognitum.
3157 1546 3168 1562 .
3191 1545 3204 1562 .
3229 1547 3241 1561 .
3264 1547 3276 1562 .
3300 1546 3312 1561 .
3337 1547 3348 1560 .

175 1600 237 1652 et
265 1609 559 1652 consensu
590 1592 914 1648 amicorum
948 1597 1282 1648 nostrorum
1309 1606 1415 1662 ego
1444 1589 1538 1646 ille
1568 1594 1624 1645 te
1656 1590 1737 1645 ita
1765 1591 1831 1646 fi-

174 1684 318 1741 liam
349 1683 511 1740 illius
534 1681 595 1738 in
618 1681 948 1754 legitimum
971 1681 1311 1753 conjugium
1336 1679 1590 1752 suscepi,
1616 1679 1830 1735 idcirco

170 1774 286 1831 tibi
308 1774 502 1829 dotem
523 1771 852 1845 legitimum
871 1771 1170 1826 decretum
1187 1770 1259 1826 do
1282 1786 1462 1825 manu
1484 1769 1832 1842 potestativa

175 1863 239 1918 in
272 1877 422 1935 pago
451 1864 831 1932 nuncupante
861 1858 983 1927 illo,
1017 1859 1074 1913 in
1105 1857 1244 1914 villa
1283 1875 1397 1930 que
1440 1862 1683 1914 vocatur
1713 1857 1814 1912 illa

175 1928 404 2008 euntem
432 1949 693 2006 clausam
722 1966 856 2004 cum
881 1948 1091 2004 ceteris
1112 1947 1384 2012 adiﬁciis,
1409 1964 1543 2002 cum
1571 1951 1728 2002 terra
1747 1928 1837 2002 sa:

162 2039 277 2097 lice
302 2039 471 2110 (469),
499 2039 556 2094 id
588 2043 680 2094 est
702 2035 972 2109 jurnales
1015 2041 1232 2105 tantos,
1265 2041 1432 2109 prata
1459 2037 1530 2092 ad
1561 2037 1835 2092 carradas

163 2133 362 2185 tantes
385 2128 534 2199 (170)
549 2130 608 2182 et
627 2125 814 2182 hobas
836 2129 1053 2193 tantas,
1069 2142 1204 2181 cum
1227 2125 1402 2197 agris,
1423 2125 1629 2197 pratis,
1650 2125 1834 2182 silvis,

163 2216 426 2292 pascuis,
449 2216 620 2289 aquis
652 2232 1024 2288 aquarumve
1046 2214 1420 2280 decursibus,
1439 2218 1556 2270 uta
1576 2215 1670 2270 die
1700 2232 1835 2286 pre-

166 2309 333 2363 sente
365 2305 609 2369 habeas,
632 2307 833 2360 teneas
881 2308 1057 2376 atque
1111 2303 1446 2375 possideas;
1479 2303 1539 2358 in
1569 2320 1638 2360 ea
1677 2304 1838 2363 vide-

167 2394 309 2451 licet
338 2394 572 2451 racione
603 2396 687 2460 ut,
712 2392 996 2465 quamdiu
1044 2392 1280 2459 vixeris,
1313 2393 1550 2448 easdem
1582 2409 1676 2448 res
1725 2395 1836 2450 sub

167 2499 283 2539 usu
316 2483 637 2538 fructuario
670 2482 917 2547 habeas;
947 2485 1080 2554 post
1100 2482 1328 2537 obitum
1351 2497 1485 2537 vero
1510 2485 1679 2537 tuum
1713 2483 1838 2554 ipse

176 2588 272 2628 res
303 2572 363 2626 in
393 2586 586 2627 meam
622 2575 988 2626 revertantur
1037 2575 1384 2642 potestatem
1416 2569 1505 2626 vel
1557 2571 1628 2625 ad
1678 2589 1839 2628 meos

173 2660 420 2717 heredes
447 2659 762 2733 legitimos,
781 2659 830 2714 si
863 2675 956 2714 me
987 2658 1481 2730 supervixeris.Si
1513 2659 1647 2730 quis
1677 2677 1834 2742 vero,

177 2749 336 2822 quod
364 2749 632 2804 futurum
656 2764 785 2804 esse
816 2764 931 2803 non
963 2748 1156 2816 credo,
1181 2747 1230 2804 si
1261 2764 1366 2821 ego
1400 2748 1526 2820 ipse
1549 2753 1650 2804 aut
1681 2748 1841 2806 ullus

167 2837 454 2894 heredum
490 2835 579 2893 vel
620 2837 1020 2909 proximorum
1054 2852 1344 2902 meorum,
1377 2836 1529 2893 hanc
1569 2838 1836 2894 donatio—

171 2943 308 2982 nem
331 2926 487 2982 dotis
516 2923 782 2999 legaliter
811 2943 845 2981 a
865 2942 959 2981 me
985 2925 1198 2981 factam
1223 2925 1544 2998 infringere
1564 2927 1839 2997 voluerit,

173 3016 246 3072 ad
280 3018 476 3088 partes
519 3015 646 3070 ﬁsci
679 3013 868 3070 multa
896 3019 1231 3087 componat,
1255 3014 1313 3069 id
1345 3019 1437 3070 est
1484 3015 1613 3071 auri
1655 3016 1848 3076 libras,

169 3108 388 3168 tantas,
413 3103 639 3176 argenti
685 3102 866 3159 libras
909 3107 1130 3168 tantas,
1154 3107 1211 3158 et
1263 3103 1506 3175 insuper
1533 3104 1642 3159 tibi
1678 3105 1837 3161 aliud

169 3196 404 3254 tantum
430 3194 720 3264 quantum
751 3191 960 3264 repetit
981 3196 1218 3248 coactus
1243 3191 1504 3247 exsolvat
1527 3193 1706 3264 (171);
1732 3195 1839 3250 hec

169 3297 306 3338 vero
337 3279 574 3336 donatio
603 3280 777 3335 ﬁrma
805 3284 862 3336 et
901 3278 1133 3336 stabilis
1174 3285 1519 3353 permaneat
1561 3297 1699 3336 cum
1733 3282 1835 3338 sti-

169 3369 494 3426 bulacione
529 3368 804 3424 subnixa.

255 3461 466 3515 Actum
508 3457 568 3513 in
598 3456 738 3513 villa
768 3455 886 3524 illa,
920 3472 1072 3512 anno
1120 3456 1419 3512 Ludowici
1467 3457 1838 3515 invictissimi

182 3546 359 3621 regis,
378 3546 438 3602 in
464 3562 698 3602 menses
728 3544 848 3614 illo,
877 3544 970 3601 die
995 3545 1175 3603 Jovis.
1199 3545 1518 3602 indictione
1540 3563 1621 3614 Ill,
1641 3564 1836 3604 coram

183 3636 398 3692 comite
428 3634 529 3690 illo
560 3642 613 3690 et
637 3634 967 3706 frequentia
997 3633 1196 3706 populi
1230 3634 1598 3708 testibusque
1623 3636 1839 3692 subno-

181 3725 326 3782 tatis
360 3725 530 3795 (172).

255 3813 358 3886 Sig
388 3812 569 3881 illius,
603 3813 704 3886 qui
734 3812 888 3868 hanc
922 3811 1294 3868 donationem
1325 3812 1479 3869 dotis
1508 3813 1632 3869 fieri
1664 3831 1836 3887 roga-

180 3901 284 3958 vit.
320 3901 441 3974 Sig.
476 3905 800 3958 ceterorum
833 3901 1096 3957 testium.

256 3991 374 4064 Ego
406 3990 605 4063 itaque
642 3990 741 4046 ille
771 3991 963 4046 notavi
995 3991 1149 4048 diem
1182 3996 1240 4047 et
1268 4008 1510 4059 annum,
1543 3991 1750 4064 scripsi
1782 3996 1840 4049 et

188 4077 516 4150 subscripsi
546 4077 806 4144 feliciter,
842 4094 1034 4133 amen.

964 4193 1059 4248 IX.

257 4278 696 4353 Cetteformnle
726 4283 782 4336 et
812 4280 896 4337 les
939 4279 1069 4335 buit
1112 4285 1327 4347 autres,
1362 4282 1462 4353 qui
1508 4281 1582 4353 la,
1608 4282 1839 4338 suivent

185 4351 710 4424 immediatement,
741 4366 803 4407 se
833 4355 1173 4424 rapportent
1211 4369 1325 4424 aux
1367 4351 1626 4424 actesde
1655 4354 1836 4408 dona-

185 4423 332 4495 tion.
348 4423 457 4495 Les
479 4421 796 4495 premieres
818 4421 1042 4495 soritde
1063 4423 1308 4495 simples
1329 4422 1727 4495 préambules;
1751 4424 1837 4480 les

187 4494 342 4550 deux
370 4491 668 4550 dernieres
698 4494 906 4549 oti'rent
936 4493 1038 4548 des
1071 4491 1666 4566 modiales—complete.

855 4623 1173 4664 PROLOGUS.

257 4696 408 4753 Dum
441 4696 850 4771 unusquisque
895 4713 1001 4770 pro
1049 4696 1288 4755 modulo
1341 4697 1689 4771 quantitatis
1738 4716 1843 4755 sue

283 4901 407 4972 167)
439 4901 692 4968 Strasb.,
719 4903 855 4972 ﬁsci.

285 4972 409 5044 468)
441 4972 690 5044 Strasb.,
722 4974 932 5028 nullius
964 4975 1199 5044 ingenii.

286 5042 411 5117 1_69)
429 5042 552 5117 _Cf.,
575 5059 649 5099 au
682 5044 837 5117 sujet
857 5045 929 5117 de
963 5042 1182 5117 la'terre
1201 5045 1433 5117 salique,
1459 5043 1749 5117 l'ouvrage
1771 5046 1843 5101 de

190 5113 266 5170 M.
299 5113 623 5185 Pardessus
654 5131 757 5168 sur
786 5113 844 5169 la
871 5116 972 5170 Loi
997 5116 1226 5185 salique,
1261 5113 1333 5185 pf
1349 5115 1457 5169 705
1485 5120 1542 5170 et
1573 5113 1722 5170 suiv.

288 5184 410 5257 176)
443 5184 691 5257 Strasb.,
726 5187 922 5257 ajoute
958 5201 971 5239 :
1006 5184 1285 5256 mancipia
1330 5188 1612 5242 nominata
1641 5192 1838 5243 tantos.

286 5255 414 5324 474)
445 5255 694 5324 Strasb.,
725 5255 1028 5317 restituat”

288 5325 410 5398 172)
442 5325 520 5383 Le
549 5327 854 5398 sonverain
905 5325 1144 5398 désigné
1175 5326 1349 5398 dans
1373 5327 1701 5398 cetteidate
1749 5346 1842 5386 me

233 5395 530 5470 aratt'etre
575 5397 749 5470 Louis
778 5397 831 5454 le
862 5395 1284 5470 Germanique;
1337 5395 1390 5452 le
1437 5397 1692 5470 diploma
1741 5417 1842 5456 sur

212 5466 380 5538 equel
411 5466 468 5522 la
498 5468 746 5524 formule
780 5487 814 5525 a
862 5472 951 5524 été
1002 5466 1232 5540 rédig'ée
1281 5466 1648 5540 apparténait
1692 5471 1841 5526 donc

193 5485 380 5538 laquei
411 5485 468 5522 1a
498 5485 746 5524 rormuie
780 5487 814 5525 a
862 5485 951 5524 ete
1002 5485 1232 5593 remgee
1281 5485 1648 5540 appartenait
1692 5485 1838 5526 conc

193 5541 552 5613 auxannees
600 5540 726 5607 840,
758 5540 866 5613 855
893 5558 966 5597 ou
997 5541 1122 5613 870,
1173 5555 1236 5596 es
1282 5539 1429 5594 trois
1474 5539 1669 5613 seniles
1716 5543 1838 5613 qui,

233 5609 452 5692 endaut
479 5609 534 5692 le
563 5614 738 5692 regne
770 5612 838 5669 de
883 5629 945 5669 ce
990 5612 1210 5684 prince,
1243 5612 1696 5682 correspondent
1725 5609 1758 5668 ἑ
1787 5613 1843 5668 la

220 5681 490 5740 roisieme
517 5681 822 5740 indiction.

2701 1622 2818 1677 ΧΙΙ.

2605 1727 2919 1768 PROLOGUS.

1861 1794 1910 1859 Β
2017 1822 2077 1876 In
2122 1819 2219 1876 Dei
2272 1819 2528 1886 nomine,
2563 1819 3019 1890 perpetrandum
3064 1817 3384 1892 unicuique
3432 1817 3588 1893 quod

1944 1908 2275 1982 evangelica
2303 1924 2411 1963 vox
2456 1911 2752 1963 ammonet
2801 1908 3194 1964 dicens:Date
3239 1909 3592 1966 elemosinam

1945 2006 1996 2055 et
2024 2015 2138 2054 ecce
2178 2000 2365 2054 omnia
2392 1998 2598 2053 munda
2627 2000 2754 2052 sunt
2793 1998 2960 2069 (175).
2989 1997 3178 2069 Hujus
3207 2015 3342 2071 ergo
3385 1998 3591 2056 saluti-

1945 2089 2049 2144 feri
2083 2087 2337 2160 precepti
2369 2085 2796 2142 ammonicione
2824 2090 3214 2158 conpunctus,
3236 2087 3390 2143 dono
3419 2088 3594 2145 dona-

1945 2183 2313 2233 tum.......

2698 2263 2842 2318 XIII.

2609 2369 2924 2408 PROLOGUS.

2017 2450 2154 2517 Ego,
2190 2445 2247 2498 in
2281 2443 2382 2499 Dei
2417 2443 2670 2508 nomine,
2695 2441 2848 2497 taliS'
2869 2441 3010 2497 Mihi
3045 2443 3296 2499 decrevit
3321 2443 3592 2502 voluntas

1946 2536 2005 2590 in
2036 2534 2233 2590 animo
2267 2549 2394 2588 meo
2427 2536 2492 2587 ut
2535 2531 2792 2604 aliquam
2825 2531 3157 2602 porcionem
3199 2533 3270 2588 de
3315 2532 3489 2588 rebus
3520 2533 3590 2589 ad

1945 2621 2246 2679 ecclesiam
2280 2619 2466 2677 sancti
2501 2619 2662 2675 illius
2691 2619 2916 2675 tradere
2946 2620 3302 2687 debuissem,
3327 2621 3482 2694 quod
3513 2621 3595 2678 ita

1945 2716 2003 2769 et
2035 2709 2487 2767 tradidi.......

2704 2795 2843 2852 XIV.

2611 2902 2927 2942 PROLOGUS.

2016 2978 2134 3049 Ego
2164 2981 2360 3032 tamen
2391 2975 2572 3045 huius
2604 2974 2685 3030 rei
2715 2973 3050 3046 exemplum
3096 2975 3242 3048 elegi
3273 2976 3490 3033 donare
3521 2978 3594 3033 ad

1944 3064 2287 3132 oratorium,
2312 3065 2482 3135 cujus
2510 3061 2859 3118 vocabulum
2896 3062 3038 3118 illud
3072 3063 3217 3135 [ubi]
3248 3068 3445 3120 turma
3469 3082 3595 3121 mo-

1869 3163 1912 3230 ρ
1950 3154 2297 3220 nachorum,
2316 3152 2544 3208 Christo
2572 3151 2853 3224 propicio,
2879 3169 2993 3207 non
3022 3152 3250 3208 modica
3278 3168 3406 3208 esse
3437 3153 3599 3210 vide-

1948 3248 2064 3310 tur,
2092 3259 2297 3299 omnes
2328 3258 2420 3297 res
2448 3257 2630 3310 meas,
2657 3257 2769 3312 que
2801 3240 2946 3296 mihi
2993 3240 3256 3313 legitimo
3295 3242 3431 3312 jure
3460 3258 3596 3298 con-

1949 3332 2174 3404 tingere
2201 3331 2495 3401 videntur,
2524 3334 2589 3385 ut
2616 3346 2684 3385 ex
2714 3347 2780 3385 eo
2811 3329 3296 3403 augmentacioue
3325 3330 3512 3386 victus
3541 3335 3598 3386 et

1946 3421 2192 3477 vestitus
2223 3419 2491 3484 habeat._.
2517 3461 2528 3474 .
2553 3461 2563 3474 .
2589 3460 2600 3474 .
2625 3461 2636 3474 .
2661 3460 2672 3474 .

2713 3507 2828 3563 XV.

2474 3612 2797 3653 INDICULUM
2838 3613 3073 3652 REGALE.

2020 3704 2110 3761 Illi
2143 3721 2242 3760 rex
2285 3704 2662 3769 Francorum,
2687 3703 2827 3759 viris
2871 3702 3244 3770 inlustribus,
3277 3703 3376 3760 illo
3425 3704 3597 3769 duce,

1945 3793 2046 3850 illo
2079 3792 2311 3849 comite.
2345 3791 2483 3846 lllut
2512 3791 2681 3847 nobis
2711 3792 2783 3846 ad
2817 3795 3015 3847 eterna
3045 3792 3489 3848 retributionem
3509 3792 3598 3848 vel

1949 3881 2328 3938 stabilitatem
2360 3880 2524 3952 regni
2557 3879 2741 3935 nostri
2775 3880 3091 3948 credimus,
3115 3879 3174 3934 in
3206 3880 3308 3935 Dei
3338 3880 3596 3947 nomine,

1948 3971 2258 4044 pertinere,
2278 3968 2327 4026 si
2348 3967 2774 4041 pe[ti]tionibus
2801 3968 3172 4023 sacerdotum
3194 3967 3281 4024 vel
3303 3967 3600 4039 oportuni-

1948 4063 2127 4116 tatem
2157 4059 2283 4114 loca
2311 4062 2651 4114 sanctorum
2683 4062 2784 4112 aut
2812 4055 3210 4120 ecclesiarum,
3233 4057 3290 4111 in
3314 4073 3430 4128 quo
3453 4057 3600 4112 meis
3645 4091 3652 4097 -

1945 4148 2166 4204 fuerint
2195 4147 2437 4202 auribus
2486 4144 2716 4218 prolati,
2758 4144 2944 4200 eil'ecti
2986 4143 3412 4216 mancipamus.
3447 4145 3598 4200 Dum
3627 4147 3659 4211 ’Ἰ

1947 4240 2081 4293 ante
2103 4236 2210 4292 hos
2229 4236 2354 4292 dies
2384 4233 2657 4308 paginola
2685 4233 2909 4306 aliqua.
2934 4275 2945 4290 .
2970 4276 2980 4289 .
3005 4276 3017 4290 .
3041 4275 3052 4290 .
3085 4237 3286 4289 nostra
3307 4233 3480 4306 (175).
3504 4273 3517 4290 .
3541 4274 3552 4290 .
3577 4275 3588 4290 .
3649 4235 3652 4237 Α

1947 4325 2006 4381 in
2038 4324 2164 4381 loco
2197 4314 2598 4396 nuncupante.
2624 4364 2635 4377 .
2659 4363 2672 4380 .
2696 4363 2707 4378 .
2732 4364 2743 4378 .
2768 4363 2816 4378 ..

2697 4429 2846 4487 XVI.

1871 4531 1918 4595 Ι)
1948 4536 2128 4576 casn
2167 4536 2654 4576 DENOMINATIONIS
2685 4521 2832 4593 (476)
2861 4537 2934 4577 Αι)
2966 4535 3277 4576 ECCLESIAM
3317 4535 3388 4575 DE
3415 4536 3600 4576 ruam

2366 4607 2659 4646 MANCIPIIS
2689 4609 2802 4647 AUT
2831 4608 3148 4656 QUISLIBET.

2024 4697 2087 4752 In
2119 4695 2220 4752 Dei
2251 4696 2508 4762 nomine,
2529 4711 2637 4768 ego
2669 4695 2784 4753 ille.
2810 4699 3165 4754 Recordatus
3197 4698 3600 4754 innumerabi-

2023 4901 2171 4982 _(1'_73)
2203 4901 2278 4982 L3
2317 4899 2938 4982 monastereﬂésigne
2961 4900 3053 4982 ‘ic_i
3105 4917 3198 4982 me
3244 4904 3448 4982 parsit.
3479 4904 3599 4959 etre

1952 4971 2100 5028 celui
2133 4971 2203 5027 de
2236 4971 2553 5042 Reichnau,
2579 4971 2679 5042 qui
2711 4971 2864 5027 avait
2892 4974 2979 5028 été
3023 4973 3194 5027 fondé
3225 4971 3364 5027 s’ous
3393 4972 3600 5029 l'invo-

1953 5041 2344 5167 catiqnpdella
2392 5041 2837 5114 sainte’Vierge,
2871 5043 2940 5097 de
2984 5042 3140 5098 saint
3186 5043 3376 5099 Pierre
3423 5047 3481 5100 et
3526 5045 3598 5101 de

1953 5131 2079 5167 881“
2186 5131 2259 5167 au
2290 5155 2302 5167 .

1952 5115 2109 5170 saint
2139 5115 2302 5168 Paul.

2205 5186 2420 5268 ἔναυε.
2454 5201 2568 5267 sec.
2605 5185 2766 5268 Luc.)
2800 5201 2925 5268 cap.
2959 5201 3036 5251 x1,
3068 5185 3241 5268 i241.

2048 5255 2171 5338 175)
2201 5255 2308 5338 Ges
2338 5255 2600 5338 demiers
2631 5260 2806 5338 mots,
2828 5255 2961 5338 bien
2985 5271 3098 5326 que
3115 5257 3427 5338 tronques,
3451 5271 3600 5338 sem-

1952 5326 2417 5400 blentindiquer
2445 5327 2584 5400 qu’il
2620 5343 2690 5382 ne
2729 5326 2902 5400 s’agit
2943 5344 3051 5400 pas
3097 5326 3595 5400 diune’donation

1951 5397 2217 5465 actuelle,
2247 5397 2397 5455 mais
2444 5397 2516 5456 de
2560 5398 2616 5455 la
2667 5397 3069 5455 confirmation
3103 5398 3275 5454 d’une
3323 5399 3597 5454 donation

1950 5469 2298 5526 antérieure.

2022 5541 2173 5622 (476)
2201 5545 2275 5621 Le
2322 5543 2444 5622 mot
2498 5540 2890 5622 denominatio,
2923 5541 3036 5622 qui.
3072 5539 3302 5622 signifie
3359 5539 3597 5622 simple-

1951 5617 2116 5667 mcnt
2145 5610 2218 5685 ici
2249 5627 2363 5666 une
2401 5610 2683 5685 donation,
2709 5610 3044 5685 arexpri'mé
3089 5610 3221 5685 pius
3248 5612 3379 5685 tard
3414 5610 3594 5685 lairc-

1951 5683 2371 5740 connaissance
2403 5681 2669 5740 ofﬁcielle
2696 5684 2830 5741 faite
2858 5681 2967 5758 par
2994 5683 3047 5741 le
3074 5681 3266 5742 vaesal
3298 5683 3400 5741 des
3430 5683 3597 5746 hians
