4004 6160
416 298 574 362 M39

1691 297 2029 362 APPEND.
2059 297 2180 361 'AD
2221 299 2416 364 SEC.
2461 303 2537 366 Χ.

3671 295 3851 360 1440

411 432 490 493 lia
518 436 889 509 peccatorum
929 449 1220 503 meorum,
1247 433 1399 491 dono
1443 433 1516 491 ad
1557 431 1862 491 ecclesiam
1891 431 2055 490 illius
2082 434 2139 502 Α
2167 434 2426 493 donandi
2455 436 2543 495 vel
2571 434 2849 512 quicquid
2875 437 3082 496 exinde
3104 436 3293 496 facere
3319 433 3599 507 volueris,
3619 413 3682 493 in
3711 449 3851 493 om-

413 525 619 594 sancli,
638 526 790 582 dono
812 525 970 597 quod
1001 525 1060 582 in
1087 528 1433 598 perpetuum
1455 540 1584 581 esse
1605 525 1888 580 donatum
1911 524 2062 596 volo,

413 633 517 689 pro
549 613 874 672 remedium
907 613 1111 670 animae
1143 630 1284 671 mea:
1305 613 1392 669 vel
1424 617 1621 670 sterne
1650 613 2060 680 retribucione,

411 705 522 762 hoc
553 708 642 762 est
666 705 820 777 quod
861 703 1152 770 diximus;
1187 719 1222 758 a
1249 702 1342 759 die
1376 708 1640 776 presente
1675 705 1747 759 de
1778 720 1906 759 meo
1933 704 2064 776 jure

413 795 485 849 ad
516 792 821 850 ecclesiam
852 793 1041 848 sancti
1074 791 1234 848 illius
1263 791 1349 849 vel
1382 794 1510 864 ejus
1537 791 1776 848 rectoris
1806 793 1971 848 trado
2002 791 2062 847 in

413 880 905 951 dominacionem,
938 879 1212 947 habeant,
1233 886 1470 937 teneant
1499 886 1675 953 atque
1705 879 2062 952 possideant,

413 969 703 1043 quidquid
734 967 941 1026 exinde
971 970 1159 1026 facere
1178 970 1468 1026 voluerint
1495 969 1740 1026 liberam
1770 986 1835 1025 ac
1857 969 2066 1024 ﬁrmis-

412 1059 623 1116 simam
656 1058 909 1114 habeant
958 1062 1302 1132 potestatem
1336 1058 1605 1126 faciendi,
1635 1075 1768 1113 cum
1819 1057 2062 1113 stibula-

411 1146 575 1203 cione
605 1145 879 1202 subnixa.
908 1146 968 1202 Si
1001 1146 1135 1218 quis
1181 1162 1335 1212 vero,
1359 1146 1514 1218 quod
1543 1146 1667 1203 ﬁeri
1717 1163 1832 1201 non
1865 1145 2063 1214 credo,

413 1234 466 1293 si
495 1251 601 1308 ego
627 1235 754 1308 ipse
777 1239 881 1291 aut
909 1234 1066 1292 ullus
1085 1235 1368 1292 heredum
1389 1235 1476 1291 vel
1501 1235 1889 1308 proheredum
1914 1251 2066 1290 meo-

411 1322 682 1396 rum,qui
710 1328 913 1380 contra
941 1323 1090 1380 hanc
1119 1324 1502 1380 donacionem
1533 1340 1567 1379 a
1598 1340 1691 1380 me
1720 1324 1934 1379 factam
1962 1339 2063 1378 ve-

411 1411 536 1469 nire
593 1413 1055 1485 praesumpserit,
1117 1412 1376 1470 sociante
1432 1415 1574 1470 fisco
1629 1413 2058 1469 restitutionem

409 1502 594 1574 [cum]
629 1500 814 1558 multa
845 1507 1178 1574 componat,
1200 1502 1257 1557 id
1288 1507 1378 1559 est
1421 1502 1546 1559 auri
1579 1502 1760 1558 libras
1790 1501 1939 1557 duos
1969 1519 2062 1556 ar-

409 1590 569 1664 genti
602 1590 862 1663 pondera
891 1591 1152 1662 quinque
1183 1595 1419 1647 coactus
1440 1590 1714 1658 exsolvat,
1737 1595 1794 1646 et
1814 1589 2060 1662 duplum

410 1679 482 1736 ad
524 1679 718 1752 ipsam
769 1679 1074 1734 ecclesiam
1124 1680 1413 1746 restituat,
1437 1685 1493 1736 et
1520 1680 1675 1751 quod
1725 1679 1932 1752 repetit
1961 1695 2065 1751 per

410 1767 634 1828 nullius
666 1767 970 1840 ingenium
1002 1768 1328 1825 evindicare
1357 1785 1474 1824 non
1505 1767 1712 1824 valeat.

1147 1856 1316 1912 XVII.

933 1961 1116 2000 CARTA
1151 1961 1537 2000 TRADITIONIS.

479 2033 544 2090 In
569 2032 666 2089 Dei
699 2032 954 2101 nomine,
979 2049 1084 2105 ego
1116 2031 1214 2089 ille
1243 2032 1397 2089 talis.
1426 2032 1570 2088 Mihi
1593 2033 1845 2090 decrevit
1862 2034 2065 2090 volun-

406 2126 498 2178 tas
517 2124 582 2178 ut
597 2119 818 2193 aliquid
835 2121 906 2176 de
929 2120 1103 2176 rebus
1128 2121 1274 2177 meis
1297 2120 1396 2176 illo
1418 2119 1642 2180 homini
1661 2122 2059 2191 tradidissem,

406 2210 560 2284 quod
583 2209 666 2266 ita
693 2212 752 2265 et
781 2208 1028 2277 tradidi;
1063 2209 1139 2283 fa]
1170 2209 1262 2266 die
1292 2215 1560 2283 presente
1585 2210 1656 2266 de
1687 2227 1817 2266 meo
1838 2212 1974 2283 jure
2000 2212 2060 2267 in

402 2304 506 2356 tua
528 2299 696 2356 trado
731 2297 1151 2367 dominatione,
1169 2299 1426 2354 habendi
1468 2298 1587 2356 sive
1623 2300 2058 2369 commodandi,

401 2387 691 2445 vendendi
713 2386 802 2444 vel
823 2387 1102 2460 quicquid
1126 2387 1332 2444 exinde
1354 2388 1540 2445 facere
1562 2405 1666 2460 pro
1690 2388 1937 2446 utilitate
1958 2394 2062 2446 tua

401 2475 677 2548 volueris,
703 2475 949 2534 liberam
991 2481 1167 2549 atque
1198 2475 1601 2533 firmissimam
1634 2476 1852 2533 habeas
1899 2481 2060 2550 pote-

402 2570 615 2624 statem
652 2565 922 2622 faciendi.
956 2565 1028 2621 Et
1061 2565 1152 2637 [si]
1184 2564 1344 2622 ullus
1386 2569 1478 2622 est
1518 2566 1592 2621 de
1621 2567 1930 2638 agentibus
1956 2584 2060 2624 no-

405 2654 549 2711 stris
579 2653 994 2710 aut‘heredum
1025 2655 1116 2709 vel
1146 2654 1564 2726 postheredum
1600 2671 1864 2710 meorum
1896 2655 2058 2728 quis-

402 2741 548 2798 libet
577 2746 634 2797 et
665 2741 786 2797 ulla
815 2740 1086 2814 opposita
1109 2758 1380 2813 persona,
1410 2742 1511 2814 qui
1544 2747 1748 2799 contra
1777 2743 1926 2799 hanc
1950 2749 2061 2800 tra-

401 2829 690 2886 dicionem
722 2847 756 2886 a
784 2846 877 2885 me
909 2831 1122 2885 tactam
1171 2845 1341 2903 agere
1372 2835 1474 2887 aut
1500 2831 1698 2886 venire
1745 2837 1848 2888 aut
1877 2832 2058 2889 ullam

402 2916 759 2980 calumniam
792 2933 1068 2990 generare
1106 2917 1376 2989 voluerit,
1397 2918 1664 2991 partibus
1694 2919 1833 2976 fisce
1875 2920 2061 2977 multa

403 3010 736 3082 componat,
757 3006 817 3062 id
863 3010 953 3063 est
993 3007 1122 3064 auri
1161 3006 1343 3064 libras
1376 3007 1512 3077 duo,
1538 3008 1763 3083 argenti
1803 3011 2061 3082 pondera

404 3095 666 3170 quinque
699 3100 934 3152 coactus
981 3095 1257 3165 exsolvat,
1281 3099 1338 3152 et
1373 3097 1528 3170 quod
1559 3097 1766 3171 repetit
1796 3115 1898 3172 per
1928 3099 2058 3154 nul-

403 3183 641 3257 liusque
667 3182 921 3256 ingeniis
947 3182 1273 3242 evindicare
1295 3201 1410 3240 non
1434 3184 1651 3256 valeat;
1677 3186 1778 3243 sed
1801 3186 1906 3245 hec
1936 3203 2060 3260 pre-
2086 3178 2130 3246 C

403 3289 543 3329 sens
571 3271 825 3345 epistula
852 3272 1012 3329 omni
1053 3277 1315 3346 tempore
1347 3272 1519 3328 firma
1561 3278 1619 3330 et
1664 3274 1892 3332 stabilis
1921 3292 2054 3348 per-

405 3366 640 3419 maneat
669 3377 804 3418 cum
835 3361 1221 3419 stibulacione
1251 3361 1523 3419 subnixa.

471 3451 684 3507 Actum
712 3451 772 3506 in
802 3449 959 3517 villa,
993 3450 1246 3523 publice,
1275 3451 1646 3524 presentibus
1678 3469 1928 3524 quorum
1960 3453 2053 3510 hic

405 3538 712 3613 signacula
743 3539 1136 3595 continentur.

476 3627 595 3700 Sig.
630 3626 731 3698 qui
762 3626 914 3683 hanc
946 3630 1166 3682 cartam
1200 3627 1325 3684 ﬁeri
1357 3627 1598 3701 rogavit.

1128 3735 1326 3791 XVIII.

2091 1809 2142 1873 B

2173 525 2347 583 nibus
2377 527 2664 600 [liberam]
2693 527 3192 600 aczﬁrmissimam
3223 527 3441 584 habeas
3469 531 3844 601 potestatem

2174 618 2381 674 facere.

2931 707 3070 764 XIX.

2245 798 2325 854 La
2353 797 2627 870 réflexion
2659 814 2771 870 que
2806 797 2910 869 j’ai
2953 797 3092 853 faite
3123 815 3226 870 sur
3253 796 3311 853 1a
3341 797 3636 870 rédaction
3667 799 3746 870 de
3782 797 3844 853 la

2173 869 2421 996 forl'inule
2458 869 2560 942 qui
2608 868 2852 941 précéde
2903 874 2995 924 est
3041 868 3370 942 également
3411 869 3749 943 applicable
3805 873 3842 925 a

2173 958 2236 998 ce
2285 958 2420 997 e-cn.

2704 1047 2886 1087 CABTA
2921 1045 3261 1087 CUMCAMBIO
3270 1075 3280 1086 .

2244 1139 2506 1196 Dominis
2531 1138 2812 1194 fratribus
2857 1138 2917 1192 in
2958 1137 3229 1194 societate
3256 1137 3354 1194 illo
3397 1143 3455 1195 et
3499 1137 3621 1194 illo.
3643 1138 3737 1194 Sic
3769 1143 3832 1196 et

2170 1229 2323 1285 inter
2343 1245 2448 1284 nos
2465 1227 2818 1300 complacuit
2836 1232 3012 1299 atque
3029 1227 3298 1284 convenit
3316 1231 3380 1283 ut
3400 1227 3624 1300 aliquid
3649 1228 3722 1285 de
3740 1245 3806 1284 re

2169 1317 2282 1373 bus
2322 1316 2539 1373 nostris
2582 1315 2638 1372 in
2671 1316 3013 1372 concamhio
3042 1316 3389 1372 confirmare
3419 1317 3818 1384 debuerimus,

2171 1407 2326 1479 quod
2357 1410 2416 1461 et
2439 1405 2521 1460 ita
2550 1405 2819 1471 fecimus,
2837 1409 2939 1461 aut
2959 1404 3239 1478 quicquid
3263 1404 3440 1461 fuerit
3464 1406 3818 1478 accepimus,

2170 1495 2281 1550 hoc
2304 1498 2394 1550 est
2415 1497 2516 1550 aut
2537 1493 2829 1566 mancipia
2850 1498 2952 1549 aut
2970 1496 3154 1561 terra;
3178 1511 3212 1548 a
3235 1497 3288 1549 te
3310 1493 3671 1567 mancipium
3689 1495 3814 1563 hoc,

2171 1583 2408 1640 nomine
2434 1581 2554 1651 illo,
2578 1587 2634 1639 et
2653 1583 2784 1638 dedi
2809 1581 2989 1638 alium
3012 1582 3375 1656 mancipium
3401 1582 3460 1638 in
3481 1584 3821 1639 concamhio

2171 1672 2306 1742 isto,
2339 1671 2576 1728 nomine
2605 1671 2726 1738 illo,
2753 1675 3055 1738 vexatum;
3087 1675 3144 1728 et
3173 1671 3222 1727 si
3254 1676 3411 1728 terra
3441 1671 3637 1740 fuerit,
3661 1673 3822 1729 dedi-

2171 1777 2306 1816 mus
2327 1759 2433 1817 tibi
2452 1764 2668 1817 terram
2689 1761 2864 1817 istam
2886 1760 2945 1816 in
2972 1761 3312 1817 concamhio
3329 1764 3521 1817 tenter
3534 1765 3594 1817 et
3607 1764 3822 1830 tenter,

2173 1849 2231 1906 in
2267 1849 2390 1906 loco
2441 1853 2838 1923 nuncupante,
2873 1850 2932 1905 in
2965 1849 3076 1906 sito
3111 1848 3210 1905 illo
3262 1850 3452 1906 autin
3483 1849 3734 1924 pagella,
3765 1856 3828 1908 et

2171 1939 2508 2011 accepimus
2532 1951 2567 1994 a
2591 1944 2646 1995 te
2667 1938 2910 1996 alteram
2931 1943 3172 2005 terram,
3195 1938 3253 1994 in
3274 1937 3402 1995 loco
3421 1945 3825 2013 nuncupante,

2171 2029 2234 2083 in
2263 2029 2375 2086 sito
2406 2027 2506 2084 illo
2537 2032 2639 2085 aut
2666 2029 2724 2082 in
2756 2043 2904 2102 pago
2935 2025 3057 2094 illo,
3081 2032 3274 2084 tanter
3310 2033 3367 2084 et
3407 2031 3620 2085 tanter.
3654 2030 3826 2095 Quic-

2172 2118 2310 2190 quid
2345 2133 2452 2191 ego
2489 2117 2596 2173 tibi
2630 2117 2784 2186 dedi,
2811 2121 3035 2189 teneas,
3056 2116 3275 2174 habeas
3318 2119 3491 2190 atque
3520 2118 3832 2190 possideas

2171 2206 2465 2264 licentiam
2497 2207 2720 2279 absque
2741 2205 2864 2262 ulla
2887 2207 3245 2262 contradicto
3273 2207 3432 2263 unde
3461 2210 3830 2264 commutare

2171 2312 2273 2353 seu
2301 2313 2406 2368 pro
2437 2295 2636 2352 anima
2657 2295 2905 2352 salutem
2937 2296 3176 2361 donare,
3201 2299 3268 2352 ut
3297 2311 3403 2352 nec
3427 2309 3534 2368 ego
3560 2293 3689 2369 ipse
3720 2314 3825 2353 nec

2172 2383 2329 2441 ullus
2359 2384 2641 2440 heredum
2674 2400 2938 2440 meorum
2979 2384 3084 2440 tibi
3131 2384 3240 2441 hoc
3287 2386 3686 2442 contradicere
3719 2403 3824 2443 nec

2170 2473 2438 2530 minuere
2468 2473 2672 2546 possit,
2693 2472 2974 2546 quicquid
3005 2473 3213 2530 exinde
3254 2473 3442 2530 facere
3469 2473 3728 2530 volueris
3755 2474 3824 2529 1i-

2167 2563 2368 2620 beram
2401 2579 2467 2618 ac
2489 2562 2807 2619 ﬁrmissam
2838 2561 3058 2619 habeas
3087 2565 3436 2635 potestatem
3465 2561 3739 2619 faciendi.
3764 2564 3825 2618 Si

2170 2651 2305 2724 quis
2334 2667 2489 2723 vero,
2503 2653 2658 2724 quod
2687 2651 2813 2708 fieri
2839 2667 2954 2707 non
2984 2651 3175 2718 credo,
3195 2651 3242 2707 si
3265 2668 3372 2724 ego
3393 2651 3522 2724 ipse
3540 2656 3644 2707 aut
3665 2651 3825 2708 ullus

2169 2741 2453 2798 heredum
2483 2741 2571 2797 vel
2601 2741 2994 2814 proheredum
3025 2755 3312 2808 meorum,
3336 2740 3435 2813 qui
3465 2741 3671 2797 contra
3701 2740 3827 2797 lite-

2147 2829 2332 2886 'rulas
2359 2828 2856 2886 concambitairas
2881 2845 2916 2885 a
2952 2843 3047 2884 me
3094 2829 3280 2885 factas
3309 2828 3506 2886 venire
3550 2845 3826 2901 presum-

2169 2918 2350 2991 pserit
2370 2923 2473 2974 aut
2493 2917 2823 2991 infrangere
2842 2916 3108 2983 voluerit,
3124 2918 3380 2974 sociante
3401 2917 3542 2974 fisco
3564 2917 3824 2974 multum

2167 3010 2478 3080 conponat,
2503 3006 2562 3063 id
2594 3011 2682 3063 est
2733 3005 2860 3062 auri
2907 3010 3161 3077 tantum,
3185 3006 3410 3080 argenti
3457 3009 3693 3064 tantum
3727 3025 3826 3065 co-

2169 3101 2336 3154 actus
2365 3095 2688 3169 exso[l]vat.

2936 3185 3049 3240 ΧΧ.

2235 3275 2344 3331 Les
2374 3277 2854 3346 motsicartapost
2879 3281 3112 3345 canam,
3136 3273 3234 3346 qui
3268 3278 3500 3330 servent
3529 3273 3600 3330 de
3631 3274 3824 3330 rubri-

2164 3361 2278 3473 gue
2299 3349 2334 3427 ᾲ
2357 3349 2506 3401 cette
2527 3343 2797 3412 formule,
2818 3349 2953 3401 sont
2971 3343 3328 3417 synonymes
3347 3345 3420 3401 de
3437 3347 3823 3432 ρηᾳανίακομ

2205 3422 2378 3473 evait.
2409 3433 2481 3472 en
2511 3417 2664 3473 ell'et.
2691 3416 2840 3472 dans
2861 3416 2955 3472 les
2985 3420 3243 3472 contrats
3273 3417 3347 3473 de
3365 3419 3645 3473 nréoaare.
3667 3419 3823 3473 redi-

2205 3417 2378 3483 evait,
2409 3433 2481 3472 en
2511 3417 2664 3489 ell'et,
2691 3416 2955 3489 dans-les
2985 3416 3243 3489 contrats
3273 3417 3347 3473 de
3365 3417 3645 3489 precaire,
3667 3418 3823 3489 redi-

2205 3506 2266 3562 er
2296 3489 2446 3562 deux
2475 3487 2804 3562 originaux,
2829 3487 2972 3562 dont
3017 3486 3140 3543 l’un
3160 3486 3483 3562 _conlenait
3511 3487 3598 3544 les
3631 3488 3822 3562 stipu-

2189 3557 2378 3615 ations
2410 3559 2488 3633 du
2537 3557 2879 3633 concedant,
2912 3557 3118 3633 l’autre
3159 3557 3244 3615 les
3291 3557 3827 3633 engagements'du

2165 3629 2650 3702 concessipnaire.
2687 3628 2730 3685 Il
2774 3629 2926 3702 n’est
2973 3629 3122 3686 done
3161 3646 3266 3702 pas
3297 3628 3577 3686 étonriant
3624 3647 3745 3702 que
3775 3629 3828 3686 le

2167 3702 2379 3758 second
2411 3701 2482 3773 de
2513 3717 2611 3773 ces
2640 3704 2797 3773 actes
2828 3700 2910 3757 ait
2955 3703 3045 3757 été
3075 3700 3310 3757 nomine
3358 3707 3513 3773 carla
3548 3700 3672 3773 post
3699 3718 3827 3757 car-

2167 3781 2303 3857 eant,
2337 3772 2620 3857 puisqu’il
2647 3772 2842 3857 devait
2877 3775 3000 3828 etre
3029 3773 3275 3845 precédé
3303 3789 3413 3857 par
3448 3772 3501 3828 le
3547 3772 3825 3857 premier.

2165 3845 2232 3900 Je
2264 3843 2404 3900 ferai
2437 3843 2763 3900 se’ulement
2792 3843 3134 3968 remarquer
3158 3859 3271 3915 que
3305 3843 3456 3900 cette
3483 3843 3828 3916 expression

2168 3915 2380 3998 niaeté
2410 3913 2667 3998 signalée
2696 3913 2755 3968 ni
2800 3915 2984 3998 dans“
3007 3931 3045 3998 ’θ
3071 3913 3312 3998 .Glossai
3323 3932 3380 3971 re
3408 3915 3480 3998 de
3511 3915 3599 3971 Du
3631 3919 3827 3989 Gange

2169 3986 2228 4043 ni
2259 3987 2410 4043 dans
2443 3985 2496 4042 le
2524 3986 2798 4042 Nouveau
2829 3985 3026 4042 Traité
3055 3985 3128 4042 de
3157 3985 3605 4059 diplomatique.

2674 4089 2856 4130 CARTA
2896 4090 3034 4130 POST
3071 4090 3298 4130 CARTAM
3308 4115 3321 4128 .

2242 4162 2306 4219 In
2330 4161 2566 4218 nomine
2592 4161 2687 4217 Dei
2710 4160 2950 4218 summi.
2973 4161 3124 4218 Dum
3146 4161 3444 4235 cognitum
3467 4166 3556 4220 est
3576 4164 3734 4236 quod
3760 4180 3830 4218 ex

2169 4251 2547 4308 facultatibus
2567 4265 2636 4307 ex
2659 4257 2986 4323 spontanee
3004 4249 3302 4308 voluntate
3323 4267 3434 4325 pro
3451 4251 3664 4308 animis
3682 4265 3828 4308 mea!

403 4322 630 4380 cations
660 4322 740 4378 du
771 4326 1002 4378 contret
1025 4322 1101 4379 de
1128 4322 1318 4379 vente.
1903 4322 1922 4326 “
1944 4322 1962 4326 “

2181 4339 2423 4396 salutem
2440 4339 2512 4395 ad
2529 4322 2836 4396 ecclesiam
2855 4337 3016 4395 illius
3033 4340 3271 4407 tradidi,
3291 4322 3431 4414 rogo
3451 4340 3718 4397 subtitus
3737 4339 3828 4397 vel

948 4445 1123 4485 cum
1161 4444 1525 4484 vmnrmoms.
2171 4445 2274 4502 per
2293 4432 2548 4485 vestram
2566 4427 3030 4484 consolacionem
3051 4429 3324 4486 abbatem
3347 4428 3515 4486 illum
3537 4432 3595 4486 et
3617 4429 3828 4486 fratres

477 4514 548 4570 In
577 4514 675 4570 Dei
723 4514 980 4611 nomine,
1022 4515 1255 4611 ego-ille
1285 4516 1550 4573 venditor
1577 4520 1636 4572 et
1665 4516 1764 4574 ille
1810 4522 2058 4591 emptor.
2090 4543 2140 4611 Β
2169 4518 2298 4590 ejus
2329 4521 2396 4574 ut
2424 4517 2584 4590 ipsas
2615 4533 2729 4582 res,
2751 4516 2894 4572 dum
2924 4516 3148 4586 advivo,
3167 4517 3312 4573 mihi
3340 4518 3665 4592 precariam
3695 4534 3829 4590 pre—

407 4603 653 4661 Constat
691 4619 784 4660 me
832 4603 940 4661 tibi
990 4603 1334 4672 vindidisse,
1367 4605 1523 4678 quod
1572 4609 1630 4662 et
1675 4605 1758 4663 ita
1803 4607 2061 4678 vendidi,
2090 4603 2132 4611 ’
2175 4611 2329 4664 stare
2351 4606 2597 4679 jubetis,
2614 4609 2671 4662 et
2700 4609 2833 4678 post
2862 4619 3059 4662 meum
3112 4605 3441 4664 discessum
3473 4607 3544 4663 ad
3573 4607 3830 4662 infantes

405 4696 624 4749 terram
652 4695 754 4747 aut
777 4692 1138 4766 mancipium
1162 4693 1320 4765 juris
1345 4693 1490 4762 mei;
1523 4693 1572 4750 si
1598 4695 1936 4768 mancipius
1950 4700 2064 4767 est,
2173 4711 2357 4764 meos,
2385 4695 2433 4752 si
2460 4693 2769 4761 voluerint,
2795 4693 2905 4750 sub
2927 4694 3354 4764 usufructario;
3378 4693 3633 4768 singulis
3653 4693 3828 4751 annis

407 4780 644 4838 nomine
675 4779 809 4850 illo;
842 4781 893 4837 si
943 4786 1099 4838 terra
1129 4786 1237 4849 est,
1271 4781 1332 4838 in
1361 4782 1488 4839 loco
1536 4788 1916 4857 nuncupante
1963 4785 2064 4840 ubi
2172 4801 2276 4858 per
2304 4783 2675 4842 festivitatem
2705 4781 2895 4839 sancti
2927 4781 3745 4856 Remediiconfessoris,quod
3771 4784 3828 4839 in

407 4875 520 4940 est,
547 4870 608 4934 in
638 4885 788 4944 pago
818 4869 921 4927 illo
950 4876 1054 4927 aut
1081 4872 1143 4927 in
1172 4870 1312 4927 villa
1339 4877 1442 4928 aut
1486 4872 1548 4928 in
1597 4872 1708 4929 sito
1759 4872 1878 4944 illo,
1910 4878 2067 4931 terra
2171 4872 2453 4930 kalendas
2483 4869 2758 4938 octobris,
2781 4887 3022 4927 censum
3045 4887 3148 4944 pro
3165 4882 3234 4929 eo‘
3250 4871 3565 4944 so‘lvo,hoc
3583 4875 3830 4928 esttan-

473 3823 631 3897 Cette
661 3821 932 3897 formula,
959 3822 1281 3897 semhlahle
1330 3841 1480 3897 pour
1510 3823 1562 3881 1e
1593 3825 1731 3881 fond
1781 3829 1814 3882 ὰ
1863 3830 2056 3883 toutes

402 3894 488 3951 les
520 3893 815 3976 formuleg
848 3895 1135 3976 deﬂvente
1182 3893 1371 3976 qu’on_
1409 3898 1777 3976 connatt,‘est
1827 3897 2056 3976 rédigée

401 3965 704 4058 999.9129
733 3965 1328 4058 51399895999399.
1341 3967 1437 4058 ἐξ
1461 3967 1706 4058 21993112
1741 3969 1847 4058 9??
1877 3965 2054 4058 99,59:

403 4037 600 4112 ments
628 4037 701 4093 de
729 4041 878 4112 cette
907 4037 1135 4112 nature.
1167 4037 1441 4112 L’auteur
1464 4037 1542 4112 ne
1568 4037 1712 4112 s'est
1739 4056 1846 4112 pas
1876 4040 2060 4112 borné

399 4111 437 4171 δ
464 4108 662 4181 copier
697 4108 1072 4181 servilement
1116 4109 1176 4165 la
1213 4109 1412 4165 charte
1442 4108 1543 4181 qui
1592 4107 1676 4166 lui
1721 4107 1936 4167 servait
1987 4111 2060 4168 de

399 4178 659 4248 modele;
691 4178 731 4234 il
759 4197 794 4235 a
812 4179 990 4236 voulu
1018 4180 1243 4236 donner
1262 4184 1296 4237 ὸ.
1316 4197 1421 4237 son
1453 4178 1645 4237 Enuvre
1669 4198 1747 4237 un
1769 4185 2059 4238 caractere

403 4250 837 4333 degenerante,
859 4257 917 4333 et
945 4251 1328 4333 l’approprier
1356 4267 1470 4308 aux
1500 4251 1836 4310 differentes
1865 4253 2058 4326 appli—

313 4987 324 4996 α
404 4963 641 5017 tantum
667 4963 992 5031 quantum;
1025 4959 1076 5016 si
1107 4976 1388 5016 mensura
1411 4963 1522 5028 est,
1542 4977 1678 5017 cum
1710 4962 2065 5034 adpenditiis
2172 4966 2300 5018 tum
2322 4959 2409 5017 vel
2431 4962 2750 5032 quantum;
2775 4963 2833 5016 et
2853 4959 2902 5016 si
2923 4960 2996 5015 de
3011 4959 3142 5032 ipso
3162 4960 3524 5034 censo,qn0‘d
3544 4959 3829 5027 diximus,

406 5048 563 5121 ejus;
597 5052 655 5104 et
695 5047 1022 5120 accipimus
1051 5053 1171 5106 ate
1219 5048 1478 5121 precium
1528 5049 1867 5106 adtaxatum
1911 5051 2068 5109 inter
2174 5050 2476 5124 negligens
2494 5063 2818 5120 apparuere
2837 5048 2896 5104 in
2913 5048 3224 5105 festivitate
3241 5047 3430 5106 sancti
3447 5041 3711 5126 Remedii
3737 5066 3836 5107 au-

407 5154 550 5194 auro
579 5140 638 5194 et
663 5141 904 5210 argento
936 5141 994 5192 et
1031 5137 1286 5194 cavallos
1317 5142 1374 5194 et
1407 5137 1578 5194 boves
1620 5143 1680 5194 et
1720 5138 1902 5195 alium
1935 5157 2064 5212 pre-
2176 5157 2250 5196 no
2263 5136 2956 5214 primo,insecundovero
2969 5137 3625 5213 annoneglegensfuero
3648 5139 3832 5195 reddo

407 5226 566 5282 cium
596 5229 791 5282 tenter
817 5229 878 5282 et
909 5229 1133 5295 tanter;
1167 5226 1299 5294 hoc,
1329 5225 1484 5299 quod
1514 5240 1642 5298 ego,
1673 5225 1850 5282 homo
1881 5227 1999 5296 ille,
2033 5246 2068 5285 a
2176 5228 2513 5301 duplum,et
2532 5226 2582 5283 si
2602 5225 2662 5280 in
2687 5225 2866 5282 tercio
2892 5227 3132 5284 annode
3153 5225 3282 5301 ipso
3303 5243 3484 5286 censa
3499 5241 3606 5300 per
3634 5229 3831 5301 ipsam

409 5311 502 5368 die
536 5318 804 5385 presente
842 5315 902 5370 in
933 5319 1036 5371 tua
1075 5316 1244 5372 trado
1275 5314 1756 5382 dominicatione,
1789 5314 2064 5386 habendi,
2174 5317 2546 5376 festivitatem
2577 5313 2763 5372 sancti
2793 5310 2953 5372 illius
2990 5315 3310 5390 neglegens
3331 5331 3645 5391 aperuere,
3667 5316 3834 5391 ipsas

408 5400 714 5470 vindendi,
734 5403 858 5460 sive
874 5404 1310 5473 commodandi,
1335 5419 1438 5460 seu
1463 5419 1569 5476 pro
1621 5403 1830 5460 animae
1877 5405 2068 5465 salute
2179 5424 2292 5476 res,
2315 5404 2469 5480 quod
2501 5421 2606 5478 per
2633 5407 2856 5462 certam
2885 5405 3164 5463 ﬁrmitate
3207 5405 3284 5463 ad
3325 5405 3633 5464 ecclesiam
3666 5405 3830 5464 illam

409 5529 762 5662 $323,132“
791 5536 863 5594 de
893 5534 999 5595 son
1033 5536 1335 5612 seigneur;
1371 5535 1510 5593 c’est
1539 5552 1603 5594 ce
1628 5536 1803 5609 qu'on
1833 5539 2092 5613 appelait
2137 5540 2192 5599 le
2233 5539 2690 5599 denombrement.
2723 5537 2808 5595 Cf.
2842 5539 2923 5596 du
2951 5537 3166 5614 Gange,
3198 5549 3258 5596 ν·
3284 5539 3692 5609 Denominatio,
3727 5542 3830 5598 De-
