4026 6176
239 325 390 387 HM

1535 320 1936 388 FORMULIE
1979 319 2364 386 VETERES.

3495 331 3648 394 H42

238 459 392 527 dedi,
424 458 485 516 in
517 460 794 519 omnibus
823 460 1236 520 admelioratas
1275 460 1492 518 ibidem
1527 462 1891 516 revertantur
1918 461 1971 528 Α
2000 458 2264 514 titionem
2293 459 2445 531 apud
2480 477 2651 532 quem
2679 461 2884 518 habuit
2915 461 3232 533 racionem,
3265 466 3324 520 et
3352 465 3506 537 quod
3541 465 3648 521 ite-

237 548 502 619 parlibus
526 550 674 607 meis
695 551 757 608 in
784 551 1058 608 omnibus
1079 549 1503 607 conservata.Si
1527 548 1704 622 quils]
1736 565 1889 612 vero,

237 637 393 707 quod
416 637 540 694 fieri
563 657 679 697 non
702 641 895 709 credo,
920 640 969 696 si
995 656 1100 714 ego
1123 640 1268 713 ipse,
1293 639 1476 695 abbas
1497 642 1598 694 aut
1614 635 1764 692 alius
1791 635 1891 708 qui

236 729 371 798 post
401 743 536 785 eum
586 730 762 800 venit,
797 731 899 803 qui
933 733 1137 786 contra
1185 728 1336 785 hanc
1385 728 1707 802 precariam
1741 744 1774 781 a
1801 742 1892 781 me

235 815 449 873 factam
484 819 815 893 infrangere
842 820 1110 888 voluerit,
1163 818 1349 876 solvat
1401 819 1460 875 in
1499 817 1732 892 publico
1764 816 1892 872 auri

237 905 442 962 uncias
462 911 602 974 tres,
625 908 852 981 argenti
884 909 1143 981 pondera
1171 909 1432 982 quinque
1455 911 1690 965 coactus
1712 903 1894 962 exsol-

234 998 354 1061 vat,
387 999 444 1050 et
473 997 624 1066 quod
665 997 900 1068 justum
945 997 1158 1071 repetit
1189 1015 1304 1054 non
1336 996 1641 1071 praevaleat
1672 994 1893 1052 evindi-

236 1099 395 1150 care;
426 1085 527 1140 sed
557 1085 666 1142 hoc
687 1102 946 1159 praesens
988 1085 1265 1159 praecaria
1295 1086 1410 1144 ista
1441 1085 1599 1143 omni
1630 1089 1892 1157 tempore

236 1169 313 1226 sit
340 1178 700 1230 conservata.
1399 1170 1416 1184 ’

262 1255 264 1258 ’
302 1259 418 1334 Sig.
453 1262 707 1332 abbatis,
732 1263 834 1336 qui
865 1263 1016 1321 hanc
1044 1264 1382 1339 precariam
1430 1263 1552 1318 ﬁeri
1584 1267 1760 1334 atque
1793 1262 1890 1317 fir-

235 1365 396 1405 mare
425 1351 671 1424 rogavit.

304 1438 426 1510 Sig.
459 1440 768 1513 praeposito
792 1447 850 1499 et
873 1443 1094 1499 decano
1119 1447 1175 1498 et
1197 1440 1521 1498 cancelario
1552 1445 1609 1496 et
1639 1457 1895 1496 camera-

233 1525 320 1582 rio
354 1531 410 1582 et
439 1528 696 1600 portario
728 1534 785 1586 et
809 1532 1130 1588 seniorium
1163 1533 1410 1586 fratrum
1445 1531 1595 1586 inter
1627 1534 1799 1586 totos.

304 1615 423 1689 Sig.
459 1618 529 1673 de
552 1617 681 1691 ipsa
707 1618 931 1674 familia
951 1619 1343 1676 ecclesiastica
1363 1618 1646 1674 laicorum
1669 1623 1890 1691 septem

233 1703 686 1761 consentientes.

304 1793 422 1865 Sig.
457 1793 707 1851 aliorum
734 1794 1219 1863 Alamannorum,
1248 1795 1350 1850 ubi
1379 1795 1510 1867 ipsa
1525 1793 1768 1851 tradicio
1790 1794 1890 1850 ad-

231 1898 362 1938 esse
379 1883 672 1938 videntur.

304 1971 423 2044 Ego
443 1971 600 2029 enim
633 1972 1021 2030 cancellarius
1045 1990 1198 2030 anno
1236 1972 1325 2029 vel
1357 1973 1451 2028 die
1482 1973 1701 2030 mensis
1736 1972 1892 2044 quod

233 2059 426 2116 fuerat
453 2059 664 2134 scripsi
696 2067 754 2118 et
781 2063 1128 2136 subscripsi.

990 2152 1129 2208 XXI.

307 2238 386 2294 La
417 2237 665 2312 formule
685 2240 785 2312 qui
811 2240 930 2295 suit
954 2241 1095 2296 otfre
1117 2257 1196 2296 un
1227 2239 1454 2312 modele
1480 2240 1892 2312 dejugement,

233 2313 291 2365 et
315 2311 520 2385 m_éri_te
552 2314 585 2367 a
615 2311 911 2384 plusieurs
933 2313 1143 2385 égards
1164 2313 1235 2368 de
1266 2314 1410 2385 ﬁxer
1438 2311 1783 2385 l'attention.
1807 2312 1894 2385 On

229 2398 267 2464 γ
298 2381 415 2436 voit
445 2381 664 2466 figurér
694 2400 774 2465 un
800 2381 1010 2466 comte,
1033 2385 1166 2466 _des
1210 2383 1656 2466 rachimbourgs
1686 2382 1895 2466 et‘des

225 2453 433 2524 juges;
467 2453 562 2510 ces
613 2455 898 2522 derniers,
933 2456 1207 2511 distincts
1238 2456 1340 2510 des
1371 2459 1568 2510 autres
1596 2453 1895 2510 membres

231 2525 319 2598 du_
345 2524 625 2598 tribunal,
661 2542 754 2598 me
788 2527 1119 2598 paraissent
1147 2530 1269 2598 etre
1299 2526 1383 2582 les
1409 2526 1689 2581 vicomtes
1721 2542 1792 2598 ou
1819 2526 1894 2598 vi-

233 2595 446 2668 caires,
478 2595 956 2668 quijouiss‘aient
1006 2597 1450 2668 probablement
1500 2598 1577 2650 du
1629 2597 1783 2652 droit
1824 2597 1894 2651 de

233 2667 423 2739 siéger
435 2666 568 2724 av’ec
586 2666 636 2723 le
660 2674 870 2734 comte,
893 2666 1188 2740 lorsqu’ils
1205 2685 1266 2724 se
1282 2668 1607 2723 trouvaient
1628 2670 1893 2740 présents

235 2755 308 2793 au
340 2738 616 2794 chef-lieu
649 2740 728 2794 du
757 2757 946 2795 vanus.
981 2741 1064 2795 0n
1097 2740 1272 2795 vvoit
1301 2740 1459 2795 aussi
1493 2739 1596 2794 des
1641 2739 1892 2795 témoins

235 2755 308 2793 au
340 2755 616 2794 cnet-ueu
649 2755 728 2794 (111
757 2757 946 2795 vanus.
981 2755 1064 2795 U11
1097 2755 1272 2795 ννοιῐ.
1301 2756 1459 2795 811581

235 2757 308 2793 au
340 2757 616 2794 cner-ueu
649 2757 728 2794 au
755 2757 824 2810 pa
861 2757 946 2794 us.
981 2757 1064 2795 un
1097 2757 1272 2812 yvont
1301 2757 1459 2795 aussi
1493 2757 1596 2794 aes
1641 2757 1890 2795 temoms

234 2814 611 2883 proprement
631 2811 768 2883 dits,
787 2757 1004 2866 egoisis
1028 2811 1214 2883 parmi
1248 2810 1329 2883 les
1352 2809 1650 2883 habitante
1672 2809 1890 2865 du-voi-

235 2881 458 2954 sinage,
477 2885 534 2938 et
554 2883 659 2938 des
672 2882 986 2954 tidejusseu
997 2881 1054 2937 rs
1073 2899 1143 2938 ou
1161 2882 1448 2946 cautions,
1471 2881 1729 2938 destines
1753 2897 1892 2954 sans

235 2952 412 3034 doute
455 2956 488 3008 a
537 2952 801 3034 garantir
848 2953 1192 3034 l’execution
1243 2953 1655 3034 jugement
1703 2970 1809 3024 par
1836 2952 1894 3034 la

236 3023 422 3095 partie
453 3023 835 3096 condamnée.
880 3025 1047 3080 Enfin
1081 3023 1449 3096 l’expédition
1484 3025 1562 3080 du
1587 3023 1895 3096 jugement

234 3099 324 3150 est
353 3095 640 3151 souscrite
732 3113 797 3151 ar
847 3101 977 3167 sept
1017 3095 1290 3165 témoihs,
1325 3095 1788 3152 conformément
1817 3113 1890 3152 au

235 3166 500 3220 Drincine
525 3167 596 3220 de
622 3166 677 3220 la
691 3113 772 3220 Ῡοί
795 3167 897 3220 des
917 3166 1276 3220 Allemands.
1320 3168 1421 3220 aui
1457 3167 1830 3220 s'annliauait
1859 3170 1890 3220 ὲ

235 3166 500 3240 principe
525 3167 596 3222 de
622 3165 772 3222 laloi
792 3167 897 3240 des
912 3165 1276 3235 Allemands,
1320 3168 1421 3239 qui
1457 3167 1830 3240 s'appliquait
1859 3170 1893 3224 ὲ.

232 3235 366 3294 tons
397 3235 481 3294 les
504 3241 661 3296 actes
690 3237 885 3294 écrits.

518 3343 854 3382 EVINDICATE
883 3343 1106 3382 JUDICIO
1135 3344 1270 3382 VIRO
1306 3344 1606 3382 INLUSTRO.

302 3414 406 3470 Vir
427 3414 679 3472 inluster
701 3415 887 3472 comis
909 3414 1024 3471 ille.
1050 3415 1242 3486 [Cum]
1267 3416 1323 3470 in
1348 3431 1495 3488 pago
1524 3414 1625 3470 illo
1654 3415 1896 3474 resedis-

229 3521 377 3569 sem,
410 3503 469 3560 in
500 3503 639 3560 villa
669 3503 790 3570 illa,
823 3521 958 3560 cum
983 3504 1289 3575 judicibus
1329 3509 1386 3560 et
1436 3504 1810 3578 reginburgis
1839 3509 1896 3560 et

233 3592 364 3650 aliis
393 3592 627 3666 populis
650 3592 853 3648 multis
874 3593 945 3648 ad
971 3592 1650 3664 discendumjudicium,
1673 3593 1747 3649 ad
1771 3609 1892 3666 pre-

235 3686 461 3738 sentem
514 3686 775 3738 nostram
825 3681 1060 3737 veniens
1091 3681 1267 3737 homo
1301 3683 1434 3748 iste,
1485 3682 1722 3738 nomine
1770 3681 1890 3748 illo,

237 3770 579 3844 [repetebat]
621 3771 695 3839 ei,
721 3770 886 3844 [dum
913 3769 1132 3826 diceret
1161 3771 1337 3842 quod]
1374 3788 1474 3844 per
1506 3770 1658 3827 malo
1689 3771 1892 3827 ordine

234 3877 327 3915 res
358 3876 500 3916 suas
533 3859 782 3916 tulisset.
817 3861 883 3915 Et
915 3877 1022 3916 nos
1071 3860 1221 3914 hanc
1266 3877 1502 3917 causam
1543 3877 1644 3933 per
1672 3859 1892 3917 vicinos

236 3965 438 4004 eorum
461 3947 773 4022 diligenter
795 3947 1248 4020 adquisivimus,
1269 3965 1371 4021 per
1393 3949 1774 4022 ﬁdejussores
1795 3967 1895 4022 po.

237 4038 382 4094 sitos
412 4042 470 4094 et
499 4042 930 4094 sacramentum
955 4037 1173 4108 jurata.
1203 4037 1269 4093 Et
1290 4038 1401 4110 ipsi
1431 4037 1703 4094 dixerunt
1723 4038 1893 4095 nobis

235 4125 594 4183 innotuisset
621 4143 882 4182 causam.
919 4126 985 4180 Et
1013 4125 1111 4182 ille
1154 4126 1300 4183 alter
1328 4144 1639 4200 expressus
1661 4127 1890 4199 judicio

236 4231 354 4271 non
377 4215 569 4288 potuit
603 4215 891 4288 denegare
915 4218 971 4270 et
993 4213 1215 4270 nullam
1239 4218 1426 4287 potuit
1447 4216 1687 4272 reddere
1708 4215 1890 4272 racio-

236 4321 391 4373 nem,
425 4307 484 4360 et
511 4320 614 4375 per
644 4320 818 4360 suum
849 4302 1126 4358 vuadium
1146 4303 1217 4358 ad
1247 4306 1508 4358 nostram
1532 4304 1888 4375 presentiam

234 4409 371 4448 eum
393 4391 709 4448 revestivit.
737 4393 956 4447 Etcum
989 4401 1051 4446 Se
1077 4389 1508 4464 recognovisset
1531 4391 1586 4446 in
1614 4393 1890 4449 omnibus

1920 1845 1968 1910 B

2002 564 2132 603 rum
2167 549 2375 620 repetit
2406 565 2520 605 non
2551 550 2844 622 prevaleat
2874 553 3219 610 evindicare.

2073 636 2436 708 Sig.tcstium
2452 642 2672 709 septem
2689 639 2902 695 ibidem
2919 642 3458 715 adsistentium,ubi
3474 644 3652 701 istum

1995 725 2286 795 judicium
2318 726 2426 782 fuit
2457 727 2786 784 definitum.

2075 813 2194 886 Sig.
2222 815 2455 871 comitis
2475 815 2634 872 illius
2656 822 2714 872 et
2725 818 3050 889 judicibus,
3075 836 3324 891 quorum
3344 821 3456 879 ista
3475 822 3654 879 conti-

2001 901 2200 959 nentia
2227 903 2468 960 definita
2488 905 2627 960 sint.

2747 1013 2912 1069 XXII.

2072 1118 2230 1172 Cette
2262 1117 2510 1191 formula
2542 1123 2598 1175 et
2645 1117 2728 1174 les
2777 1119 2920 1175 trois
2971 1121 3289 1191 suivantes,
3323 1139 3462 1180 sane
3494 1123 3655 1179 oli‘rir

2003 1204 2229 1243 comme
2250 1189 2392 1267 celle
2415 1189 2513 1267 qui
2535 1191 2796 1267 precede,
2817 1191 2919 1267 des
2938 1193 3196 1267 {nodi-les
3215 1189 3652 1267 dejugements,

2003 1275 2064 1334 se
2093 1265 2434 1334 rapportent
2486 1261 2813 1334 cependant
2863 1266 2896 1318 ὲ
2940 1261 3451 1322 l’administration
3484 1266 3554 1320 de
3598 1266 3657 1322 la

1995 1330 2232 1404 justice.
2269 1331 2344 1388 Ce
2367 1338 2497 1388 sont
2517 1330 2622 1388 des
2652 1337 2917 1404 requetes
2948 1335 3248 1392 adressées
3281 1353 3354 1393 au
3389 1337 3475 1392 roi
3507 1337 3654 1393 dans

2000 1402 2104 1457 des
2137 1419 2344 1458 causes
2392 1405 2492 1475 qui
2523 1402 2746 1460 étaient
2771 1406 3209 1530 probablement
3239 1409 3310 1465 de
3340 1407 3397 1466 la
3421 1411 3654 1482 compe-

2000 1478 2166 1530 tencc
2198 1475 2275 1530 du
2309 1474 2563 1530 tribunal
2590 1476 2666 1530 du
2699 1493 2773 1530 na
2800 1476 2905 1530 ais.

2000 1478 2166 1530 tencc
2198 1475 2275 1530 du
2309 1475 2563 1532 tribunal
2590 1476 2666 1531 du
2699 1475 2905 1549 palais.

2500 1608 2822 1648 INDICULUM
2843 1610 2911 1648 AD
2945 1610 3154 1649 REGEM.

2073 1704 2210 1761 Viro
2233 1705 2662 1778 gloriosissimo
2689 1725 2723 1764 a
2754 1707 2870 1764 Deo
2891 1709 3162 1764 decorato
3183 1707 3302 1779 illo,
3337 1712 3527 1783 gratia
3557 1712 3658 1768 Dei

2004 1793 2486 1865 regiFrancorum
2503 1801 2560 1851 et
2581 1796 3097 1868 Langobardorum
3117 1798 3655 1874 Romanorumque,

1999 1881 2097 1938 ille
2118 1888 2388 1955 peccator
2429 1888 2664 1943 vocatus
2705 1886 2855 1941 abba
2881 1904 2997 1942 una
3028 1903 3161 1943 cum
3210 1889 3657 1962 congregatione

2001 1973 2198 2028 Sancti
2238 1973 2387 2029 Petri
2418 1977 2474 2029 et
2505 1975 2695 2029 Sancti
2736 1976 3078 2049 Leudegarii
3112 1980 3410 2034 oratorum
3435 1983 3655 2035 vestro-

2002 2077 2132 2116 rum
2166 2061 2416 2117 salutem
2445 2062 2610 2118 vobis
2643 2064 2916 2120 obtamus
2947 2065 3003 2119 in
3047 2065 3294 2122 Domino
3342 2082 3658 2139 perennem

2002 2148 2573 2221 (177)Subplicamus
2588 2149 2899 2207 clementia
2914 2158 3104 2209 vestra
3117 2159 3181 2209 ut
3195 2171 3309 2210 non
3326 2155 3658 2228 dedignetis

2004 2237 2206 2292 audire
2237 2238 2646 2294 necessitatem
2671 2244 2954 2295 nostram.
2986 2241 3398 2298 Innotiscimus
3428 2242 3660 2299 celsitu-

2003 2325 2138 2381 dine
2165 2332 2358 2382 vestra
2387 2327 2457 2382 de
2489 2327 2597 2383 hoc
2619 2329 2771 2400 quod
2801 2329 2970 2385 nobis
2990 2331 3184 2385 nisum
3209 2329 3437 2386 habetis
3460 2331 3532 2388 ad
3560 2333 3659 2388 Dei

2003 2415 2304 2470 servitium
2337 2420 2395 2471 et
2450 2419 2716 2474 mercede
2768 2422 2958 2474 vestra
3007 2418 3372 2491 providentia
3421 2419 3656 2488 habere,

2003 2504 2158 2559 unde
2179 2510 2237 2560 et
2269 2521 2374 2561 nos
2398 2505 2549 2562 infra
2575 2522 2722 2578 pago
2745 2507 2814 2562 de
2835 2507 3102 2578 justitias
3133 2507 3351 2565 nostris
3383 2510 3659 2582 consequi

2003 2591 2247 2648 minime
2267 2594 2589 2666 possimus,
2603 2596 2765 2651 vobis
2780 2596 2967 2652 celare
2989 2613 3102 2652 non
3117 2596 3242 2652 ausi
3268 2614 3495 2653 sumus.
3512 2599 3658 2656 Nam

2003 2686 2136 2738 ante
2168 2682 2274 2738 hos
2305 2700 2515 2749 annos,
2538 2701 2672 2740 cum
2695 2684 2892 2756 aliqua
2926 2685 3183 2742 turbatio
3215 2686 3326 2742 fuit
3353 2687 3506 2744 inter
3526 2688 3657 2745 Ala-

2002 2787 2250 2828 mannos
2281 2776 2336 2827 et
2365 2771 2732 2841 Alsacenses,
2759 2772 2930 2828 multi
2953 2775 3025 2830 de
3056 2773 3158 2830 illa
3207 2775 3526 2849 mancipia,
3557 2777 3656 2850 qui

1993 2861 2144 2931 juraa
2167 2861 2351 2916 sancti
2385 2861 2545 2917 illius
2577 2862 2882 2929 debentur,
2917 2863 2986 2918 de
3017 2871 3178 2937 parte
3209 2863 3311 2922 illa
3339 2870 3395 2921 et
3425 2867 3494 2924 de
3527 2884 3656 2940 pro-

2002 2947 2128 3019 prio
2160 2949 2392 3006 servitio
2422 2950 2691 3018 evaserit,
2729 2955 2784 3006 et
2823 2952 2996 3007 modo
3027 2968 3088 3008 se
3139 2953 3322 3025 aliqui
3369 2954 3656 3027 ingenuas

2003 3053 2132 3092 esse
2164 3038 2387 3105 dicunt,
2423 3043 2479 3094 et
2510 3037 2739 3111 aliquas
2763 3039 2932 3095 nobis
2955 3041 3317 3097 contendunt
3344 3041 3428 3097 illi
3450 3044 3655 3113 comis,

2003 3129 2059 3180 et
2081 3124 2179 3180 alii
2204 3125 2472 3182 homines
2493 3144 2595 3199 per
2616 3126 2761 3183 alios
2783 3127 3094 3184 comitatos
3117 3129 3319 3185 dicunt
3335 3145 3396 3186 se
3418 3130 3577 3202 ipsos
3598 3132 3657 3188 in

1921 3207 1964 3274 C
2003 3219 2198 3271 vestro
2233 3215 2510 3272 beneficio
2533 3215 2766 3272 habere.
2794 3215 2959 3272 Unde
2984 3217 3388 3289 subplicamus
3409 3219 3572 3276 vobis
3593 3225 3660 3277 ut

2001 3304 2083 3359 illi
2116 3309 2218 3360 aut
2239 3304 2332 3361 cui
2364 3305 2526 3361 vobis
2548 3304 3009 3378 placetjubeatis
3039 3308 3450 3364 commendare
3475 3313 3541 3364 ut
3561 3325 3658 3365 no-

2003 3398 2184 3448 stram
2221 3394 2518 3464 justitiam
2564 3394 2842 3467 consequi
2893 3394 3214 3451 valeamus.
3273 3395 3417 3452 Nam
3474 3401 3530 3452 et
3559 3397 3655 3454 ille

2001 3482 2311 3554 episcopus
2340 3482 2493 3538 infra
2513 3483 2660 3540 valle
2684 3484 3068 3540 Recianorum
3092 3503 3210 3540 uno
3234 3484 3436 3543 locello
3458 3487 3528 3544 de
3549 3505 3655 3545 suo

2003 3571 2309 3642 proprioin
2331 3589 2439 3628 sua
2453 3571 2833 3630 elemosinam
2857 3575 2929 3630 ad
2945 3575 3365 3631 monasterium
3386 3580 3654 3633 nostrum

2003 3658 2300 3728 delicavit;
2329 3661 2481 3716 unde
2495 3665 2669 3717 modo
2692 3660 2787 3717 ille
2809 3661 3116 3736 episc0pus
3148 3681 3326 3720 unam
3351 3665 3654 3722 basilicam

2002 3752 2246 3805 etunam
2262 3748 2631 3806 castelonasm
2655 3752 2986 3808 montanico
3000 3769 3102 3808 seu
3121 3760 3176 3809 et
3198 3753 3312 3810 alia
3328 3756 3654 3827 conpendia

2002 3837 2172 3894 nobis
2200 3837 2485 3895 violenter
2505 3839 2770 3906 abstulit,
2797 3843 2854 3895 et
2877 3840 3084 3896 exinde
3101 3840 3432 3912 jussionem
3461 3847 3654 3900 vestra

2002 3926 2426 3999 subplicamus.
2832 3926 2838 3932 ’

2727 4017 2920 4073 XXlll.

2660 4123 2732 4161 AD
2763 4123 2957 4162 REGEM
2966 4148 2978 4160 .

2070 4210 2294 4267 Domno
2307 4210 2732 4285 gloriosissimo
2747 4213 2937 4285 adque
2950 4213 3649 4275 excellentissimoKarolo

1998 4301 2140 4372 regi,
2165 4301 2364 4357 Amico
2386 4306 2621 4373 pecator
2644 4307 2882 4357 vocatus
2903 4302 3052 4358 abba
3079 4320 3196 4359 una
3213 4320 3347 4360 cum
3371 4305 3649 4365 fratribus

1997 4389 2056 4444 in
2071 4390 2310 4447 cenobio
2325 4389 2764 4448 Morbacheinse
2777 4391 3124 4464 degentibus
3146 4393 3204 4448 in
3222 4392 3453 4450 Christo
3465 4394 3648 4453 Jhesu

235 4485 535 4547 exuatum,
567 4481 808 4537 definito
857 4479 1106 4551 judicio,
1138 4480 1247 4535 istc
1307 4479 1472 4547 alter,
1531 4479 1630 4552 qui
1687 4485 1889 4537 contra
1997 4481 2157 4548 optat
2191 4478 2439 4535 salutem
2473 4481 2640 4552 (178).
2676 4480 2755 4536 De
2786 4485 2978 4536 cetero
3009 4487 3205 4538 autem
3229 4483 3648 4558 sugg[er]imus

234 4566 405 4624 illum
423 4567 632 4625 habuit
644 4567 959 4636 racionem,
984 4567 1308 4624 secundum
1333 4566 1520 4640 legem
1540 4566 1887 4626 Alamanno-
1915 4574 1963 4640 D
1995 4565 2340 4624 celsitudine
2361 4575 2547 4624 vestre
2566 4587 2632 4626 eo
2655 4571 2808 4641 quod
2827 4570 3011 4626 comis
3031 4575 3242 4643 vester,
3267 4573 3502 4630 nomine
3524 4573 3642 4646 ille,

236 4673 368 4714 rum
399 4658 613 4715 vestitu
644 4673 824 4714 manu
857 4657 914 4710 in
937 4655 1162 4729 palacio
1185 4658 1384 4710 nostro
1415 4672 1682 4711 reversus
1711 4662 1800 4713 est
1829 4658 1889 4713 in
1999 4673 2106 4712 nos
2136 4657 2208 4711 de
2257 4659 2429 4712 rebus
2478 4657 2691 4730 aliquis
2739 4659 3049 4730 expoliavit
3099 4661 3289 4734 adque
3321 4663 3642 4730 devestivit,

235 4747 487 4820 propria.
513 4747 582 4802 Et
603 4746 649 4804 si
675 4745 772 4801 illa
794 4761 990 4812 causa,
1017 4760 1130 4816 que
1154 4747 1286 4799 ante
1305 4759 1411 4798 nos
1433 4743 1542 4798 fuit
1571 4743 1890 4814 dijudicata
1996 4745 2265 4800 videlicet
2296 4746 2449 4800 unde
2503 4761 2628 4809 nos,
2683 4746 2928 4803 Domino
2961 4752 3317 4821 protegente,
3369 4765 3474 4821 per
3516 4751 3642 4807 avio

237 4840 296 4891 et
315 4835 621 4906 judicibus
641 4833 858 4892 nostris
888 4835 974 4889 vel
997 4833 1367 4906 reginburgis
1397 4833 1616 4890 nostris
1632 4832 1719 4890 vel
1733 4835 1889 4906 judi-
1995 4838 2188 4892 vestro
2203 4837 2375 4905 atque
2387 4833 2633 4905 genitori
2648 4839 2837 4891 vestro
2854 4840 2913 4891 et
2923 4851 3025 4907 per
3036 4853 3135 4891 vos
3148 4853 3250 4908 per
3263 4840 3513 4892 vestram
3529 4839 3645 4911 pie-

237 4923 404 4979 cibus
435 4923 767 4980 constitutis
797 4927 856 4978 et
898 4922 1029 4979 aliis
1059 4923 1332 4996 pagensis
1365 4922 1639 4995 plurimis
1671 4924 1887 4979 ibidem
1998 4926 2174 4977 tatem
2207 4937 2392 4993 usque
2424 4920 2479 4975 in
2511 4937 2764 4992 praesens
2797 4926 3028 4994 tempus
3057 4921 3248 4978 vestiti
3268 4939 3397 4979 esse
3416 4924 3644 4983 videba-

237 5011 606 5080 sistentibus,
631 5011 739 5067 hoc
768 5016 907 5067 sunt
939 5011 1022 5066 illi
1054 5016 1110 5067 et
1139 5011 1243 5080 illi,
1277 5013 1377 5083 qui
1409 5011 1517 5068 hoc
1540 5013 1884 5085 inquietant,

237 5100 464 5158 solvant
490 5100 550 5156 in
575 5098 808 5173 publico
828 5098 1046 5156 solidos
1068 5098 1369 5172 sexaginta
1387 5105 1444 5155 et
1467 5101 1707 5172 duplam
1732 5117 1889 5173 repe-

286 5225 457 5310 ‘(17‘7)
477 5223 846 5310 .La‘requ’éte,
879 5224 1024 5278 dont
1051 5226 1198 5310 cette
1218 5221 1476 5310 ‘formule
1506 5223 1645 5310 o‘tl‘r‘e
1663 5224 1729 5310 le
1761 5242 1886 5310 m‘o-

236 5293 385 5362 dele,
409 5301 495 5351 est
500 5293 783 5378 adressée
804 5312 910 5378 par
933 5312 1011 5350 un
1033 5294 1272 5378 a’b‘blé‘de
1299 5293 1573 5378 Mqrbach
1605 5298 1639 5350 a
1660 5295 1888 5378 Charle-

237 5382 465 5452 magne.
496 5366 568 5449 Ge
590 5363 909 5450 princeiest.
922 5383 1000 5452 ‘en
1032 5365 1175 5452 citet.
1193 5363 1246 5420 le
1277 5363 1402 5452 seni
1422 5365 1524 5452 des
1546 5367 1887 5452 sonve‘rains

237 5383 334 5420 ma
379 5383 465 5422 ne.
496 5382 568 5422 ue
590 5382 788 5438 prince
814 5382 903 5422 est
930 5383 1000 5422 en
1032 5382 1164 5431 ene:
1193 5382 1246 5420 1e
1278 5382 1402 5420 sem
1422 5382 1524 5420 aes
1546 5382 1883 5424 souverains

237 5382 662 5510 car§ovingiens
687 5438 803 5510 qui
859 5437 940 5494 ait
968 5439 1133 5510 porte
1153 5436 1438 5510 les_titres
1469 5437 1667 5492 réunis
1697 5438 1769 5494 de
1799 5443 1883 5496 rei

236 5508 328 5576 des
357 5507 557 5564 Francs
586 5519 636 5565 et
664 5507 753 5566 de}
781 5507 1093 5566 Lombdrds.
1117 5507 1223 5580 (Cf.
1248 5507 1575 5574 Heumann,
1600 5509 1883 5566 Commen-

236 5581 373 5635 ίανίί
400 5580 463 5635 de
491 5596 550 5635 re
577 5580 950 5635 diplomatica.
977 5584 1118 5635 tom.
1145 5580 1212 5635 Ι.)
1247 5581 1438 5635 Quant
1458 5583 1492 5634 a
1521 5579 1780 5635 l’abbave
1811 5582 1882 5635 de

234 5581 373 5635 ἰανίί
400 5580 463 5636 de
491 5596 550 5635 re
577 5580 950 5652 diplomatica,
977 5584 1118 5635 tom.
1145 5580 1212 5649 Ι.)
1247 5581 1438 5645 Quant
1458 5583 1492 5634 a
1521 5580 1780 5654 l’abbaye
1811 5582 1882 5638 de

235 5651 535 5725 Morbach,
561 5651 671 5711 elle
690 5654 779 5710 fut
797 5652 1036 5710 d'abord
1050 5651 1256 5710 fondée
1272 5666 1410 5710 sous
1429 5649 1791 5711 l’invocation
1810 5654 1881 5712 de

1998 5027 2148 5066 mur.
2180 5010 2302 5073 Qua
2333 5027 2401 5066 ex
2431 5026 2490 5064 re
2509 5009 2854 5082 subpliciter
2883 5028 3192 5067 exoramus
3216 5011 3641 5073 sublimitatem

1993 5103 2246 5154 vestram
2266 5103 2329 5154 ut
2358 5098 2564 5154 exinde
2584 5097 2780 5153 taliter
2808 5098 2994 5172 pietas
3010 5105 3200 5155 vestra
3222 5100 3427 5171 jubeat
3447 5118 3637 5176 agere,

1994 5223 2051 5278 la
2079 5223 2279 5280 Sainte
2305 5222 2530 5291 Vierge,
2556 5223 2626 5277 de
2659 5222 2813 5277 saint
2833 5221 3044 5291 Pierre,
3073 5224 3143 5278 de
3163 5224 3319 5279 saint
3336 5225 3474 5281 Paul
3496 5227 3640 5282 etde

1995 5296 2152 5350 saint
2180 5293 2406 5349 Michel.
2441 5293 2525 5349 On
2546 5294 2768 5366 joignit
2814 5294 3038 5366 bientOt
3085 5312 3198 5351 aux
3241 5313 3411 5352 noms
3439 5297 3510 5351 de
3542 5313 3638 5354 ces

1994 5367 2184 5422 saints
2213 5371 2447 5440 patrons
2478 5365 2624 5440 celui
2651 5365 2728 5440 de
2761 5365 2917 5440 saint
2964 5366 3162 5440 Leger,
3192 5382 3387 5440 _parce
3443 5384 3556 5440 que
3585 5369 3639 5426 le

1993 5442 2182 5512 comte
2211 5435 2527 5512 Eberhard,
2545 5435 2796 5512 premier
2810 5435 3160 5512 bienfaitEur
3175 5435 3253 5492 du
3286 5435 3634 5512 monastero,

1992 5509 2133 5565 était
2161 5508 2373 5582 proche
2406 5507 2711 5582 parentde
2741 5507 3271 5582 l’illustreeveque.

2061 5577 2212 5661 (ﬁt?)
2241 5577 2442 5661 Amico
2473 5578 2558 5661 (ut
2589 5577 2859 5661 elunabbé
2888 5577 3350 5661 de_l.\tlorbach‘e_n
3367 5583 3492 5642 774.
3525 5583 3633 5661 (Cf.

1989 5650 2285 5722 Mabillbn,
2316 5650 2555 5709 Annales
2586 5651 2643 5711 0.
2678 5652 2734 5710 S.
2769 5657 2858 5722 8.,
2885 5658 2928 5710 t.
2962 5651 3032 5727 II,
3065 5669 3196 5734 pag.
3224 5655 3370 5736 200).
