4004 6160
433 359 613 446 ’1443

1735 384 2073 450 APPEND.
2121 353 2226 452 An
2274 354 2466 453 sm.
2512 355 2586 451 x.

3715 363 3892 452 ’1444

455 522 746 591 quatenus
762 517 1254 592 optimapotestas
1274 520 1737 589 vestra,Domino
1759 514 2102 594 inspirante,
2135 527 2188 592 Α
2217 524 2442 580 noverit
2471 522 2756 579 claritudo
2773 492 2994 596 sophye
3025 521 3178 596 quod
3209 523 3322 582 mei
3354 523 3678 597 cujusdam
3715 542 3894 598 para-

454 607 780 664 secundum
794 606 1091 678 justitiam
1111 607 1389 664 ineffabili
1409 609 1580 666 modo
1599 627 1766 685 agere
1785 611 2106 668 consuevit.

1187 715 1375 772 XXIV.

1057 804 1209 876 [Sine
1228 805 1500 877 rnbrz’ca.]

526 891 960 949 Gloriosissimo
982 897 1042 948 et
1071 893 1240 949 nobis
1263 893 1429 950 valde
1444 895 1759 951 karissimo
1791 912 1857 952 ac
1875 913 2110 952 summo

452 981 670 1037 honore
694 981 1050 1037 nominando
1073 981 1158 1037 illi
1182 982 1436 1055 glorioso
1455 983 1601 1057 regi,
1631 983 1822 1040 fidelis
1853 984 2111 1041 famulus

447 1074 636 1126 vester
657 1069 755 1125 ille
779 1069 1008 1126 ﬁdelem
1031 1071 1546 1128 etdevotissimum
1571 1073 1904 1129 servicium.
1929 1073 2111 1129 Conﬁ-

447 1159 650 1214 dentes
665 1157 722 1213 in
737 1163 989 1214 vestram
1006 1158 1435 1216 nobilissimam
1455 1161 2110 1232 prudentiam,destina-

447 1247 642 1304 vimus
659 1249 731 1303 ad
754 1253 1009 1304 vestram
1026 1247 1398 1304 clementiam
1413 1249 1519 1306 has
1538 1249 1786 1319 litteras,
1801 1251 2110 1308 obsecran-

446 1341 535 1394 tes
566 1341 630 1392 ut
659 1353 798 1410 erga
820 1337 1006 1393 filium
1027 1337 1196 1393 illum
1223 1355 1326 1410 per
1344 1343 1543 1395 nostro
1565 1355 1762 1396 amore
1787 1340 1871 1396 sic
1895 1339 2105 1412 agatis,

447 1426 620 1482 sicuti
643 1425 703 1482 in
724 1442 830 1482 vos
851 1426 1222 1495 conﬁdimus,
1246 1427 1516 1484 videlicet
1537 1433 1603 1484 ut
1621 1445 1714 1484 res
1737 1445 1962 1502 sponsa!
1985 1445 2104 1484 suae

445 1517 668 1588 absque
692 1515 944 1588 alicujus
959 1533 1026 1572 su
1035 1515 1362 1573 btractione
1371 1517 1586 1574 habere
1600 1516 1952 1590 liceat,quou
1961 1534 2106 1591 sque

443 1604 571 1679 ipse
591 1605 660 1662 de
673 1604 782 1661 hac
795 1604 1168 1678 expedicione
1189 1623 1223 1662 a
1245 1606 1412 1662 nobis
1434 1606 1742 1663 absolutus
1759 1607 1831 1662 ad
1849 1611 2104 1665 vestram

445 1693 797 1765 presentiam
822 1693 1017 1750 venire
1048 1693 1253 1766 possit.
1283 1695 1400 1750 Vos
1422 1695 1579 1751 enim
1611 1694 1776 1751 scitis
1809 1696 1880 1751 ad
1915 1711 2104 1768 quan-

443 1787 567 1838 tum
595 1783 1002 1838 necessitatem
1027 1782 1355 1855 pergimus;
1384 1782 1512 1839 ideo
1536 1789 1656 1839 tam
1681 1783 1877 1856 ipsum
1899 1800 2104 1856 quam-

421 1926 423 1928 .
443 1886 557 1941 que
575 1873 630 1925 et
650 1885 853 1926 omnes
875 1869 1073 1925 ﬁdeles
1092 1873 1324 1926 nostros
1345 1871 1644 1926 dimittere
1665 1889 1780 1928 non
1799 1871 1939 1928 utile
1945 1873 2102 1943 judi-

443 1974 676 2026 camus;
703 1975 835 2014 mox
858 1963 1052 2014 autem
1073 1959 1208 2014 inde
1231 1976 1498 2016 reversus
1520 1959 1717 2032 fuerit,
1742 1978 1876 2018 eum
1900 1962 1972 2016 ad
1996 1979 2098 2018 vos

442 2045 772 2119 dirigimus.
829 2046 961 2102 Ideo
1009 2045 1314 2103 humiliter
1359 2047 1738 2105 obsecramus
1769 2054 1829 2105 ut
1860 2049 2096 2106 interim

457 2152 597 2208 psas
619 2151 711 2191 res
733 2134 924 2206 quiete
943 2139 1220 2205 teneat,et
1238 2141 1368 2209 post
1387 2137 1664 2210 quicquid
1683 2138 1773 2194 lex
1795 2139 2098 2196 dictaverit

440 2223 500 2279 in
522 2228 715 2280 vestra
744 2224 1040 2296 presentia
1061 2225 1246 2281 facere
1272 2226 1551 2283 studebit.
1587 2227 1874 2300 Optamus
1903 2245 2005 2286 vos
2034 2228 2095 2284 in

443 2313 688 2369 Domino
721 2330 953 2386 semper
985 2314 1132 2370 bene
1161 2313 1369 2371 valere.

1176 2403 1343 2459 XXV.

1037 2491 1185 2558 [Sine
1220 2493 1491 2564 rubrica]

507 2579 974 2636 clementissimo
997 2596 1062 2636 ac
1080 2581 1455 2637 serenissimo
1477 2583 1597 2655 regi
1613 2581 1696 2638 illi
1719 2581 1972 2656 plurimo
1987 2601 2088 2638 au-

435 2669 673 2740 gusticas
695 2669 1002 2741 dignitatis
1035 2673 1281 2724 stemate
1311 2671 1735 2743 comptissimo,
1762 2670 1858 2727 ille
1889 2676 2088 2727 sancte

435 2758 596 2814 illius
609 2757 846 2814 ecclesie
861 2756 1103 2812 humilis
1117 2758 1360 2813 antestis
1374 2763 1833 2832 cunctorumque
1849 2759 2088 2816 famulo-

433 2863 567 2902 rum
587 2846 684 2902 Dei
701 2845 955 2900 l'amulus
977 2847 1267 2918 presentis
1289 2863 1355 2902 ac
1378 2847 1571 2904 future
1587 2848 1966 2904 beatitudinis
1988 2865 2085 2905 sa-

431 2933 615 2991 lutem
657 2935 714 2989 in
743 2933 970 2990 Christo
1001 2934 1183 2990 Jhesu
1211 2951 1483 2992 cernuus.
1514 2936 1958 3010 Elegantissime
1988 2939 2080 2994 ve-

428 3028 565 3080 stris
595 3023 902 3096 perspicue
949 3021 1332 3080 sublimitatis
1386 3028 1562 3098 atque
1599 3025 2082 3083 excellentissime

2219 613 2339 681 siti,
2369 612 2530 669 illius
2580 611 2866 680 videlicet,
2902 611 3080 680 filius,
3141 612 3241 669 illo
3298 613 3555 683 nomine,
3617 614 3894 687 puellam

2218 703 2531 774 quendam,
2563 701 2844 758 vocabulo
2865 701 3086 758 scilicet
3114 701 3300 773 illam,
3323 701 3590 776 legaliter
3618 707 3896 776 suscepit

2216 790 2275 846 in
2309 807 2608 863 sponsam.
2659 789 2841 862 Cujus
2889 791 3088 864 itaque
3128 807 3222 848 res
3254 791 3689 864 aliquantulas,
3729 795 3894 866 regni

2217 879 2394 936 vestri
2426 880 2570 936 sitas
2603 881 2662 935 in
2694 881 2946 947 dicione,
2974 881 3214 953 quidam
3240 883 3468 938 auferre
3489 881 3784 938 nituntur
3813 883 3893 938 in-

2209 969 2686 1042 juste.Quocirca
2705 976 2896 1026 vestre
2918 971 3342 1042 augustissime
3373 970 3718 1028 serenitatis
3753 973 3893 1027 sub-

2217 1058 2445 1132 plicitcr
2505 1059 2701 1132 ﬂagito
2759 1058 3153 1127 clementiam,
3188 1064 3252 1116 ut
3288 1061 3372 1132 _ob
3425 1077 3697 1117 amorem
3735 1062 3890 1118 beati

2217 1148 2431 1204 Christi
2457 1148 2644 1204 sancti
2677 1147 2858 1218 illius,
2893 1150 3062 1221 cujus
3094 1154 3282 1205 vcstre
3312 1150 3489 1205 saluti
3514 1150 3752 1224 jugiter
3781 1151 3890 1206 im-

2217 1236 2380 1310 ploro
2430 1237 2798 1310 suil‘ragium,
2863 1237 2922 1292 in
2961 1237 3255 1311 praedictis
3285 1239 3460 1295 rebus
3491 1239 3886 1312 adquirendis

2216 1327 2436 1398 pretato
2455 1325 2538 1381 illi
2559 1332 2820 1383 vestrum
2843 1327 2990 1383 ferre
3010 1327 3332 1400 dignemini
3356 1327 3709 1400 presidium.
3744 1329 3882 1385 Uni-

2214 1432 2516 1471 versorum
2533 1415 2714 1489 igitur
2733 1416 3042 1482 Dominus,
3065 1417 3238 1488 cujus
3260 1433 3466 1473 omnes
3484 1422 3740 1491 regnant
3755 1435 3882 1490 pro-

2215 1509 2446 1577 tegente
2477 1504 2712 1560 nomine
2742 1503 2918 1577 regis,
2941 1509 3200 1561 vestrum
3223 1505 3501 1562 continuo
3519 1522 3774 1580 regnum
3791 1507 3880 1578 ju-

2212 1593 2443 1648 vamine
2456 1592 2772 1649 sublimare
2785 1593 3112 1666 vestrisque
3124 1593 3374 1666 planctis
3386 1599 3636 1651 cunctos
3655 1595 3880 1652 naviter

2214 1682 2490 1756 dignetur
2519 1681 2797 1738 inimicus
2828 1683 3138 1755 subjicere.

2941 1807 3131 1864 XXVI.

2130 1907 2177 1974 B
2278 1916 2437 1998 Cette
2468 1915 2714 1998 formule
2747 1915 2894 1998 n'est
2917 1931 3020 1998 pas
3050 1918 3085 1970 a
3113 1919 3489 1998 proprement
3515 1915 3870 1998 perierunt!

2207 1991 2464 2060 requete,
2479 1988 2630 2043 mais
2647 1987 2973 2043 seulement
2985 2003 3101 2060 une
3111 1987 3658 2060 recomimanda’tion
3679 1989 3876 2044 adres-

2207 2058 2304 2115 sée
2333 2063 2366 2114 ὲ
2400 2075 2476 2114 un
2497 2060 2810 2185 évégueou
2835 2063 2870 2114 ὲ,
2901 2075 2980 2113 un
3011 2058 3182 2126 abbé,
3211 2059 3318 2142 qui
3334 2059 3622 2141 jouissait
3655 2061 3872 2131 proba-

2207 2129 2465 2185 blement
2495 2130 2573 2185 du
2647 2135 2760 2185 ront
2789 2130 2859 2185 de
2891 2130 3099 2185 rendre
3127 2129 3185 2185 Ia
3207 2135 3417 2185 rustice
3433 2147 3538 2185 sur
3565 2129 3655 2185 les
3688 2137 3872 2185 terres

2206 2129 2465 2187 blement
2495 2130 2573 2185 du
2605 2129 2760 2185 droit
2789 2130 2859 2185 de
2891 2130 3099 2186 rendre
3127 2129 3417 2202 lajustiCe
3433 2147 3538 2189 sur
3565 2129 3874 2188 les—terres

2205 2203 2276 2258 de
2307 2218 2409 2258 son
2441 2200 2638 2274 église.

2843 2305 2978 2344 ITEM
3008 2306 3040 2344 Α
3048 2305 3098 2344 L1
3105 2305 3138 2344 U
3148 2306 3190 2344 Μ
3199 2331 3211 2343 .

2276 2396 2604 2454 Venerabili
2626 2396 2686 2452 in
2713 2395 2944 2452 Christo
2977 2395 3141 2452 fratri
3171 2413 3274 2453 seu
3305 2396 3656 2454 dulcissimo
3677 2398 3870 2455 amico

2202 2492 2400 2544 nostro
2433 2485 2532 2542 illo
2555 2489 2612 2542 et
2632 2485 2753 2552 illo,
2789 2485 3010 2541 donum
3043 2485 3141 2542 Dei
3172 2487 3506 2559 episcopus,
3540 2491 3702 2543 Deus
3734 2489 3866 2551 scit,

2197 2583 2338 2633 tuus
2383 2593 2554 2632 verus
2597 2575 2842 2631 amicus.
2903 2575 3218 2647 Cognosce,
3281 2574 3652 2644 dulcissime,
3705 2581 3776 2632 ut
3803 2581 3863 2633 tu

2198 2672 2352 2723 stare
2386 2665 2566 2721 facias
2609 2668 2750 2736 aput
2780 2668 2979 2720 nostro
3029 2662 3232 2720 fasallo
3265 2663 3364 2720 illo
3396 2670 3540 2738 aput
3571 2670 3739 2722 meta
3767 2683 3866 2722 ra-

2195 2757 2354 2812 tione
2385 2755 2454 2810 de
2485 2753 2584 2810 illa
2631 2770 2810 2809 causa
2861 2757 3061 2809 sancto
3112 2751 3226 2821 ille,
3271 2754 3428 2826 quod
3458 2753 3588 2827 ipse
3619 2755 3858 2822 dixerit,

2195 2845 2446 2918 qualiter
2471 2842 2559 2900 vel
2592 2859 2698 2898 nos
2746 2847 2945 2898 nostro
2989 2842 3159 2898 tricto
3203 2842 3580 2915 recipiamus.
3635 2843 3862 2900 Taliter

2191 2935 2399 2992 exinde
2420 2933 2592 3008 agite,
2609 2930 2860 3005 qualiter
2880 2947 2988 2988 nos
3009 2948 3112 2988 con
3123 2932 3376 2989 fidamus
3387 2932 3460 2988 de
3482 2937 3681 2990 vestra
3703 2934 3860 2990 bona

2190 3024 2492 3081 charitate.

1528 3219 2186 3335 DEUXIEME
2256 3237 2733 3332 PARTIE.

1145 3469 1360 3526 XXVII.

495 3561 576 3644 La
625 3557 897 3644 formula,
929 3575 1044 3644 .par
1072 3557 1329 3644 Iaq‘uelle.
1344 3559 1405 3629 je
1433 3564 1948 3644 commen‘cehcett‘e
1980 3578 2068 3618 se-

423 3632 606 3687 conde
628 3631 835 3702 partis,
858 3629 957 3684 est
975 3647 1088 3684 une
1105 3629 1272 3685 le‘ttre
1297 3630 1402 3685 des
1429 3632 1656 3687 moines
1677 3631 1748 3687 de
1770 3631 2069 3687 Reichnau

421 3718 506 3783 au.
530 3701 981 3783 pape‘Crégoire
1000 3701 1117 3783 .III.‘
1143 3701 1426 3783 li’abbaye
1457 3703 1537 3783 de
1571 3701 1868 3783 Reichnau
1897 3709 2071 3783 agant

421 3775 512 3858 ἑξεῖ
531 3772 766 3858 ’,ιὀξιειέθ
795 3788 866 3858 ea.
914 3772 1040 3858 7.24:
1071 3776 1126 3826 ει
1154 3772 1430 3858 βςεθερίθθ
1463 3773 1537 3828 ¹¹¹
1558 3849 1567 3858 ,
1589 3779 1764 3858 erant
1792 3772 2070 3858 résniéﬁe

415 3845 516 3899 731
546 3846 580 3898 ὰ
607 3844 732 3910 741,
759 3848 907 3898 cette
937 3842 1106 3898 lettre
1137 3842 1411 3900 doit'etre
1444 3842 1804 3916 posterieure
1833 3842 1903 3902 d'e
1935 3845 2067 3902 bien

417 3913 834 4002 peuld:anpées
930 3913 1447 4002 l’érection.méme
1479 3917 1555 3972 du
1589 3920 1934 4002 monastere.
1954 3988 1966 4002 .
1986 3918 2064 3973 En

416 3985 572 4053 affet,
603 3985 657 4042 le
689 3985 997 4042 fondateur
1026 3986 1096 4041 de
1147 3985 1466 4055 Reichnau,
1527 3987 1684 4042 saint
1726 3988 2064 4058 Pirminius,

416 4058 796 4147 ξιζεξγδῖξξιρβξ.
807 4055 979 4147 male
993 4073 1374 4147 991119193299?
1394 4060 2069 4147 ξοηηοε.υγτξ.εεαοε..α>ῖοῖς

415 4127 641 4214 obtenu‘
661 4127 1086 4214 l’autorisation
1113 4127 1362 4214 speciale
1386 4129 1465 4184 du
1489 4130 1906 4214 Saint-Siége,il
1928 4131 2070 4214 etait

413 4199 644 4283 natural
677 4217 790 4273 que
820 4199 906 4256 les
953 4199 1181 4282 moines
1229 4199 1872 4283 s’empressassentfde
1924 4203 2068 4283 (sire

413 4271 712 4327 connattré
763 4289 835 4354 au
887 4271 1194 4328 souverain
1251 4271 1553 4370 pontifele
1607 4275 1810 4330 succes
1841 4274 1912 4330 de
1941 4273 2069 4330 Ieur

412 4341 619 4399 nouvel
653 4343 1094 4399 établissement
1125 4342 1294 4415 (179,.

1016 4449 1171 4520 [Sine
1188 4449 1457 4520 rubrica].

459 4534 728 4590 .Summo
752 4551 1004 4590 romana:
1028 4534 1280 4591 ecclesias
1312 4534 1570 4608 pontiﬁci
1604 4540 1662 4592 et
1690 4539 2065 4596 sanctissimo

410 4620 902 4679 excellentissimo
930 4623 1085 4680 sedis
1117 4624 1344 4680 custodi
1375 4625 1604 4700 egregio
1637 4642 1783 4700 pape
1823 4627 1930 4689 illi.
1955 4628 2064 4685 hu-

411 4710 664 4768 millima
679 4711 1396 4770 etdevotissimaﬁdelium
1417 4715 1736 4772 oratorium
1756 4733 2066 4791 congrega-

393 4802 488 4881 Atio
510 4803 582 4858 ab
605 4802 821 4872 insula,
846 4819 960 4875 que
980 4803 1052 4903 ab
1083 4802 1659 4908 i‘ngolisﬁlamanna:
1689 4805 1879 4879 Augia
1905 4807 2062 4864 voci-
2091 4843 2140 4908 Β

407 4895 586 4961 tatur,
636 4907 983 4965 prosperum
1034 4893 1094 4948 in
1145 4892 1392 4949 Domino
1444 4897 1605 4966 optat
1637 4900 1973 4966 provectum
2005 4901 2063 4953 et

405 4980 586 5037 vitam
638 4985 1003 5054 perpetuam.
1061 4981 1184 5036 Nisi
1238 4981 1377 5054 quia
1432 4981 1893 5056 inextinguibilis
1931 5001 2060 5042 vere

407 5069 670 5125 caritatis
693 5086 799 5125 nos
827 5071 1002 5125 ardor
1030 5069 1228 5142 sepius
1261 5070 1589 5126 inﬂammat
1613 5088 1718 5128 nec
1741 5089 1857 5128 non
1880 5074 2060 5130 totius

407 5157 650 5216 ecclesie
667 5158 1121 5215 orthodoxorum
1149 5159 1348 5216 suasio
1381 5159 1663 5229 accendit,
1699 5159 2056 5230 nullatenus,

473 5356 622 5429 (179)
651 5357 736 5413 Cf.
755 5373 888 5429 nsur
925 5355 982 5412 la
1009 5355 1306 5429 fondation
1343 5353 1720 5429 derl'abbaye
1749 5358 1821 5414 de
1851 5358 2057 5415 Reich-

405 5424 540 5493 nan,
593 5424 892 5496 Mabillon,
945 5424 1296 5500 Annales,_0.
1331 5427 1386 5482 S.
1419 5424 1672 5500 B.,Acap:
1699 5446 1796 5496 xx,
1829 5429 1931 5486 lib.
1963 5433 2053 5487 65.

467 5499 625 5622 £180)
658 5500 1039 5582 L’abbayede
1079 5497 1380 5580 Reichnau
1411 5497 1554 5580 etait
1585 5497 1655 5554 en
1688 5501 1823 5556 ell‘et
1848 5518 2058 5584 consa-

501 5586 530 5622 e
562 5573 596 5622 ὲ
624 5571 679 5622 la
695 5576 882 5622 samte
903 5575 1106 5622 Vierge
1123 5574 1180 5622 et
1195 5573 1228 5622 ὲ
1245 5569 1628 5622 sathierre.
1646 5571 1728 5622 Cf.
1756 5572 2055 5622 Mahillon-

400 5569 530 5642 prée
562 5573 596 5642 a
624 5571 679 5626 la
695 5569 891 5627 sainte'
903 5571 1106 5642 Vierge
1123 5574 1180 5626 et
1195 5573 1228 5626 ὸ.
1245 5569 1403 5626 saint
1416 5569 1628 5627 Pierre.
1646 5571 1728 5628 Cf.
1756 5572 2055 5642 Mabillon,

405 5639 752 5714 AnpqlesLO.
787 5644 842 5697 S.
877 5645 962 5710 B.,
995 5639 1098 5698 lib.
1134 5659 1227 5714 xx,
1260 5658 1386 5714 cap.
1418 5642 1509 5698 65.

476 5710 622 5796 (181)
649 5705 727 5768 Ce
749 5718 872 5771 mot
889 5705 978 5771 est
1002 5705 1422 5772 certainemént
1443 5728 1781 5792 corrompu:
1808 5714 1848 5775 il
1881 5715 2054 5792 s'agit

2104 3473 2146 3539 C
2186 3474 2372 3544 pater,
2403 3486 2510 3526 nec
2561 3468 2798 3541 scriptis
2847 3468 2976 3524 ausi
3027 3467 3347 3524 fuissemus
3392 3483 3498 3524 nec
3535 3467 3723 3526 dictis
3750 3485 3858 3542 per

2179 3559 2457 3632 aliquem,
2518 3558 2786 3631 quamvis
2831 3556 3344 3625 inlustrissimum,
3400 3561 3560 3614 tante
3613 3558 3767 3630 quid
3799 3563 3857 3615 et

2178 3648 2280 3704 tali
2313 3649 2569 3703 indicare
2602 3646 2913 3703 nobilitati.
2948 3647 3082 3703 Ideo
3115 3651 3247 3719 post
3276 3650 3518 3714 tantam,
3551 3645 3749 3704 immo
3795 3653 3852 3704 et

2177 3743 2296 3793 tam
2331 3737 2748 3810 probatissima
2778 3735 3031 3792 rumoris
3080 3735 3337 3808 laudem,
3370 3735 3498 3792 ausi
3530 3752 3756 3792 sumus
3787 3742 3850 3792 et

2179 3828 2430 3882 missum
2463 3831 2520 3882 et
2558 3826 2837 3898 scriptam
2897 3824 3256 3880 beatitudine
3313 3829 3504 3881 vestre
3561 3824 3846 3898 dirigere.

2177 3915 2360 3971 Locus
2407 3915 2583 3971 etiam
2627 3913 2758 3981 iste,
2793 3917 2960 3986 pater
2988 3913 3336 3980 venerande,
3368 3929 3542 3986 quem
3596 3915 3849 3970 nomine

2177 4002 2574 4076 praediximus,
2610 4002 3002 4076 principatum
3036 4019 3139 4074 per
3158 4001 3265 4058 has
3295 4006 3490 4074 partes
3510 4006 3664 4059 terre
3687 4002 3844 4058 obti-

2177 4097 2305 4161 net;
2337 4093 2546 4148 Sancte
2593 4091 2774 4148 Maris
2817 4107 3048 4164 semper
3095 4091 3306 4164 virgini
3335 4094 3622 4163 Petroque
3671 4092 3844 4164 prin-

2177 4181 2292 4254 cipi
2325 4180 2724 4253 apostolorum
2765 4184 3140 4237 consecratus
3171 4180 3339 4252 (480),
3373 4178 3662 4252 regularis
3707 4181 3844 4237 vitae

2177 4287 2446 4327 normam
2477 4269 2828 4326 ducencium
2853 4274 3079 4342 partem
3109 4286 3224 4324 non
3257 4269 3566 4325 minimam
3596 4269 3843 4342 conglo-

2177 4364 2383 4428 merat,
2431 4376 2684 4432 quorum
2721 4357 3003 4432 spiritalis
3034 4359 3308 4414 doctrinae
3340 4357 3614 4414 cumulus
3640 4361 3842 4414 totum

2176 4465 2412 4522 quoque
2438 4449 2758 4505 vicinatum
2778 4448 3236 4520 circumquaque
3247 4451 3522 4508 nostrum
3546 4447 3843 4504 doctrinis

2175 4536 2540 4611 longissimis
2575 4536 2781 4611 pascit.
2817 4537 3004 4610 Igitur
3033 4537 3248 4592 hereno
3279 4536 3427 4608 (181)
3459 4536 3531 4593 ab
3583 4535 3842 4608 Alpibus

2175 4627 2306 4683 Eois
2336 4627 2709 4684 Occidentem
2765 4642 2970 4684 versus
3001 4625 3183 4682 nimio
3215 4630 3550 4684 currentem
3600 4625 3836 4699 fragore

2175 4716 2425 4772 eundem
2459 4714 2569 4772 loci
2587 4715 2853 4771 habitum
2876 4731 2981 4788 per
3008 4731 3169 4770 mare
3191 4715 3545 4770 unaisonum
3579 4713 3835 4769 circum-

2173 4803 2363 4873 luens,
2398 4804 2654 4860 insulam
2688 4804 2848 4860 omni
2878 4808 3086 4860 ornatu
3143 4819 3425 4860 novorum
3456 4801 3830 4860 edi-ﬁciorum

2169 4897 2465 4966 comptam
2480 4893 2674 4949 media
2691 4893 2901 4962 reddit;
2919 4893 3050 4949 fons
3063 4896 3257 4949 autem
3273 4891 3671 4965 praadictusﬁn
3703 4893 3836 4949 visu

2170 4987 2358 5054 coepta
2380 4981 2476 5038 via
2501 4997 2868 5054 percurrens,
2884 4998 3063 5050 mare,
3081 4983 3236 5054 quod
3259 4981 3476 5038 dicitur
3497 4975 3833 5049 Orcariu‘ﬁi,

2168 5070 2343 5126 inluit
2375 5070 2544 5142 (l82).
2581 5071 2716 5126 Inde
2738 5071 3112 5128 sanctissime
3137 5075 3196 5127 et
3222 5071 3560 5127 beatissime
3580 5069 3837 5143 virginis

2169 5159 2349 5216 Marie
2381 5159 2588 5216 matris
2622 5159 2849 5216 Domini
2882 5158 3236 5216 clarescente
3265 5158 3834 5227 sanctitate,nccnon

2168 5357 2238 5414 ici
2271 5359 2350 5414 du
2410 5357 2574 5424 Rhin,
2636 5357 2780 5412 dont
2835 5355 2920 5412 les
2950 5373 3097 5412 eaux
3153 5355 3536 5412 environnent
3584 5353 3706 5410 I’tle
3757 5358 3836 5412 oh

2168 5429 2306 5486 était
2336 5428 2489 5484 batie
2519 5427 2836 5494 Reichnau,
2861 5433 2919 5484 et
2949 5427 2988 5482 il
3016 5429 3139 5484 faut
3167 5428 3422 5500 corriger
3448 5426 3720 5500 e_Rhe_no.

2239 5501 2384 5572 (182)
2416 5505 2570 5556 Cette
2610 5499 3035 5572 descriptionis,
3065 5497 3349 5572 quelques
3394 5497 3565 5572 traits
3599 5498 3672 5572 de
3707 5515 3832 5554 res-

2167 5568 2500 5645 semblance
2521 5587 2657 5645 aveo
2681 5568 2826 5628 cellé
2839 5568 3245 5645 queWalat'rid
3272 5569 3521 5627 Strabon
3541 5585 3575 5624 a
3595 5568 3834 5626 donne’e

2166 5643 2270 5702 des
2301 5647 2524 5702 mémes
2551 5642 2708 5702 lieux
2733 5659 2746 5700 :
