4026 6176
176 321 178 324 ’
195 319 230 378 4
241 315 359 378 449

1483 304 1884 377 ΡΟΗΜΗῙΛΕ
1927 309 2308 378 VETERES.

3452 315 3610 378 “50

171 449 632 522 genéralement
663 467 767 507 sur
788 450 872 530 les
903 449 1213 506 babitudes
1244 450 1314 504 de
1345 448 1398 503 la
1423 448 1510 504 vie
1531 447 1845 503 intérienre
1875 449 1929 515 Α
1962 448 2105 504 bene
2136 453 2409 521 procurat
2439 463 2574 506 cum
2603 448 2909 507 scolastico
2941 451 3264 524 pedagogio
3288 448 3611 510 amicaliter

193 541 343 596 dans
374 539 460 594 les
492 543 875 596 monastéres.

654 645 972 685 INDICULUM
999 641 1070 684 AD
1094 644 1378 683 ABBATEM.

262 717 592 773 Venerabili
625 719 747 774 viro
779 722 835 772 et
866 718 1024 772 omni
1049 717 1309 773 caritatis
1330 733 1528 772 amore
1549 714 1844 788 diligendo

183 806 282 861 illo
315 807 412 861 Dei
446 811 740 862 annuente
771 807 959 879 gratia
989 807 1210 876 abbati,
1246 806 1339 861 ille
1360 807 1511 860 dono
1535 809 1588 860 et
1616 802 1844 859 miseri-

186 896 388 951 cordia
415 896 513 951 Dei
544 896 826 968 largiente
859 896 1041 951 abbas
1077 912 1388 968 perennem
1425 895 1481 949 in
1516 894 1632 949 Deo
1678 893 1843 948 Patre

188 985 465 1040 salutem.
517 985 841 1058 Cognoscat
887 987 1226 1040 fraternitas
1275 988 1462 1038 vestra
1507 984 1563 1037 in
1612 981 1841 1037 Christo

180 1073 470 1130 oracionis
501 1073 684 1128 nostri
717 1075 980 1129 studium
1004 1073 1097 1129 die
1124 1079 1418 1144 noctuque
1441 1089 1544 1145 pro
1569 1071 1730 1126 vobis
1751 1070 1838 1124 in-

181 1163 520 1218 desinenter
547 1168 767 1227 actum,
802 1168 1067 1236 petentes
1093 1167 1157 1217 ut
1188 1167 1244 1217 et
1273 1162 1456 1234 hujus
1484 1162 1599 1216 vite
1623 1161 1701 1215 ita
1723 1159 1842 1214 feli-

179 1252 324 1307 citer
345 1251 403 1307 in
417 1251 666 1307 Domino
685 1253 976 1325 peragatis
997 1268 1256 1319 cursum,
1282 1256 1573 1324 quatenus
1594 1249 1836 1304 valeatis

182 1343 394 1395 aeterne
422 1341 622 1396 venire
653 1339 946 1395 felicitatis
978 1340 1288 1412 premium.
1337 1339 1556 1394 Deinde
1603 1353 1834 1393 ammo-

178 1433 382 1484 nentes
405 1429 668 1484 utnostri
692 1444 978 1484 memores
995 1445 1124 1484 esse
1146 1427 1469 1501 dignemini
1496 1429 1552 1481 in
1577 1425 1830 1494 Christo,

176 1523 234 1573 et
264 1517 480 1573 librum
517 1520 587 1572 De
615 1519 831 1573 civitate
863 1518 960 1572 Dei
989 1517 1198 1574 obnixe
1249 1516 1582 1588 flagitamus
1619 1519 1837 1587 prestet

180 1606 348 1661 nobis
381 1607 597 1662 caritas
631 1607 881 1678 pectoris
909 1606 1116 1673 vestri;
1150 1622 1253 1678 per
1286 1606 1565 1660 nuncium
1593 1611 1650 1659 et
1702 1621 1835 1675 por-

174 1701 420 1752 tatorem
455 1695 702 1751 istorum
738 1696 971 1767 apicum
1004 1695 1306 1767 pervenire
1340 1693 1725 1764 faciatjussio
1746 1708 1834 1747 ve-

174 1791 317 1853 stra,
351 1790 408 1839 et
437 1784 545 1840 hoc
575 1784 813 1857 vulgare
863 1785 1231 1856 proverbium
1282 1784 1608 1839 secundum
1653 1782 1832 1854 hujus
1861 1816 1908 1882 B

175 1873 520 1929 rusticitatis
551 1872 813 1945 linguam
846 1871 1100 1944 accipias
1131 1877 1188 1928 et
1217 1871 1400 1927 scias:

249 1986 275 2011 ‹‹
306 1961 392 2018 Sit
422 1961 582 2017 salus
615 1967 788 2033 atque
819 1962 996 2017 decus
1032 1966 1222 2017 tecum
1258 1961 1468 2033 pietate
1495 1963 1758 2032 paterna,

283 2074 309 2099 τ(
342 2050 430 2106 Sit
462 2050 565 2105 tibi
600 2051 909 2122 pacificum
943 2055 1178 2122 tempus
1210 2056 1266 2106 et
1291 2065 1463 2104 omne
1499 2050 1740 2104 bonum.
1770 2070 1797 2096 »

883 2139 1118 2194 XXXIX.

807 2245 880 2284 AD
910 2246 982 2283 ΑΒ
989 2245 1126 2284 ΒΑΤΕ
1134 2245 1176 2282 Μ
1185 2270 1196 2282 .

251 2315 349 2372 Ille
381 2316 646 2389 exiguus,
680 2316 763 2372 illi
797 2317 990 2372 abbati
1017 2321 1072 2371 et
1097 2316 1424 2371 amicorum
1445 2332 1710 2370 meorum
1739 2315 1838 2369 ka-

175 2406 410 2461 rissimo
440 2405 736 2478 copiosam
770 2406 829 2461 in
860 2406 1089 2461 Christo
1119 2403 1605 2475 salutem.Recepi
1653 2407 1841 2458 vestre

177 2493 504 2549 dulcedinis
531 2494 839 2562 litterulas,
863 2512 1008 2566 quas
1029 2511 1269 2567 presens
1288 2491 1436 2548 lator
1456 2492 1764 2557 detulerat,
1787 2498 1844 2547 et

177 2581 434 2638 intellexi
480 2599 708 2654 queque
757 2583 1154 2638 continebant.
1213 2584 1322 2638 Sed
1377 2581 1605 2636 mittam
1652 2582 1839 2646 vobis,

182 2688 316 2726 cum
350 2670 522 2727 citius
556 2675 776 2743 potero,
810 2671 979 2726 illum
1012 2687 1388 2726 communem
1436 2669 1689 2736 fidelem,
1742 2687 1844 2742 per

184 2775 360 2832 quem
386 2760 780 2816 conditionem
807 2761 1082 2816 emtionis
1105 2759 1468 2832 pelliciarum
1493 2764 1549 2814 et
1569 2759 1704 2825 alia,
1731 2775 1843 2830 que

188 2849 448 2915 voluero,
481 2849 853 2905 remandabo.
891 2848 1162 2905 Gratulor
1183 2848 1336 2904 enim
1362 2848 1534 2903 modo
1556 2853 1750 2903 certus
1775 2849 1845 2903 de

188 2942 292 2993 tua
319 2937 622 3011 sospitate,
657 2955 830 3010 quam
865 2944 1106 2994 actenus
1145 2939 1422 3010 ignorans
1465 2936 1654 2992 multo
1689 2937 1844 2992 tedio

187 3026 340 3082 sicut
357 3044 457 3098 pro
475 3027 757 3083 unanimo
776 3027 962 3082 amico
982 3029 1244 3082 adfectus
1262 3043 1416 3082 sum.
1441 3027 1628 3090 Queso
1651 3031 1844 3080 tamen

186 3120 347 3170 tuam
383 3115 752 3170 dulcedinem
785 3116 1084 3171 caritatem
1116 3120 1182 3170 ut
1209 3116 1572 3186 frequentius
1600 3114 1837 3185 scriptis

185 3209 244 3260 et
275 3204 474 3260 missis
507 3209 710 3259 mutuo
741 3221 846 3259 nos
877 3205 1204 3271 visitemur,
1255 3207 1313 3259 et
1359 3220 1474 3258 non
1521 3204 1834 3275 sejungant
1862 3185 1904 3252 C

182 3293 359 3365 longa
388 3298 677 3348 terrarum
702 3292 920 3364 spacia,
952 3309 1100 3362 quos
1125 3292 1340 3347 Christi
1367 3290 1542 3346 nectit
1564 3307 1748 3346 amor.
1769 3291 1836 3346 Et

187 3400 324 3454 rogo
356 3387 410 3437 te
443 3386 506 3437 ut
535 3381 799 3438 istoriam
833 3381 1001 3436 dictis
1033 3397 1244 3436 nomen
1278 3381 1348 3436 De
1377 3381 1513 3436 bello
1536 3379 1836 3449 Grcgorum

181 3480 233 3527 et
266 3473 646 3536 Troianorum,
680 3487 859 3543 quam
890 3486 1066 3542 penes
1099 3474 1151 3523 te
1173 3468 1462 3535 novimus,
1488 3468 1835 3524 transscribi

173 3561 388 3632 jubeas
420 3565 477 3615 et
507 3577 610 3632 per
641 3564 1034 3615 memoratum
1069 3562 1125 3613 et
1165 3574 1535 3613 communem
1583 3557 1835 3619 fidelem,

185 3665 318 3704 cum
354 3651 422 3704 ad
457 3665 558 3705 vos
583 3649 816 3716 misero,
843 3648 1011 3703 nobis
1028 3646 1362 3714 remittatis,
1389 3646 1834 3718 quianusquam

187 3737 346 3792 illam
384 3739 532 3793 inter
564 3743 797 3794 nostros
827 3736 1086 3792 invenire
1118 3736 1436 3808 possimus.
1462 3734 1600 3789 Vale
1625 3735 1681 3788 in
1723 3735 1836 3789 Do-

188 3827 368 3890 mino,
384 3826 728 3881 dulcissime
747 3828 940 3892 frater,
963 3825 1122 3896 m[e]i
1145 3841 1377 3896 semper
1399 3840 1501 3896 per
1516 3830 1571 3878 te
1590 3828 1839 3896 tuosque

189 3915 439 3987 benigne
467 3931 691 3970 memor
712 3920 767 3969 et
790 3915 1125 3987 diligentem
1149 3917 1200 3968 te
1218 3913 1417 3985 dilige,
1442 3918 1498 3968 et
1516 3913 1840 3984 Deuspncis

190 4009 246 4060 te
278 4006 571 4060 custodiat
601 4006 838 4077 ubique.

963 4095 1071 4148 XL.

798 4183 948 4254 [Sine
969 4184 1210 4237 rubrica.
1228 4184 1236 4246 l

264 4271 511 4328 Domino
541 4269 856 4326 venerabili
888 4269 972 4324 illi
1005 4270 1198 4324 abbati
1230 4274 1287 4323 et
1318 4270 1599 4325 fratribus
1623 4269 1844 4325 Insula-

193 4361 476 4416 nensibus
505 4359 674 4431 (190),
709 4357 806 4413 ille
836 4358 939 4413 Dei
971 4357 1123 4412 dono
1155 4357 1335 4411 abbas
1376 4355 1648 4412 salutem.
1689 4359 1846 4413 Sciat

193 4450 464 4504 inmensa
495 4448 815 4521 paternitas
844 4450 1038 4502 vestra
1069 4445 1224 4516 quod
1275 4445 1493 4516 ubique
1544 4446 1600 4500 in
1651 4450 1845 4500 vestro

1957 537 2237 594 docendo.
2269 537 2423 593 Bene
2453 537 2635 594 valete
2666 555 2955 596 memores
2989 541 3123 596 mei.

2713 628 2848 683 XLI.

2555 698 2707 769 [Sine
2748 701 3015 770 rubrica.]

2026 777 2380 834 Dulcissimo
2413 778 2472 833 in
2505 779 2735 836 Christo
2762 779 3484 854 patriilliarchiepiscopo,
3512 779 3610 836 ille

1956 884 2070 922 non
2121 868 2324 923 merito
2371 869 2554 924 abbas
2602 886 2899 925 summam
2950 870 3008 924 in
3057 870 3302 926 Domino
3349 869 3606 926 salutem

1952 959 2132 1026 optat.
2169 957 2345 1012 Misse
2373 974 2475 1029 per
2504 957 2672 1012 illum
2705 958 3151 1031 peripateticum
3184 958 3371 1013 littere
3397 962 3604 1013 vestrae

1952 1045 2116 1116 prius
2149 1045 2530 1101 fundamenta
2552 1048 2805 1117 quedam
2829 1046 2886 1101 in
2911 1046 3078 1102 nobis
3099 1047 3313 1120 gaudio
3337 1045 3517 1102 nostri
3533 1046 3605 1100 de

1951 1132 2223 1189 sanitatis
2241 1138 2443 1190 vestrae
2464 1135 2677 1190 indicio
2701 1141 3113 1208 conceptarum
3132 1133 3360 1203 Ietetur,
3381 1130 3480 1190 sed
3505 1149 3608 1206 per

1950 1220 2116 1276 illum
2134 1221 2363 1278 ﬁdelem
2377 1227 2658 1288 vestrum,
2679 1224 2946 1278 nostrum
2964 1227 3161 1279 autem
3175 1221 3456 1292 amicum,
3473 1222 3602 1278 viva

1949 1326 2088 1366 voce
2116 1311 2389 1384 energius
2420 1313 2674 1384 quedam
2704 1311 3029 1368 similitudo
3060 1313 3381 1370 eorundem
3415 1311 3602 1367 fabri-

1945 1414 2073 1454 cam
2105 1401 2456 1471 gaudiorum
2488 1417 2603 1456 non
2639 1401 3009 1457 mediocriter
3029 1398 3242 1457 erexit:
3270 1417 3374 1474 pro
3393 1401 3605 1456 vestris

1945 1488 2102 1544 enim
2137 1489 2434 1562 prosperis
2467 1507 2582 1546 non
2618 1489 2815 1546 minus
2846 1507 3023 1562 quam
3055 1489 3274 1546 nostris
3295 1487 3604 1545 hilaresci-

1945 1593 2098 1632 mus.
2130 1577 2201 1632 Ut
2219 1577 2511 1645 jussistis,
2546 1578 2872 1633 scutarium
2905 1582 2961 1634 et
2993 1578 3262 1634 cerevisaa
3314 1579 3604 1634 confecto-

1945 1680 2089 1730 rem,
2144 1669 2475 1738 ceteraque,
2527 1656 2708 1738 [quae].
2755 1667 3122 1740 potuerimus
3173 1668 3246 1722 ad
3298 1667 3606 1724 servicium

1942 1758 2222 1818 vestrum,
2260 1772 2363 1826 per
2392 1755 2642 1810 missum
2676 1760 2942 1812 nostrum
2976 1773 3112 1812 cum
3145 1755 3247 1812 illo
3289 1754 3602 1832 directuri;

1943 1843 2018 1898 ad
2036 1842 2297 1898 subitum
2324 1843 2480 1898 enim
2507 1845 2882 1916 nequivimtis
2903 1861 2990 1911 ea,
3015 1861 3126 1918 que
3146 1844 3606 1917 imperastis,in‘-

1945 1931 2162 1998 venire,
2195 1932 2334 2002 quia
2363 1932 2815 1989 incommodatis
2847 1933 3130 2006 temporis
3174 1933 3337 2002 mali,
3388 1949 3500 2007 que
3549 1937 3608 1988 et

1948 2019 2116 2074 vobis
2148 2019 2417 2075 nonnihil
2449 2021 2651 2082 ofﬁcit,
2681 2021 2850 2078 nobis
2875 2022 3113 2079 obsistit
3137 2022 3196 2078 in
3217 2021 3512 2094 plurimis.

2094 2109 2242 2180 Ergo
2275 2107 2565 2164 salutetur
2587 2113 2777 2166 vestro
2809 2111 3156 2184 prudentius
3199 2127 3317 2179 ore,

2160 2197 2418 2253 Antistes
2451 2203 2662 2254 nostrae
2694 2213 2831 2271 pars
2863 2201 3127 2272 preciosa
3157 2201 3386 2256 anime.

2092 2285 2309 2341 Felices
2342 2285 2436 2341 ille
2467 2287 2685 2358 quibus
2715 2291 2804 2343 est
2834 2287 2939 2344 hec
2971 2288 3159 2360 gratia
3189 2287 3390 2361 plebes

2163 2374 2234 2429 Ut
2263 2379 2456 2431 tantos
2487 2374 2742 2431 habeant
2769 2375 2918 2432 lucis
2949 2377 3009 2431 in
3043 2378 3174 2432 arce
3203 2374 3409 2433 duces!

2093 2463 2252 2520 State
2280 2463 2457 2519 simul
2490 2464 2689 2531 fortes,
2724 2469 2979 2538 pugnate
3005 2464 3278 2533 viriliter,
3303 2469 3370 2520 ut
3390 2465 3533 2520 dum

2166 2553 2440 2625 Regnetis
2467 2569 2700 2625 semper
2728 2570 2876 2625 quos
2908 2553 3062 2610 alitis
3093 2554 3388 2627 gregibus.

2096 2641 2232 2695 Esto
2267 2641 2379 2696 mei
2412 2658 2720 2709 memores,
2757 2659 2889 2698 sum
2920 2643 3129 2710 vestri;
3166 2643 3347 2700 debeo
3368 2641 3535 2699 vobis

2167 2730 2236 2784 Et
2264 2747 2435 2786 voveo
2468 2735 2658 2786 totum
2691 2731 2969 2804 quicquid
3003 2749 3266 2788 amore...

2024 2816 2244 2874 Valete.

2697 2891 2860 2948 XLII.

2563 2963 2716 3033 [Sine
2754 2963 2995 3034 rubrica]

2027 3039 2321 3094 Familiari
2355 3044 2552 3095 nostro
2583 3043 2796 3096 domno
2824 3041 2930 3109 illi,
2963 3041 3058 3096 ille
3107 3047 3295 3098 vester
3343 3045 3606 3100 eternam

1954 3127 2014 3181 in
2046 3127 2296 3182 Christo.
2345 3129 2626 3201 Suscepta
2671 3128 2919 3201 epistola
2964 3134 3159 3186 vestra
3205 3148 3394 3204 nuper
3441 3131 3612 3194 nobis

1941 3217 2316 3280 transmissa,
2349 3217 2407 3272 in
2442 3218 2661 3289 apertis
2688 3217 2870 3291 gavisi
2904 3236 3134 3286 sumus,
3161 3219 3219 3274 in
3240 3219 3454 3292 topicis
3474 3237 3608 3276 vero

1945 3323 2188 3360 acumen
2208 3305 2832 3378 ingeniilaudavimus,
2855 3309 3122 3363 obtantes
3142 3309 3440 3364 communi
3468 3326 3606 3364 con-

1942 3394 2140 3466 loquio
2191 3395 2293 3450 hec
2341 3396 2549 3467 exponi
2596 3397 2967 3469 quandoque.
3022 3397 3258 3452 Interim
3309 3414 3444 3454 cum
3505 3398 3606 3454 Dei

1945 3483 2324 3538 amminiculo
2355 3485 2698 3556 sospitatem
2730 3489 2992 3540 nostram
3018 3484 3302 3542 dinoscite
3321 3491 3602 3542 vestram-

1944 3589 2058 3644 que
2092 3573 2264 3627 nobis
2297 3573 2531 3628 demum
2567 3573 2868 3641 intimate;
2903 3572 3027 3630 dies
3057 3579 3145 3630 est
3177 3573 3334 3630 enim
3384 3575 3605 3632 obtabi-

1946 3659 2043 3728 Iis,
2077 3679 2190 3734 quo
2223 3662 2398 3717 vestri
2430 3667 2878 3735 vestrorumque
2911 3662 3162 3720 salutem
3194 3665 3399 3721 audire
3421 3681 3608 3721 mere-

1947 3754 2254 3805 mur.Dum
2274 3751 2844 3824 ﬂagitamuslargam
2865 3752 3313 3810 benivolentiam
3329 3759 3606 3822 vestram,

1950 3843 2032 3906 ut,
2067 3839 2113 3894 si
2148 3838 2265 3894 ullo
2299 3840 2471 3894 modo
2505 3840 2626 3894 fieri
2657 3841 2864 3906 valeat,
2899 3858 3032 3896 cum
3065 3841 3265 3914 gerulo
3317 3841 3605 3914 presentis
3664 3901 3666 3903 ,

1951 3927 2228 3999 pittacioli
2265 3928 2562 3983 Matheum
2594 3929 2933 3984 vitrearium
2967 3930 3135 3985 nobis
3160 3931 3609 3998 transmittatis,

1953 4020 2242 4088 quatenus
2287 4018 2358 4072 ad
2411 4016 2714 4074 basilicam
2763 4018 2959 4074 Sancti
3009 4019 3128 4074 Viti
3179 4024 3400 4092 martyr
3458 4019 3614 4093 (19t)

1953 4120 2184 4160 summe
2216 4104 2467 4160 fenestre
2507 4105 2802 4176 exemplar
2845 4109 3098 4161 ostentet
3145 4105 3454 4162 infantulis
3502 4125 3614 4163 no-

1953 4193 2111 4258 stris,
2143 4193 2460 4265 statimque
2493 4197 2623 4264 post
2653 4194 2979 4250 ebdomade
3015 4194 3194 4250 unius
3227 4212 3467 4252 cursum
3518 4213 3616 4252 rev

1954 4297 2149 4336 meare
2180 4281 2409 4352 poterit.
2443 4285 2629 4352 Super
2661 4279 2971 4336 fraterculo
3016 4284 3212 4336 autem
3262 4284 3461 4336 nostro
3514 4281 3613 4338 illo

1955 4369 2162 4426 obnixe
2177 4369 2552 4442 deposcimus
2574 4373 2637 4424 ut
2659 4367 2832 4425 liceat
2854 4385 2988 4424 eum
3011 4369 3180 4425 beato
3205 4368 3290 4424 illi
3315 4387 3614 4426 commen-

1957 4458 2080 4513 dari
2110 4458 2404 4514 destinare
2435 4474 2569 4513 cum
2603 4457 2782 4513 altero
2832 4457 3150 4526 infantulo,
3201 4475 3314 4532 que
3363 4475 3500 4515 eum
3553 4460 3612 4517 in

192 4538 410 4594 solacio
438 4538 694 4602 confido,
725 4535 809 4591 vel
842 4535 923 4590 uti
957 4535 1121 4589 daret
1139 4533 1246 4588 hoc
1270 4533 1472 4588 sedulo
1494 4533 1552 4588 in
1577 4537 1709 4589 actu
1729 4538 1843 4588 tam
1875 4551 1923 4616 Ι)
1953 4548 2078 4602 suis
2109 4552 2400 4620 procuret,
2436 4552 2493 4602 et
2521 4547 2756 4619 quando
2790 4546 3109 4620 qualiterve
3133 4549 3451 4605 transmitti
3510 4551 3612 4606 de-

193 4627 406 4682 divinis
438 4642 612 4699 quam
657 4623 942 4680 forasticis
991 4623 1185 4678 rebus.
1239 4621 1369 4676 Misi
1417 4627 1612 4677 autem
1663 4622 1844 4677 libros

193 4720 417 4771 vestros
435 4719 503 4771 ad
524 4714 826 4787 proprium
851 4713 1045 4767 sinum
1070 4711 1471 4783 applicandos,
1504 4729 1606 4782 pro
1630 4711 1848 4783 quibus

196 4805 412 4876 gratias
445 4805 746 4860 inmensas
776 4803 960 4858 refero
993 4799 1218 4856 caritati
1253 4802 1456 4855 vestraa
1486 4798 1569 4854 vel
1621 4800 1746 4854 tibi.
1782 4801 1849 4855 Et

198 4910 302 4964 pro
333 4891 491 4946 omni
525 4891 912 4946 benivolentia
941 4907 1077 4962 erga
1102 4906 1194 4944 me
1229 4889 1472 4961 inpensa
1494 4905 1668 4959 posco
1694 4892 1777 4953 ut,
1801 4887 1850 4944 si

200 4980 320 5036 ullo
353 4980 523 5034 modo
556 4980 679 5034 fieri
711 4979 917 5045 valeat,
939 4983 1070 5050 post
1093 4977 1463 5034 festivitatem
1487 4975 1848 5032 sanctiillius

191 5065 634 5140 jubeatisillum
652 5067 942 5122 medicum
966 5066 1036 5120 ad
1054 5082 1146 5121 me
1167 5065 1382 5129 venire,
1400 5065 1539 5137 quia
1559 5065 1850 5137 adjutorio

201 5159 329 5228 ejus
360 5155 611 5229 indigeo.
644 5155 754 5212 Sed
786 5159 842 5210 et
870 5155 1086 5209 domno
1118 5153 1202 5208 illi
1233 5155 1454 5225 gratias
1497 5155 1704 5210 referte
1745 5171 1848 5227 pro

202 5244 512 5301 fraterculo
544 5261 673 5301 meo
705 5243 824 5309 illo,
859 5241 1019 5315 quia,
1053 5244 1117 5296 ut
1147 5258 1182 5295 a
1209 5241 1598 5297 referentibus
1631 5242 1847 5311 audivi,

275 5385 419 5456 (190)
449 5385 531 5441 On
565 5384 856 5456 désignait
882 5381 1030 5456 ainsi
1060 5380 1146 5456 les
1176 5379 1403 5436 moines
1436 5381 1506 5437 de
1527 5381 1850 5456 [Beichnau

205 5460 239 5511 a
269 5451 441 5512 cause
471 5457 541 5511 de
570 5455 626 5512 Ia
652 5451 929 5511 situation
962 5454 1032 5509 de
1063 5451 1190 5508 leur
1218 5457 1482 5508 convent.
1517 5453 1599 5508 Cf.
1651 5454 1852 5509 Mabil-

204 5527 324 5589 lon,
355 5528 590 5582 Annales
621 5527 680 5582 0.
715 5527 769 5583 S.
799 5529 886 5591 B.,
920 5530 1061 5580 tom.
1089 5524 1159 5589 lI,
1186 5539 1320 5596 pag.
1347 5525 1454 5579 375
1473 5528 1530 5596 et
1549 5525 1671 5579 485.

277 5598 424 5671 (191)
457 5596 754 5654 Plusieurs
785 5598 1148 5653 monasteres
1179 5593 1290 5651 ont'
1309 5596 1400 5652 été
1431 5593 1544 5651 mis
1561 5611 1699 5653 sons
1720 5593 1850 5654 l'in-

526 5723 793 5790 PATBOL.
837 5720 987 5792 CLI.

1953 4635 2087 4690 beat
2115 4635 2472 4690 remandate.
2507 4634 2584 4689 De
2619 4633 2812 4691 mellis
2841 4652 2974 4691 vero
3007 4635 3327 4708 opulentia,
3362 4643 3479 4710 qna
3509 4656 3614 4696 vos

1957 4723 2219 4795 adjuvari
2252 4723 2589 4794 poposcitis,
2625 4724 2830 4780 scitote
2861 4742 2968 4780 nos
2999 4725 3217 4797 gratias
3253 4743 3386 4783 rara
3431 4746 3612 4800 quam

1958 4829 2058 4868 vos
2078 4811 2244 4884 plura
2262 4811 2570 4867 extendere
2591 4811 2764 4869 velle:
2791 4813 3002 4869 mittite
3022 4814 3302 4870 nuncium
3328 4821 3611 4884 vestrum,

1960 4902 2058 4974 qui
2091 4901 2289 4956 decem
2324 4899 2497 4955 siclas
2529 4900 2720 4957 mellis
2753 4902 3004 4974 perferat
3034 4902 3228 4959 vobis.
3262 4904 3414 4959 Bene
3432 4905 3616 4963 valete

1961 5006 2192 5061 semper
2224 5004 2511 5044 memores
2544 4990 2748 5046 nostri.

2705 5078 2891 5132 XLIII.

2554 5149 2710 5241 [Sine
2732 5148 3001 5241 φὺν-ἰωῇ
3169 5239 3180 5241 _
3277 5237 3288 5241 Δ
3368 5240 3374 5241 7
3596 5184 3618 5241 ί

2033 5237 2274 5294 Domino
2303 5253 2437 5293 vere
2484 5236 2800 5294 venerabili
2850 5238 3122 5310 patrique
3169 5237 3481 5297 karissimo
3530 5241 3595 5297 ill

1958 5378 2224 5434 vocation
2258 5377 2330 5433 de
2352 5377 2519 5450 saint
2544 5379 2691 5445 Vite;
2718 5381 3003 5450 peut-étre
3025 5380 3262 5450 s’agit-il
3281 5382 3350 5438 ici
3373 5384 3444 5440 de
3467 5385 3618 5442 celni

1960 5397 2224 5434 vocauon
2258 5397 2330 5433 ne
2361 5397 2519 5434 sam:
2554 5397 2691 5445 vne;
2718 5397 3003 5450 pem-etre
3025 5397 3052 5434 s
3074 5397 3108 5434 a
3154 5397 3350 5438 it-uici
3373 5397 3444 5440 ae
3467 5397 3616 5442 cetni

1960 5451 2033 5532 de
2062 5454 2273 5532 Corvey
2302 5449 2556 5532 (Corbeia
2587 5455 2770 5520 nova),
2803 5452 2900 5524 qui
2935 5397 3238 5523 posségait
3259 5453 3344 5511 les
3362 5455 3616 5532 reliques

1961 5523 2040 5579 du
2074 5523 2230 5578 saint
2261 5525 2504 5597 martyr.

3222 5725 3302 5793 46
