4004 6160
459 285 610 360 H51

1735 285 2076 350 APPEND.
2118 283 2222 348 AD
2264 285 2456 351 ΞΜ.
2503 286 2581 364 Χ.

3714 288 3870 354 1452

459 417 678 488 abbati,
712 416 812 475 ille
839 416 1088 492 exiguus
1118 422 1176 475 et
1203 423 1469 493 peccator
1497 423 1756 478 eternam
1779 421 1839 476 in
1859 421 2106 478 Domino
2134 424 2191 490 Α
2220 423 2409 496 cupio.
2444 423 2610 479 Nunc
2639 438 2774 478 vero
2805 421 2877 478 de
2907 421 3301 496 presentibus,
3325 439 3439 496 que
3455 439 3646 496 nuper
3665 423 3871 481 direxi.

457 510 620 578 optat
638 505 913 564 salutem.
929 508 1040 564 Diu
1061 507 1430 580 multumque
1453 507 1635 580 hujus
1651 509 1855 566 mundi
1878 510 2108 582 notissi-

455 595 574 650 mis
588 596 1130 668 perturbationibus
1140 596 1414 669 agitatus,
1431 588 1617 654 vicem
1630 598 1885 655 debitam
1897 599 2108 655 vestris

454 681 758 741 beneﬁciis
787 701 891 758 per
919 684 1239 758 condignas
1261 685 1592 759 graciarum
1615 687 1878 743 acciones
1900 704 2075 760 repen
2100 721 2108 727 -

455 773 594 830 dere
623 773 849 830 mutuis
879 773 1103 843 distuli,
1136 774 1415 847 quoniam
1439 779 1496 832 et
1516 775 1642 848 ipse
1663 776 1954 849 angustia,
1981 777 2108 848 qui-

456 860 570 918 bus
592 866 729 919 tunc
755 863 1014 931 tenebar,
1041 880 1174 920 cum
1194 863 1407 920 vestris
1428 864 1693 937 adprime
1717 864 1952 922 solaciis
1973 866 2108 921 sub-

454 950 696 1020 levaret,
755 951 1040 1008 hactenus
1092 969 1187 1008 me
1243 954 1608 1025 premebant,
1667 958 1724 1010 et
1789 954 2106 1010 necessitas

455 1039 819 1112 paupertatis
849 1040 1052 1114 pocius
1078 1040 1311 1114 placare
1347 1042 1616 1100 inimicos
1661 1045 1840 1116 quam
1885 1042 2106 1100 amicos

456 1128 698 1202 cogebat
726 1129 949 1186 sedare.
982 1129 1150 1186 Nunc
1183 1147 1335 1199 vero,
1369 1131 1615 1188 Domino
1644 1132 1881 1188 tandem
1899 1130 2107 1187 labori-

455 1217 568 1274 bus
599 1218 818 1276 nostris
844 1217 1082 1292 aliquod
1113 1221 1412 1293 prestante
1442 1221 1727 1290 levamen,
1772 1221 1933 1276 nolui
1974 1221 2102 1276 diu-

456 1306 606 1378 cius,
638 1324 710 1365 ne
741 1307 1009 1380 ingratus
1036 1309 1284 1376 viderer,
1319 1309 1581 1366 debitum
1609 1309 1989 1366 salutacionis
2010 1326 2103 1366 me

453 1413 672 1453 munus
700 1396 1026 1468 obmittere,
1061 1414 1176 1470 quo
1208 1397 1560 1472 intelligeret
1579 1398 1892 1472 prudentia
1915 1402 2103 1455 vestre

451 1485 784 1544 dilectionis
814 1487 1082 1544 ardorem
1114 1487 1173 1543 in
1201 1487 1386 1544 nostri
1416 1488 1610 1544 cordis
1641 1487 1810 1544 arula
1843 1488 2100 1560 sopitum

450 1575 654 1647 pocius
687 1592 863 1648 quam
893 1575 1237 1632 extinctum.
1273 1576 1460 1650 Igitur
1489 1576 1818 1650 dignemini
1855 1593 1947 1632 me
1979 1581 2100 1632 tam

451 1663 685 1720 ﬁdelem
714 1665 880 1721 vobis
911 1668 1182 1738 reputare
1211 1682 1389 1737 quam
1421 1670 1614 1722 vestra
1644 1665 1857 1722 meruit
1886 1666 2100 1721 sancti-

449 1753 593 1808 tudo
609 1769 622 1809 :
639 1753 919 1826 quicquid
935 1753 994 1809 in
1009 1771 1103 1810 me
1121 1755 1313 1810 vivum
1334 1758 1441 1823 est,
1465 1771 1582 1811 non
1601 1753 2099 1811 dubitetisvestris

452 1857 545 1897 me
572 1840 663 1898 vel
693 1841 1029 1914 mancipare
1061 1842 1341 1899 serviciis.
1376 1843 1508 1898 Misi
1557 1848 1745 1899 vestre
1791 1843 2101 1899 karissime

451 1929 787 2002 paternitati
813 1947 1022 2003 parvas
1051 1931 1375 2004 e[ulo]gias,
1404 1932 1464 1988 id
1485 1937 1574 1988 est
1591 1933 2024 2005 manutergium
2044 1937 2102 1988 et

451 2019 765 2092 pectinem,
797 2037 913 2076 non
949 2036 1065 2092 quo
1091 2019 1200 2076 hec
1228 2020 1407 2094 digna
1435 2021 1644 2078 vestris
1691 2022 2100 2095 conspectibus

441 2107 795 2179 judicarem,
829 2109 931 2166 sed
963 2125 1078 2181 quo
1101 2111 1518 2182 conprobarem
1541 2111 1753 2168 melius
1777 2128 1905 2168 esse
1924 2128 2100 2184 parvo

449 2212 629 2269 quam
660 2195 823 2254 nullo
853 2197 1098 2272 pignore
1128 2198 1498 2256 dilectionem
1541 2204 1806 2256 mutuam
1856 2201 2101 2256 demon-

450 2290 660 2343 strare.
693 2285 848 2343 Bene
877 2303 980 2344 vos
1011 2287 1072 2342 in
1102 2287 1350 2344 Domino
1381 2305 1612 2361 semper
1641 2297 1775 2361 opto
1822 2289 2013 2346 valere
2045 2293 2102 2346 et

449 2373 636 2432 nostri
665 2375 725 2430 in
741 2375 1115 2432 oracionibus
1130 2377 1312 2433 sacris
1326 2394 1615 2434 memores
1629 2395 1758 2435 esse
1775 2394 1786 2433 :
1811 2377 1990 2434 talem
2009 2395 2101 2434 me

449 2466 717 2537 reputate
747 2464 983 2537 qualem
1015 2481 1107 2520 me
1135 2466 1301 2523 vobis
1331 2467 1652 2524 debitorem
1687 2467 1930 2536 fecistis,
1963 2468 2104 2540 quia

443 2552 582 2610 talis
593 2553 897 2612 vobiscum
910 2554 1145 2628 qualem
1159 2555 1585 2614 amicissimum
1600 2557 1960 2614 amicissimo
1972 2575 2103 2614 esse

448 2645 696 2714 oportet.

1183 2731 1375 2788 XLIV.

1050 2819 1203 2890 [Sine
1238 2821 1507 2892 rubrica.J

530 2905 632 2965 llle
663 2911 876 2964 sancta
906 2907 1016 2964 illis
1047 2908 1303 2966 ecclesiae
1334 2908 1578 2965 humilis
1621 2910 1916 2977 contistes,
1968 2927 2103 2984 pro-

457 2995 799 3054 beatissimo
827 3013 893 3053 ac
919 2997 1389 3070 prestantissimo
1421 2998 1768 3072 dignissime
1792 2999 1956 3055 fratri
1981 2999 2102 3056 viro

451 3083 538 3140 illi
564 3085 765 3142 abbati
794 3086 1142 3159 cunctisque
1184 3087 1468 3144 fratribus
1511 3087 1758 3145 Domino
1800 3088 2102 3146 vobiscum

2217 512 2346 582 stis,
2381 512 2727 568 muneribus
2759 512 3080 570 immensas
3112 512 3497 587 copiosasque
3522 513 3870 587 gratiasref—

2218 601 2358 667 fero,
2391 618 2504 674 que
2531 618 2624 657 me
2653 601 2736 658 ita
2764 601 2836 657 ad
2868 606 3126 658 vestrum
3181 607 3641 676 provocaverunt
3692 604 3869 659 servio

2217 691 2383 758 tium,
2417 695 2481 746 ut
2510 689 2678 760 nulli,
2712 696 2948 764 excepto
2980 692 3228 763 seniore,
3264 708 3358 748 me
3387 692 3646 766 amplius
3691 709 3870 765 quam

2213 779 2378 836 vobis
2407 779 2654 836 delectet
2684 780 2920 848 servire,
2953 785 3008 836 et
3040 781 3090 836 si
3112 781 3339 854 aliquid
3367 785 3567 838 nostra
3589 781 3872 854 parvitati

2213 875 2403 924 vestra
2434 869 2725 942 sagacitas
2756 869 3065 942 injungere
3094 870 3429 939 decreverit,
3481 870 3768 926 devotum
3816 870 3873 925 in

2215 958 2515 1022 omnibus,
2533 959 2756 1014 favente
2769 958 3038 1026 Domino,
3053 959 3324 1032 reperiet.
3341 959 3570 1031 Equum
3585 976 3870 1032 namque,

2214 1063 2386 1119 quem
2411 1047 2636 1103 dudum
2649 1048 2775 1119 jam
2800 1047 3117 1117 direxistis,
3142 1047 3278 1104 licet
3297 1048 3374 1105 sit
3392 1048 3584 1104 bonus
3606 1048 3684 1104 ad
3697 1065 3870 1121 opus,

2213 1139 2409 1192 tamen
2442 1137 2596 1209 quod
2629 1136 2958 1210 optavimus
2987 1155 3103 1194 non
3136 1137 3280 1194 adeo
3309 1136 3474 1194 utilis
3490 1137 3694 1194 habet.
3720 1138 3870 1202 Qua-

2213 1230 2451 1298 pr0pter
2481 1225 2825 1298 dignitatem
2857 1226 3114 1298 petimus
3143 1229 3396 1282 vestram
3420 1231 3484 1281 ut
3506 1227 3672 1282 omni
3695 1225 3866 1281 indu-

2212 1313 2356 1369 stria
2384 1315 2672 1386 Optimum
2704 1315 2980 1387 deinceps
3017 1314 3273 1372 invenire
3317 1315 3629 1384 studeatis,
3682 1319 3750 1370 ut
3796 1315 3866 1371 ad

2211 1419 2380 1474 opus,
2413 1404 2567 1476 quod
2600 1403 2768 1476 elegi,
2802 1404 2880 1460 sit
2909 1405 3123 1477 aptius,
3147 1409 3204 1461 et
3222 1404 3394 1461 nobis
3414 1404 3769 1477 quandoque
3792 1405 3864 1460 ad

2211 1491 2594 1563 equitandum
2624 1492 2940 1557 utilitatem
2971 1493 3158 1565 possit
3201 1496 3485 1565 prestare.
3539 1493 3650 1548 Per
3697 1508 3863 1565 regu-

2212 1578 2333 1634 lum
2351 1581 2498 1652 (l92)
2521 1581 2716 1653 itaque
2740 1581 2976 1638 scedule
2999 1581 3178 1654 hujus
3201 1580 3482 1654 quicquid
3505 1581 3580 1636 de
3602 1598 3672 1637 ac
3694 1598 3868 1636 causa

2208 1670 2696 1726 vestrainvenerit
2713 1669 2986 1726 voluntas
3007 1671 3350 1727 remandare
3371 1673 3593 1726 curate.
3614 1670 3866 1739 Vestris,

2210 1758 2624 1827 sacratissime,
2660 1759 2911 1832 denique
2943 1760 3243 1816 committo
3265 1759 3561 1833 precibus,
3585 1777 3745 1832 quas
3772 1776 3870 1832 pro

2207 1847 2387 1913 vobis,
2423 1847 2557 1902 licet
2588 1847 2838 1920 peccatis
2869 1847 3244 1905 obstantibus
3269 1848 3528 1917 inutiles,
3557 1849 3630 1904 ad
3659 1848 3869 1904 mundi

2209 1941 2575 2008 regnatorem
2592 1953 2683 1992 me
2698 1936 2938 1992 tundere
2953 1937 3174 2008 absque
3188 1935 3504 1992 difﬁculate
3522 1937 3874 1994 scitote.Va-

2208 2024 2707 2082 leatsanctissima
2719 2030 2912 2081 vestra
2935 2025 3138 2098 religio
3161 2042 3266 2098 per
3284 2025 3631 2083 innumeros
3657 2042 3868 2082 annos.

2939 2159 3126 2215 XLVI.

2821 2249 2969 2314 [Sine
3009 2248 3253 2320 rubrica]

3767 2108 3862 2118 -4-ο

2282 2378 2774 2436 Reverentissimo
2801 2397 2869 2437 ac
2897 2397 3030 2437 vere
3079 2381 3421 2438 beatissimo
3465 2382 3643 2455 patri,
3693 2400 3866 2456 quem

2210 2468 2396 2542 gratia
2429 2467 2631 2524 sedulo
2662 2469 2926 2525 caritatis
2955 2469 3298 2542 amplector,
3325 2469 3407 2526 illi
3441 2471 3668 2544 insigni
3691 2473 3866 2528 abba-

2210 2561 2336 2613 tum
2367 2557 2588 2624 abbati,
2610 2555 2706 2613 ille
2733 2557 2868 2613 licet
2890 2557 3199 2615 inmeritus
3219 2559 3531 2633 episcopus
3553 2561 3870 2632 praesentia

2211 2646 2521 2718 futuraque
2553 2647 2883 2719 perenniter
2911 2648 3129 2720 gaudia
3158 2651 3338 2720 optat.
3371 2648 3519 2713 Quia
3551 2648 3747 2706 literis
3793 2650 3870 2705 si-

2211 2735 2488 2808 gnificare
2515 2735 2826 2792 studuistis
2858 2736 2996 2792 totis
3027 2753 3129 2793 vos
3170 2737 3374 2794 ardere
3415 2739 3764 2811 praecordiis
3810 2742 3872 2795 ut

2209 2823 2436 2880 vincolo
2459 2825 2718 2880 caritatis
2749 2830 2960 2881 nostrae
3008 2831 3213 2882 vestrae
3263 2826 3677 2883 adnecteretur
3727 2828 3868 2884 dile-

2211 2913 2411 2978 ctioni,
2446 2914 2701 2970 maxima
2730 2914 2978 2971 interius
3007 2915 3380 2988 exteriusque
3400 2914 3596 2972 leticia
3617 2915 3868 2972 exilara-

2199 2997 2308 3056 ‘tus
2339 3000 2541 3074 utique
2572 3018 2726 3069 sum,
2760 3006 2818 3058 et
2846 3007 2912 3058 ut
2939 3008 3097 3059 sator
3118 3020 3314 3060 rerum
3335 3003 3395 3060 id
3416 3003 3542 3061 ﬁeri
3565 3006 3871 3075 permittat

2211 3089 2349 3146 totis
2377 3093 2582 3163 exopto
2613 3090 2952 3164 gemitibus.
2984 3091 3223 3164 Eulogie
3243 3109 3500 3164 namque
3521 3097 3706 3165 atque
3729 3094 3871 3150 adeo

450 3173 844 3232 militantibus
865 3175 1154 3248 presentis
1177 3177 1486 3250 futuraque
1509 3177 1804 3234 felicitatis
1823 3177 2093 3235 salutem.
2127 3161 2170 3229 C
2209 3161 2544 3251 gratissime
2570 3161 2825 3246 iuverunt,
2859 3197 2972 3252 que
3002 3161 3179 3236 etiam
3211 3181 3260 3236 si
3293 3161 3518 3237 modice
3567 3161 3788 3250 forent,
3840 3199 3872 3237 a

447 3261 789 3320 Sanctitatis
817 3267 1006 3320 vestre
1037 3264 1345 3337 epistolam
1385 3265 1726 3339 relegentes,
1777 3267 2096 3323 admodum

447 3351 672 3409 fuimus
709 3353 914 3426 gavisi,
966 3353 1104 3426 quia
1146 3357 1339 3412 textus
1387 3354 1574 3428 ipsius
1626 3359 1880 3412 vestram
1929 3357 2098 3412 nobis

447 3441 704 3498 ostendit
723 3441 1068 3514 sospitatem
1090 3448 1266 3516 atque
1287 3443 1757 3501 benivolentiam.
1782 3445 1944 3511 Quod
1963 3462 2097 3502 vero

447 3529 824 3604 significastis
846 3531 916 3588 de
937 3531 1209 3603 pellibus,
1239 3537 1409 3588 antea
1429 3533 1666 3589 omnino
1689 3533 1798 3589 fuit
1817 3533 2096 3590 intiman-

445 3619 609 3689 dum,
642 3635 709 3675 eo
741 3620 897 3691 quod
928 3619 1112 3676 multo
1145 3621 1340 3676 carius
1371 3625 1633 3694 tempore
1663 3623 1875 3678 hiemis
1917 3639 2096 3694 quam

447 3706 651 3764 astatis
663 3711 956 3764 amantur.
973 3709 1246 3764 Attamen
1263 3714 1391 3765 tran
1401 3711 1707 3768 smisimus
1725 3711 1896 3768 modo
1909 3716 2096 3768 vestre

444 3793 778 3869 largissime
801 3795 1030 3852 caritati
1061 3797 1275 3870 vigenti
1305 3802 1362 3854 et
1390 3797 1651 3872 quinque
1682 3799 1884 3872 pelles,
1926 3799 2099 3873 plura

445 3882 736 3958 largituri,
756 3884 806 3942 si
827 3891 982 3944 Deus
1004 3885 1180 3943 vitam
1203 3887 1515 3960 locumque
1537 3889 1708 3946 nobis
1721 3889 2092 3946 concesserit.

443 3971 707 4047 Denique
736 3993 1046 4048 precamur
1077 3979 1140 4032 ut
1161 3977 1398 4034 fratrem
1417 3977 1605 4045 illum,
1631 3994 1764 4034 mox
1786 3995 1900 4052 quo
1919 3975 2100 4034 facul-

443 4065 534 4120 tas
565 4063 859 4132 adriserit,
893 4065 1085 4132 nobis,
1117 4065 1272 4122 sicut
1303 4064 1546 4138 polliciti
1586 4067 1749 4136 estis,
1803 4066 2095 4123 admittite

441 4167 515 4207 ne
549 4151 852 4209 diil‘eratis.
888 4153 1104 4222 Valete,
1138 4155 1346 4212 fratres
1377 4172 1600 4223 omnes,
1627 4160 1828 4212 nostra
1848 4155 2094 4212 invicem

440 4239 772 4310 salutando,
804 4245 862 4298 et
892 4247 956 4298 ut
985 4242 1170 4300 nostri
1204 4242 1357 4299 inter
1385 4261 1623 4316 precum
1669 4260 1912 4300 suarum
1962 4249 2094 4300 vota

439 4329 774 4386 meminerit
801 4329 1109 4388 humiliter
1137 4349 1407 4405 exposco.

1186 4420 1348 4476 XLV.

890 4523 1214 4564 INDICULUM
1245 4525 1317 4564 AD
1348 4525 1631 4565 ΔΒΒΛἹἛΜ.
1744 4543 1752 4553 κ

507 4591 681 4650 Mella
709 4593 862 4668 geris
893 4598 1086 4652 tecum
1112 4596 1343 4654 firmato
1373 4596 1627 4670 gluttine
1656 4601 1845 4670 septa;

575 4681 782 4740 Dulcia
811 4701 925 4758 que
955 4684 1188 4742 dederis
1219 4685 1352 4759 quis
1379 4685 1566 4760 cupis,
1599 4690 1692 4743 ast
1713 4686 1856 4743 mihi
1875 4705 2010 4744 non.

501 4771 924 4831 Probatissimo
963 4791 1030 4830 ac
1076 4774 1259 4830 divini
1309 4775 1504 4832 cultus
1544 4775 1778 4850 ingenio
1823 4776 2087 4849 adprime

429 4862 707 4920 decenter
726 4863 994 4921 decorato
1019 4862 1104 4919 illi
1125 4863 1528 4938 insignissimo
1551 4863 1636 4920 illi
1658 4864 1874 4931 abbati,
1900 4883 2087 4937 quan-

433 4967 613 5024 quam
644 4941 976 5008 imnieritus
1007 4953 1340 5026 episcopus,
1373 4971 1520 5026 quas
1550 4952 1751 5025 lingua
1797 4953 2084 5026 explicare

428 5057 545 5097 non
559 5039 799 5106 sufficit,
814 5039 1035 5098 salutes
1048 5042 1227 5098 obtat.
1251 5041 1396 5098 Cum
1419 5042 1576 5098 enim
1600 5041 1856 5098 assiduis
1875 5045 2083 5099 vestris

426 5127 783 5200 accumuler,
816 5146 882 5186 eo
913 5128 1126 5204 longus
1157 5130 1366 5203 dignas
1401 5146 1624 5203 nequeo
1651 5131 1722 5186 de
1751 5134 1910 5186 tante
1931 5131 2078 5186 cari-

421 5219 563 5276 tatis
602 5219 810 5276 ardore
856 5221 1172 5292 rependere
1219 5223 1454 5294 grates;
1508 5219 1609 5276 sed
1657 5218 1798 5290 quia
1848 5219 2078 5276 debitas

421 5306 752 5379 persolvere
785 5308 1014 5376 deficio,
1030 5310 1156 5380 jam
1177 5325 1326 5381 quas
1343 5309 1528 5364 habes
1547 5307 1604 5362 in
1623 5324 1724 5362 ara
1741 5307 1933 5364 cordis
1945 5325 2078 5365 sen-

419 5411 521 5451 sus
551 5396 896 5470 perquirens
926 5398 1227 5472 repererit,
1261 5397 1421 5454 omni
1453 5396 1733 5454 aviditate
1762 5397 2076 5468 rependere

489 5566 636 5652 (192)
668 5571 712 5628 Il
743 5571 868 5630 faut
895 5573 1286 5634 évidemment
1313 5573 1570 5651 corriger
1605 5571 1886 5648 gerulum.

2208 3267 2380 3324 nobis
2407 3283 2511 3339 pro
2543 3268 2797 3340 magnis,
2831 3267 2970 3340 quia
2997 3285 3032 3324 a
3059 3268 3224 3324 vobis
3245 3269 3481 3339 directe,
3500 3269 3714 3342 utique
3737 3287 3871 3326 sus-

2207 3355 2554 3428 ciperentur.
2587 3356 2696 3412 Sed
2729 3372 2846 3427 quo
2901 3356 3174 3429 deinceps
3224 3374 3340 3429 prae
3394 3373 3533 3430 pare
3578 3375 3689 3414 vos
3740 3359 3870 3432 plu-

2207 3445 2360 3500 rima
2385 3444 2616 3509 vellem,
2650 3444 2700 3501 si
2729 3443 3126 3502 familiaritate
3157 3445 3373 3517 perfrui
3408 3446 3580 3503 nobis
3609 3447 3775 3516 licet,
3817 3453 3870 3504 et

2206 3538 2408 3590 nostra
2432 3533 2670 3590 scedula
2701 3534 3026 3606 personuit,
3047 3539 3240 3591 vestra
3258 3551 3353 3591 me
3377 3536 3520 3592 adeo
3536 3538 3869 3605 concussit,

2207 3623 2340 3695 quis
2370 3638 2475 3694 ego
2497 3639 2628 3678 sum
2649 3623 2748 3694 qui
2769 3621 2986 3678 talibus
3003 3623 3300 3695 tantisque
3317 3623 3585 3696 patribus
3605 3626 3870 3698 parvita-

2206 3712 2282 3767 tis
2313 3728 2408 3768 me
2437 3712 2724 3783 denegare
2757 3711 3234 3780 familiaritatem,
3269 3729 3405 3768 cum
3438 3713 3646 3786 pocius
3669 3720 3870 3772 vestre

2207 3799 2464 3856 caritatis
2495 3800 2791 3873 indigeam
2823 3798 3130 3868 solacium,
3165 3817 3419 3873 quorum
3451 3802 3736 3874 precibus
3778 3820 3874 3858 me

2205 3888 2499 3946 sublevari
2517 3889 2769 3962 denique
2789 3906 2904 3946 non
2929 3889 3184 3962 ambigo.
3205 3889 3285 3946 De
3300 3890 3585 3946 beneficio
3603 3908 3875 3964 namque

2205 3995 2308 4051 per
2323 3978 2606 4034 nuncium
2623 3995 2811 4050 nuper
2823 3978 3074 4034 missum
3088 3995 3194 4034 nos
3209 3979 3554 4052 promisisse
3571 3980 3870 4037 asseritis:

2204 4068 2458 4140 proiecto
2490 4066 2634 4122 nihil
2658 4067 3092 4136 mandavimus,
3113 4068 3213 4124 sed
3237 4068 3645 4141 puerjuvenili
3671 4069 3875 4126 adhuc

2205 4173 2382 4212 sensu
2410 4157 2728 4228 depressus
2756 4155 2897 4212 talia
2928 4173 3042 4212 non
3060 4157 3269 4228 jussus
3301 4157 3592 4230 promisit,
3626 4174 3753 4230 que
3803 4175 3874 4214 ex

2203 4250 2400 4302 nostro
2432 4262 2547 4301 non
2571 4244 2831 4318 suscepit
2858 4245 3124 4318 imperio.
3157 4247 3432 4302 Precibus
3461 4246 3873 4304 sanctissimis

2201 4334 2409 4391 vestris
2439 4350 2533 4390 me
2564 4333 2910 4390 inmanitate
2937 4334 3172 4391 sceleris
3203 4334 3550 4408 languidum
3583 4337 3872 4392 commit-

2199 4428 2321 4480 tere
2351 4423 2540 4479 ﬁdens
2570 4424 2642 4479 de
2668 4428 2864 4480 vestra
2893 4423 3134 4480 caritate
3167 4441 3482 4497 praesumo;
3506 4441 3675 4481 meas
3698 4442 3872 4483 nam-

2114 4528 2164 4594 D
2192 4529 2305 4586 que
2336 4529 2441 4584 pro
2471 4511 2639 4567 vobis
2665 4511 2804 4568 licet
2829 4511 2978 4568 viles
3011 4513 3082 4568 ad
3115 4512 3430 4569 Dominum
3450 4513 3704 4571 fundere
3731 4531 3872 4587 pro-

2195 4602 2286 4657 cul
2347 4597 2526 4655 dubio
2587 4615 2804 4654 cernuo
2857 4598 3072 4655 abhinc
3132 4599 3350 4673 poplite
3405 4617 3522 4656 non
3582 4602 3861 4657 cessabo.

2195 4686 2547 4745 Munuscula
2575 4691 2783 4744 vestrm
2815 4687 2950 4744 licet
2971 4687 3199 4744 modica
3220 4689 3534 4762 dirigimus
3555 4689 3865 4760 dignitati,

2195 4794 2310 4850 que
2338 4780 2531 4834 vestra
2563 4775 2947 4834 sublimitatis
2976 4794 3080 4850 pro
3122 4793 3335 4850 magno
3385 4777 3690 4851 suscipere
3741 4795 3868 4835 non

2195 4870 2453 4934 recuset;
2487 4865 2601 4921 nisi
2631 4865 2790 4921 enim
2821 4866 2985 4922 vobis
3014 4866 3351 4937 injunctum
3371 4867 3640 4939 partibus
3662 4870 3870 4940 gratia

2193 4955 2486 5011 instauret
2509 4954 2639 5020 iter,
2673 4955 2898 5024 majora
2927 4955 3133 5027 utique
3163 4955 3620 5012 destinarentur.
3669 4956 3869 5012 Mitti-

2195 5061 2326 5100 mus
2358 5059 2611 5115 namque
2642 5043 2895 5100 banriles
2926 5048 3179 5116 quatuor
3208 5045 3340 5114 olei,
3364 5045 3436 5100 ad
3459 5044 3869 5103 calciamenta

2187 5131 2551 5188 conﬁcienda
2580 5131 2852 5204 byrcinas
2883 5131 3063 5206 pelles
3092 5149 3214 5202 sex,
3239 5133 3420 5190 libras
3449 5135 3686 5206 argenti
3709 5139 3862 5192 tres.

2185 5219 2383 5276 Faciat
2410 5237 2512 5276 vos
2544 5236 2739 5275 rerum
2771 5223 2930 5277 sator
2955 5221 3128 5279 rectis
3157 5226 3488 5295 presentem
3513 5223 3866 5297 transigere

2185 5308 2489 5381 gressibus
2516 5306 2696 5363 vitam
2725 5311 2784 5364 et
2814 5308 3075 5365 futuram
3099 5327 3235 5366 cum
3261 5311 3483 5368 sanctis
3503 5309 3868 5370 eternaliter

2184 5395 2428 5471 perfrui.
2463 5396 2616 5452 Bene
2645 5395 2706 5452 in
2736 5395 2962 5456 Christo
2989 5397 3193 5456 valete.
