4026 6176
182 311 342 374 1483

894 443 1102 502 XLVII.

758 531 817 606 [S
828 538 916 590 ine
946 537 1184 592 rubrica.
1223 539 1235 593 !

246 639 349 694 Vir
378 639 473 694 ille
503 641 768 713 exiguus,
803 642 898 697 illo
943 644 1131 698 Strabi
1194 645 1340 714 (193)
1373 661 1484 701 suo
1547 644 1819 700 salutem.

177 728 493 785 Fraterille
528 746 794 787 remeans
829 749 861 786 a
891 732 1074 798 vobis,
1124 741 1362 790 auctore
1413 739 1548 801 Deo,
1611 735 1682 789 ad
1718 751 1823 790 nos

174 834 363 889 usque
396 817 618 874 inlesus
650 822 934 891 pervenit,
969 826 1024 876 et
1054 839 1319 890 munera,
1383 840 1494 895 que
1553 823 1820 893 misistis,

173 906 339 962 valde
368 907 537 962 nobis
568 914 734 980 grata
764 909 994 965 adtulit.
1048 911 1160 966 Sed
1196 913 1508 985 impetrato
1561 931 1629 967 ex
1660 919 1822 985 parte

175 1013 279 1069 pro
299 1013 413 1068 quo
432 1002 667 1052 venerat
691 999 951 1071 negocia,
973 1004 1026 1054 et
1047 1015 1160 1054 non
1178 1001 1546 1072 potuitillum
1567 1001 1823 1074 amplius

170 1085 530 1157 tenere,quia
545 1085 1000 1143 festinabatante
1016 1089 1268 1144 hiemem
1289 1092 1585 1162 proprium
1605 1091 1823 1147 intrare

172 1173 363 1231 solum
396 1179 451 1230 et
479 1191 548 1228 ea
579 1191 693 1246 que
724 1175 944 1232 deferet
973 1177 1138 1233 vobis
1168 1184 1516 1235 monstrare.
1551 1181 1660 1234 Sed
1686 1179 1825 1251 quia

173 1281 288 1320 non
319 1263 480 1336 potui
503 1263 666 1320 vobis
689 1281 801 1336 que
818 1265 1115 1321 volueram
1133 1271 1189 1322 et
1211 1285 1322 1340 que
1348 1269 1556 1324 vestris
1577 1268 1820 1342 dignum

169 1353 437 1408 dextram
467 1355 862 1424 presentanda
910 1356 1320 1428 conspectibus
1375 1357 1623 1426 mittere,
1685 1375 1817 1413 cum

172 1443 347 1498 citius
374 1441 650 1499 manibus
682 1443 898 1498 nostris
929 1461 996 1499 ea
1030 1446 1310 1501 Dominus
1344 1447 1816 1516 commodaverit,

166 1531 344 1587 vestri
371 1535 436 1586 ut
468 1533 666 1603 potero
697 1549 800 1605 per
855 1532 1024 1588 illum
1082 1537 1468 1591 memorabor.
1525 1536 1815 1592 Cetterum

168 1619 377 1677 nolens
413 1627 802 1678 memoratum
836 1623 1073 1678 fratrem
1096 1641 1343 1680 vacuum
1370 1625 1440 1680 ad
1465 1642 1564 1680 vos
1587 1625 1812 1692 reverti,

165 1710 334 1765 missi
370 1726 471 1782 per
499 1709 666 1766 illum
699 1710 859 1768 vobis
879 1717 1067 1784 tapete
1086 1731 1267 1768 unum
1291 1714 1612 1779 obtemum,
1639 1719 1810 1784 cujus

1476 315 1876 380 FORMULIE
1921 313 2303 380 VETERES.

1853 454 1909 518 Α
1939 450 2057 506 eias
2088 451 2341 522 denique
2371 449 2538 506 referi
2571 449 2698 505 ideo
2757 448 3094 521 paternitati
3155 443 3398 518 vestra},
3432 449 3585 522 quod

3432 309 3588 380 1434

1936 556 2047 594 non
2100 538 2290 595 solum
2351 539 2546 593 divino
2601 555 2802 594 verum
2862 543 2918 594 et
2962 537 3248 611 corporali
3304 538 3588 594 solamine

1933 645 2040 683 nos
2071 627 2274 683 sedulo
2329 627 2670 694 sublevatis,
2733 631 2789 682 et
2845 643 2948 698 pro
3007 629 3328 684 asumendo
3377 628 3584 683 ammi—

1932 715 2147 771 nuculo
2179 715 2563 771 indeﬁciendo
2623 717 3034 788 permaneatis,
3085 716 3260 772 sicuti
3316 717 3585 788 nuperri-

1933 822 2026 860 me
2058 805 2296 870 fecistis,
2331 804 2499 859 ilium
2560 805 2854 860 medicum
2917 804 3085 860 nobis
3139 804 3584 876 transmisistis,

1932 893 2032 964 qui
2066 898 2227 949 tanto
2258 894 2452 950 studio
2482 897 2538 948 et
2597 893 2805 948 affectu
2865 893 3309 950 infirmitatibus
3369 893 3585 950 nostris

1931 999 2254 1054 conpassus
2285 986 2394 1052 est,
2423 987 2486 1037 ut
2512 983 2733 1038 obtime
2767 983 2915 1038 senti
2949 999 3148 1060 remus
3179 984 3333 1055 quod
3355 987 3589 1039 avestra

1931 1072 2318 1128 benivolentia
2348 1073 2517 1128 nobis
2539 1071 2867 1128 destinatus
2919 1077 3026 1128 est.
3081 1075 3463 1146 Quapropter,
3522 1076 3588 1128 ut

1934 1160 2130 1217 sciatis
2163 1161 2397 1233 qualem
2429 1162 2583 1233 apud
2616 1178 2722 1216 nos
2755 1160 3011 1234 optinuit
3030 1161 3304 1233 gratiam,
3330 1161 3584 1232 petimus

1935 1254 1995 1303 ut
2030 1255 2229 1305 nostra
2258 1267 2324 1305 ex
2357 1255 2520 1322 parte
2547 1251 2736 1322 primo
2769 1250 3050 1305 fratribus
3078 1250 3214 1305 dein
3237 1253 3292 1304 et
3324 1249 3434 1322 ipsi
3493 1250 3583 1304 in-

1931 1355 2166 1395 mensas
2205 1340 2422 1411 gratias
2455 1339 2714 1394 referetis
2746 1356 2849 1410 pro
2879 1338 3177 1394 communi
3197 1337 3394 1394 labore
3415 1342 3471 1394 et
3492 1355 3584 1395 sa-

1929 1425 2068 1482 lute.
2101 1432 2388 1494 Ceterum,
2423 1427 2501 1482 mi
2533 1427 2770 1483 domine
2803 1431 2987 1499 pater,
3023 1427 3073 1483 si
3102 1431 3308 1484 vestra:
3367 1427 3584 1484 mentis

1927 1515 2003 1570 sit
2033 1515 2232 1587 aliqua
2263 1515 2560 1571 vicinitate
2592 1516 2673 1571 ire
2701 1516 2772 1570 ab
2791 1516 3107 1571 videndum
3137 1516 3421 1571 domuum
3446 1532 3581 1572 con-

1929 1604 2218 1659 seniorem
2250 1609 2539 1670 nostrum,
2575 1621 2645 1660 ne
2675 1604 3050 1660 transmeatis
3083 1621 3210 1671 nos,
3272 1603 3411 1676 quia
3456 1607 3578 1658 tam

1922 1709 2026 1765 ego
2049 1710 2224 1764 quam
2258 1709 2460 1748 omnes
2493 1693 2699 1748 fratres
2730 1693 2915 1749 nostri
2948 1692 3115 1749 valde
3153 1692 3424 1766 cupimus
3460 1691 3583 1746 uti-

165 1799 428 1855 sessione
454 1800 686 1873 pociora
718 1817 819 1856 vos
853 1801 1061 1857 melius
1093 1802 1336 1858 delectet
1393 1807 1712 1875 expectare.
1750 1803 1815 1858 Et

1931 1781 2011 1835 vel
2045 1782 2115 1836 ad
2148 1799 2330 1836 unum
2365 1787 2752 1848 momentum,
2780 1782 3088 1854 conloquio
3121 1787 3331 1837 vestro.
3385 1784 3452 1836 Et
3510 1797 3582 1835 ne

165 1887 414 1943 salutate
446 1905 651 1944 omnes
686 1889 890 1944 fratres
925 1894 1177 1958 nostros,
1214 1891 1531 1946 monachos
1549 1889 1814 1947 videlicet

164 1975 392 2032 cenobii
421 1977 619 2044 vestri,
649 1983 705 2032 et
735 1983 798 2032 ut
824 1977 936 2034 mei
970 1979 1026 2033 in
1061 1978 1294 2035 illorum
1327 1978 1511 2035 sacris
1542 1979 1812 2036 orationi-

162 2065 276 2121 bus
304 2070 361 2121 et
401 2065 821 2122 sacrificiorum
881 2066 1275 2123 oblationibus
1338 2085 1628 2124 memores
1685 2085 1812 2125 esse

161 2155 482 2226 dignentur
512 2155 782 2226 precibus
804 2155 1020 2227 quibus
1049 2157 1253 2212 valetis
1292 2158 1618 2213 admonete.
1655 2157 1813 2214 Licet

159 2243 320 2300 enim
349 2241 533 2315 aliqui
566 2244 1034 2316 propinquorum
1070 2263 1334 2301 meorum
1369 2247 1520 2302 inter
1549 2264 1648 2303 eos
1674 2264 1808 2303 con-

155 2332 368 2389 versati
400 2331 518 2389 illis
548 2333 908 2390 devotissimi
941 2335 1294 2402 exstiterint,
1323 2353 1437 2390 non
1461 2335 1659 2392 minus
1677 2353 1808 2410 pro-

155 2420 250 2477 cul
285 2423 462 2478 dubio
491 2422 549 2476 in
584 2439 784 2478 eorum
819 2421 1193 2493 utilitatibus,
1229 2429 1462 2480 auctore
1494 2425 1631 2492 Deo,
1691 2425 1811 2480 vita

159 2511 391 2575 comite,
428 2510 814 2582 profecturus,
849 2511 896 2565 si
926 2513 1235 2579 voluerint,
1260 2530 1363 2584 pro
1387 2513 1610 2568 viribus
1631 2530 1806 2586 spon-

161 2599 372 2655 demus
403 2615 530 2654 esse
556 2616 568 2665 ;
604 2603 842 2670 teraque
864 2598 956 2654 his
986 2599 1122 2655 licet
1171 2599 1382 2656 litteris
1413 2618 1528 2656 non
1564 2603 1807 2657 manda-

158 2704 316 2758 mus,
351 2687 512 2742 fratri
542 2686 721 2743 nostri
758 2688 920 2744 vobis
953 2688 1200 2744 dicenda
1257 2705 1420 2744 more
1477 2690 1803 2762 posuimus.

158 2775 323 2844 Vale,
357 2776 678 2832 amicorum
710 2793 974 2834 meorum
1009 2777 1368 2844 dulcissime,
1394 2783 1450 2833 et
1481 2793 1686 2834 omnes
1706 2780 1805 2851 qui

157 2869 353 2920 tecum
385 2870 522 2922 sunt
540 2864 861 2937 plurimum
885 2866 941 2921 in
963 2866 1207 2922 Domino
1233 2885 1244 2932 ;
1268 2871 1325 2922 et
1347 2884 1480 2922 cum
1507 2866 1700 2922 locum
1721 2867 1806 2923 ci-

153 2954 272 3008 tius
290 2953 602 3019 inveneris,
621 2953 944 3010 cristallum
966 2957 1150 3028 pietas
1171 2955 1411 3026 majoris
1434 2973 1610 3027 quam
1635 2958 1807 3011 modo

155 3042 406 3097 miseras
436 3047 494 3097 et
525 3060 743 3098 cornua
771 3044 966 3099 bieina
999 3045 1228 3099 mittere
1258 3045 1446 3110 nobis,
1483 3049 1549 3099 ut
1597 3049 1654 3100 et
1703 3062 1808 3100 nos

154 3130 288 3195 tibi,
307 3130 356 3186 si
375 3130 646 3198 volueris,
662 3148 788 3202 qua:
804 3136 1004 3188 nostra
1017 3133 1174 3204 regio
1189 3133 1452 3187 abundat
1466 3132 1802 3188 indesinen-

157 3225 248 3276 ter
271 3218 520 3275 mittam.

864 3325 1102 3381 XLVIII.

768 3415 916 3482 [Sine
954 3416 1198 3487 rubrica]

229 3522 348 3590 Ille,
381 3539 488 3578 suo
520 3520 618 3577 illo
661 3526 942 3578 eternam.
979 3526 1158 3578 Posce
1219 3522 1539 3579 fraternum
1603 3529 1807 3596 pectus

155 3616 418 3668 vestrum
451 3612 534 3666 uti
558 3611 742 3667 nostri
776 3617 1232 3684 nostrorumque
1263 3613 1320 3666 in
1358 3613 1614 3684 presenti
1658 3631 1808 3685 qua-

154 3701 707 3772 dragesimavestris
725 3700 1102 3756 oracionibus
1134 3702 1546 3774 conjungendo
1573 3701 1805 3758 instan-

161 3789 280 3844 tius
300 3789 642 3845 memoriam
675 3789 923 3856 faeiatis,
947 3789 1034 3845 vel
1052 3790 1131 3845 uti
1150 3795 1206 3845 et
1222 3807 1327 3845 nos
1341 3807 1446 3862 pro
1462 3790 1624 3846 vobis
1638 3797 1693 3846 et
1710 3809 1811 3864 pro

161 3878 438 3933 omnibus
463 3879 669 3934 vestris
701 3895 871 3950 agere
903 3879 1177 3951 cupimus
1212 3896 1346 3935 cum
1378 3878 1653 3936 omnibus
1681 3896 1811 3936 nos-

161 3965 290 4022 tris.
325 3967 394 4022 Et
415 3967 548 4038 quia
573 3984 680 4023 nos
701 3973 873 4023 tenus
895 3968 1092 4024 venire
1109 3968 1448 4035 distulistis,
1474 3971 1815 4025 remandate

163 4057 401 4127 quando
433 4055 644 4112 iterum
678 4058 906 4113 mansio
937 4058 1030 4113 bis
1055 4059 1181 4130 jam
1216 4059 1377 4114 vobis
1411 4063 1614 4132 parata
1640 4057 1813 4114 tercio

163 4145 425 4216 paranda
456 4145 568 4212 sit;
593 4146 1088 4217 equanimemque
1113 4148 1300 4203 virum
1327 4147 1549 4219 queris,
1573 4148 1672 4219 qui
1700 4164 1818 4202 una

165 4233 260 4287 die
293 4232 348 4286 id
382 4232 649 4304 precipis,
685 4235 840 4304 quod
875 4235 970 4289 die
995 4234 1498 4291 alterointerdicis
1523 4253 1534 4291 :
1563 4252 1818 4308 namque

168 4321 219 4378 si
241 4325 362 4376 tam
386 4321 592 4377 rabula
612 4338 770 4394 apes,
793 4326 857 4377 ut
887 4327 950 4377 tu
982 4322 1034 4377 is
1063 4324 1236 4396 (194),
1261 4324 1526 4391 fuissem,
1551 4324 1818 4380 aculeum

170 4411 525 4482 quandoque
556 4409 643 4465 vel
675 4408 960 4466 avolando
983 4412 1292 4468 senssises.
1318 4413 1587 4468 Ceterum
1611 4412 1822 4468 obnixe

168 4499 542 4571 deposcimus
574 4504 639 4554 ut
668 4498 718 4554 si
749 4498 870 4555 ulla
889 4499 1134 4556 facultas
1153 4500 1248 4567 sit,
1287 4518 1389 4573 pro
1414 4501 1640 4556 semine
1658 4502 1820 4573 poryi

173 4605 279 4644 nos
310 4587 619 4659 adjuvetis,
655 4588 794 4660 quia
824 4589 883 4644 in
917 4593 1039 4644 tota
1066 4589 1308 4644 Francia
1356 4606 1460 4644 nec
1513 4589 1583 4644 ad
1621 4607 1832 4661 conpa-

171 4678 421 4734 randum
445 4676 669 4749 aliquid
693 4677 1039 4750 hujusmodi
1067 4678 1180 4733 aud
1205 4676 1557 4733 invenimus.
1582 4678 1666 4732 Ad
1693 4677 1828 4733 ulti-

173 4785 407 4822 mum...
442 4767 784 4824 Straboni...
819 4767 1040 4840 gratias
1070 4767 1254 4822 refero
1314 4783 1416 4839 pro
1443 4815 1446 4819 .
1476 4766 1827 4822 munusculo

171 4872 300 4922 suo,
334 4872 450 4927 quo
482 4856 672 4912 solent
702 4856 901 4912 stolidi
925 4856 983 4910 in
1008 4857 1182 4911 domo
1209 4855 1429 4928 vagari.
1449 4855 1682 4929 Optime
1701 4854 1827 4911 vale

177 4945 234 4998 in
266 4943 542 4999 eucharia
565 4944 683 4998 Dei.

907 5050 1100 5105 XLIX.

781 5139 934 5210 [Sine
959 5137 1223 5210 rubrica.]

255 5246 574 5303 Karissimo
606 5245 927 5318 preceptori
962 5245 1176 5300 domno
1209 5243 1308 5298 illo
1341 5245 1557 5311 abbati,
1600 5245 1695 5302 ille
1727 5248 1828 5302 ab-

183 5335 289 5390 bas
319 5352 453 5391 cum
478 5335 758 5391 fratribus
782 5338 1045 5390 eternam
1063 5332 1120 5387 in
1145 5331 1375 5387 Christo
1397 5333 1669 5390 salutem.
1695 5335 1833 5392 Gra-

252 5458 399 5530 (493)
433 5459 505 5514 Le
534 5473 898 5530 personnage
931 5455 1170 5530 désigné
1192 5455 1274 5530 Vici
1322 5472 1413 5530 me
1435 5528 1450 5530 _
1475 5461 1661 5530 paruit
1711 5462 1831 5515 etre

183 5529 200 5584 1
252 5473 399 5530 (ωδ)
433 5473 505 5514 Le
534 5473 898 5586 plersonpage
931 5473 1170 5528 uestgne
1202 5473 1274 5510 lCl
1322 5473 1413 5512 me
1475 5473 1661 5540 paruit
1711 5473 1830 5515 etre

206 5530 479 5586 ecélebre
513 5530 543 5584 κ
588 5530 794 5586 alatrid
873 5529 1077 5584 trabon
1112 5529 1259 5583 abbé
1312 5529 1384 5583 de
1434 5528 1750 5585 Reichnau.
1787 5531 1830 5588 Il

184 5607 273 5660 est
305 5618 510 5660 encore
544 5601 815 5675 question
837 5601 908 5659 de
930 5599 1012 5658 lui
1037 5599 1258 5658 dansla
1278 5599 1521 5658 formule
1543 5601 1827 5660 suivante.

1929 1870 2102 1942 phobi
2139 1871 2454 1925 adventum
2489 1870 2803 1942 impediat;
2835 1871 3107 1926 Bahchus
3139 1871 3291 1942 apud
3326 1887 3431 1925 nos
3473 1869 3583 1924 hoc

1923 1977 2075 2014 anno
2099 1959 2244 2014 obiit
2265 1977 2396 2015 cum
2421 1961 2654 2027 Cerere;
2679 1964 2908 2015 tantum
2931 1959 3118 2015 facilis
3141 1959 3335 2032 palma
3356 1962 3574 2025 restat;

1921 2047 2006 2102 vel
2033 2048 2102 2102 ad
2136 2047 2242 2103 hoc
2273 2049 2480 2115 veniet,
2516 2053 2581 2102 ut
2611 2048 2852 2103 discatis
2883 2047 3134 2120 qualiter
3165 2065 3292 2103 eam
3353 2047 3470 2103 obti
3486 2063 3579 2102 me

1921 2135 2206 2190 domitare
2236 2135 2498 2191 valeatis.
2563 2137 2778 2192 Sancta
2832 2141 2890 2191 et
2946 2136 3297 2192 inconcussa
3350 2135 3567 2191 caritas

1921 2230 2219 2280 conservet
2250 2242 2349 2281 vos
2382 2224 2562 2280 nostri
2588 2225 2967 2280 memorando
2995 2241 3247 2296 semper,
3270 2240 3461 2280 amen.

2522 2402 2673 2473 [Sine
2699 2401 2965 2473 rubrica.]

1989 2495 2162 2546 Sacro
2194 2491 2315 2546 viro
2346 2491 2556 2546 studiis
2588 2491 3005 2547 sacratissimis
3031 2489 3256 2546 intento
3287 2489 3384 2545 illo
3417 2505 3570 2546 reve-

1921 2580 2256 2636 rentissimo
2289 2580 2504 2648 abbati,
2533 2580 2625 2636 ille
2649 2580 2889 2636 infimus
2921 2580 3326 2636 ministrorum
3350 2578 3568 2635 Christi

1921 2669 2158 2725 famulis
2190 2669 2686 2725 interminabilem
2723 2670 2779 2725 in
2813 2670 3060 2725 Domino
3090 2673 3225 2741 opto
3256 2667 3570 2724 beatitudi-

1921 2776 2072 2814 nem.
2109 2758 2484 2814 Multimodas
2515 2759 2845 2831 graeiarum
2895 2759 3100 2815 laudes
3142 2762 3330 2814 vestre
3387 2757 3572 2813 refero

1918 2849 2208 2904 sanctitati
2226 2866 2328 2921 pro
2344 2865 2584 2904 munere
2600 2849 2750 2920 quod
2770 2848 3038 2904 misistis.
3055 2847 3334 2920 Magnum
3353 2846 3573 2902 etenim

1918 2937 2213 3008 quoddam
2245 2943 2434 2993 vestra
2474 2938 2726 3009 benigna
2771 2937 2983 2992 caritas
3034 2937 3105 2992 de
3157 2936 3379 2991 vilitate
3429 2951 3575 2990 mem

1919 3041 2179 3096 persona:
2207 3025 2422 3081 sentire
2452 3025 2653 3090 voluit,
2685 3025 2777 3079 cui
2811 3025 2868 3078 in
2904 3040 3083 3095 regna
3112 3023 3295 3078 altera
3346 3039 3568 3078 munus

1918 3111 2127 3167 deferri
2151 3112 2352 3181 jussit.
2391 3112 2602 3166 Littere
2625 3111 2916 3182 siquidem
2937 3109 3259 3182 prudentia:
3279 3111 3484 3164 vestrae
3508 3108 3568 3163 in

1916 3200 2015 3256 illo
2047 3201 2291 3257 kalende
2325 3217 2426 3272 per
2456 3200 2656 3255 horam
2692 3216 2906 3255 nonam
2939 3198 3057 3253 diei
3085 3199 3156 3254 ad
3180 3215 3273 3254 me
3297 3213 3574 3270 pervene-

1916 3295 2072 3356 runt,
2106 3296 2164 3346 et
2195 3289 2389 3346 senior
2417 3306 2582 3345 meus
2611 3288 2670 3344 in
2705 3287 2820 3344 illis
2850 3287 3116 3343 kalendis
3150 3287 3206 3341 in
3236 3287 3365 3343 istis
3389 3286 3568 3360 parti-

1916 3381 2028 3436 bus
2059 3380 2166 3434 iter
2185 3379 2520 3451 arripiebat.
2551 3378 2629 3433 De
2650 3377 2810 3433 vasis
2831 3392 2984 3445 vero,
3011 3393 3138 3449 quae
3158 3375 3409 3448 petistis,
3436 3391 3572 3431 mox

1896 3469 2204 3530 sollicitus
2236 3469 2318 3522 fui
2349 3469 2518 3539 cujus
2557 3465 2787 3540 generis
2837 3482 2964 3522 esse
3010 3465 3308 3531 deberent,
3359 3463 3567 3530 ferrea,

1920 3557 2091 3614 testia
2122 3575 2191 3612 an
2225 3555 2486 3628 lapidea;
2523 3555 2871 3628 interrogavi
2906 3570 3158 3625 namque
3175 3552 3411 3608 cuidam
3430 3551 3570 3608 arti-

1923 3644 2009 3699 fici
2039 3648 2238 3698 nostro
2271 3660 2396 3715 quae
2428 3648 2626 3698 essent
2656 3647 2712 3698 et
2758 3643 2855 3698 ubi
2900 3641 3158 3696 invenire
3210 3640 3570 3713 potuissent;

1920 3732 2021 3804 qui
2052 3733 2198 3786 dixit
2229 3749 2294 3786 ea
2325 3749 2391 3787 ex
2423 3738 2586 3803 petra
2619 3730 2787 3804 nigra
2809 3731 2932 3787 ﬁeri
2959 3730 3122 3786 venis
3147 3729 3460 3787 subrubeis
3482 3729 3570 3786 in-

1921 3820 2226 3885 termixtis,
2261 3837 2371 3891 que
2401 3819 2574 3891 vulgo
2606 3820 2760 3890 apud
2797 3837 2902 3875 nos
2933 3820 3146 3890 lapidee
3169 3823 3475 3885 vocantur,
3517 3823 3574 3873 et

1922 3911 1993 3966 ad
2025 3911 2304 3965 Sanctum
2337 3908 2680 3963 Mauricium
2705 3907 3085 3962 inveniuntur
3113 3911 3236 3974 ;est
3255 3906 3412 3962 enim
3436 3904 3576 3961 illuc

1923 4000 1995 4054 ab
2027 4015 2092 4054 eo
2123 3997 2248 4053 loco
2277 3997 2375 4052 ubi
2408 4001 2546 4051 tunc
2578 4013 2815 4052 eramus
2845 3996 2955 4051 iter
2985 3996 3163 4050 trium
3208 3994 3460 4061 dierum,
3520 3998 3578 4052 et

1926 4088 2140 4143 idcirco
2171 4085 2506 4141 nullatenus
2538 4101 2606 4140 ea
2625 4085 2934 4156 adquirere
2957 4084 3138 4156 potui.
3165 4084 3224 4140 Si
3243 4101 3373 4139 vero
3392 4081 3575 4155 signi-

1926 4176 2236 4232 ficaveritis
2266 4190 2378 4246 que
2409 4173 2494 4228 vel
2536 4173 2692 4244 quod
2733 4189 2861 4228 esse
2919 4173 3190 4242 debeant,
3249 4189 3384 4226 cum
3443 4188 3578 4243 spa-

1929 4266 2082 4322 cium
2133 4264 2411 4329 habuero,
2456 4262 2786 4333 jussionem
2834 4266 3085 4317 vestram
3139 4261 3310 4332 juxta
3366 4259 3579 4314 virium

1931 4353 2378 4426 possibilitatem
2411 4352 2468 4406 in
2513 4351 2602 4405 his
2634 4354 2808 4422 atque
2840 4348 2968 4406 aliis
2992 4351 3164 4405 rebus
3187 4346 3581 4404 libentissime

1932 4442 2208 4514 implebo.
2242 4441 2388 4512 Opto
2419 4457 2520 4496 vos
2551 4441 2608 4494 in
2645 4440 2893 4496 Domino
2924 4439 3022 4494 diu
3081 4438 3323 4494 feliciter
3370 4436 3581 4507 valere,

1862 4553 1905 4616 Β
1939 4530 2310 4586 sanctissime
2341 4534 2522 4602 pater.

2545 4709 2697 4779 [Sine
2713 4708 2980 4779 rubrica.]

2008 4796 2106 4853 Ille
2136 4812 2388 4869 superne
2417 4796 2703 4868 largitatis
2735 4813 2978 4852 munere
3010 4791 3255 4850 humilis
3315 4792 3583 4861 antistes,

1935 4885 2020 4941 illi
2054 4886 2216 4941 fratri
2248 4884 2559 4940 karissimo
2593 4885 3051 4954 multimodeque
3081 4881 3242 4937 cultu
3267 4880 3486 4953 sophim
3512 4881 3587 4936 si-

1940 4974 2062 5030 mul
2091 4981 2147 5030 et
2177 4975 2381 5030 decore
2413 4973 2740 5030 sanctitatis
2771 4973 2967 5028 abbati
3000 4969 3402 5044 comptissimo
3463 4985 3587 5041 pre-

1937 5065 2121 5120 sentis
2151 5081 2216 5118 ac
2248 5063 2504 5118 futuram
2563 5064 2790 5134 copiam
2849 5060 3143 5117 felicitatis
3198 5058 3258 5114 in
3320 5059 3583 5114 Domino.

1939 5152 2275 5208 Multifariis
2306 5151 2484 5224 igitur
2505 5169 2608 5224 pro
2638 5155 2825 5207 vestre
2884 5149 3198 5222 conspicue
3255 5145 3586 5203 devoeionis

1937 5241 2238 5298 beneﬁciis
2270 5240 2556 5313 plurimas
2589 5258 2694 5295 nos
2715 5240 2911 5310 sepius
2931 5239 3142 5295 referre
3163 5236 3382 5310 gratias
3418 5252 3588 5308 opor-

1939 5337 2039 5387 tet.
2073 5332 2495 5388 Verumtamen
2528 5333 2726 5385 vestra:
2757 5327 3160 5400 copiosissime
3213 5325 3588 5382 commodum

2012 5457 2160 5529 (194)
2191 5455 2264 5511 Le
2297 5453 2622 5529 manuscrit
2652 5454 2842 5529 donne
2870 5455 2977 5529 tuis
3007 5471 3078 5509 en
3124 5469 3202 5508 un
3262 5449 3389 5506 seul
3441 5455 3590 5526 met;

1940 5525 2091 5586 mais
2123 5528 2161 5585 il
2205 5529 2350 5594 faut,
2378 5528 2440 5600 je
2469 5525 2643 5594 crois,
2675 5525 2781 5585 lire
2812 5528 2936 5585 tuis
2968 5542 3115 5600 pour
3147 5532 3205 5582 ιιι
3231 5539 3305 5582 σε.
