4026 6176
402 249 560 319 1455

1684 227 2024 312 APPEND.
2069 248 2173 312 AD
2217 249 2406 313 smc.
2452 249 2524 311 x.

3647 241 3818 306 i456

404 363 741 455 putavimus
797 385 1072 443 intimare
1129 384 1530 452 benivolentia,
1593 385 1747 456 quod
1808 385 2044 441 fratrem
2074 386 2128 453 Α
2156 389 2304 454 tum,
2339 383 2589 457 qualiter
2617 384 2802 439 Deum
2835 383 3070 456 agnosci
3091 399 3157 438 ac
3176 380 3381 437 timere
3397 379 3584 436 valeat
3600 383 3658 436 et
3677 379 3815 450 ejus

401 476 662 530 vestrum
691 474 870 532 nimis
903 476 1245 550 flagrantem
1272 473 1560 530 desiderio
1587 474 1892 530 nobiscum
1914 473 2049 530 reti-

402 577 539 618 nere
562 564 965 636 nequivimus:
989 570 1184 621 vestra
1201 563 1522 636 plurimum
1547 562 1657 618 frui
1683 564 2054 619 desiderabat

402 653 717 723 presentia.
733 653 1012 718 Quocirca
1023 657 1276 710 vestram
1293 652 1635 725 subpliciter
1649 653 2050 724 gratissimam

403 741 704 812 poscimus
734 743 1176 816 fraternitatem,
1210 747 1276 798 ut
1305 744 1378 798 ab
1410 759 1606 799 amore
1654 742 1755 798 Dei
1807 743 2053 813 ejusque

406 830 757 888 confessoris
787 832 1080 889 Ambrosii
1110 837 1304 890 vestra
1333 850 1566 888 summa
1596 849 1728 888 eum
1753 832 1940 904 gratia
1979 830 2051 885 ad

407 935 514 976 nos
527 937 660 976 eum
681 938 858 994 quam
874 924 1063 979 tocius
1081 923 1376 979 remittere
1392 921 1736 995 dignemini,
1762 925 2052 992 quatenus

407 1010 563 1080 quod
593 1010 757 1068 deest
787 1013 948 1084 operi
975 1012 1123 1068 bene
1149 1016 1313 1084 cepto
1331 1010 1752 1084 perficiaturab
1775 1009 2054 1082 ipso.Nos

407 1097 591 1171 igitur
621 1115 854 1172 semper
879 1105 936 1156 et
964 1101 1182 1174 ubique
1241 1118 1449 1156 sumus
1505 1104 1692 1156 vestre
1750 1099 2057 1154 dumtaxat

407 1188 812 1246 amantissime
833 1190 1058 1246 caritati
1078 1207 1333 1264 congrue
1359 1206 1566 1262 nempe
1586 1187 2052 1244 vicissitudinem

406 1275 669 1344 reddere,
703 1277 752 1334 si
784 1278 926 1350 quid
947 1282 1137 1334 vestre
1168 1277 1517 1350 benignitati
1549 1275 1878 1349 largissime
1931 1273 2053 1346 pla-

407 1364 594 1422 cuerit
611 1365 779 1423 nobis
799 1367 1124 1440 injungere.
1149 1367 1348 1424 Valete
1370 1366 1551 1422 nostri
1577 1382 1807 1437 semper
1832 1379 2057 1419 memor

409 1454 466 1508 in
497 1455 788 1524 oracione,
821 1473 854 1512 ο
888 1456 1213 1529 dignssime
1241 1457 1436 1512 frater.

1173 1573 1286 1629 LII.

1008 1658 1160 1734 [Sine
1191 1659 1460 1730 rubrica,l

479 1764 616 1820 Viro
647 1766 880 1840 egregio
907 1771 1083 1838 atque
1115 1768 1388 1839 prudenti
1424 1765 1509 1820 illi
1570 1763 2060 1829 reverentissimo,
2093 1762 2141 1826 B

413 1853 508 1909 ille
538 1855 599 1909 in
623 1855 866 1912 Domino
893 1855 1164 1912 salutem.
1199 1856 1448 1911 Obsecro
1480 1855 1782 1910 caritatem
1804 1857 2058 1908 vestram

414 1945 479 1996 ut
511 1941 680 2000 illum
713 1959 960 2015 puerum
993 1948 1258 2016 nepotem
1294 1943 1378 1998 illi
1410 1943 1664 2016 episcopi
1697 1943 1768 1997 ad
1796 1941 2058 1997 studium

413 2031 676 2088 discendi
708 2031 1704 2104 acriusincitetis.Poteratnamque
1727 2031 1894 2086 illum
1919 2030 2058 2086 alibi

412 2121 484 2177 ad
517 2121 902 2177 erudiendum
934 2122 1292 2194 ubicumque
1322 2121 1495 2178 vellet
1517 2121 1787 2193 dirigere,
1806 2120 1907 2177 sed
1933 2134 2061 2174 meo

414 2209 668 2266 maxime
699 2213 894 2266 ortatu
923 2210 1135 2266 vestris
1167 2228 1301 2267 eum
1334 2209 1664 2282 disciplinis
1697 2207 1941 2265 tradidit
1969 2209 2063 2263 in-

412 2300 734 2355 buendum.
768 2301 1131 2373 Quapropter
1159 2305 1293 2372 peto
1353 2305 1418 2355 ut
1467 2299 1742 2370 deinceps
1801 2297 2062 2353 adhibito

414 2389 608 2446 studio
640 2393 900 2446 nostram
935 2389 1107 2446 etiam
1129 2391 1239 2445 sibi
1259 2390 1413 2462 apud
1428 2406 1531 2445 vos
1548 2389 1764 2444 sentiat
1785 2386 2063 2459 prodesse

413 2477 760 2550 peticionem
778 2497 790 2547 ;
810 2484 865 2534 et
894 2478 1250 2550 ubicumque
1275 2477 1575 2551 peragitis,
1599 2477 1902 2532 vobiscum
1928 2492 2063 2531 eum

412 2565 496 2622 ire
529 2566 864 2640 permittite;
894 2569 1219 2624 mercedem
1236 2585 1368 2624 vero
1386 2567 1558 2622 vestri
1587 2565 1823 2632 laboris,
1846 2569 2067 2636 quanta

416 2671 544 2712 esse
577 2655 635 2710 in
665 2656 925 2728 presenti
976 2661 1188 2729 potest,
1222 2672 1327 2728 ego
1390 2657 1727 2728 rependam.
1781 2652 2065 2709 Noveritis

416 2736 595 2800 etiam
627 2745 767 2816 quia
799 2743 896 2800 ille
918 2744 1217 2800 hominem
1241 2744 1428 2817 ipsius
1460 2744 1626 2816 pueri
1684 2744 1838 2816 apud
1897 2741 2064 2796 illum

417 2832 756 2905 episcopum
813 2839 1156 2890 excusatum
1215 2834 1439 2902 habeo;
1500 2833 1748 2904 ideoque
1807 2836 1938 2904 peto
2003 2836 2068 2887 ut

416 2922 635 2994 ipsum,
653 2921 746 2977 cui
761 2922 1048 2979 molestus
1063 2923 1252 2978 extitit
1267 2923 1327 2979 in
1348 2927 1605 2979 vestram
1625 2922 1817 2979 venire
1839 2919 2067 2976 faciatis

417 3011 796 3083 presentiam,
826 3010 944 3085 [ad]
978 3013 1346 3069 concordiam
1380 3029 1478 3068 eos
1511 3011 1789 3080 reducite,
1833 3027 2067 3066 verum-

417 3105 616 3156 tamen
642 3105 838 3156 reatus
869 3102 961 3157 sui
985 3102 1373 3174 penitenciam
1399 3106 1580 3174 gerat,
1598 3102 1770 3173 juxta
1785 3100 1941 3172 quod
1963 3118 2063 3157 vo-
2092 3134 2136 3201 C

420 3189 512 3245 bis
540 3190 732 3246 visum
764 3189 958 3246 fuerit.

1174 3297 1319 3353 LIII.

1025 3385 1179 3460 [Sine
1196 3386 1464 3460 rubrica.]

496 3501 698 3559 Petrus
718 3502 867 3576 (I95)
889 3502 1084 3558 divino
1107 3504 1288 3558 fretus
1311 3503 1532 3559 auxilio
1548 3501 1791 3558 humilis
1813 3503 1931 3569 ille,
1957 3501 2063 3570 illi,

423 3590 633 3647 dilecto
663 3591 826 3647 fratri
859 3591 1268 3647 multimodam
1293 3591 1348 3646 in
1371 3592 1609 3647 Domino
1631 3595 1766 3663 opto
1789 3589 2064 3646 salutem.

419 3679 565 3735 Cum
594 3683 786 3736 vestra
815 3679 1086 3752 denique,
1110 3680 1440 3748 karissime,
1460 3680 1741 3752 sospitate
1761 3683 1880 3734 tam
1902 3679 2067 3735 missi

416 3769 788 3841 praesentiam
823 3785 999 3841 quam
1023 3770 1202 3825 vestri
1224 3768 1554 3825 dulcissimi
1574 3768 1922 3823 intimamur
1943 3769 2065 3841 api-

414 3873 529 3926 ces,
562 3857 850 3914 immensa
881 3873 983 3930 per
1011 3857 1612 3928 omniajocundantes
1636 3875 1844 3914 sumus
1864 3857 2065 3930 repleti

413 3945 626 4015 leticia,
661 3947 904 4019 insuper
933 3949 1088 4020 quod
1122 3952 1178 4004 et
1206 3952 1464 4003 vestrum
1492 3947 1753 4003 studium
1786 3964 1851 4003 ac
1901 3948 2064 4020 pium

415 4051 553 4108 erga
585 4037 1105 4108 puerulum,quem
1138 4036 1198 4091 in
1217 4037 1465 4093 Domino
1498 4036 2063 4109 accepistis,sincero

413 4124 741 4181 sentiamus
772 4125 935 4198 diligi
967 4127 1195 4182 affectu.
1231 4127 1309 4181 Ea
1342 4125 1518 4198 igitur
1573 4125 1999 4197 karissimeque
2031 4143 2065 4180 a

410 4214 584 4270 nobis
613 4214 951 4287 indaganda
979 4220 1172 4271 vestra
1204 4215 1449 4287 requirit
1481 4214 1772 4270 industria
1803 4215 1943 4286 quid
1980 4216 2063 4269 in-

411 4301 694 4359 ﬁlosofica
721 4303 987 4359 doctrina
1018 4305 1181 4376 prius
1200 4304 1410 4374 quidve
1429 4319 1680 4374 sequens
1699 4303 1770 4358 ad
1788 4303 2060 4358 eumdem

409 4389 775 4460 inpuendum
803 4391 1058 4447 indolem
1121 4392 1428 4447 manifeste
1491 4408 1768 4463 ponerem
1827 4391 2060 4446 indiciis

2159 475 2402 546 adsequi
2435 474 2714 530 mandata
2742 473 3135 545 concupiscat.
3171 475 3229 527 et
3260 475 3322 526 ut
3369 469 3562 525 omnis
3611 472 3816 525 vestra

2157 563 2471 619 laudabilis
2495 565 2702 619 docma
2733 563 2791 617 in
2821 562 3072 618 eundem
3103 561 3163 616 in
3197 560 3584 616 evumfloreat
3602 563 3816 614 etom-

2161 655 2335 709 nibus
2365 653 2676 708 manifesta
2693 669 2794 724 per
2825 668 2960 707 eum
2993 651 3209 722 ubique
3230 650 3352 717 ﬁat,
3377 665 3602 704 necnon
3628 647 3813 703 etiam

2163 745 2233 800 de
2264 743 2558 816 geminato
2587 741 2804 796 talento
2828 741 3121 813 premium
3144 739 3216 795 ab
3240 755 3327 808 eo,
3352 738 3452 810 qui
3473 736 3649 803 dedit,
3670 734 3819 791 reci-

2163 832 2358 905 piatis,
2399 835 2456 886 et
2485 849 2517 886 a
2550 829 2720 885 nobis
2745 829 2988 902 dignum
3011 846 3114 901 per
3132 827 3333 884 omnia
3352 825 3701 898 obsequium
3726 841 3818 879 ca-

2169 921 2363 994 piatis.
2392 922 2573 975 Parva
2591 919 2772 990 igitur
2791 935 3036 974 munera
3058 916 3366 974 karissime
3385 919 3573 971 vestre
3596 914 3816 970 direxi-

2165 1007 2598 1080 musfalinitati.
2629 1007 2926 1080 Rogamus
2958 1007 3211 1079 denique
3233 1010 3298 1060 ut
3328 1021 3415 1073 ea,
3454 1021 3564 1077 que
3623 1004 3819 1059 missa

2163 1104 2320 1167 sunt,
2354 1098 2590 1154 caritate
2621 1102 2952 1152 sumantur.
2983 1097 3130 1152 Vere
3161 1095 3396 1167 quidem
3429 1093 3597 1166 plura
3656 1091 3818 1148 mitti

2163 1189 2547 1254 decrevimus,
2573 1185 2672 1242 sed
2697 1201 2768 1240 ne
2793 1186 3005 1242 itinera
3025 1181 3813 1242 ablatafuissenttimuinus.

2165 1278 2306 1332 Cum
2330 1279 2528 1351 itaque
2559 1279 3011 1350 nos,utjussum
3030 1277 3139 1341 est,
3172 1273 3345 1329 citius
3363 1271 3706 1344 obsequium
3733 1268 3816 1342 pii

2167 1369 2398 1440 augusti
2420 1369 3078 1441 properamus,vestram
3094 1361 3448 1436 presentiam
3463 1361 3678 1434 requiri
3691 1365 3813 1414 non

2166 1459 2515 1525 omittimus,
2543 1463 2599 1514 et
2632 1476 2718 1526 ea,
2746 1473 2858 1530 que
2880 1456 3113 1520 desunt,
3139 1451 3398 1524 subpleri
3423 1451 3481 1506 in
3507 1450 3815 1514 omnibus,

2166 1552 2231 1602 ut
2260 1549 2503 1620 dignum
2538 1552 2647 1614 est,
2681 1551 3041 1618 satagemus.
3071 1546 3149 1598 De
3181 1541 3357 1597 fratre
3381 1539 3650 1595 videlicet
3697 1537 3818 1604 illo,

2167 1637 2235 1691 de
2270 1652 2384 1708 quo
2418 1634 2742 1690 mandastis
2773 1637 2839 1688 ut
2865 1631 3093 1687 alienus
3151 1629 3222 1684 de
3278 1626 3402 1684 loco
3460 1626 3574 1683 isto
3631 1627 3816 1691 fieret,

2173 1725 2518 1796 usquedum
2555 1741 2661 1779 nos
2687 1723 2781 1778 hic
2834 1719 3164 1788 veniamus,
3224 1733 3499 1790 rogamus
3556 1721 3621 1770 ut
3672 1729 3821 1787 pene

2169 1832 2272 1870 vos
2301 1819 2564 1881 maneat;
2601 1829 2756 1879 cum,
2773 1811 2890 1866 Deo
2913 1808 3247 1875 auxiliante,
3264 1806 3420 1862 venti
3435 1806 3742 1871 fuerimus,
3764 1808 3824 1859 et

2175 1904 2356 1960 istum
2392 1904 2682 1958 aul‘rimus
2739 1905 2796 1956 et
2837 1902 3199 1970 exceptorem
3241 1895 3549 1952 nobiseum
3577 1893 3822 1950 deduci-

2171 1993 2395 2049 mus.In
2427 1992 2797 2058 omnibus,ut
2813 2005 2917 2060 per
2936 2004 3036 2043 vos
3053 1987 3307 2053 fidimus,
3333 1985 3533 2057 agitis:
3553 1982 3700 2048 vale,
3733 1981 3824 2036 vir

2170 2082 2272 2138 Dei
2304 2081 2427 2138 vale
2458 2086 2515 2137 et
2541 2083 2833 2136 memento
2866 2077 3000 2132 mei.

2926 2166 3067 2221 LIV.

2778 2257 2931 2328 [Sine
2970 2255 3215 2325 rubrica]

2244 2349 2564 2406 Carissimo
2583 2346 2778 2403 abbati
2802 2345 2885 2400 illi
2909 2346 3007 2416 [et]
3027 2343 3302 2400 omnibus
3325 2341 3472 2408 suis,
3505 2339 3822 2395 sincellites

2173 2439 2272 2495 ille
2303 2454 2644 2494 mansuram
2681 2437 2738 2490 in
2763 2433 3060 2490 Salvatore
3085 2431 3354 2488 salutem.
3379 2430 3504 2486 Non
3523 2447 3626 2485 vos
3645 2429 3824 2484 latere

2176 2528 2445 2600 suspicor
2468 2526 2621 2598 quod
2639 2528 2911 2580 manente
2925 2521 3504 2593 domnoimperatore
3518 2518 3615 2573 illo
3628 2518 3822 2573 novis-

2175 2618 2322 2674 sime
2352 2617 2505 2688 apud
2539 2615 2699 2669 illam
2730 2612 2925 2667 villam
2968 2628 3081 2666 non
3115 2609 3284 2681 longe
3333 2625 3368 2663 a
3419 2607 3584 2662 vobis
3631 2605 3823 2660 consi-

2175 2712 2388 2772 stente,
2419 2706 2766 2778 provocante
2796 2705 2996 2756 vestra:
3027 2697 3326 2772 religionis
3358 2697 3534 2764 fama,
3561 2698 3821 2750 vestrum

2178 2796 2322 2852 mihi
2355 2794 2529 2850 libuit
2559 2792 2721 2848 adire
2778 2789 3108 2846 cmuobium
3142 2787 3398 2859 illucque
3445 2783 3702 2858 perveni.
3759 2783 3824 2837 Et

2174 2887 2301 2942 visa
2330 2882 2759 2956 benignissima
2788 2883 2983 2935 vestra
3012 2877 3342 2940 sanctitate,
3379 2873 3597 2946 placuit
3613 2877 3680 2927 ut
3705 2888 3821 2940 me,

2176 2973 2443 3047 quamvis
2467 2971 2783 3028 sceleribus
2804 2966 3163 3040 squalidum,
3187 2963 3363 3021 vestri
3379 2967 3824 3032 vestrorumque

2183 3063 2579 3120 conmendare
2613 3061 2716 3131 [ω]
2743 3056 3138 3123 oracionibus,
3163 3054 3316 3127 quod
3343 3058 3401 3108 et
3424 3069 3524 3107 vos
3544 3055 3603 3107 et
3622 3051 3824 3116 vestri,

2174 3154 2325 3210 sicut
2338 3150 2594 3207 caritatis
2611 3147 2763 3222 pleni
2775 3145 3221 3218 ,benignissimo
3235 3140 3576 3214 suscepistis
3591 3139 3822 3195 affectu.

2178 3244 2282 3299 Pro
2312 3258 2429 3314 qua
2459 3254 2723 3307 munera,
2758 3237 2898 3309 quia
2927 3234 3092 3291 vobis
3109 3231 3461 3304 condignam
3484 3245 3826 3284 remunera-

2176 3332 2402 3387 eionem
2436 3327 2739 3384 reddidere
2774 3321 3308 3397 nequeo,maximas
3328 3325 3520 3374 tamen
3551 3317 3826 3372 devotas-

2175 3437 2288 3493 que
2318 3422 2532 3493 grates,
2567 3419 2852 3488 quantum
2886 3410 3355 3485 quivero,referre
3380 3425 3493 3462 non
3525 3406 3824 3470 differam;

2175 3514 2232 3565 et
2261 3525 2415 3564 nunc
2442 3505 2606 3562 vobis
2635 3504 2763 3576 lego
2796 3503 3038 3575 triginta
3068 3499 3285 3555 solidos
3312 3495 3559 3569 argenti,
3598 3494 3824 3567 flagito-

2177 3616 2287 3671 que
2319 3614 2538 3670 pronus
2573 3599 2628 3650 et
2659 3593 2953 3648 sumissus
2984 3605 3159 3662 posco
3182 3591 3239 3643 et
3261 3585 3464 3643 aclinis
3494 3583 3731 3656 postulo
3765 3591 3826 3636 ut

2176 3670 2235 3742 in
2267 3691 2460 3742 vestra
2490 3682 2882 3742 solertissima
2917 3680 3254 3752 permaneat
3288 3674 3556 3730 oracione
3586 3670 3682 3725 illa
3697 3671 3826 3742 ejus

2175 3774 2459 3831 memoria
2489 3771 2697 3839 nostri,
2731 3774 2787 3825 et
2816 3786 2942 3842 ego,
2972 3772 3279 3840 quamtum
3316 3767 3534 3836 potero,
3561 3760 3822 3814 inconta-

2176 3864 2460 3918 minatam
2480 3861 2787 3916 nobiscum
2812 3856 3132 3913 observabo
3155 3851 3509 3909 amicitia.Et
3538 3850 3596 3902 in
3622 3849 3820 3903 leudes

2174 3953 2391 4008 nostris
2422 3955 2478 4006 et
2507 3949 2639 4022 equi
2675 3949 2882 4003 fierent
2913 3945 3050 4001 fessi
3083 3944 3154 3999 ob
3196 3941 3518 3997 nimitatem
3569 3936 3818 4004 itineris,

2173 4041 2324 4114 quod
2370 4055 2478 4095 nos
2509 4038 2617 4093 hoc
2643 4053 2796 4092 anno
2830 4036 3076 4090 Romam
3107 4032 3299 4088 eundo
3324 4031 3625 4100 Romaque
3655 4026 3820 4081 rede-

2171 4131 2328 4185 undo
2347 4127 2702 4202 peregimus,
2730 4123 3081 4180 nullomodo
3104 4120 3370 4177 omittere
3391 4117 3695 4173 vobiscum
3714 4113 3822 4170 col-

2171 4219 2334 4292 loqui
2366 4233 2686 4290 pacemque
2727 4231 2859 4270 cum
2885 4213 3032 4268 meis
3052 4210 3338 4284 patribus,
3363 4206 3463 4280 qui
3490 4207 3600 4262 sub
3624 4208 3819 4260 vestra

2169 4308 2514 4380 paternitate
2541 4306 2780 4378 degunt,
2824 4306 3093 4357 mutuam
3135 4299 3366 4354 habere.
3429 4301 3506 4352 De
3565 4307 3814 4366 quorum

2170 4397 2516 4453 salubritate
2535 4399 2589 4448 et
2609 4390 2831 4449 salubri
2854 4389 3237 4463 prosperitate
3255 4389 3310 4442 et
3330 4387 3400 4441 de
3420 4386 3616 4438 vestra
3637 4395 3814 4452 quaso

409 4476 595 4532 Immo
613 4478 858 4534 dubium
886 4496 1000 4534 non
1024 4485 1110 4535 est
1132 4497 1231 4534 vos
1254 4497 1357 4551 per
1376 4480 1592 4547 omnia,
1619 4485 1685 4535 ut
1705 4481 1937 4552 sapiens
1959 4499 2052 4536 ar-
2087 4505 2133 4570 D
2169 4486 2476 4551 rescribas,
2510 4482 2569 4537 ni
2624 4498 2795 4555 grave
2828 4479 3045 4535 fuerint
3073 4475 3365 4533 calamum
3397 4473 3669 4545 tinguere
3701 4469 3815 4524 tin-

407 4562 717 4635 chitectus,
751 4566 1132 4623 fundamenta
1161 4568 1326 4640 prius
1359 4585 1592 4641 ponere,
1615 4567 1944 4624 hacdeinde
1967 4569 2052 4624 fa-

403 4655 630 4711 bricam
664 4655 722 4710 in
755 4655 939 4711 altum
971 4673 1040 4711 ex
1068 4657 1313 4714 diversis
1342 4657 1639 4730 lapidibus
1663 4657 1844 4713 attolli
1888 4659 2056 4714 Cum-

403 4761 472 4800 ea
500 4744 600 4817 qui
631 4744 1058 4800 incrementum
1090 4746 1189 4801 dat
1221 4763 1499 4802 mensura
1548 4746 1818 4802 hedificio
1871 4747 2052 4803 credi-

403 4850 540 4890 mus
567 4833 814 4905 operari.
846 4834 1036 4890 Vestri
1069 4835 1248 4907 igitur
1264 4834 1486 4890 arbitrii
1511 4835 1710 4890 omnia
1731 4835 2053 4891 ordinanda

403 4922 748 4989 sanctimus,
781 4923 921 4996 quid
954 4925 1118 4996 prius
1149 4925 1219 4980 de
1251 4924 1464 4979 divinis
1492 4925 1656 4980 libris
1682 4924 1765 4979 vel
1789 4930 2052 4995 postmo-

402 5013 545 5068 dum
577 5013 650 5067 de
679 5012 989 5085 gentilium
1024 5012 1238 5069 fabulis
1269 5013 1591 5068 dedieenda
1631 5013 1775 5067 sint.
1839 5013 1910 5068 Ut
1956 5014 2052 5085 pio

401 5101 684 5174 magistro
714 5101 995 5158 mellifluo
1022 5103 1173 5174 patri
1204 5102 1458 5174 petimus
1489 5106 1552 5156 ut
1582 5117 1722 5157 cura
1751 5102 2053 5158 incumbat

402 5207 516 5246 non
550 5189 779 5246 modica
808 5189 866 5245 in
899 5194 1127 5246 tantum
1160 5195 1224 5246 ut
1256 5191 1539 5264 puerulus
1596 5190 1720 5261 ipse
1778 5191 2050 5262 notrique

398 5279 616 5335 amoris
635 5278 844 5335 unicus
866 5279 924 5335 in
937 5280 1107 5336 bonis
1121 5279 1490 5336 documentis
1510 5281 1707 5334 sumat
1723 5278 2049 5335 incremen-

466 5402 616 5473 (495)
650 5401 845 5473 Pierre
872 5404 959 5459 fut
989 5403 1082 5460 élu
1143 5405 1291 5459 abbé
1349 5405 1420 5459 de
1473 5402 1770 5457 Reichnau
1821 5421 1894 5459 en
1941 5406 2039 5462 78l

395 5470 814 5546 Cf._Mabillon,
846 5477 1082 5531 Annales
1113 5476 1177 5531 0.
1212 5477 1270 5531 S.
1305 5477 1388 5542 Β.,
1422 5483 1458 5530 t.
1492 5474 1561 5541 II,
1597 5477 1886 5546 pag._260.

464 5541 509 5623 (4
521 5542 611 5617 96)
641 5543 715 5601 Ce
739 5545 1053 5604 document
1082 5552 1173 5604 est
1192 5541 1616 5604 extrémcment
1631 5541 1920 5602 curirieux
1942 5565 2048 5621 par

2164 4579 2442 4646 ctumque
2468 4573 2526 4627 in
2552 4569 2795 4625 vitulino
2828 4585 3033 4639 eampo
3065 4565 3353 4638 ovinoque
3404 4561 3656 4618 trahere.
3696 4600 3708 4611 .
3747 4600 3761 4612 .
3798 4599 3809 4612 .

2235 4697 2466 4754 Premia
2494 4693 2760 4768 perpetui
2788 4690 3084 4768 sumpturi
3115 4688 3375 4768 maxima
3397 4685 3581 4759 regni,

2333 4771 2435 4824 Est
2453 4759 2552 4838 qui
2583 4759 2702 4821 vita
2733 4765 2878 4838 suis,
2911 4759 3224 4838 Dominum
3247 4759 3436 4838 colite.
3480 4832 3489 4838 _
3561 4827 3606 4838 __
3777 4825 3811 4838 Ι,

2236 4841 2325 4896 Me
2358 4827 2559 4910 precor
2589 4841 2645 4891 et
2670 4827 2878 4890 vestris
2913 4833 3183 4905 precibus
3209 4850 3222 4898 ;
3257 4830 3532 4910 mandate
3561 4827 3814 4882 Tonanti

2303 4901 2620 4964 Vobiscum
2651 4901 2970 4978 utpartem
3003 4903 3324 4976 regna’poli
3348 4901 3596 4973 capiam.

2234 4988 2380 5038 Kere
2409 4978 2538 5052 kyri
2568 4976 2820 5051 agapite.

2926 5100 3039 5156 LV.
3233 5146 3242 5154 .

2516 5207 2839 5248 INDICULUM
2877 5207 2951 5246 AD
2989 5203 3250 5247 ABBATEM
3282 5187 3449 5262 (196).

2231 5285 2330 5342 Ille
2360 5283 2606 5356 exiguus
2648 5280 2839 5348 levita,
2900 5278 2998 5336 illo
3058 5278 3332 5335 salutem.
3388 5279 3531 5330 Cum
3589 5273 3820 5330 amicos

2154 5410 2240 5466 les
2272 5407 2774 5479 renseignements
2797 5403 2934 5479 qu_’il
2956 5404 3146 5459 donne
3169 5401 3340 5460 suria
3362 5397 3645 5479 situation
3663 5397 3818 5479 poli-

2156 5483 2336 5554 tique.
2365 5469 2504 5554 Bieii
2528 5475 2671 5554 qu’il
2704 5492 2776 5554 ne
2803 5469 2915 5531 soit
2946 5478 3236 5554 peut-etre
3277 5489 3428 5554 pas“
3451 5469 3712 5554 possible
3745 5470 3820 5524 de

2157 5538 2509 5612 déterminer
2528 5538 2611 5605 les
2643 5538 3013 5605 événements
3043 5538 3377 5620 auxquel'sil
3400 5538 3507 5597 fait
3529 5538 3818 5608 allusion,
