4004 6160
164 379 322 448 1457

1451 389 1854 460 FORMULIE
1896 387 2281 463 VETERES.

3408 379 3566 467 1458

157 521 397 612 caritate
419 520 750 594 visitamus,
781 524 1043 585 debitum
1073 543 1352 586 mansure
1380 531 1666 587 mercedis
1689 530 1794 586 im-
1821 529 1879 600 Α
1911 550 2026 590 non
2049 534 2239 591 adhuc
2269 533 2598 593 monachus
2625 536 2834 594 eternae
2867 531 3162 596 felicitatis
3193 531 3451 612 implora
3470 554 3566 594 sa-

151 610 386 684 plemus
412 638 426 682 ;
459 630 594 671 cum
621 619 818 672 autem
851 617 926 673 de
958 619 1032 689 [θ]
1053 635 1222 674 orum
1259 619 1541 692 sospitate
1571 620 1814 693 perqui-

151 718 315 758 remu
327 719 354 758 s
366 747 380 770 ,
394 719 497 775 per
513 703 864 761 missionum
877 711 1212 764 nostrarum
1241 708 1480 764 elfectus
1494 725 1771 766 curamus
1792 729 1805 778 ;

145 806 285 846 cum
341 791 580 848 illorum
639 793 793 849 bona
831 795 1026 852 videre
1058 801 1115 852 et
1143 798 1345 853 audire
1374 798 1803 865 desideramus,

146 879 466 953 participes
499 882 752 939 maxime
782 885 1039 942 caritatis
1080 885 1488 943 incunctanter
1531 887 1801 954 efficitur,

145 969 196 1024 si
223 974 443 1038 autem,
467 972 624 1043 quod
655 973 828 1040 absit,
860 974 1099 1032 sinistre
1129 976 1461 1048 oppinionis
1487 977 1558 1032 de
1588 977 1803 1034 amico.

150 1075 286 1114 rum
317 1059 589 1116 societate
619 1061 778 1118 fama
793 1065 1204 1135 percrebuerit,
1220 1067 1545 1122 secundum
1564 1071 1796 1138 aposto-

142 1147 269 1222 lum
313 1165 324 1204 :
366 1151 497 1218 Quis
553 1151 890 1222 inﬁrmatur,
947 1161 1000 1209 et
1042 1170 1139 1224 ego
1197 1171 1310 1211 non
1359 1157 1635 1227 inﬁrmor,
1669 1158 1790 1227 quis

147 1239 582 1309 scandalizatur,
615 1243 664 1296 et
693 1256 788 1312 ego
816 1257 928 1297 non
959 1259 1108 1298 uror.
1143 1246 1265 1310 Qua
1307 1261 1411 1316 pro
1468 1261 1647 1301 causa
1683 1245 1792 1302 hoc

145 1331 336 1385 totum
391 1329 647 1386 scribere
704 1333 1083 1388 commodum
1142 1334 1442 1400 duximus,
1475 1339 1788 1406 quatenus,

145 1421 433 1490 quantum
463 1419 536 1474 ad
569 1419 941 1477 dominorum
971 1421 1058 1477 vel
1091 1423 1415 1479 amicorum
1462 1427 1787 1484 vestrorum

145 1524 384 1563 causam
415 1513 776 1581 exspectant,
809 1509 868 1564 iu
903 1511 1098 1567 futuro
1129 1515 1446 1568 maximam
1505 1513 1790 1570 adibeatis

141 1595 454 1664 cautelam,
477 1614 548 1652 ne
581 1597 920 1670 forte,quod
954 1599 1107 1656 Deus
1135 1617 1250 1657 non
1283 1602 1566 1673 paciatur,
1581 1601 1786 1659 electio

142 1685 342 1741 domui
375 1685 744 1758 imperatoris
775 1687 834 1742 iu
867 1692 1062 1745 vestra
1083 1706 1261 1746 causa
1281 1689 1787 1748 frustretur.Misi-

142 1791 278 1831 mus
309 1774 485 1831 etiam
513 1773 801 1832 vosallum
844 1782 1111 1833 nostrum
1165 1778 1334 1835 illum
1391 1781 1782 1849 amicabilem,

141 1863 560 1969 caritatemque
590 1881 920 1966 'precamur
951 1871 1014 1965 ut
1051 1867 1302 1941 benigne
1363 1870 1700 1942 suscipiatis
1729 1874 1786 1926 et
1813 1905 1861 1969 B

142 1969 281 2026 erga
299 1952 489 2020 illum,
506 1953 864 2027 ubicumque
893 1955 1235 2029 iudiguerit,
1249 1958 1459 2030 agatis,
1475 1963 1532 2015 et
1562 1958 1780 2030 locum,

141 2041 240 2097 ubi
275 2041 459 2098 nostri
479 2042 688 2098 caballi
708 2059 836 2100 esse
865 2043 1017 2100 infra
1039 2050 1290 2102 vestram
1323 2051 1665 2119 potestatem
1693 2049 1782 2104 vel

140 2131 420 2204 quicquid
437 2131 652 2188 habere
675 2133 941 2201 debeant,
957 2134 1388 2204 demonstretis,
1414 2141 1704 2208 quatenus
1724 2138 1782 2194 in

137 2221 234 2276 via
265 2237 372 2278 nos
397 2221 468 2276 de
524 2220 618 2276 his
673 2226 896 2278 certum
947 2225 1187 2280 reddere
1233 2224 1422 2281 valeat
1449 2231 1506 2282 et
1557 2227 1784 2282 efficere

141 2311 298 2383 apud
330 2309 756 2367 mansionarios
785 2312 986 2367 domui
1017 2312 1524 2387 imperatoris,qui
1543 2315 1601 2371 iu
1625 2315 1781 2382 villa,

142 2415 318 2472 quem
349 2400 532 2456 Domo
563 2404 792 2466 vocant,
827 2403 1063 2474 propter
1090 2402 1428 2474 injunctum
1460 2404 1627 2460 nobis
1651 2405 1782 2461 ofﬁ-

141 2489 299 2545 cium
331 2489 697 2544 mansionem
730 2505 1050 2563 congruam
1081 2493 1335 2564 presenti
1359 2493 1783 2550 nostrihomiui

139 2577 383 2644 tribuat,
415 2577 682 2650 qualiter,
718 2595 853 2634 cum
885 2580 958 2635 ad
992 2597 1097 2635 nos
1127 2582 1368 2648 venerit,
1403 2599 1517 2637 non
1548 2600 1654 2639 nos
1681 2600 1783 2656 pro

137 2667 246 2724 hoc
277 2666 594 2723 sollicitum
625 2668 847 2724 reddat.
875 2667 1018 2725 Cum
1049 2671 1208 2726 enim
1239 2671 1346 2727 hec
1375 2671 1570 2728 omnia
1593 2675 1787 2728 vestra

139 2758 352 2814 caritas
406 2756 751 2829 impleverit,
776 2757 1079 2826 remittito,
1113 2776 1313 2832 queso,
1339 2760 1509 2817 nobis
1542 2778 1782 2833 presen-

136 2851 254 2902 tem
288 2850 553 2903 nostrum
584 2847 856 2915 missum,
891 2847 1230 2905 iutimantes
1264 2850 1542 2922 quicquid
1576 2851 1782 2907 exinde

132 2939 330 2992 vestra
351 2934 584 2992 bonitas
616 2936 832 2992 fecerit.
866 2937 945 2992 De
977 2938 1144 2994 novis
1167 2940 1362 2994 causis
1385 2939 1529 2995 nihil
1554 2941 1624 2995 ad
1660 2958 1780 3013 pre-

131 3041 270 3081 sens
302 3025 582 3080 mandare
609 3024 924 3096 possimus,
960 3025 1074 3080 nisi
1105 3028 1246 3098 quia
1277 3027 1401 3082 Elia
1434 3033 1595 3084 extra
1622 3028 1780 3100 pala-

131 3114 291 3170 cium
305 3117 361 3169 et
376 3113 602 3169 mihide
615 3114 743 3184 ejus
755 3113 998 3170 servicio
1014 3131 1437 3187 usquequaque
1451 3117 1780 3188 injunctum

131 3206 242 3267 est,
276 3206 332 3258 et
361 3201 458 3258 ille
490 3202 714 3260 dudum
743 3206 932 3258 vester
961 3220 1125 3259 come
1147 3205 1364 3275 recepit
1394 3221 1563 3260 suam
1591 3205 1778 3273 alode;

1917 622 2123 679 lutem.
2157 625 2318 706 Quod
2377 629 2618 682 actenus
2676 627 3009 700 paternitati
3069 632 3271 685 vestras
3317 626 3563 684 minime

1917 713 2125 786 scripsi
2151 717 2208 770 et
2235 714 2376 786 quid
2426 715 2580 771 circa
2641 733 2734 772 me
2792 723 3061 790 ageretur
3089 717 3411 774 evidentius
3442 733 3560 773 non

1914 802 2650 874 significavi,difficultates
2681 808 2737 861 et
2757 823 2872 861 non
2897 805 3224 863 voluntates
3255 823 3432 863 causa
3461 821 3559 862 ex-

1911 891 2099 958 stitit;
2135 892 2184 948 si
2215 892 2371 948 euim
2397 894 2766 966 oportunitas
2799 895 3034 965 sineret,
3051 897 3311 952 obturem
3334 896 3560 952 creber-

1907 981 2054 1037 rime
2074 982 2237 1037 vobis
2259 982 2531 1055 conloqui
2557 987 2612 1038 et
2637 983 2744 1040 hoc
2775 1001 2947 1056 posse
2972 986 3210 1042 daretur
3241 985 3556 1040 difficulta-

1906 1073 2022 1126 tem
2053 1070 2210 1145 longi
2251 1071 2478 1128 itineris
2528 1074 2768 1146 perpeti.
2813 1073 3115 1146 Siquidem
3172 1073 3340 1130 valde
3385 1073 3553 1130 doleo

1903 1161 2060 1232 quod
2089 1178 2223 1216 cum
2253 1161 2539 1217 monacho
2569 1167 2780 1232 vestro,
2813 1179 2988 1235 quem
3019 1165 3091 1219 ad
3123 1163 3292 1220 illum
3323 1163 3552 1235 episco-

1902 1266 2042 1321 pum
2079 1249 2344 1318 misistis,
2367 1267 2472 1306 nec
2495 1251 2655 1323 loqui
2685 1267 2878 1324 neque
2907 1253 2980 1308 ab
3012 1252 3114 1308 illo
3138 1251 3424 1308 sciscitari
3455 1252 3552 1308 de-

1901 1338 2276 1395 siderabilem
2310 1340 2610 1412 sospitatis
2638 1344 2841 1397 vestrae
2867 1341 3314 1414 prosperitatem
3370 1341 3546 1397 valui.

1900 1427 2074 1484 Scitis
2094 1429 2252 1484 enim
2275 1429 2414 1501 quia
2434 1434 2564 1502 post
2587 1430 2815 1486 obitum
2829 1430 2995 1486 bonae
3011 1431 3309 1503 beataeque
3331 1447 3549 1486 memo~

1898 1516 1995 1572 riae
2017 1517 2214 1573 domui
2237 1521 2294 1573 et
2309 1518 2490 1590 patris
2513 1519 2700 1575 nostri
2724 1519 3073 1576 venerabilis
3101 1519 3260 1576 illius
3316 1519 3546 1576 abbatis

1897 1605 2139 1662 minime
2152 1607 2222 1662 ad
2235 1624 2357 1676 vos,
2379 1608 2875 1680 quemadmodum
2915 1607 3092 1673 volui,
3110 1607 3340 1664 mittere
3357 1608 3543 1681 potui,

1896 1698 1962 1750 ut
1981 1695 2110 1768 ejus
2127 1697 2471 1753 memoriam
2493 1696 2552 1752 iu
2574 1697 2790 1753 vestris
2813 1697 2994 1754 sacris
3027 1697 3401 1754 oracionibus
3409 1698 3545 1770 jure

1894 1802 1961 1840 ac
1991 1785 2084 1858 pie
2140 1786 2441 1842 recordare
2499 1785 2890 1859 dignaremini
2927 1804 2940 1842 :
2978 1788 3133 1843 unde
3190 1787 3384 1853 modo,
3409 1785 3545 1842 licet

1894 1879 2262 1942 sero,vestrae
2283 1875 2634 1947 benignitati
2653 1878 2771 1930 tres
2807 1876 3032 1948 argenti
3053 1875 3236 1932 libras
3257 1875 3447 1941 mitto,
3478 1879 3546 1931 ut

1893 1963 1987 2019 his
2016 1963 2306 2036 susceptis
2336 1963 2727 2033 refectionem,
2753 1967 2928 2036 prout
2957 1964 3221 2036 potestis,
3255 1963 3536 2020 fratribus

1893 2053 2238 2125 preparetis,
2271 2058 2330 2108 et
2360 2053 2513 2125 quod
2548 2052 2802 2108 defuerit
2829 2069 2898 2108 ex
2927 2056 3148 2122 nostro,
3170 2056 3375 2122 vos,ut
3402 2053 3538 2108 sub-

1893 2140 2121 2213 pliciter
2148 2145 2300 2212 peto,
2334 2141 2706 2213 adimpleatis
2753 2157 2822 2196 ex
2866 2145 3078 2197 vestro.
3113 2141 3186 2196 Ut
3226 2157 3358 2197 vere
3413 2141 3539 2214 ipse

1893 2230 2152 2286 confisus
2178 2234 2268 2285 est
2297 2234 2354 2286 et
2385 2247 2492 2285 nos
2523 2230 2741 2286 obtime
2781 2229 3156 2299 confidimus,
3191 2228 3538 2286 memoriam

1894 2319 1986 2374 sui
2016 2319 2218 2374 crebro
2249 2317 2464 2374 habere
2494 2318 2812 2391 dignentur
2841 2318 3051 2374 fratres
3078 2318 3200 2374 vice
3229 2335 3340 2374 sua
3367 2321 3424 2375 et
3445 2334 3543 2374 uo-

1893 2411 2016 2464 stra
2044 2407 2292 2464 exortari
2311 2406 3089 2480 deprecariquediguemiui.
3115 2405 3216 2463 Ille
3229 2407 3407 2463 etiam
3438 2424 3543 2463 uo-

1893 2496 2030 2553 bilis
2050 2495 2306 2553 vasallus
2327 2495 2508 2567 illius,
2533 2497 2633 2568 qui
2659 2496 2711 2552 ei
2742 2495 2950 2552 ceteris
2981 2495 3289 2552 amabilior
3333 2495 3540 2573 extitit,

1892 2603 1996 2642 vos
2026 2585 2192 2642 valde
2223 2585 2442 2641 salutat
2470 2589 2528 2640 et
2548 2583 2958 2657 precaturipse
2991 2601 3108 2640 una
3139 2599 3370 2640 mecum
3387 2583 3545 2657 (licet

1892 2675 2160 2731 habeatis
2214 2691 2348 2730 eum
2406 2673 2796 2747 incognitum,
2828 2677 3027 2730 tamen
3059 2677 3117 2730 et
3161 2673 3457 2730 habebitis
3487 2676 3562 2730 et’

1892 2763 2122 2820 habetis
2154 2779 2386 2835 semper
2414 2763 2734 2835 devotum),
2753 2766 2819 2818 ut
2838 2761 3230 2819 nihilominus
3241 2762 3333 2818 sui
3349 2762 3545 2836 digne-

1893 2853 2038 2909 mini
2070 2852 2286 2908 habere
2317 2851 2686 2908 memoriam.
2719 2851 2838 2924 Ego
2865 2850 3134 2923 equidem
3173 2849 3270 2907 ille
3302 2854 3542 2926 paratus

1893 2959 2026 2998 sum
2055 2942 2224 2997 vobis
2255 2941 2313 2996 in
2332 2941 2446 3007 his,
2464 2957 2578 3012 que
2600 2940 2755 3012 apud
2777 2956 2884 2995 nos
2907 2939 3120 2996 melius
3139 2939 3540 3010 inveniuntur,

1890 3029 2299 3086 venerabiliter
2323 3033 2499 3101 atque
2531 3028 2920 3083 amicabilitor
2945 3027 3223 3083 obedieus
3271 3027 3540 3100 obsequi,

1891 3119 1974 3174 ita
2003 3124 2200 3173 tamen
2224 3121 2290 3170 ut
2319 3117 2500 3172 abbas
2532 3118 2843 3186 prepotens
2873 3114 3148 3186 pauperis
3179 3130 3296 3169 non
3337 3113 3539 3170 oblivi-

1893 3212 2094 3264 scatur
2122 3223 2135 3260 :
2171 3223 2274 3261 vos
2305 3221 2560 3276 namque
2591 3220 2659 3259 ea
2689 3220 2815 3276 qua
2848 3201 2908 3258 iu
2941 3202 3155 3259 divinis
3184 3200 3358 3258 cultis
3406 3206 3544 3275 apta

131 3291 365 3348 videtur
388 3291 530 3346 mihi
545 3293 674 3363 ejus
687 3292 1344 3364 recuperacioneiufans
1360 3293 1780 3361 adhuc,tamen
1813 3271 1856 3336 (ἶ
1897 3300 2251 3367 suut,penes
2273 3311 2374 3350 vos
2391 3297 2448 3350 et
2477 3293 2536 3348 in
2565 3292 2863 3366 regionem
2888 3295 3146 3348 vestram
3188 3289 3440 3360 habetis,
3474 3308 3544 3348 ex

137 3384 230 3437 est
256 3382 638 3437 comendatus
652 3380 885 3436 attoniti
907 3381 1128 3448 comiti,
1153 3386 1210 3437 et
1231 3381 1508 3453 quoniam
1531 3399 1629 3439 rex
1647 3383 1784 3440 mis-

138 3487 240 3528 sos
259 3487 398 3526 suos
420 3470 570 3542 patri
593 3487 698 3526 suo
721 3468 820 3525 illo
844 3469 1225 3526 kalendarum
1250 3472 1603 3528 marciarum
1631 3472 1782 3528 dire-

135 3559 242 3628 xit,
265 3561 381 3616 tria
410 3558 666 3630 capitula
695 3575 908 3631 rogans
942 3575 955 3613 :
985 3560 1176 3631 primo
1209 3565 1273 3615 ut
1297 3559 1494 3617 liceret
1522 3561 1573 3616 ei
1600 3561 1784 3617 homi-

137 3649 253 3716 nis,
284 3666 430 3722 quos
462 3648 600 3704 hinc
647 3648 907 3716 adduxit,
938 3664 1138 3704 secum
1172 3649 1343 3705 abere
1374 3654 1431 3705 et
1455 3649 1600 3722 ipsis
1632 3651 1784 3706 infra

135 3743 406 3794 nostrum
438 3753 682 3810 regnum
711 3737 835 3793 suis
867 3737 1340 3809 praprietatibus,
1376 3755 1682 3810 quousque
1712 3739 1784 3795 si-

135 3829 263 3886 mul
280 3845 415 3884 cum
437 3828 612 3882 fratre
632 3826 872 3882 veniens
893 3842 992 3882 eos
1016 3827 1216 3882 domui
1237 3825 1607 3900 imperatoris
1621 3829 1784 3884 obtu-

129 3919 294 3975 tibus
311 3919 692 3990 presentaret;
719 3915 976 3971 secundo
1001 3914 1360 3971 utterminos
1383 3915 1494 3972 sibi
1513 3934 1547 3972 a
1567 3917 1782 3973 donmo

133 4009 489 4080 imperatore
511 4021 820 4061 concessos
841 4021 947 4060 uec
971 4005 1126 4061 idem
1149 4003 1469 4077 imperator
1500 4005 1587 4062 vel
1606 4005 1782 4062 etiam

132 4097 422 4154 exercitus
439 4095 567 4166 ejus
590 4093 924 4150 insidiando
946 4093 1263 4160 invaderet,
1281 4111 1467 4168 usque
1480 4097 1552 4151 ad
1570 4112 1784 4151 memo-

133 4189 332 4243 ratum
357 4183 550 4241 fratris
571 4187 629 4240 et
649 4183 740 4239 sui
764 4183 834 4238 ad
858 4187 1082 4255 patrem
1108 4183 1422 4239 adventum
1450 4203 1463 4252 ;
1495 4185 1665 4240 tertio
1687 4185 1786 4240 ab-

135 4275 388 4333 solveret
407 4272 597 4342 illum,
623 4277 914 4344 quatenus
941 4271 1139 4327 liceret
1167 4271 1218 4326 ei
1252 4271 1493 4328 instanti
1533 4275 1784 4346 quadra-

136 4363 366 4439 gesima
420 4380 525 4435 pro
574 4361 869 4418 communi
927 4359 1116 4416 salute
1159 4361 1554 4418 decertaretur
1586 4381 1598 4418 :
1632 4364 1787 4419 unde

138 4457 642 4527 responsum.Nos
673 4455 894 4515 autem,
921 4449 968 4504 si
997 4466 1200 4504 eorum
1231 4449 1479 4505 relatum
1512 4452 1790 4524 comperi-

141 4559 298 4611 mus,
328 4545 520 4599 vestre
575 4537 804 4596 caritati
863 4538 1197 4611 signiﬁcare
1249 4537 1603 4607 curavimus,
1637 4544 1702 4595 ut
1733 4544 1791 4596 et

1893 3385 2109 3457 quibus
2136 3383 2308 3439 nobis
2339 3381 2622 3438 solacium
2653 3381 2894 3452 prebere
2943 3379 3209 3453 potestis,
3244 3382 3311 3434 ut
3359 3379 3544 3436 sacris

1892 3474 2064 3529 lineis
2087 3472 2298 3539 induti,
2324 3471 2580 3543 quando,
2600 3469 2734 3526 licet
2755 3469 3004 3542 indigni,
3019 3469 3091 3524 ad
3105 3472 3544 3525 sacrosanctum

1895 3563 2076 3620 altare
2107 3561 2465 3626 accedimus,
2492 3558 2838 3615 memoriam
2870 3558 3047 3614 vestri
3077 3557 3549 3636 habentes,sic‘ut

1893 3656 1950 3708 et
1978 3667 2079 3707 vos
2101 3649 2306 3717 nostri,
2323 3647 2673 3722 propensius
2695 3647 2951 3704 oracioni
2980 3646 3417 3716 incumbamus,
3442 3662 3546 3719 pro

1895 3739 2240 3797 salubritate
2257 3743 2449 3794 vestra
2472 3736 2700 3794 Domini
2721 3735 3186 3792 misericordiam
3217 3738 3542 3792 exorantes.

1894 3830 1996 3884 Est
2026 3828 2204 3884 etiam
2237 3826 2396 3883 aliud
2427 3825 2594 3881 valde
2624 3825 2994 3898 precipuum,
3028 3825 3184 3897 quod
3216 3823 3318 3897 [si]
3347 3828 3547 3880 nostro

1896 3915 2187 3989 parvitati,
2221 3915 2374 3970 sicut
2403 3915 2744 3986 promittere
2773 3911 2998 3985 dignati
3029 3912 3188 3980 estis,
3207 3911 3544 3984 impendere

1893 4004 2260 4068 studueritis,
2277 4003 2594 4058 maximam
2625 4005 2681 4056 et
2709 4005 2970 4057 sternam
2986 3999 3152 4056 vobis
3179 3999 3334 4072 apud
3355 4003 3540 4055 Deum

1895 4093 2138 4166 proinde
2195 4090 2518 4164 adquiretis
2575 4091 2926 4157 mercedem,
2957 4088 3184 4145 scilicet
3237 4091 3304 4144 ut
3359 4087 3542 4144 libros

1894 4181 2095 4238 domui
2125 4179 2307 4250 illius,
2329 4197 2478 4251 quos
2503 4179 2563 4234 in
2597 4180 2906 4250 Eptaticum
2934 4175 3073 4234 etin
3106 4175 3545 4233 Machabworum

1895 4276 2045 4342 gesta
2077 4268 2425 4342 composuit,
2452 4267 2620 4323 nobis
2664 4265 3050 4337 trauscriptos
3082 4263 3327 4320 mittatis
3359 4281 3374 4333 ;
3406 4267 3464 4320 et
3493 4263 3544 4319 si

1897 4359 2142 4434 quilibet
2171 4375 2347 4430 penes
2379 4374 2486 4412 nos
2519 4355 2754 4421 fuerint,
2771 4355 2988 4427 quibus
3019 4352 3226 4425 iudi[g]
3255 4351 3546 4421 eatis,nos

1896 4448 2060 4505 vobis
2084 4445 2355 4504 similiter
2377 4445 2784 4516 trauscriptos,
2813 4442 2863 4498 si
2884 4447 3082 4499 tamen
3115 4441 3198 4500 ita
3222 4440 3423 4509 vultis,
3448 4441 3548 4497 do-

1898 4537 2199 4594 votissime
2231 4536 2557 4592 mittemus.
2593 4535 2748 4589 Deus
2777 4532 3149 4605 omnipotens
3175 4547 3276 4587 vos
3324 4529 3550 4586 incolu-

137 4649 245 4689 vos
273 4648 378 4704 pro
435 4626 734 4686 communi
794 4626 1036 4683 caritate
1093 4630 1149 4682 et
1188 4626 1384 4682 debita
1414 4627 1529 4684 fide
1558 4629 1792 4684 Domini
1848 4638 2056 4703 Dmem
2081 4642 2184 4696 pro
2216 4623 2384 4679 nobis
2417 4626 2683 4678 orantem
2714 4625 2772 4677 et
2800 4638 2904 4693 pro
2942 4619 3110 4678 vobis
3140 4617 3384 4676 feliciter
3413 4635 3552 4675 con-

142 4718 608 4777 misericordiam
641 4715 930 4774 indefessa
960 4714 1259 4788 implorari
1303 4715 1552 4784 faciatis,
1587 4722 1788 4790 quate-

142 4826 261 4866 uus
291 4807 574 4864 Dominus
630 4823 848 4874 rerum,
882 4805 933 4862 si
989 4804 1115 4860 ﬁeri
1173 4803 1290 4861 ullo
1347 4805 1520 4861 modo
1575 4810 1788 4878 potest,

144 4896 519 4955 concordiam
549 4899 608 4950 et
637 4895 889 4952 ecclesiae
949 4911 1067 4950 suas
1121 4893 1409 4950 unitatem
1461 4894 1790 4952 misericor-

144 4985 300 5044 diter
327 4982 539 5055 largire
567 4983 861 5054 dignetur.
894 4984 1049 5038 Deus
1079 4987 1135 5038 te
1187 4983 1482 5039 custodiat
1539 5000 1790 5056 semper,

150 5069 620 5132 ammantissime
651 5070 826 5126 frater
854 5074 912 5126 et
937 5075 1121 5142 pater,
1152 5070 1212 5126 in
1239 5071 1514 5128 omnibus
1575 5089 1793 5129 memo-

219 5179 374 5218 mus.

918 5245 1053 5302 LVI.

745 5337 857 5407 [AD]
899 5352 1181 5391 ABBATEM.

227 5429 381 5486 Patri
403 5431 458 5485 et
478 5425 716 5484 domino
738 5424 936 5482 abbati
972 5423 1058 5480 illi
1083 5421 1390 5480 carissimo
1434 5422 1530 5480 ille
1560 5425 1804 5482 humilis

1902 4729 2131 4772 servare
2161 4713 2456 4785 dignetur.

2634 4799 2798 4854 LVII.

2328 4905 2652 4945 INDICULUM
2690 4904 2762 4944 AD
2800 4901 3086 4942 ΛΒΒΑΤΕΜ.

1976 4978 2726 5038 Revereudissimodomiuo
2746 4975 3016 5049 patrique
3036 4971 3266 5047 egregio
3287 4970 3394 5037 illi,
3419 4985 3559 5026 cun-

1907 5077 2134 5128 ctorum
2166 5085 2466 5126 servorum
2501 5067 2599 5124 Dei
2630 5065 2876 5122 ultimus
2905 5068 3212 5135 vesterque
3233 5061 3364 5133 jam
3411 5057 3554 5116 olim

1909 5160 2186 5217 alumnus
2215 5157 2312 5214 ille
2331 5157 2612 5230 indignus
2634 5154 2694 5210 in
2712 5169 2878 5210 roseo
2897 5150 3112 5207 Christi
3133 5148 3422 5222 sanguine
3433 5162 3558 5220 pro-

1910 5255 2044 5322 opto
2076 5248 2346 5304 salutem.
2371 5243 2689 5302 Reminisci
2729 5239 3023 5298 conlibeat
3070 5237 3319 5296 almitati
3367 5238 3559 5293 vestro

1905 5336 2261 5410 jamdudum
2285 5333 2588 5407 peticiouis
2603 5347 2764 5399 meae,
2779 5345 2958 5403 quam
2975 5344 3091 5384 non
3116 5325 3310 5383 solum
3323 5339 3444 5395 ore,
3457 5324 3558 5381 sed

1915 5443 1984 5483 ex
2040 5426 2234 5493 corde,
2269 5424 2370 5479 sed
2431 5423 2557 5496 ipso
2618 5436 2855 5493 corpore
2876 5420 3194 5492 prostrato,
3222 5412 3566 5488 plenissime

153 5627 231 5667 on
258 5610 555 5680 reconnatt
580 5605 906 5680 cependaut
926 5602 1069 5677 qu‘il
1095 5600 1265 5676 s’agit
1287 5602 1458 5660 d’une
1494 5603 1596 5660 des
1634 5603 1848 5677 phascs
1886 5605 1957 5662 de
1986 5603 2044 5661 1a
2073 5603 2216 5660 lutte
2243 5603 2497 5675 cngagée
2538 5605 2734 5656 conire
2780 5596 2954 5655 Louis
2981 5595 3036 5654 lc
3065 5591 3436 5654 Débouuaire
3464 5607 3571 5664 par

157 5697 252 5739 ses
283 5679 537 5737 enfauts.
