4026 6176
428 368 585 438 1459

1701 366 2036 431 APPEND'
2086 365 2191 430 AD
2234 365 2429 430 SIEC.
2475 366 2551 428 Χ.

3670 345 3859 420 “60

423 508 590 565 vobis
619 506 869 565 ostendi.
898 506 1045 564 Nam
1077 505 1233 580 quod
1263 510 1403 560 tunc
1453 500 1899 576 prmsentialiter
1952 499 2066 572 egi,
2096 501 2153 570 Α
2181 498 2574 556 calamitatem
2602 513 2938 571 perorresco
2967 493 3195 562 mundi,
3217 493 3318 552 sed
3348 492 3549 567 fugere
3578 492 3852 558 cenabo,

426 612 585 653 nunc
639 597 875 664 iterum,
909 597 1122 652 absens
1176 610 1436 667 corpore,
1482 593 1582 649 sed
1635 607 1891 662 praesens
1948 589 2068 662 spi-

426 687 565 752 ritu,
598 687 803 743 eadem
861 684 1202 758 subpliciter
1244 700 1347 756 per
1370 682 1643 737 vitarium
1672 695 1868 736 meum
1903 677 2070 733 illum

429 774 786 833 omnimodis
818 777 1033 846 repeto,
1064 776 1355 845 quatenus
1388 769 1532 825 mihi
1580 784 1838 824 annuere
1869 766 2072 838 digne-

429 862 793 930 mini,sihsec
812 862 1082 919 voluntas
1111 878 1242 917 mea
1270 876 1449 933 penes
1477 875 1579 915 vos
1610 856 1841 930 impleri
1876 858 2072 928 queat,

432 960 538 1009 nec
566 969 655 1008 ne.
679 953 787 1008 Sed
819 953 1026 1008 scitote
1058 951 1199 1023 quia
1227 948 1520 1022 plerisque
1552 948 1613 1002 in
1642 946 1786 1003 locis
1817 946 1889 1001 ab
1928 943 2076 1016 ipsis

432 1041 608 1113 etiam
640 1039 1121 1097 archimandritis
1153 1038 1366 1112 oppida
1402 1054 1510 1092 sua
1540 1051 1777 1092 sursum
1810 1034 1980 1106 (197-),
2013 1034 2081 1088 ut

434 1128 630 1205 seculo
661 1128 935 1188 derelicto
967 1128 1162 1185 saltim
1195 1127 1391 1183 nudus
1421 1126 1530 1181 sub
1567 1122 1908 1180 monachico
1941 1137 2079 1177 con-

433 1217 768 1293 versacione
785 1218 1053 1291 degerem
1074 1217 1227 1289 apud
1249 1214 1399 1271 illos.
1427 1215 1503 1269 At
1514 1229 1618 1286 ego
1630 1213 1920 1268 honorum
1936 1209 2082 1266 nulli

437 1311 680 1365 actenus
702 1307 1017 1365 adsensum
1043 1304 1287 1377 praebui,
1302 1318 1493 1375 neque
1516 1302 1668 1358 factu
1680 1318 1778 1357 rus
1795 1318 1949 1368 sum,
1971 1300 2082 1355 Do-

438 1396 600 1471 inino
652 1394 801 1451 nihil
854 1393 1196 1467 sospitatem
1253 1392 1622 1458 concedente,
1655 1390 1847 1463 quoad
1898 1404 2084 1461 usque

438 1484 817 1557 responsione
836 1487 1029 1540 vestra
1056 1481 1424 1552 recrear,vel,
1440 1481 1596 1553 quod
1628 1480 1801 1548 absit,
1824 1477 2082 1549 dejiciar.

439 1569 587 1631 Sitio
608 1573 764 1631 enim
795 1572 961 1630 valde
992 1571 1217 1628 auditui
1240 1590 1275 1627 a
1292 1571 1457 1626 vobis
1479 1568 1761 1637 veniente,
1782 1567 2083 1640 quoniam,

440 1666 508 1719 ut
523 1662 809 1734 scriptum
829 1666 939 1731 est,
963 1663 1282 1718 vulneratus
1304 1661 1537 1715 caritate
1558 1661 1733 1715 vestra
1763 1672 1856 1727 ego
1885 1672 2009 1711 sum
2037 1658 2088 1710 et

440 1751 562 1808 ideo
580 1766 765 1807 amore
794 1750 1024 1823 langueo
1058 1748 1233 1821 (198).
1262 1748 1446 1804 Maria
1466 1747 1631 1820 prius
1653 1745 1945 1819 peccatrix
1972 1744 2087 1798 hu-

442 1838 664 1896 militer
694 1840 765 1895 ad
799 1840 976 1913 pedes
1006 1838 1190 1895 Jhesu
1240 1836 1509 1906 accessit,
1542 1834 1803 1892 lacrimis
1856 1832 2086 1906 rigavit,

443 1926 674 2000 capillis
704 1927 871 1983 tersit
899 1926 1161 1983 osculata
1189 1925 1437 1999 vestigia
1458 1926 1586 1995 ejus
1610 1942 1624 1992 ;
1658 1927 1894 1995 propter
1934 1922 2090 1994 quod

444 2015 663 2073 meruit
682 2015 886 2071 audire
909 2014 1158 2093 Domino
1183 2014 1411 2069 dicente
1435 2029 1448 2069 :
1474 2014 1712 2068 Dimisso
1739 2018 1868 2067 sunt
1894 2013 1946 2066 ei
1967 2027 2094 2082 pec-

444 2107 569 2161 cata
596 2104 793 2170 multa,
826 2105 1088 2175 quoniam
1129 2103 1329 2159 dilexit
1356 2103 1618 2157 multum.
1650 2101 1815 2172 (I99).
1849 2100 1982 2156 Ideo
2034 2100 2094 2155 in

446 2193 558 2249 hac
578 2195 741 2265 parte
760 2191 1026 2264 exemplo
1045 2191 1129 2247 uti
1155 2191 1301 2247 mihi
1322 2206 1561 2246 necesse
1591 2195 1682 2246 est
1702 2189 1904 2262 pocius
1915 2206 2094 2262 quam

446 2281 607 2338 illius
630 2280 910 2349 Pharisei,
929 2279 1033 2353 qui
1053 2283 1395 2353 arroganter
1415 2279 1609 2351 ipsum
1634 2279 1851 2334 fontem
1876 2277 2098 2335 miseri-

448 2369 643 2449 cordis
672 2369 988 2426 Dominum
1047 2368 1421 2441 reprehendit
1449 2368 1649 2424 dicens
1683 2385 1695 2423 :
1728 2369 1853 2434 Ilio,
1880 2369 1931 2422 si
1960 2369 2095 2423 esset

442 2458 730 2534 propheta,
752 2460 917 2514 sciret
971 2459 1158 2531 utique
1186 2473 1287 2530 que
1345 2462 1397 2514 et
1427 2458 1605 2529 qualis
1633 2465 1712 2513 est
1739 2457 1960 2524 mulier,
1994 2472 2099 2528 que

447 2549 626 2620 tangit
677 2564 828 2617 eum,
856 2549 991 2621 quia
1042 2548 1318 2618 peccatrix
1336 2555 1416 2603 est
1445 2546 1615 2617 (200).
1649 2546 1795 2602 Nam
1844 2562 1967 2614 vos,
1996 2544 2096 2617 qui

448 2636 587 2694 huic
607 2637 828 2693 mundo
849 2636 1007 2693 exuti
1036 2640 1091 2692 et
1111 2634 1275 2710 digni
1298 2637 1440 2692 estis
1462 2634 1642 2691 evecti
1672 2639 1737 2690 ut
1768 2636 1951 2691 nardo
1973 2633 2095 2706 spi-

449 2729 581 2782 cato
610 2726 799 2798 capud
833 2725 1252 2797 perungueatis
1282 2723 1906 2796 Domini,0portunum
1933 2723 2098 2779 vobis

448 2813 828 2887 cogitandum
844 2817 934 2870 est
956 2817 1023 2869 ut
1043 2812 1190 2868 illud
1221 2812 1443 2868 dictum
1470 2812 1694 2869 Domini
1725 2817 2100 2868 conservetur

451 2919 486 2958 a
506 2901 678 2969 vobis
704 2919 716 2956 :
740 2903 918 2956 Estote
944 2917 1071 2971 ergo
1088 2899 1484 2967 misericordes,
1503 2902 1645 2956 sicut
1671 2908 1723 2955 et
1748 2908 1905 2972 pater
1933 2904 2101 2957 vester

451 2991 764 3046 misericors
793 2997 873 3046 est
903 2989 1077 3062 (201),
1108 2990 1204 3060 qui
1230 2990 1399 3045 solem
1425 3005 1588 3045 suum
1616 2990 1759 3045 oriri
1784 2991 1919 3061 facit
1937 3006 2101 3060 super

454 3079 616 3156 bonos
644 3086 696 3135 et
726 3079 901 3134 malos
932 3081 984 3134 et
1007 3079 1152 3150 pluit
1179 3094 1346 3150 super
1369 3080 1548 3150 justos
1578 3082 1628 3134 et
1660 3079 1894 3150 injustas
1926 3078 2095 3150 (202).

454 3169 537 3223 At
554 3183 678 3251 vos,
710 3167 812 3239 qui
844 3167 1032 3223 instar
1059 3170 1351 3222 astrorum
1384 3167 1486 3222 Dei
1518 3166 1768 3223 rutilans
1812 3165 2097 3238 inlu[mi]—

2180 588 2251 644 ab
2271 604 2362 655 eo,
2396 604 2462 643 ac
2495 592 2676 644 Deum
2705 586 2989 642 veraciter
3018 601 3220 657 quero,
3253 583 3408 639 sicut
3430 583 3510 639 ait
3540 581 3855 639 Dominus

2179 676 2447 733 Christus
2480 693 2492 733 :
2526 678 2719 732 Potite.
2755 678 2805 730 et
2861 677 3159 747 accipietis,
3192 675 3400 745 querile
3428 676 3482 728 et
3506 673 3853 739 invenietis,

2178 767 2423 839 pulesale
2441 774 2492 822 et
2511 767 2792 838 aperietur
2813 765 2958 821 vobis
2979 780 3001 827 ;
3022 765 3199 820 omnis
3226 763 3376 818 enim
3405 762 3500 833 qui
3524 762 3665 833 petit
3695 762 3859 817 acci-

2183 857 2284 927 pit,
2317 863 2368 910 et
2398 857 2495 926 qui
2521 855 2701 928 querit
2720 855 2950 920 invenit,
2983 857 3036 908 et
3065 853 3318 925 pulsanti
3345 851 3627 923 aperietur
3661 850 3855 919 (206),

2184 952 2236 999 et
2284 959 2395 998 non
2445 943 2597 999 dabit
2654 943 2744 998 illi
2793 958 2853 998 eo
2904 941 3047 1015 quod
3082 942 3292 996 amicus
3344 943 3462 1011 ejus
3489 939 3582 1003 sit,
3609 944 3858 1010 propter

2186 1033 2598 1104 improbitatem
2654 1034 2838 1086 tamen
2882 1031 2999 1102 ejus
3025 1033 3207 1101 surget
3234 1033 3286 1085 et
3308 1028 3461 1084 dabit
3488 1028 3541 1082 ei
3577 1025 3857 1099 quicquid

2187 1123 2553 1177 necessarium
2578 1120 2828 1177 habuerit
2856 1119 3024 1193 (207).
3059 1119 3408 1192 Magnopere
3436 1115 3605 1189 cupio
3635 1115 3700 1170 in
3732 1114 3854 1170 hac

2190 1215 2355 1283 parte
2379 1210 2594 1266 imitari
2613 1209 2959 1283 prophetam
2982 1208 3274 1264 dicentem
3298 1224 3310 1262 :
3334 1206 3375 1260 A
3394 1205 3597 1276 ﬁnibus
3613 1203 3852 1260 terread

2191 1308 2241 1358 te
2270 1301 2529 1366 clamavi,
2555 1300 2802 1366 Domine,
2821 1299 2951 1354 dum
2983 1300 3311 1353 anxiaretur
3343 1311 3437 1351 cor
3468 1310 3651 1350 meum
3669 1294 3851 1363 (208).

2190 1388 2531 1445 Almitatem
2561 1393 2817 1445 vestram
2848 1386 3069 1443 mundo
3092 1389 3151 1443 et
3170 1383 3316 1440 mihi
3334 1383 3580 1440 minimo
3602 1398 3848 1437 succur-

2194 1481 2415 1534 rentem
2449 1476 2648 1539 divina
2679 1475 2911 1551 pietatis
2941 1475 3100 1532 calce
3129 1478 3301 1532 tenus
3317 1472 3611 1530 custodire
3641 1469 3851 1544 digne-

2197 1571 2313 1623 tur.

2922 1706 3113 1764 LVIII.

2519 1849 2841 1890 INDICULUM
2879 1849 2949 1890 AD
2986 1847 3215 1890 ΛΜΗ]οΜ
3253 1848 3517 1887 FIDBLEM.

2275 2017 2498 2069 Domno
2558 2010 2965 2069 reventissimo
3024 2015 3201 2083 atque
3257 2008 3563 2066 carissimo
3619 2023 3728 2063 seu
3775 2005 3853 2062 ab

2204 2102 2485 2159 omnibus
2514 2099 2811 2157 ortodoxis
2832 2099 3260 2174 amplectende,
3276 2096 3586 2170 multiplici
3608 2094 3855 2153 scientia

2203 2191 2621 2262 variarumque
2647 2188 2930 2245 virtutum
2968 2188 3168 2262 gracia
3209 2186 3518 2261 insigniter
3559 2185 3860 2249 decoram,

2205 2278 2325 2345 illo,
2360 2277 2462 2351 qui
2489 2278 2548 2333 in
2582 2277 2860 2334 omnibus
2892 2277 3182 2350 profunda
3208 2275 3454 2333 solercia
3482 2274 3593 2330 hac
3619 2288 3862 2329 summa

2205 2367 2508 2442 vigilantia
2539 2366 2870 2423 necessaria
2900 2382 3013 2439 que
3035 2366 3346 2422 animabus
3367 2368 3424 2421 et
3438 2363 3607 2419 utilia
3625 2361 3858 2434 sapien-

2203 2460 2294 2513 ter
2323 2455 2631 2524 discernis,
2654 2472 2761 2529 ego
2787 2455 2885 2512 ille
2917 2456 3163 2528 exiguus
3193 2455 3417 2512 advena
3444 2451 3682 2527 proprio
3714 2468 3858 2524 pra:-

2207 2543 2319 2600 suli
2352 2543 2815 2601 sincerissimam
2848 2543 2907 2598 in
2938 2542 3181 2600 Domino
3210 2548 3325 2599 Deo
3355 2547 3554 2599 eterno
3575 2538 3854 2597 salutem.

2205 2635 2324 2705 Age
2346 2634 2494 2705 jam,
2527 2649 2560 2688 o
2592 2648 2760 2689 meus
2785 2631 3089 2689 carissime
3119 2633 3317 2699 frater,
3352 2647 3459 2705 ego
3480 2634 3539 2686 te
3567 2628 3856 2701 sapientis

2207 2722 2458 2794 dapibus
2488 2721 2754 2795 impleari
2785 2722 2976 2795 cupio,
3010 2726 3076 2777 ut
3102 2725 3160 2777 te
3184 2720 3483 2794 palmitem
3508 2718 3646 2775 vitis
3672 2716 3857 2773 electe

2207 2809 2439 2867 celestis
2468 2815 2749 2883 expurget
2775 2809 3042 2877 colonus,
3071 2827 3207 2867 cum
3242 2808 3455 2865 divinis
3512 2807 3689 2864 fontis
3746 2807 3856 2862 im-

2207 2899 2413 2956 bribus
2444 2899 2625 2955 fueris
2646 2899 2983 2967 inroratus;
3012 2915 3236 2972 nosque
3263 2914 3378 2954 une
3417 2898 3609 2969 adque
3648 2896 3854 2952 eadem

2208 2987 2465 3062 paradisi
2491 2988 2800 3045 amoenitas
2821 2988 3076 3061 recipere
3093 2986 3503 3060 exopt[am]us,
3519 2985 3664 3041 utin
3694 2983 3861 3057 regni

2208 3077 2439 3134 celestis
2471 3076 2740 3134 libertate
2757 3077 3012 3150 gaudere
3027 3094 3161 3134 cum
3179 3076 3399 3133 sanctis
3420 3075 3481 3131 in
3501 3079 3706 3132 eterna
3725 3073 3858 3129 bea-

2210 3166 2486 3234 titudine,
2505 3166 2606 3222 ubi
2624 3165 2785 3222 nulla
2804 3170 2893 3222 est
2908 3183 3039 3222 vere
3052 3163 3480 3239 bea[ti]tudinis
3491 3162 3865 3220 formidanda

457 3244 675 3311 nantes
707 3258 949 3323 terram,
978 3252 1133 3310 sicut
1178 3253 1259 3309 ait
1301 3253 1584 3309 Dominus
1618 3271 1631 3309 :
1668 3253 1763 3309 Vos
1817 3254 1944 3308 estis
2002 3253 2103 3308 lux
2133 3240 2176 3308 C
2216 3256 2651 3328 corruptio,per
2679 3254 2981 3311 caritatem
3008 3254 3192 3311 solam
3222 3253 3637 3310 Christi'Jhesu
3664 3251 3867 3307 adista

456 3342 652 3400 mundi
671 3343 846 3414 (203),
871 3342 1238 3400 considerate
1267 3341 1405 3413 quia
1434 3359 1548 3398 non
1580 3341 1772 3398 solum
1798 3340 1859 3396 in
1890 3341 2103 3398 monti-

457 3433 572 3489 bus
630 3436 689 3488 et
723 3426 992 3505 'campis,
1025 3430 1190 3488 silvis
1246 3434 1304 3486 et
1332 3431 1516 3503 pratis
1546 3431 1897 3497 amcenibus,
1921 3431 2019 3486 sed
2044 3431 2105 3486 in

463 3521 827 3594 palustribus
856 3525 913 3576 et
936 3519 1146 3577 cloacis
1170 3520 1401 3576 radiant
1426 3518 1590 3576 locis.
1614 3519 1928 3591 Apostolus
1958 3536 2106 3591 quo-

463 3626 578 3682 que
608 3610 668 3666 in
698 3608 1071 3666 inferioribus
1102 3607 1799 3665 condescendenstristi
1825 3607 2106 3665 membris

462 3699 681 3771 pariter
708 3697 1077 3770 compaciens
1098 3697 1269 3753 dicit:
1303 3699 1368 3753 In
1395 3697 1551 3754 domo
1574 3697 1760 3753 divitis
1789 3713 1899 3753 non
1928 3698 2105 3753 solum

460 3782 633 3853 aurea
660 3790 712 3843 et
740 3794 1017 3858 argentea,
1047 3786 1139 3842 sed
1170 3794 1222 3842 et
1251 3787 1433 3858 lignea
1465 3793 1518 3842 et
1547 3786 1743 3856 ﬁctilia
1767 3795 1895 3843 sunt
1950 3804 2102 3854 vasa,

457 3878 510 3933 et
566 3876 721 3932 aliud
773 3875 991 3949 quidem
1042 3891 1136 3931 vas
1194 3876 1254 3930 in
1283 3874 1504 3942 honore,
1536 3875 1692 3931 aliud
1742 3877 1796 3931 in
1831 3880 2104 3931 maturue-

460 3965 596 4021 liam
626 3965 796 4037 (204).
832 3963 963 4037 Ipse
994 3980 1227 4036 quoque
1253 3962 1400 4020 alias
1432 3963 1610 4019 inseri
1642 3980 1748 4019 nos
1799 3964 2103 4020 ortaturin

457 4053 672 4110 bonam
694 4052 906 4110 olivam
923 4054 1069 4124 (205)
1087 4077 1101 4121 ;
1116 4069 1255 4108 nam
1268 4053 1407 4125 quia
1425 4051 1674 4109 oleaster
1697 4052 1923 4109 inutilis
1946 4070 2104 4121 sum,

457 4134 675 4203 idcirco
702 4141 882 4199 inseri
912 4141 1084 4214 cupio
1112 4140 1171 4197 in
1204 4141 1419 4198 bonam
1452 4141 1685 4197 olivam.
1711 4141 1958 4198 Omissis
1976 4142 2105 4214 jam

456 4230 734 4294 omnibus
755 4230 1066 4287 arboribus
1090 4230 1405 4304 frugistris,
1424 4230 1567 4286 adeo
1599 4247 1701 4286 vos
1732 4234 1791 4286 et
1819 4229 2105 4303 adloquar

456 4319 529 4377 de
550 4317 708 4375 ulmo
725 4323 782 4376 et
802 4318 1002 4386 salice,
1021 4320 1162 4391 quia
1182 4336 1316 4376 cum
1331 4319 1457 4392 ipse
1480 4319 1732 4374 fructum
1757 4336 1871 4374 non
1895 4319 2102 4386 ferant,

455 4410 692 4484 portant
720 4411 917 4464 tamen
949 4407 1203 4464 fructum
1237 4406 1416 4464 simul
1464 4423 1599 4463 cum
1630 4406 1763 4462 vite.
1796 4408 1907 4464 Sed
1965 4407 2107 4479 quia

457 4494 732 4571 queritati
762 4490 905 4551 eatis
936 4495 1379 4551 multitudinem
1411 4495 1609 4567 inopia
1637 4496 1958 4552 sustentari
1989 4513 2105 4553 non

456 4598 650 4655 posse,
684 4583 909 4639 confido
936 4582 996 4638 in
1026 4582 1233 4650 Deum,
1268 4582 1407 4655 quia
1445 4582 1569 4655 ipse
1627 4600 1730 4639 vos
1786 4583 2105 4659 instigante

457 4674 724 4744 receptus
755 4671 917 4729 fuero
948 4688 983 4727 a
1010 4670 1195 4727 vobis.
1227 4670 1353 4728 Non
1402 4687 1500 4729 ero
1528 4672 1692 4729 vobis
1738 4671 2107 4745 inplacabilis

456 4776 648 4833 neque
679 4760 930 4817 nimium
988 4765 1167 4817 oneri.
1201 4759 1327 4816 Non
1360 4760 1518 4816 enim
1577 4765 1979 4834 paupertatem
2008 4761 2096 4817 vel

549 4937 687 5011 197)
707 4937 752 4995 Il
779 4938 906 5011 {aut
934 4926 1379 5011 probablement
1408 4937 1879 5011 corrigerisuasus
1906 4955 2060 5009 sum.

549 4939 687 5011 197)
707 4939 752 4995 Il
779 4939 906 5020 {aut
934 4939 1379 5011 probablement
1408 4939 1663 5065 corriger
1688 4955 1879 4995 suasus
1906 4955 2060 5009 sum.

455 4939 674 5155 §£189)
721 5013 938 5065 Cantlc.
997 5009 1301 5079 canticor.,
1358 5025 1484 5082 cap.
1542 5010 1611 5076 Ι,
1652 5010 1781 5083 §5;
1816 5026 1942 5082 cap.
2003 5010 2096 5087 1V,

523 5150 673 5225 (199)
702 5151 918 5225 Evang.
952 5168 1068 5208 sec.
1103 5151 1496 5225 Lucamhcap.
1519 5150 1640 5218 VII,
1672 5169 1726 5206 ν.
1757 5152 1846 5206 47.

522 5222 916 5295 (200)1bidern,
946 5240 1075 5295 cap.
1109 5222 1231 5295 YII,
1262 5240 1315 5278 v.
1348 5222 1439 5277 39.

523 5293 674 5367 (201)
704 5294 939 5367 ibidem,
972 5293 1111 5367 cap._
1132 5293 1315 5367 Yl,_v.
1348 5295 1447 5349 36.

522 5364 668 5438 (202)
700 5366 916 5438 Evang.
944 5364 1060 5420 sec:
1094 5364 1456 5438 Matthaeum,
1491 5380 1618 5436 cap.
1642 5364 1712 5433 V,
1742 5381 1797 5419 v.
1830 5365 1917 5420 45.

520 5436 673 5508 (203)
700 5436 929 5508 ibidem,
966 5452 1096 5508 cap.
1116 5436 1204 5508 _V.‘
1225 5453 1280 5491 ν.
1310 5438 1396 5491 Ill.

522 5506 667 5629 (384)
698 5507 876 5579 Epist.
911 5506 1154 5564 secund.
1187 5507 1248 5563 Β.
1275 5506 1440 5563 Pauli
1472 5507 1544 5563 ad
1577 5506 1856 5575 Timoth.,
1882 5523 2007 5578 cap.
2027 5507 2098 5574 II,

449 5591 505 5643 ν,
538 5591 626 5631 zu.

2214 3344 2412 3400 venire
2440 3342 2757 3400 valeamus.
2789 3346 2936 3400 Ante
2967 3343 3165 3400 omnia
3214 3343 3497 3399 debemus
3551 3342 3623 3396 ad
3683 3340 3861 3396 istam

2215 3432 2517 3490 caritatem
2550 3433 2920 3500 contendere,
2936 3436 3001 3488 ut
3029 3439 3161 3504 post
3185 3430 3449 3489 seculum
3470 3446 3715 3503 regnare
3727 3446 3863 3485 cum

2215 3520 2444 3578 Christo
2476 3538 2785 3594 possemus
2816 3521 2942 3576 sine
2970 3521 3087 3577 {ine
3117 3521 3176 3576 in
3219 3524 3422 3576 eterna
3475 3517 3860 3575 beatitudine.

2215 3613 2457 3682 Propter
2485 3611 2639 3683 quod
2662 3611 2902 3666 obsecro
2933 3614 2998 3666 ut
3017 3609 3197 3681 hujus
3217 3607 3459 3681 epistole
3474 3607 3649 3664 verba
3679 3606 3865 3663 ﬁrmi-

2213 3703 2303 3755 ter
2322 3704 2379 3754 et
2399 3698 2803 3755 indubitanter
2830 3703 3051 3768 teneas,
3067 3698 3208 3771 quia
3237 3699 3368 3755 levis
3382 3705 3433 3755 et
3455 3696 3690 3768 infidelis
3708 3697 3866 3751 simi-

2216 3789 2286 3843 lis
2314 3794 2393 3843 est
2418 3788 2679 3859 ﬂuctibus
2708 3789 2881 3843 maris
2910 3789 2964 3845 ei
2991 3786 3262 3843 arundini
3296 3790 3471 3863 (omni
3534 3792 3689 3841 vento
3740 3786 3867 3857 agi-

2213 3882 2327 3934 tato
2352 3877 2517 3949 (209).
2551 3877 2658 3933 Pro
2716 3877 2827 3933 hoc
2887 3877 3105 3933 suadeo
3162 3876 3290 3942 tibi,
3323 3875 3372 3931 si
3427 3874 3515 3930 vis
3568 3878 3865 3931 terrarum

2215 3966 2405 4039 spatio
2425 3965 2597 4021 divisi
2611 3965 2798 4022 simus
2812 3966 3002 4037 adque
3023 3968 3464 4037 sequestramur
3479 3963 3536 4018 in
3548 3961 3701 4019 vallo
3712 3963 3801 4034 (21
3812 3965 3867 4032 0)

2214 4060 2272 4112 et
2301 4054 2407 4111 celi
2440 4053 2699 4126 inequali
2730 4053 2964 4110 climate
2994 4053 3363 4123 dirimamus,
3399 4052 3523 4127 pari
3555 4057 3755 4107 tamen
3768 4052 3868 4107 tri-

2213 4143 2590 4201 bulacionum
2615 4143 3016 4216 depremimur
3032 4142 3173 4199 face.
3188 4142 3428 4216 Propter
3439 4140 3593 4214 quod
3617 4138 3867 4214 diligen-

2214 4232 2442 4289 tissime
2468 4233 2772 4305 deprecor
2825 4249 2928 4289 vos
2982 4232 3069 4287 uti
3102 4230 3434 4289 orationum
3463 4228 3863 4286 mutuovicis-

2214 4321 2473 4377 situdine
2493 4321 2719 4393 jugiter
2748 4321 3110 4390 muniamur,
3131 4336 3238 4377 nos
3270 4320 3719 4377 reminiscentes
3748 4334 3864 4375 ser-

2215 4411 2408 4466 monis
2437 4410 2691 4480 Domini,
2725 4427 2841 4483 que
2872 4410 3020 4466 dixit
3075 4410 3231 4467 sicut
3259 4408 3513 4467 senserit
3543 4425 3559 4464 :
3591 4409 3659 4464 Et
3712 4408 3863 4464 vobis

2212 4499 2352 4569 dico,
2380 4501 2464 4556 vel
2495 4508 2604 4556 tres
2631 4515 2798 4572 super
2836 4507 3039 4557 terram
3092 4499 3157 4556 de
3208 4501 3361 4556 omni
3413 4514 3474 4555 re
3525 4512 3862 4569 quecumque

2137 4609 2184 4674 Β
2211 4590 2491 4661 petierint,
2525 4590 2628 4660 ﬁat
2682 4588 2801 4645 illis
2824 4606 2859 4645 a
2884 4593 3042 4660 patre
3070 4588 3244 4660 (211),
3277 4591 3330 4644 et
3381 4587 3617 4659 reliqua.
3650 4585 3863 4674 Optata

2213 4677 2402 4741 valere
2430 4677 2487 4733 in
2510 4677 2761 4745 Christo,
2779 4678 2948 4749 cujus
2980 4676 3091 4733 iste
3112 4676 3384 4733 celestem
3414 4674 3689 4748 scphiam
3716 4672 3859 4730 satis

2205 4766 2676 4840 amplectorzego
2707 4765 2806 4823 ille
2835 4765 3195 4839 epigraphus
3219 4764 3416 4822 curavi
3437 4764 3859 4820 tibicarrexere

2208 4943 2425 5071 et(5‘05)
2457 4942 2639 5015 Epist.
2664 4942 2728 4998 B.
2762 4942 2925 4999 Pauli
2976 4943 3049 5000 ad
3110 4943 3381 5011 Romam,
3413 4958 3542 5016 cap.
3573 4940 3669 5009 XI,
3700 4958 3758 4995 v.
3796 4941 3860 4996 17

2209 5086 2427 5211 et(306)
2480 5085 2695 5158 Evang.
2758 5102 2873 5141 sec.
2936 5085 3295 5152 Matthzeum,
3358 5101 3484 5156 cap.
3534 5082 3665 5153 VII,
3716 5099 3774 5139 ν.
3818 5084 3854 5136 7

2301 5229 2427 5301 207)
2458 5227 2673 5301 Evang.
2707 5244 2824 5301 sec.
2858 5227 3097 5297 Lucam,
3130 5243 3260 5301 cap.
3292 5227 3385 5296 XI,
3413 5243 3467 5282 ν.
3510 5228 3567 5282 8.

2300 5299 2407 5353 208
2460 5297 2676 5354 Psalm.
2710 5317 2765 5357 v.
2796 5299 2852 5355 3.

2300 5297 2429 5441 209l
2486 5369 2670 5441 Epist.
2732 5370 2852 5441 S.7.'

2280 5368 2429 5441 (209)
2486 5369 2670 5441 Epist.
2732 5370 2790 5425 S.
2820 5368 3061 5441 ,Jacobi,
3097 5371 3139 5441 I,
3170 5387 3226 5428 v.
3260 5370 3315 5425 6.
3348 5400 3417 5411 —-
3457 5368 3673 5441 Evang.
3734 5383 3850 5424 sec.

2208 5439 2568 5507 Mattbzsuni,
2601 5457 2726 5512 cap.
2760 5440 2858 5507 ΧΙ,
2889 5457 2943 5496 v.
2974 5443 3030 5496 7.

2280 5511 2756 5586 (210)»Peut-etre
2814 5511 3012 5569 faut-il
3061 5511 3318 5586 corriger
3372 5527 3437 5569 ce
3476 5526 3728 5584 passage
3783 5526 3853 5566 en

2207 5581 2387 5638 lisant
2409 5581 2726 5639 intervallo.

2278 5654 2428 5726 (211)
2460 5654 2674 5729 Evang.
2708 5671 2803 5712 sec
2832 5654 3145 5712 Joannem.
3180 5672 3309 5728 cap.
3341 5653 3486 5722 XVI,
3520 5671 3574 5712 ν.
3604 5653 3700 5710 23.
