4026 6176
165 366 320 434 1461

164 595 236 652 de
253 593 570 668 religionis.
590 593 930 651 Salutamus
958 597 1016 650 te
1035 593 1245 649 obnixe
1262 596 1320 649 et
1337 608 1440 666 per
1453 595 1812 666 portatorem

166 683 365 757 aliqua
389 682 673 742 exemiola
703 682 810 740 tibi
842 681 1277 739 mandavimus.

945 789 1080 846 LIX.

488 895 810 936 INDICULUM
830 895 1140 935 ABBATISSA
1151 896 1222 934 AD
1243 894 1498 935 ΔΒΒΑΤΕΜ
1507 920 1518 932 .

235 987 460 1044 Domno
491 987 592 1044 Dei
626 985 848 1043 famulo
880 991 938 1042 et
967 1003 1002 1042 a
1031 986 1201 1042 nobis
1236 1003 1371 1042 cum
1405 984 1662 1042 maxima
1716 1000 1810 1038 ve-

167 1077 468 1133 neratione
498 1073 800 1148 plurimun
832 1073 1130 1148 diligendo
1161 1075 1378 1130 domno
1437 1074 1536 1130 illo
1594 1071 1811 1138 abbati,

165 1165 377 1238 exigua
431 1163 698 1220 omnium
739 1162 1097 1220 famularum
1140 1163 1353 1220 Christi
1410 1167 1468 1218 et
1512 1166 1706 1219 vestra
1752 1160 1813 1217 in

167 1253 446 1312 omnibus
475 1253 623 1310 bene
654 1253 896 1326 cupiens
924 1252 1014 1308 vel
1039 1269 1241 1310 omnes
1264 1251 1323 1308 in
1339 1251 1552 1309 Christi
1585 1266 1814 1307 sorores

167 1342 482 1400 servientes
513 1347 737 1399 vestras
770 1341 1092 1415 plurimum
1123 1341 1182 1397 in
1203 1341 1450 1398 Domino
1489 1340 1812 1397 almitatem

163 1435 418 1488 vestram
448 1431 779 1488 amabiliter
817 1435 875 1487 et
903 1429 1152 1487 dulciter
1198 1430 1453 1487 salutare
1507 1430 1812 1504 praesumi-

169 1537 306 1577 mus
336 1537 524 1594 usque
545 1521 616 1576 ad
639 1519 922 1594 gaudium
944 1519 1387 1593 sempiternum.
1408 1519 1810 1593 Cognuscatis,

168 1609 480 1674 carissimi,
515 1610 672 1682 quod
702 1610 761 1665 in
794 1609 924 1666 istis
954 1609 1173 1666 sanctis
1203 1609 1414 1665 diebus
1443 1609 1637 1665 omnis
1675 1624 1812 1664 con-

165 1699 426 1773 gregatio
458 1697 802 1771 psalterium
833 1715 936 1771 per
965 1714 1171 1755 omnes
1199 1698 1324 1755 dies
1341 1713 1557 1754 canens
1573 1714 1677 1770 pro
1694 1696 1814 1752 vita

169 1791 227 1844 et
256 1785 578 1844 stabilitate
604 1791 818 1848 vestra.
852 1791 918 1842 ut
946 1787 1231 1844 Dominus
1287 1804 1416 1844 eam
1473 1803 1814 1843 conservare

168 1877 444 1950 dignetur
467 1875 638 1934 annis
670 1875 961 1945 multis,et
975 1875 1441 1932 consolacionem
1459 1879 1733 1932 vestram.
1750 1875 1817 1930 Et
1844 1877 1893 1944 B

163 1981 272 2021 nos
303 1981 406 2038 pro
436 1966 657 2038 grande
686 1964 903 2021 fiducia
931 1966 1002 2021 ad
1059 1969 1284 2022 vestros
1313 1964 1634 2038 diregimus
1663 1983 1676 2034 ;
1709 1965 1813 2021 de-

167 2070 479 2127 precamur
506 2054 671 2111 vobis
701 2053 1094 2126 sub[p]liciter
1122 2060 1188 2110 ut
1210 2053 1470 2126 jubeatis
1489 2054 1657 2110 nobis
1680 2071 1814 2110 con-

166 2143 354 2201 solare
384 2143 710 2216 quantitate
741 2145 811 2200 de
833 2143 962 2208 hoc,
987 2148 1052 2199 ut
1080 2143 1302 2215 aliquid
1338 2144 1408 2199 de
1431 2147 1488 2199 te
1519 2143 1815 2215 h[abe]am

166 2233 241 2289 ad
276 2237 479 2288 sancto
511 2231 631 2301 illo,
665 2232 807 2304 quia
859 2232 1065 2288 exinde
1124 2233 1348 2304 grande
1405 2232 1815 2288 necessitatem

167 2321 536 2378 habebimus.
559 2320 922 2392 Amabiliter,
941 2319 1283 2377 dulcissime
1304 2321 1518 2376 domne
1541 2323 1598 2376 et
1628 2325 1813 2394 pater,

167 2411 342 2469 annis
369 2410 574 2466 multis
603 2411 675 2466 de
713 2415 904 2468 vestra
932 2411 1187 2483 gaudere
1217 2427 1550 2467 mereamur
1576 2427 1816 2484 prospe-

163 2501 338 2556 ritate
367 2503 425 2556 et
453 2498 745 2556 felicitate.

400 2693 725 2734 INDICULUM
753 2693 826 2732 AD
853 2693 1116 2733 ABBATEM
1140 2693 1603 2733 VELEPISCOPUM.

238 2783 558 2858 Religionis
607 2783 865 2840 culmine
925 2785 1237 2857 conspicue
1308 2785 1478 2841 titulo
1548 2785 1817 2841 decorato

161 2873 380 2930 domno
394 2870 589 2929 abbati
603 2872 688 2928 vel
711 2873 982 2946 episcopo
999 2873 1230 2947 illo,ego
1249 2873 1346 2930 ille
1362 2874 1617 2931 famulus
1629 2877 1819 2930 vester

164 2963 228 3017 in
260 2963 534 3019 omnibus
571 2962 845 3036 proprius
891 2979 1093 3020 servus
1121 2963 1210 3020 vel
1242 2980 1447 3020 omnes
1483 2963 1539 3018 in
1585 2962 1818 3019 Christo

160 3051 482 3108 servientes
510 3052 687 3107 vestri
719 3051 960 3123 plurimi
992 3053 1050 3106 in
1083 3052 1328 3108 Domino
1368 3052 1694 3108 almitatem
1722 3068 1816 3108 ve-

163 3143 352 3196 stram
386 3138 643 3196 salutare
675 3139 1053 3212 presuminus
1067 3157 1254 3212 usque
1267 3141 1338 3196 ad
1352 3141 1637 3212 gaudium
1671 3157 1820 3196 sem-

1452 361 1856 432 FORMULE
1895 356 2286 430 VETERES.

165 504 238 563 de
266 504 400 580 agia
428 501 588 562 crafa
598 503 790 578 adque
810 501 881 561 de
896 499 1113 561 inclitis
1130 499 1274 560 viris
1293 501 1596 560 catholicis
1616 502 1807 574 adque
1834 503 1892 572 Α

3413 349 3570 419 1463

2673 492 2836 554 LXII.

2528 586 2682 657 [Sine
2695 583 2960 660 rubrica].

1993 674 2357 734 Memorabili
2388 678 2562 747 atque
2584 673 3071 732 excellentissimo
3098 672 3222 730 viro
3251 666 3570 728 mitissimo

1924 765 2157 841 placida
2185 764 2445 822 bonitate
2473 780 2700 820 necnon
2726 763 3031 820 honestate
3058 767 3116 819 et
3134 777 3366 819 morum
3382 757 3574 832 digni-

1920 859 2038 912 tate
2065 871 2199 912 cum
2231 853 2392 910 omni
2417 853 2871 910 mansuetudine
2900 852 3117 926 repleto
3149 855 3206 908 et
3233 849 3448 907 Christi
3479 849 3573 904 fa-

1923 943 2500 1002 mulatuinsaciabili
2531 942 2641 1012 illi,
2669 942 2767 999 ille
2813 941 3074 1015 inequali
3131 937 3574 1012 comparacione

1920 1035 2251 1090 bonitatum
2281 1038 2608 1090 vestrarum
2643 1031 2892 1104 juvenili
2921 1034 3074 1088 etate
3103 1030 3337 1095 ﬂorens,
3366 1031 3565 1084 tamen

1923 1123 2112 1180 fidelis
2142 1127 2200 1180 et
2229 1124 2374 1180 bene
2402 1123 2646 1179 devotus
2673 1124 2865 1178 vester
2897 1119 3311 1194 perpetualiter
3347 1115 3566 1177 existit.

1922 1212 2173 1268 salutem
2222 1211 2538 1285 optabilem
2589 1215 2646 1268 et
2691 1213 3162 1284 perseverantem
3212 1207 3456 1264 mandat
3503 1205 3566 1262 in

1921 1301 2192 1358 Domino.
2245 1300 2508 1374 Epistola
2560 1300 2880 1356 reverentie
2937 1297 3315 1373 dignitatisve
3362 1296 3568 1351 vestra

1921 1406 2110 1464 usque
2130 1390 2202 1446 ad
2231 1389 2514 1446 vilitatem
2554 1405 2815 1462 personae
2874 1404 3014 1446 meae
3047 1384 3327 1460 pervenit,
3387 1399 3565 1459 quam

1920 1484 2042 1536 tota
2072 1479 2204 1536 nisu
2235 1478 2560 1552 perlegens,
2605 1479 2662 1534 in
2694 1478 2812 1534 imo
2843 1476 3036 1534 cordis
3074 1475 3291 1534 recludi
3343 1472 3567 1540 volens,

1920 1585 2050 1625 eam
2083 1568 2282 1642 sepius
2324 1568 2588 1624 iterando
2636 1567 2697 1623 in
2746 1571 2984 1624 tenuem
3031 1565 3227 1623 locum
3288 1562 3569 1621 memorie

1921 1674 2048 1714 mee
2078 1659 2410 1726 recondere,
2442 1657 2583 1730 quia
2611 1657 2983 1713 dulcedinem
3027 1654 3220 1713 mellis
3250 1653 3310 1710 in
3371 1654 3566 1710 fauces

1921 1765 2084 1805 meas
2113 1747 2382 1821 portavit,
2415 1745 2741 1820 magistrali
2787 1745 3207 1818 compositione
3229 1742 3473 1800 suffulta
3513 1745 3572 1799 et

1923 1837 2182 1893 maxima
2210 1837 2479 1909 piissima
2500 1835 2929 1892 ammonicione
2960 1836 3218 1890 mentem
3266 1831 3571 1906 parvitatis

1922 1926 2271 1983 confortavit
2301 1929 2358 1982 et
2388 1924 2652 1998 exemplo
2674 1923 2844 1982 senili
2870 1925 3244 1997 juventutem
3261 1937 3432 1978 mean
3453 1919 3573 1976 edi-

1925 2016 2138 2072 ficavit.
2169 2017 2529 2088 Quapropter
2544 2008 3573 2087 cognoscatsagacissimaprudentia

1922 2109 2118 2160 vestra
2145 2121 2239 2160 me
2269 2121 2385 2160 non
2416 2119 2593 2175 parva
2622 2101 2894 2176 angustia
2923 2099 3338 2172 coortari,quia
3357 2099 3418 2155 in
3440 2099 3570 2170 qui-

1925 2194 2037 2250 bus
2066 2193 2258 2249 verbis
2287 2192 2477 2249 eidem
2507 2191 2797 2247 dulcedini
2816 2205 3120 2248 occurram
3143 2187 3574 2246 noninvenioet

1925 2288 1993 2338 ut
2021 2283 2398 2356 sponsionem
2427 2279 2868 2336 convenientem
2887 2277 2999 2334 sibi
3017 2294 3274 2351 congruo
3301 2291 3570 2335 sermone

1925 2371 2260 2445 perfungat,
2294 2370 2376 2426 ita
2424 2370 2728 2425 dumtaxat
2757 2373 2824 2424 ut
2855 2384 3099 2441 opacam
3147 2366 3570 2442 benignitatem

1923 2464 2178 2517 vestram
2208 2458 2544 2515 humillima
2573 2457 2746 2514 laude
2775 2457 3096 2531 amplectar
3131 2460 3190 2513 et
3219 2454 3570 2530 plenitudini

1925 2548 2191 2624 opusculi
2221 2549 2338 2605 mei
2355 2547 2768 2604 honestissime
2789 2551 2846 2604 et
2865 2549 3150 2620 oportune
3169 2545 3571 2618 metaminpo-

1927 2656 2086 2708 nam,
2118 2641 2185 2694 ut
2213 2638 2407 2694 favore
2435 2635 2806 2709 paternitatis
2833 2639 3022 2693 vestre
3053 2635 3362 2693 commoda
3397 2639 3457 2692 et
3482 2634 3572 2690 in-

1926 2725 2408 2802 reprehensibilis
2438 2727 2704 2782 donetur.
2729 2730 2808 2782 De
2839 2729 3026 2782 cetero
3049 2723 3316 2798 cognovit
3342 2724 3577 2782 almitas

1925 2821 2130 2894 vestrae
2162 2833 2255 2872 me
2286 2816 2344 2871 in
2377 2815 2684 2888 praesentia
2711 2814 3018 2872 vilissimis
3045 2814 3307 2871 vestibus
3335 2813 3568 2871 indueri

1927 2911 1985 2962 et
2016 2906 2098 2961 nil
2130 2906 2505 2979 pargamenis
2537 2905 2643 2969 uti,
2677 2904 2791 2961 nisi
2823 2903 2968 2960 mihi
3005 2902 3348 2960 excellentia
3385 2906 3584 2959 vestra

1927 2999 2208 3052 consueta
2243 3011 2350 3066 ope
2382 2994 2690 3049 subveniat
2718 2996 2892 3064 atque
2945 3009 2979 3048 a
3030 2996 3194 3065 parte
3250 2990 3588 3064 largissima

1928 3100 2106 3140 manu
2136 3083 2252 3152 his,
2285 3083 2342 3137 in
2369 3082 2586 3154 quibus
2626 3081 2797 3153 inops
2854 3083 2912 3136 et
2940 3095 3165 3153 pauper
3189 3079 3409 3150 videor,
3469 3079 3587 3138 fre-

1929 3171 2200 3245 quentari
2233 3186 2490 3243 congruo
2517 3173 2778 3242 tempore
2807 3172 2866 3224 et
2896 3168 3008 3224 frui
3049 3166 3440 3241 congratuler.
3487 3168 3578 3239 Et,

162 3227 486 3328 pne???”
521 3227 925 3328 C089us?“ti9’
965 3227 1236 3328 ,Ρξίδῗίωθ
1293 3228 1665 3328 pater’quf‘lf’.
1711 3245 1814 3328 ΡΘ·
1846 3247 1889 3314 C
2023 3227 2103 3316 ita
2133 3227 2624 3327 dicam,UDomnus
2640 3227 2776 3314 vero
2794 3227 3360 3328 nosterjuveniutem
3383 3227 3575 3314 meam

163 3317 440 3376 cessitate
469 3332 483 3372 :
514 3321 750 3389 prepter
765 3317 872 3373 hoc
888 3317 1054 3373 vobis
1071 3318 1454 3389 deprecamur
1474 3318 1815 3390 subpliciter

163 3411 233 3464 ut
253 3405 515 3480 jubeatis
545 3404 832 3462 consolari
858 3407 928 3462 de
960 3405 1068 3462 hac
1106 3407 1617 3478 necessitate,quia
1645 3407 1814 3464 nobis

165 3494 567 3552 necessarium
597 3499 704 3551 est.
724 3493 1402 3568 Benignissimidomini,
1432 3495 1587 3569 agite
1624 3495 1817 3552 taliter

165 3583 410 3642 utvobis
424 3587 764 3657 permaneat
777 3583 986 3640 mercis
1007 3588 1066 3640 et
1085 3584 1269 3640 oratio
1287 3585 1660 3657 sempiterna.

927 3691 1063 3747 LXI.

633 3795 769 3835 ῙΤΕΜ
799 3795 982 3836 ΑΜυΜ
1006 3795 1352 3836 INDICULUM.

237 3883 560 3958 Religionis
591 3883 850 3941 culmine
880 3886 1211 3958 conspicua:
1234 3885 1410 3942 titulo
1443 3887 1712 3942 decorate
1731 3884 1816 3940 illi

165 3973 338 4040 abba,
359 3990 464 4046 ego
497 3973 709 4029 ultima
738 3973 1052 4030 verculana
1070 3975 1219 4045 (212)
1242 3979 1435 4031 vestra
1465 3973 1818 4047 plumimum

166 4062 334 4119 vobis
365 4061 424 4117 in
471 4061 714 4119 Domino
759 4063 1092 4119 amabiliter
1149 4069 1207 4121 et
1260 4063 1512 4120 dulciter
1567 4062 1823 4119 salutare

171 4166 452 4224 presumo
483 4167 671 4222 usque
699 4152 771 4207 ad
794 4152 1079 4224 gaudium
1101 4153 1824 4225 sempiternum,etdepre-

1924 3350 2173 3423 despicit
2196 3352 2253 3404 ct
2284 3347 2444 3403 illam
2475 3348 2766 3419 castigare
2795 3346 3180 3420 contempnit,
3195 3361 3421 3402 necnon
3445 3363 3571 3404 mo-

1923 3456 2016 3496 res
2047 3436 2524 3494 abhominabitur
2552 3440 2608 3492 et
2641 3452 2732 3492 me
2762 3452 2868 3492 ceu
2899 3436 3181 3508 quotdam
3206 3433 3567 3492 inmundicie

1923 3527 2166 3600 respuit,
2199 3529 2255 3582 et
2286 3525 2611 3596 adjutorem
2644 3541 2706 3580 se
2736 3523 2881 3580 mihi
2902 3524 3122 3582 labenti
3148 3523 3443 3598 porrigere
3459 3524 3567 3582 dif-

1925 3618 2035 3673 fert
2061 3634 2074 3684 ;
2107 3616 2208 3672 sed
2232 3617 2359 3687 jam
2383 3631 2650 3671 summos
2671 3615 2890 3688 gradus
2911 3613 3216 3688 dignitatis
3238 3613 3426 3688 injme
3440 3613 3569 3670 vult

1921 3705 2160 3772 habere,
2192 3705 2302 3761 hac
2328 3703 2544 3760 stultos
2565 3720 2776 3760 sensus
2806 3703 3038 3760 diucius
3070 3702 3570 3779 projicit,querita

1927 3810 2021 3851 me
2051 3795 2206 3867 quod
2237 3811 2354 3850 non
2384 3794 2570 3850 habeo
2601 3798 2658 3850 et
2686 3795 2840 3867 quod
2880 3793 3174 3850 desiderat
3220 3793 3413 3849 adhuc
3457 3810 3574 3849 non

1928 3883 2222 3940 subsistit.
2256 3883 2586 3954 Antequam
2613 3881 2758 3936 mihi
2781 3883 2933 3937 Deus
2954 3881 3230 3937 annuerit
3243 3883 3301 3937 et
3325 3879 3576 3937 aliorum
3667 3881 3672 3887 ’

1929 3971 2300 4045 exemplariis
2334 3971 2658 4026 instructus
2678 3971 2766 4026 vir
2819 3970 3111 4043 perfectus
3160 3973 3218 4025 et
3272 3967 3581 4042 placabilis

1934 4061 2175 4126 efficiar,
2209 4059 2426 4115 idcirco
2449 4058 2657 4114 obnixe
2689 4062 2820 4130 peto
2842 4061 2907 4114 ut
2935 4057 3219 4114 citissime
3249 4057 3364 4114 huc
3384 4057 3581 4114 venia-

1932 4149 2010 4207 tis
2040 4153 2098 4206 et
2121 4146 2536 4203 serenissimus
2566 4151 2756 4203 vester
2784 4145 2980 4203 vultus
3013 4149 3308 4220 appareat,
3333 4145 3433 4219 qui
3450 4147 3580 4218 jam

175 4255 278 4296 cor
309 4238 653 4311 subpliciter
683 4243 748 4295 ut
767 4241 1030 4312 jubeatis
1079 4256 1173 4296 me
1228 4242 1465 4296 inﬁrma
1514 4242 1570 4296 in
1613 4240 1826 4297 vestris
1936 4234 3588 4308 terribillisetodibilismihividebatur,modernoquippe

178 4327 365 4385 sacris
395 4327 757 4384 orationibus
814 4345 1158 4397 memorare,
1187 4330 1328 4401 quia
1383 4345 1510 4401 ego,
1559 4331 1826 4402 quamvis
1938 4327 2238 4382 destructa
2271 4323 2396 4394 lege
2423 4319 2826 4390 veteri,oblitis
2847 4320 3124 4377 omnibus
3164 4337 3358 4389 ;carus
3395 4325 3454 4378 et
3497 4337 3588 4378 se-

179 4415 394 4473 debida
421 4420 477 4472 et
506 4416 752 4489 fragilis,
797 4433 902 4489 pro
954 4417 1119 4474 vobis
1162 4419 1222 4474 in
1272 4418 1532 4475 oratione
1583 4418 1825 4474 adsisto.

181 4504 585 4577 Cognoscatis,
621 4505 871 4577 piissimi
901 4506 1212 4574 domini,in
1241 4523 1417 4579 quam
1441 4507 1662 4580 grande
1684 4524 1828 4592 pau-

1940 4431 2119 4471 renus
2143 4412 2392 4485 judicat.
2426 4412 2494 4467 Et
2523 4411 2632 4466 hoc
2664 4427 2767 4484 pro
2797 4413 2952 4466 certo
2984 4409 3189 4467 scitote
3206 4410 3361 4483 quod
3394 4411 3456 4467 in
3487 4426 3588 4469 vo-

1940 4521 2031 4577 bis
2063 4520 2316 4575 maxime
2346 4519 2642 4574 conlidens
2674 4521 2732 4573 et
2761 4519 2832 4574 de
2861 4517 2958 4574 his
3003 4518 3280 4575 omnibus
3319 4518 3585 4591 judicem

170 4596 398 4666 pertate
435 4596 492 4648 et
538 4594 786 4665 penuria
830 4595 1087 4651 remansi
1131 4613 1236 4667 pro
1281 4594 1506 4650 obitum
1565 4595 1819 4652 seniores

1932 4609 2102 4682 elegi,
2127 4611 2191 4682 et
2211 4611 2407 4682 vestro
2427 4605 2880 4682 eru[d_i]tissimo
2896 4607 3122 4678 judicio
3144 4623 3237 4664 me
3254 4607 3594 4665 conﬁrmari

172 4696 358 4749 meos,
393 4680 495 4753 qui
526 4697 618 4737 me
651 4681 710 4736 in
743 4682 902 4739 hunc
954 4683 1310 4740 monasterio
1354 4683 1550 4740 venire
1599 4683 1815 4740 fecerit.

174 4770 424 4826 Proinde
445 4787 582 4844 ergo
613 4772 1099 4845 suggestiuncula
1118 4773 1422 4846 parvitatis
1455 4789 1594 4828 mea:
1624 4773 1696 4828 ad
1719 4772 1826 4828 cle-

175 4859 466 4916 menciam
489 4865 742 4916 vestram
774 4863 1068 4919 destinare
1101 4879 1412 4936 presumo;
1443 4863 1826 4934 deprecorvo-

176 4947 268 5005 bis
316 4947 659 5018 subpliciter
691 4955 755 5002 ut
796 4951 939 5006 mihi
990 4953 1295 5008 consolare
1355 4951 1630 5024 dignetis,
1676 4951 1831 5006 unde

173 5035 496 5093 luminaria
526 5035 736 5091 faciam
771 5040 1116 5110 proanimas
1139 5058 1364 5106 eorum,
1397 5041 1612 5113 quime
1643 5040 1832 5095 inisto

182 5123 541 5180 monasterio
572 5125 922 5198 reciperunt,
955 5127 1043 5182 vel
1085 5128 1364 5200 quicquid
1406 5128 1692 5184 Dominus
1745 5128 1834 5182 in-

182 5212 650 5282 spirarejubeat,
681 5214 819 5285 quia
850 5214 990 5268 mihi
1047 5218 1244 5271 omnia
1286 5216 1615 5271 necessaria
1674 5221 1831 5271 sunt.

184 5301 304 5373 Ego
327 5299 498 5371 juxta
528 5301 645 5357 Deo
684 5307 740 5357 et
769 5308 970 5358 sancto
1003 5303 1100 5360 illo
1131 5308 1250 5360 toto
1281 5303 1572 5374 adjutorio
1615 5306 1672 5358 et
1702 5321 1836 5358 con-

185 5388 544 5446 solacionem
574 5405 679 5463 per
730 5407 833 5447 vos
889 5408 1079 5464 spero.
1135 5391 1477 5450 dulcissime
1535 5393 1748 5449 domne
1785 5397 1844 5448 et

185 5480 369 5551 pater.

260 5658 392 5730 (212
492 5639 802 5732 )Gorrigez
839 5676 1036 5718 vernae
1076 5663 1193 5718 uta.

1929 4679 2088 4754 apud
2124 4679 2442 4735 Dominum
2478 4679 2730 4733 studete.

1936 4785 2333 4853 Altithronus,
2367 4783 2466 4856 qui
2496 4787 2704 4856 regnat
2731 4783 2788 4838 in
2817 4788 2948 4840 ante
2980 4784 3248 4856 polorum

1938 4859 2044 4914 Det
2071 4856 2234 4911 vobis
2265 4854 2523 4926 requiem
2556 4854 2733 4912 vitam
2764 4854 3057 4926 donetque
3086 4869 3420 4926 perennem.

1939 4932 2054 4985 Ast
2085 4929 2260 4982 faciat
2294 4924 2575 4997 magnum
2608 4943 2710 4982 vos
2741 4924 3019 4998 scandere
3049 4924 3512 4998 limenOlimphi.

1943 5000 2147 5056 Livido
2180 4995 2568 5070 motiferaque
2591 4997 2790 5069 procul
2816 5002 2956 5052 tunc
2984 5000 3206 5070 tartara
3224 4995 3422 5069 pellat.

1943 5070 2201 5128 Grandis
2227 5069 2382 5124 enim
2421 5068 2959 5139 vobis’mercesque
2993 5068 3191 5124 futura
3219 5068 3502 5139 manebit,

1948 5143 2009 5198 In
2038 5141 2180 5197 oleis
2211 5141 2488 5212 quoniam
2523 5156 2795 5212 magnam
2830 5138 3134 5195 meruistis
3163 5139 3222 5212 in
3253 5138 3427 5212 arvis.

1951 5216 2197 5284 Semper
2225 5209 2389 5284 enim,
2415 5209 2974 5284 rectuﬁm’iexercente
3017 5209 3316 5284 vocaberis
3373 5211 3601 5268 insons.

1948 5281 2338 5356 Omnipotens
2370 5283 2544 5356 Deus,
2567 5282 2817 5356 indigno
2839 5281 3138 5356 concedito
3168 5298 3354 5356 servo,

1949 5351 2294 5426 Dona'mihi
2310 5425 2313 5426 γ
2328 5354 2482 5426 quod
2499 5351 2960 5426 poscofquidem
2974 5353 3076 5425 qui
3095 5369 3158 5426 es
3171 5351 3436 5410 conditor
3449 5353 3606 5411 orbis

1956 5370 2120 5412 Uona
2151 5370 2294 5409 mini
2328 5370 2482 5480 quoa
2499 5370 2699 5426 posco,
2719 5370 2960 5424 quidem
2974 5370 3076 5425 qui
3095 5370 3158 5409 es
3171 5370 3357 5409 conon

1956 5424 2320 5500 Augisaluti
2349 5439 2628 5500 eramque
2659 5424 2994 5500 supradicto
3023 5424 3357 5500 sanitatem,

1967 5495 2084 5554 Nec
2117 5497 2284 5553 illum
2315 5495 2786 5569 tangitCChristo
2817 5497 2986 5565 duce,
3047 5497 3291 5555 morbus
3335 5495 3610 5571 iniquus;
