  <div class='ocr_page' id='page_1' title='image "/cluster/home/n/w/nwhite01/storage/ocr_20150623/151/hvd.32044054760095/737.png"; bbox 0 0 4026 6176; ppageno 0'>
   <div class='ocr_carea' id='block_1_1' title="bbox 426 346 586 423">
    <p class='ocr_par' dir='ltr' id='par_1_1' title="bbox 426 346 586 423">
     <span class='ocr_line' id='line_1_1' title="bbox 426 346 586 423; baseline -0.019 -13"><span class='ocrx_word' id='word_1_1' title='bbox 426 346 586 423; x_wconf 62' lang='grc'>1463</span> 
     </span>
    </p>
   </div>
   <div class='ocr_carea' id='block_1_2' title="bbox 426 478 1948 551">
    <p class='ocr_par' dir='ltr' id='par_1_2' title="bbox 426 478 1948 551">
     <span class='ocr_line' id='line_1_2' title="bbox 426 478 1948 551; baseline 0.003 -19"><span class='ocrx_word' id='word_1_2' title='bbox 426 482 692 551; x_wconf 77' lang='lat' dir='ltr'>Dumque</span> <span class='ocrx_word' id='word_1_3' title='bbox 723 478 944 535; x_wconf 91' lang='lat' dir='ltr'>caduca</span> <span class='ocrx_word' id='word_1_4' title='bbox 972 488 1171 537; x_wconf 82' lang='lat' dir='ltr'>manet</span> <span class='ocrx_word' id='word_1_5' title='bbox 1200 484 1332 548; x_wconf 66' lang='lat' dir='ltr'>vita,</span> <span class='ocrx_word' id='word_1_6' title='bbox 1368 481 1508 536; x_wconf 82' lang='lat' dir='ltr'>dum</span> <span class='ocrx_word' id='word_1_7' title='bbox 1544 481 1716 536; x_wconf 84' lang='lat' dir='ltr'>ﬂatus</span> <span class='ocrx_word' id='word_1_8' title='bbox 1739 480 1948 551; x_wconf 89' lang='lat' dir='ltr'>anclet,</span> 
     </span>
    </p>
   </div>
   <div class='ocr_carea' id='block_1_3' title="bbox 427 550 1892 625">
    <p class='ocr_par' dir='ltr' id='par_1_3' title="bbox 427 550 1892 625">
     <span class='ocr_line' id='line_1_3' title="bbox 427 550 1892 625; baseline 0.001 -19"><span class='ocrx_word' id='word_1_9' title='bbox 427 550 699 606; x_wconf 88' lang='lat' dir='ltr'>Eternam</span> <span class='ocrx_word' id='word_1_10' title='bbox 727 553 977 608; x_wconf 89' lang='lat' dir='ltr'>concede</span> <span class='ocrx_word' id='word_1_11' title='bbox 1010 553 1272 621; x_wconf 90' lang='lat' dir='ltr'>domum,</span> <span class='ocrx_word' id='word_1_12' title='bbox 1309 555 1405 625; x_wconf 86' lang='lat' dir='ltr'>qui</span> <span class='ocrx_word' id='word_1_13' title='bbox 1439 569 1648 624; x_wconf 78' lang='lat' dir='ltr'>regnas</span> <span class='ocrx_word' id='word_1_14' title='bbox 1679 553 1892 624; x_wconf 85' lang='lat' dir='ltr'>ubique</span> 
     </span>
    </p>
   </div>
   <div class='ocr_carea' id='block_1_4' title="bbox 1149 702 1338 757">
    <p class='ocr_par' dir='ltr' id='par_1_4' title="bbox 1149 702 1338 757">
     <span class='ocr_line' id='line_1_4' title="bbox 1149 702 1338 757; baseline 0.005 -1"><span class='ocrx_word' id='word_1_15' title='bbox 1149 702 1338 757; x_wconf 81' lang='lat' dir='ltr'>LXIII.</span> 
     </span>
    </p>
   </div>
   <div class='ocr_carea' id='block_1_5' title="bbox 483 806 2060 863">
    <p class='ocr_par' dir='ltr' id='par_1_5' title="bbox 483 806 2060 863">
     <span class='ocr_line' id='line_1_5' title="bbox 483 806 2060 863; baseline 0 -2"><span class='ocrx_word' id='word_1_16' title='bbox 483 806 594 862; x_wconf 88' lang='lat' dir='ltr'>J’ai</span> <span class='ocrx_word' id='word_1_17' title='bbox 629 806 791 862; x_wconf 82' lang='lat' dir='ltr'>réuni</span> <span class='ocrx_word' id='word_1_18' title='bbox 825 823 962 862; x_wconf 89' lang='lat' dir='ltr'>sous</span> <span class='ocrx_word' id='word_1_19' title='bbox 984 821 1047 862; x_wconf 92' lang='lat' dir='ltr'>ce</span> <span class='ocrx_word' id='word_1_20' title='bbox 1069 809 1314 862; x_wconf 79' lang='lat' dir='ltr'>numero</span> <span class='ocrx_word' id='word_1_21' title='bbox 1346 811 1404 862; x_wconf 88' lang='lat' dir='ltr'>et</span> <span class='ocrx_word' id='word_1_22' title='bbox 1433 807 1516 863; x_wconf 86' lang='lat' dir='ltr'>les</span> <span class='ocrx_word' id='word_1_23' title='bbox 1533 808 1794 863; x_wconf 85' lang='lat' dir='ltr'>suivants</span> <span class='ocrx_word' id='word_1_24' title='bbox 1827 825 1905 862; x_wconf 92' lang='lat' dir='ltr'>un</span> <span class='ocrx_word' id='word_1_25' title='bbox 1937 824 2060 862; x_wconf 91' lang='lat' dir='ltr'>cer-</span> 
     </span>
    </p>
   </div>
   <div class='ocr_carea' id='block_1_6' title="bbox 417 878 2066 951">
    <p class='ocr_par' dir='ltr' id='par_1_6' title="bbox 417 878 2066 951">
     <span class='ocr_line' id='line_1_6' title="bbox 417 878 2066 951; baseline 0 -18"><span class='ocrx_word' id='word_1_26' title='bbox 417 878 824 951; x_wconf 79' lang='lat' dir='ltr'>tain__nombre</span> <span class='ocrx_word' id='word_1_27' title='bbox 847 879 918 933; x_wconf 90' lang='lat' dir='ltr'>de</span> <span class='ocrx_word' id='word_1_28' title='bbox 949 878 1617 951; x_wconf 14' lang='lat' dir='ltr'>formvulesincompletes</span> <span class='ocrx_word' id='word_1_29' title='bbox 1642 898 1654 947; x_wconf 88' lang='lat'><strong>;</strong></span> <span class='ocrx_word' id='word_1_30' title='bbox 1685 884 1739 934; x_wconf 89' lang='lat' dir='ltr'>et</span> <span class='ocrx_word' id='word_1_31' title='bbox 1762 888 1910 934; x_wconf 87' lang='lat' dir='ltr'>dans</span> <span class='ocrx_word' id='word_1_32' title='bbox 1954 879 2066 934; x_wconf 87' lang='lat' dir='ltr'>les-</span> 
     </span>
    </p>
   </div>
   <div class='ocr_carea' id='block_1_7' title="bbox 419 948 2067 1024">
    <p class='ocr_par' dir='ltr' id='par_1_7' title="bbox 419 948 2067 1024">
     <span class='ocr_line' id='line_1_7' title="bbox 419 948 2067 1024; baseline 0.002 -21"><span class='ocrx_word' id='word_1_33' title='bbox 419 948 643 1024; x_wconf 70' lang='lat' dir='ltr'>guelles</span> <span class='ocrx_word' id='word_1_34' title='bbox 662 966 736 1005; x_wconf 91' lang='lat' dir='ltr'>on</span> <span class='ocrx_word' id='word_1_35' title='bbox 751 954 954 1024; x_wconf 79' lang='lat' dir='ltr'>trouve</span> <span class='ocrx_word' id='word_1_36' title='bbox 965 949 1291 1006; x_wconf 89' lang='lat' dir='ltr'>seulement</span> <span class='ocrx_word' id='word_1_37' title='bbox 1307 952 1410 1006; x_wconf 90' lang='lat' dir='ltr'>des</span> <span class='ocrx_word' id='word_1_38' title='bbox 1425 948 1683 1007; x_wconf 81' lang='lat' dir='ltr'>modeles</span> <span class='ocrx_word' id='word_1_39' title='bbox 1713 951 1784 1007; x_wconf 89' lang='lat' dir='ltr'>de</span> <span class='ocrx_word' id='word_1_40' title='bbox 1823 951 2067 1024; x_wconf 85' lang='lat' dir='ltr'>phrases</span> 
     </span>
    </p>
   </div>
   <div class='ocr_carea' id='block_1_8' title="bbox 418 1019 1042 1088">
    <p class='ocr_par' dir='ltr' id='par_1_8' title="bbox 418 1019 1042 1088">
     <span class='ocr_line' id='line_1_8' title="bbox 418 1019 1042 1088; baseline 0 -13"><span class='ocrx_word' id='word_1_41' title='bbox 418 1019 675 1088; x_wconf 77' lang='lat' dir='ltr'>ihitiales</span> <span class='ocrx_word' id='word_1_42' title='bbox 707 1038 782 1078; x_wconf 93' lang='lat' dir='ltr'>ou</span> <span class='ocrx_word' id='word_1_43' title='bbox 817 1020 1042 1078; x_wconf 86' lang='lat' dir='ltr'>ﬁnales.</span> 
     </span>
    </p>
   </div>
   <div class='ocr_carea' id='block_1_9' title="bbox 914 1171 1564 1212">
    <p class='ocr_par' dir='ltr' id='par_1_9' title="bbox 914 1171 1564 1212">
     <span class='ocr_line' id='line_1_9' title="bbox 914 1171 1564 1212; baseline 0.002 -3"><span class='ocrx_word' id='word_1_44' title='bbox 914 1171 1185 1212; x_wconf 81' lang='lat' dir='ltr'>lNDlCULU</span> <span class='ocrx_word' id='word_1_45' title='bbox 1194 1173 1237 1212; x_wconf 86' lang='lat' dir='ltr'><strong>M</strong></span> <span class='ocrx_word' id='word_1_46' title='bbox 1252 1171 1326 1211; x_wconf 79' lang='lat' dir='ltr'>AD</span> <span class='ocrx_word' id='word_1_47' title='bbox 1350 1172 1543 1211; x_wconf 80' lang='lat' dir='ltr'><strong>REGEM</strong></span> <span class='ocrx_word' id='word_1_48' title='bbox 1552 1196 1564 1209; x_wconf 86' lang='lat'>.</span> 
     </span>
    </p>
   </div>
   <div class='ocr_carea' id='block_1_10' title="bbox 485 1287 2063 1362">
    <p class='ocr_par' dir='ltr' id='par_1_10' title="bbox 485 1287 2063 1362">
     <span class='ocr_line' id='line_1_10' title="bbox 485 1287 2063 1362; baseline 0.001 -18"><span class='ocrx_word' id='word_1_49' title='bbox 485 1287 733 1350; x_wconf 89' lang='lat' dir='ltr'>Domino</span> <span class='ocrx_word' id='word_1_50' title='bbox 755 1287 1241 1346; x_wconf 83' lang='lat' dir='ltr'>excellentissimo</span> <span class='ocrx_word' id='word_1_51' title='bbox 1254 1294 1428 1362; x_wconf 87' lang='lat' dir='ltr'>atque</span> <span class='ocrx_word' id='word_1_52' title='bbox 1469 1288 2063 1361; x_wconf 86' lang='lat' dir='ltr'>proexcellentissimo</span> 
     </span>
    </p>
   </div>
   <div class='ocr_carea' id='block_1_11' title="bbox 412 1375 2062 1450">
    <p class='ocr_par' dir='ltr' id='par_1_11' title="bbox 412 1375 2062 1450">
     <span class='ocr_line' id='line_1_11' title="bbox 412 1375 2062 1450; baseline 0.001 -18"><span class='ocrx_word' id='word_1_53' title='bbox 412 1375 535 1432; x_wconf 89' lang='lat' dir='ltr'>viro</span> <span class='ocrx_word' id='word_1_54' title='bbox 565 1375 813 1433; x_wconf 89' lang='lat' dir='ltr'>inlustro</span> <span class='ocrx_word' id='word_1_55' title='bbox 844 1376 943 1433; x_wconf 92' lang='lat' dir='ltr'>illo</span> <span class='ocrx_word' id='word_1_56' title='bbox 976 1378 1095 1450; x_wconf 88' lang='lat' dir='ltr'>regi</span> <span class='ocrx_word' id='word_1_57' title='bbox 1125 1377 1355 1450; x_wconf 87' lang='lat' dir='ltr'>generis</span> <span class='ocrx_word' id='word_1_58' title='bbox 1391 1377 1916 1446; x_wconf 87' lang='lat' dir='ltr'>Franchorum,cui</span> <span class='ocrx_word' id='word_1_59' title='bbox 1955 1377 2062 1433; x_wconf 93' lang='lat' dir='ltr'>Do-</span> 
     </span>
    </p>
   </div>
   <div class='ocr_carea' id='block_1_12' title="bbox 413 1464 2062 1539">
    <p class='ocr_par' dir='ltr' id='par_1_12' title="bbox 413 1464 2062 1539">
     <span class='ocr_line' id='line_1_12' title="bbox 413 1464 2062 1539; baseline 0.002 -20"><span class='ocrx_word' id='word_1_60' title='bbox 413 1464 613 1522; x_wconf 80' lang='lat' dir='ltr'>minus</span> <span class='ocrx_word' id='word_1_61' title='bbox 643 1481 845 1522; x_wconf 87' lang='lat' dir='ltr'>curam</span> <span class='ocrx_word' id='word_1_62' title='bbox 872 1465 1174 1538; x_wconf 87' lang='lat' dir='ltr'>regiminis</span> <span class='ocrx_word' id='word_1_63' title='bbox 1207 1465 1495 1535; x_wconf 77' lang='lat' dir='ltr'>dilatavit,</span> <span class='ocrx_word' id='word_1_64' title='bbox 1527 1483 1631 1539; x_wconf 85' lang='lat' dir='ltr'>ego</span> <span class='ocrx_word' id='word_1_65' title='bbox 1651 1482 1852 1522; x_wconf 87' lang='lat' dir='ltr'>servus</span> <span class='ocrx_word' id='word_1_66' title='bbox 1871 1470 2062 1522; x_wconf 80' lang='lat' dir='ltr'>vester</span> 
     </span>
    </p>
   </div>
   <div class='ocr_carea' id='block_1_13' title="bbox 410 1553 2057 1627">
    <p class='ocr_par' dir='ltr' id='par_1_13' title="bbox 410 1553 2057 1627">
     <span class='ocr_line' id='line_1_13' title="bbox 410 1553 2057 1627; baseline 0.001 -18"><span class='ocrx_word' id='word_1_67' title='bbox 410 1557 468 1609; x_wconf 87' lang='lat' dir='ltr'>et</span> <span class='ocrx_word' id='word_1_68' title='bbox 496 1553 782 1610; x_wconf 90' lang='lat' dir='ltr'>ommium</span> <span class='ocrx_word' id='word_1_69' title='bbox 812 1553 1076 1611; x_wconf 81' lang='lat' dir='ltr'>fidelium</span> <span class='ocrx_word' id='word_1_70' title='bbox 1103 1559 1440 1611; x_wconf 88' lang='lat' dir='ltr'>vestrorum</span> <span class='ocrx_word' id='word_1_71' title='bbox 1474 1555 1774 1626; x_wconf 83' lang='lat' dir='ltr'>subjectus</span> <span class='ocrx_word' id='word_1_72' title='bbox 1799 1559 1930 1627; x_wconf 84' lang='lat' dir='ltr'>peto</span> <span class='ocrx_word' id='word_1_73' title='bbox 1945 1555 2057 1610; x_wconf 88' lang='lat' dir='ltr'>cle-</span> 
     </span>
    </p>
   </div>
   <div class='ocr_carea' id='block_1_14' title="bbox 411 1641 2052 1714">
    <p class='ocr_par' dir='ltr' id='par_1_14' title="bbox 411 1641 2052 1714">
     <span class='ocr_line' id='line_1_14' title="bbox 411 1641 2052 1714; baseline 0 -17"><span class='ocrx_word' id='word_1_74' title='bbox 411 1641 692 1698; x_wconf 88' lang='lat' dir='ltr'>mentiam</span> <span class='ocrx_word' id='word_1_75' title='bbox 724 1646 997 1710; x_wconf 83' lang='lat' dir='ltr'>vestram,</span> <span class='ocrx_word' id='word_1_76' title='bbox 1032 1643 1202 1714; x_wconf 86' lang='lat' dir='ltr'>quasi</span> <span class='ocrx_word' id='word_1_77' title='bbox 1233 1644 1306 1699; x_wconf 91' lang='lat' dir='ltr'>ad</span> <span class='ocrx_word' id='word_1_78' title='bbox 1338 1643 1516 1714; x_wconf 87' lang='lat' dir='ltr'>pedes</span> <span class='ocrx_word' id='word_1_79' title='bbox 1546 1647 1770 1698; x_wconf 89' lang='lat' dir='ltr'>vestros</span> <span class='ocrx_word' id='word_1_80' title='bbox 1802 1644 2052 1712; x_wconf 89' lang='lat' dir='ltr'>jaceam.</span> 
     </span>
    </p>
   </div>
   <div class='ocr_carea' id='block_1_15' title="bbox 409 1731 2054 1804">
    <p class='ocr_par' dir='ltr' id='par_1_15' title="bbox 409 1731 2054 1804">
     <span class='ocr_line' id='line_1_15' title="bbox 409 1731 2054 1804; baseline 0 -16"><span class='ocrx_word' id='word_1_81' title='bbox 409 1731 650 1796; x_wconf 86' lang='lat' dir='ltr'>Quando</span> <span class='ocrx_word' id='word_1_82' title='bbox 681 1731 826 1789; x_wconf 87' lang='lat' dir='ltr'>istas</span> <span class='ocrx_word' id='word_1_83' title='bbox 858 1731 1116 1788; x_wconf 89' lang='lat' dir='ltr'>literolas</span> <span class='ocrx_word' id='word_1_84' title='bbox 1147 1733 1220 1788; x_wconf 89' lang='lat' dir='ltr'>ad</span> <span class='ocrx_word' id='word_1_85' title='bbox 1252 1749 1354 1788; x_wconf 89' lang='lat' dir='ltr'>vos</span> <span class='ocrx_word' id='word_1_86' title='bbox 1375 1732 1661 1799; x_wconf 85' lang='lat' dir='ltr'>venerint,</span> <span class='ocrx_word' id='word_1_87' title='bbox 1685 1731 1965 1804; x_wconf 84' lang='lat' dir='ltr'>quicquid</span> <span class='ocrx_word' id='word_1_88' title='bbox 1983 1733 2054 1788; x_wconf 90' lang='lat' dir='ltr'>de</span> 
     </span>
    </p>
   </div>
   <div class='ocr_carea' id='block_1_16' title="bbox 409 1820 2133 1916">
    <p class='ocr_par' dir='ltr' id='par_1_16' title="bbox 409 1820 2133 1916">
     <span class='ocr_line' id='line_1_16' title="bbox 409 1820 2133 1916; baseline -0.001 -41"><span class='ocrx_word' id='word_1_89' title='bbox 409 1820 927 1876; x_wconf 87' lang='lat' dir='ltr'>necessitatevobis</span> <span class='ocrx_word' id='word_1_90' title='bbox 948 1821 1333 1889; x_wconf 87' lang='lat' dir='ltr'>innotuerint,</span> <span class='ocrx_word' id='word_1_91' title='bbox 1360 1821 1610 1893; x_wconf 83' lang='lat' dir='ltr'>benigno</span> <span class='ocrx_word' id='word_1_92' title='bbox 1635 1822 1830 1876; x_wconf 88' lang='lat' dir='ltr'>animo</span> <span class='ocrx_word' id='word_1_93' title='bbox 1853 1821 2051 1876; x_wconf 87' lang='lat' dir='ltr'>easdi-</span> <span class='ocrx_word' id='word_1_94' title='bbox 2082 1849 2133 1916; x_wconf 80' lang='grc' dir='ltr'><strong>Β</strong></span> 
     </span>
    </p>
   </div>
   <div class='ocr_carea' id='block_1_17' title="bbox 407 1908 2054 1982">
    <p class='ocr_par' dir='ltr' id='par_1_17' title="bbox 407 1908 2054 1982">
     <span class='ocr_line' id='line_1_17' title="bbox 407 1908 2054 1982; baseline 0.002 -19"><span class='ocrx_word' id='word_1_95' title='bbox 407 1908 599 1982; x_wconf 86' lang='lat' dir='ltr'>gnetis</span> <span class='ocrx_word' id='word_1_96' title='bbox 632 1909 834 1965; x_wconf 89' lang='lat' dir='ltr'>audire</span> <span class='ocrx_word' id='word_1_97' title='bbox 858 1914 914 1965; x_wconf 89' lang='lat' dir='ltr'>et</span> <span class='ocrx_word' id='word_1_98' title='bbox 935 1911 1261 1965; x_wconf 90' lang='lat' dir='ltr'>secundum</span> <span class='ocrx_word' id='word_1_99' title='bbox 1301 1914 1556 1966; x_wconf 84' lang='lat' dir='ltr'>vestram</span> <span class='ocrx_word' id='word_1_100' title='bbox 1592 1909 2054 1966; x_wconf 88' lang='lat' dir='ltr'>misericordiam</span> 
     </span>
    </p>
   </div>
   <div class='ocr_carea' id='block_1_18' title="bbox 404 1997 2053 2070">
    <p class='ocr_par' dir='ltr' id='par_1_18' title="bbox 404 1997 2053 2070">
     <span class='ocr_line' id='line_1_18' title="bbox 404 1997 2053 2070; baseline 0.001 -18"><span class='ocrx_word' id='word_1_101' title='bbox 404 1997 574 2053; x_wconf 90' lang='lat' dir='ltr'>nobis</span> <span class='ocrx_word' id='word_1_102' title='bbox 600 1997 963 2054; x_wconf 72' lang='lat' dir='ltr'>renunciare.</span> <span class='ocrx_word' id='word_1_103' title='bbox 997 1997 1150 2054; x_wconf 88' lang='lat' dir='ltr'>Deus</span> <span class='ocrx_word' id='word_1_104' title='bbox 1194 1998 1569 2070; x_wconf 90' lang='lat' dir='ltr'>omnipotens</span> <span class='ocrx_word' id='word_1_105' title='bbox 1626 2015 1728 2053; x_wconf 82' lang='lat' dir='ltr'>rex</span> <span class='ocrx_word' id='word_1_106' title='bbox 1785 1998 2053 2054; x_wconf 90' lang='lat' dir='ltr'>omnium</span> 
     </span>
    </p>
   </div>
   <div class='ocr_carea' id='block_1_19' title="bbox 407 2085 2051 2159">
    <p class='ocr_par' dir='ltr' id='par_1_19' title="bbox 407 2085 2051 2159">
     <span class='ocr_line' id='line_1_19' title="bbox 407 2085 2051 2159; baseline 0.002 -18"><span class='ocrx_word' id='word_1_107' title='bbox 407 2101 613 2158; x_wconf 86' lang='lat' dir='ltr'>regum</span> <span class='ocrx_word' id='word_1_108' title='bbox 674 2085 849 2141; x_wconf 82' lang='lat' dir='ltr'>faciat</span> <span class='ocrx_word' id='word_1_109' title='bbox 874 2103 1123 2159; x_wconf 85' lang='lat' dir='ltr'>regnum</span> <span class='ocrx_word' id='word_1_110' title='bbox 1153 2091 1418 2144; x_wconf 90' lang='lat' dir='ltr'>vestrum</span> <span class='ocrx_word' id='word_1_111' title='bbox 1451 2104 1578 2144; x_wconf 90' lang='lat' dir='ltr'>esse</span> <span class='ocrx_word' id='word_1_112' title='bbox 1623 2087 2051 2144; x_wconf 88' lang='lat' dir='ltr'>incomutatum</span> 
     </span>
    </p>
   </div>
   <div class='ocr_carea' id='block_1_20' title="bbox 407 2164 2050 2250">
    <p class='ocr_par' dir='ltr' id='par_1_20' title="bbox 407 2164 2050 2250">
     <span class='ocr_line' id='line_1_20' title="bbox 407 2164 2050 2250; baseline 0.001 -20"><span class='ocrx_word' id='word_1_113' title='bbox 407 2164 652 2232; x_wconf 88' lang='lat' dir='ltr'>omniun</span> <span class='ocrx_word' id='word_1_114' title='bbox 684 2173 942 2231; x_wconf 81' lang='lat' dir='ltr'>fidelium</span> <span class='ocrx_word' id='word_1_115' title='bbox 971 2185 1301 2233; x_wconf 84' lang='lat' dir='ltr'>vestrorum</span> <span class='ocrx_word' id='word_1_116' title='bbox 1333 2175 1393 2232; x_wconf 88' lang='lat' dir='ltr'>in</span> <span class='ocrx_word' id='word_1_117' title='bbox 1425 2176 1615 2233; x_wconf 89' lang='lat' dir='ltr'>salute</span> <span class='ocrx_word' id='word_1_118' title='bbox 1645 2194 1764 2233; x_wconf 63' lang='lat' dir='ltr'>suae</span> <span class='ocrx_word' id='word_1_119' title='bbox 1813 2193 2050 2250; x_wconf 88' lang='lat' dir='ltr'>prospe-</span> 
     </span>
    </p>
   </div>
   <div class='ocr_carea' id='block_1_21' title="bbox 407 2261 1967 2342">
    <p class='ocr_par' dir='ltr' id='par_1_21' title="bbox 407 2261 1967 2342">
     <span class='ocr_line' id='line_1_21' title="bbox 407 2261 1967 2342; baseline 0.003 -24"><span class='ocrx_word' id='word_1_120' title='bbox 407 2261 597 2320; x_wconf 90' lang='lat' dir='ltr'>ritatis</span> <span class='ocrx_word' id='word_1_121' title='bbox 627 2263 900 2337; x_wconf 87' lang='lat' dir='ltr'>disponat</span> <span class='ocrx_word' id='word_1_122' title='bbox 929 2264 1318 2326; x_wconf 78' lang='lat' dir='ltr'>stabilitatem</span> <span class='ocrx_word' id='word_1_123' title='bbox 1331 2267 1496 2342; x_wconf 87' lang='lat' dir='ltr'>regni</span> <span class='ocrx_word' id='word_1_124' title='bbox 1509 2267 1685 2324; x_wconf 90' lang='lat' dir='ltr'>vestri</span> <span class='ocrx_word' id='word_1_125' title='bbox 1703 2283 1831 2324; x_wconf 90' lang='lat' dir='ltr'>eam</span> <span class='ocrx_word' id='word_1_126' title='bbox 1848 2268 1967 2324; x_wconf 80' lang='lat' dir='ltr'>ﬁat.</span> 
     </span>
    </p>
   </div>
   <div class='ocr_carea' id='block_1_22' title="bbox 1132 2410 1320 2467">
    <p class='ocr_par' dir='ltr' id='par_1_22' title="bbox 1132 2410 1320 2467">
     <span class='ocr_line' id='line_1_22' title="bbox 1132 2410 1320 2467; baseline -0.005 -1"><span class='ocrx_word' id='word_1_127' title='bbox 1132 2410 1320 2467; x_wconf 90' lang='lat' dir='ltr'>LXIV.</span> 
     </span>
    </p>
   </div>
   <div class='ocr_carea' id='block_1_23' title="bbox 901 2515 1552 2557">
    <p class='ocr_par' dir='ltr' id='par_1_23' title="bbox 901 2515 1552 2557">
     <span class='ocr_line' id='line_1_23' title="bbox 901 2515 1552 2557; baseline 0 -2"><span class='ocrx_word' id='word_1_128' title='bbox 901 2515 1228 2557; x_wconf 81' lang='lat' dir='ltr'><strong>INDICULUM</strong></span> <span class='ocrx_word' id='word_1_129' title='bbox 1253 2516 1326 2554; x_wconf 80' lang='lat' dir='ltr'>AD</span> <span class='ocrx_word' id='word_1_130' title='bbox 1358 2515 1552 2556; x_wconf 80' lang='lat' dir='ltr'>REGEM</span> 
     </span>
    </p>
   </div>
   <div class='ocr_carea' id='block_1_24' title="bbox 471 2622 2051 2699">
    <p class='ocr_par' dir='ltr' id='par_1_24' title="bbox 471 2622 2051 2699">
     <span class='ocr_line' id='line_1_24' title="bbox 471 2622 2051 2699; baseline 0.003 -19"><span class='ocrx_word' id='word_1_131' title='bbox 471 2622 1158 2696; x_wconf 80' lang='lat' dir='ltr'>Dominagloriosissime</span> <span class='ocrx_word' id='word_1_132' title='bbox 1177 2625 1370 2697; x_wconf 89' lang='lat' dir='ltr'>adque</span> <span class='ocrx_word' id='word_1_133' title='bbox 1382 2624 1922 2699; x_wconf 64' lang='lat' dir='ltr'>praecellentissime</span> <span class='ocrx_word' id='word_1_134' title='bbox 1935 2626 2051 2684; x_wconf 81' lang='lat' dir='ltr'>tilie</span> 
     </span>
    </p>
   </div>
   <div class='ocr_carea' id='block_1_25' title="bbox 398 2711 2050 2787">
    <p class='ocr_par' dir='ltr' id='par_1_25' title="bbox 398 2711 2050 2787">
     <span class='ocr_line' id='line_1_25' title="bbox 398 2711 2050 2787; baseline 0.002 -20"><span class='ocrx_word' id='word_1_135' title='bbox 398 2711 500 2780; x_wconf 86' lang='lat' dir='ltr'>illa</span> <span class='ocrx_word' id='word_1_136' title='bbox 530 2713 750 2785; x_wconf 81' lang='lat' dir='ltr'>regina,</span> <span class='ocrx_word' id='word_1_137' title='bbox 782 2712 880 2773; x_wconf 90' lang='lat' dir='ltr'>ille</span> <span class='ocrx_word' id='word_1_138' title='bbox 902 2731 1105 2770; x_wconf 84' lang='lat' dir='ltr'>servus</span> <span class='ocrx_word' id='word_1_139' title='bbox 1137 2731 1440 2770; x_wconf 86' lang='lat' dir='ltr'>servorum</span> <span class='ocrx_word' id='word_1_140' title='bbox 1473 2714 1926 2787; x_wconf 88' lang='lat' dir='ltr'>Dei.Postquam</span> <span class='ocrx_word' id='word_1_141' title='bbox 1952 2731 2050 2771; x_wconf 59' lang='lat' dir='ltr'>ex~</span> 
     </span>
    </p>
   </div>
   <div class='ocr_carea' id='block_1_26' title="bbox 397 2799 2046 2875">
    <p class='ocr_par' dir='ltr' id='par_1_26' title="bbox 397 2799 2046 2875">
     <span class='ocr_line' id='line_1_26' title="bbox 397 2799 2046 2875; baseline 0.001 -18"><span class='ocrx_word' id='word_1_142' title='bbox 397 2799 665 2868; x_wconf 78' lang='lat' dir='ltr'>callentis</span> <span class='ocrx_word' id='word_1_143' title='bbox 695 2805 887 2857; x_wconf 89' lang='lat' dir='ltr'>vestre</span> <span class='ocrx_word' id='word_1_144' title='bbox 917 2801 1250 2858; x_wconf 90' lang='lat' dir='ltr'>sollicitudo</span> <span class='ocrx_word' id='word_1_145' title='bbox 1285 2801 1443 2874; x_wconf 90' lang='lat' dir='ltr'>regia</span> <span class='ocrx_word' id='word_1_146' title='bbox 1464 2805 1554 2858; x_wconf 91' lang='lat' dir='ltr'>est</span> <span class='ocrx_word' id='word_1_147' title='bbox 1607 2802 1706 2858; x_wconf 91' lang='lat' dir='ltr'>ubi</span> <span class='ocrx_word' id='word_1_148' title='bbox 1755 2803 2046 2875; x_wconf 88' lang='lat' dir='ltr'>guberna-</span> 
     </span>
    </p>
   </div>
   <div class='ocr_carea' id='block_1_27' title="bbox 393 2887 2044 2963">
    <p class='ocr_par' dir='ltr' id='par_1_27' title="bbox 393 2887 2044 2963">
     <span class='ocr_line' id='line_1_27' title="bbox 393 2887 2044 2963; baseline 0.003 -19"><span class='ocrx_word' id='word_1_149' title='bbox 393 2887 880 2946; x_wconf 89' lang='lat' dir='ltr'>tionelaudabilis</span> <span class='ocrx_word' id='word_1_150' title='bbox 904 2890 975 2945; x_wconf 88' lang='lat' dir='ltr'>ad</span> <span class='ocrx_word' id='word_1_151' title='bbox 999 2889 1429 2962; x_wconf 79' lang='lat' dir='ltr'>a[ug]mentum</span> <span class='ocrx_word' id='word_1_152' title='bbox 1444 2889 1629 2963; x_wconf 87' lang='lat' dir='ltr'>glorie</span> <span class='ocrx_word' id='word_1_153' title='bbox 1667 2907 1772 2947; x_wconf 91' lang='lat' dir='ltr'>sue</span> <span class='ocrx_word' id='word_1_154' title='bbox 1800 2891 2044 2963; x_wconf 86' lang='lat' dir='ltr'>vigilan-</span> 
     </span>
    </p>
   </div>
   <div class='ocr_carea' id='block_1_28' title="bbox 393 2976 2045 3051">
    <p class='ocr_par' dir='ltr' id='par_1_28' title="bbox 393 2976 2045 3051">
     <span class='ocr_line' id='line_1_28' title="bbox 393 2976 2045 3051; baseline 0.003 -18"><span class='ocrx_word' id='word_1_155' title='bbox 393 2976 557 3034; x_wconf 91' lang='lat' dir='ltr'>cione</span> <span class='ocrx_word' id='word_1_156' title='bbox 586 2993 648 3033; x_wconf 90' lang='lat' dir='ltr'>se</span> <span class='ocrx_word' id='word_1_157' title='bbox 661 2978 832 3034; x_wconf 86' lang='lat' dir='ltr'>debet</span> <span class='ocrx_word' id='word_1_158' title='bbox 847 2982 904 3034; x_wconf 92' lang='lat' dir='ltr'>et</span> <span class='ocrx_word' id='word_1_159' title='bbox 924 2978 1226 3051; x_wconf 83' lang='lat' dir='ltr'>providam</span> <span class='ocrx_word' id='word_1_160' title='bbox 1251 2979 1500 3047; x_wconf 86' lang='lat' dir='ltr'>exibere,</span> <span class='ocrx_word' id='word_1_161' title='bbox 1527 2981 1590 3034; x_wconf 90' lang='lat' dir='ltr'>ut</span> <span class='ocrx_word' id='word_1_162' title='bbox 1609 2996 1758 3051; x_wconf 90' lang='lat' dir='ltr'>quos</span> <span class='ocrx_word' id='word_1_163' title='bbox 1802 2980 2045 3038; x_wconf 88' lang='lat' dir='ltr'>consilio</span> 
     </span>
    </p>
   </div>
   <div class='ocr_carea' id='block_1_29' title="bbox 391 3065 2047 3142">
    <p class='ocr_par' dir='ltr' id='par_1_29' title="bbox 391 3065 2047 3142">
     <span class='ocr_line' id='line_1_29' title="bbox 391 3065 2047 3142; baseline 0.003 -21"><span class='ocrx_word' id='word_1_164' title='bbox 391 3066 541 3140; x_wconf 88' lang='lat' dir='ltr'>regit</span> <span class='ocrx_word' id='word_1_165' title='bbox 568 3065 821 3123; x_wconf 86' lang='lat' dir='ltr'>exterius</span> <span class='ocrx_word' id='word_1_166' title='bbox 851 3066 1037 3140; x_wconf 88' lang='lat' dir='ltr'>perire</span> <span class='ocrx_word' id='word_1_167' title='bbox 1068 3067 1315 3124; x_wconf 88' lang='lat' dir='ltr'>interius</span> <span class='ocrx_word' id='word_1_168' title='bbox 1349 3085 1466 3124; x_wconf 90' lang='lat' dir='ltr'>non</span> <span class='ocrx_word' id='word_1_169' title='bbox 1491 3068 1890 3139; x_wconf 88' lang='lat' dir='ltr'>permittat,ut</span> <span class='ocrx_word' id='word_1_170' title='bbox 1913 3075 2047 3142; x_wconf 87' lang='lat' dir='ltr'>post</span> 
     </span>
    </p>
   </div>
   <div class='ocr_carea' id='block_1_30' title="bbox 393 3148 2040 3232">
    <p class='ocr_par' dir='ltr' id='par_1_30' title="bbox 393 3148 2040 3232">
     <span class='ocr_line' id='line_1_30' title="bbox 393 3148 2040 3232; baseline 0.002 -21"><span class='ocrx_word' id='word_1_171' title='bbox 393 3148 573 3227; x_wconf 88' lang='lat' dir='ltr'>hujus</span> <span class='ocrx_word' id='word_1_172' title='bbox 598 3156 754 3227; x_wconf 84' lang='lat' dir='ltr'>quod</span> <span class='ocrx_word' id='word_1_173' title='bbox 802 3155 1002 3230; x_wconf 87' lang='lat' dir='ltr'>geritis</span> <span class='ocrx_word' id='word_1_174' title='bbox 1059 3157 1397 3229; x_wconf 84' lang='lat' dir='ltr'>temporalis</span> <span class='ocrx_word' id='word_1_175' title='bbox 1456 3158 1617 3230; x_wconf 86' lang='lat' dir='ltr'>regni</span> <span class='ocrx_word' id='word_1_176' title='bbox 1678 3158 1912 3232; x_wconf 85' lang='lat' dir='ltr'>fastigia</span> <span class='ocrx_word' id='word_1_177' title='bbox 1969 3160 2040 3215; x_wconf 90' lang='lat' dir='ltr'>ad</span> 
     </span>
    </p>
   </div>
   <div class='ocr_carea' id='block_1_31' title="bbox 393 3245 2039 3320">
    <p class='ocr_par' dir='ltr' id='par_1_31' title="bbox 393 3245 2039 3320">
     <span class='ocr_line' id='line_1_31' title="bbox 393 3245 2039 3320; baseline 0.002 -18"><span class='ocrx_word' id='word_1_178' title='bbox 393 3248 613 3314; x_wconf 86' lang='lat' dir='ltr'>eterna,</span> <span class='ocrx_word' id='word_1_179' title='bbox 644 3245 758 3302; x_wconf 90' lang='lat' dir='ltr'>Deo</span> <span class='ocrx_word' id='word_1_180' title='bbox 785 3247 1262 3319; x_wconf 86' lang='lat' dir='ltr'>auctore,gaudia</span> <span class='ocrx_word' id='word_1_181' title='bbox 1293 3246 1550 3320; x_wconf 78' lang='lat' dir='ltr'>possitis,</span> <span class='ocrx_word' id='word_1_182' title='bbox 1577 3247 1796 3320; x_wconf 88' lang='lat' dir='ltr'>regine,</span> <span class='ocrx_word' id='word_1_183' title='bbox 1820 3248 2039 3320; x_wconf 86' lang='lat' dir='ltr'>pertin-</span> 
     </span>
    </p>
   </div>
   <div class='ocr_carea' id='block_1_32' title="bbox 393 3333 976 3408">
    <p class='ocr_par' dir='ltr' id='par_1_32' title="bbox 393 3333 976 3408">
     <span class='ocr_line' id='line_1_32' title="bbox 393 3333 976 3408; baseline 0.002 -18"><span class='ocrx_word' id='word_1_184' title='bbox 393 3349 528 3407; x_wconf 83' lang='lat' dir='ltr'>gere</span> <span class='ocrx_word' id='word_1_185' title='bbox 557 3333 976 3408; x_wconf 87' lang='lat' dir='ltr'>sempiterna...</span> 
     </span>
    </p>
   </div>
   <div class='ocr_carea' id='block_1_33' title="bbox 1132 3458 1299 3514">
    <p class='ocr_par' dir='ltr' id='par_1_33' title="bbox 1132 3458 1299 3514">
     <span class='ocr_line' id='line_1_33' title="bbox 1132 3458 1299 3514; baseline 0 0"><span class='ocrx_word' id='word_1_186' title='bbox 1132 3458 1299 3514; x_wconf 86' lang='lat' dir='ltr'>LXV.</span> 
     </span>
    </p>
   </div>
   <div class='ocr_carea' id='block_1_34' title="bbox 838 3565 1593 3605">
    <p class='ocr_par' dir='ltr' id='par_1_34' title="bbox 838 3565 1593 3605">
     <span class='ocr_line' id='line_1_34' title="bbox 838 3565 1593 3605; baseline 0.001 -1"><span class='ocrx_word' id='word_1_187' title='bbox 838 3565 1162 3605; x_wconf 78' lang='lat' dir='ltr'>INDICULUM</span> <span class='ocrx_word' id='word_1_188' title='bbox 1208 3565 1280 3604; x_wconf 78' lang='lat' dir='ltr'>AD</span> <span class='ocrx_word' id='word_1_189' title='bbox 1309 3565 1593 3605; x_wconf 82' lang='grc' dir='ltr'>ΑΒΒΑΤΕΜ.</span> 
     </span>
    </p>
   </div>
   <div class='ocr_carea' id='block_1_35' title="bbox 462 3691 2033 3764">
    <p class='ocr_par' dir='ltr' id='par_1_35' title="bbox 462 3691 2033 3764">
     <span class='ocr_line' id='line_1_35' title="bbox 462 3691 2033 3764; baseline 0.003 -17"><span class='ocrx_word' id='word_1_190' title='bbox 462 3691 710 3757; x_wconf 85' lang='lat' dir='ltr'>Domino</span> <span class='ocrx_word' id='word_1_191' title='bbox 739 3691 1070 3754; x_wconf 71' lang='lat' dir='ltr'>venerabili,</span> <span class='ocrx_word' id='word_1_192' title='bbox 1097 3697 1271 3764; x_wconf 90' lang='lat' dir='ltr'>atque</span> <span class='ocrx_word' id='word_1_193' title='bbox 1307 3692 1636 3748; x_wconf 86' lang='lat' dir='ltr'>honorabili</span> <span class='ocrx_word' id='word_1_194' title='bbox 1683 3692 1769 3748; x_wconf 88' lang='lat' dir='ltr'>illi</span> <span class='ocrx_word' id='word_1_195' title='bbox 1818 3694 2033 3764; x_wconf 86' lang='lat' dir='ltr'>abbati,</span> 
     </span>
    </p>
   </div>
   <div class='ocr_carea' id='block_1_36' title="bbox 387 3778 2032 3841">
    <p class='ocr_par' dir='ltr' id='par_1_36' title="bbox 387 3778 2032 3841">
     <span class='ocr_line' id='line_1_36' title="bbox 387 3778 2032 3841; baseline 0.004 -7"><span class='ocrx_word' id='word_1_196' title='bbox 387 3778 483 3835; x_wconf 86' lang='lat' dir='ltr'>ille</span> <span class='ocrx_word' id='word_1_197' title='bbox 513 3779 733 3835; x_wconf 88' lang='lat' dir='ltr'>donum</span> <span class='ocrx_word' id='word_1_198' title='bbox 763 3779 865 3836; x_wconf 89' lang='lat' dir='ltr'>Dei</span> <span class='ocrx_word' id='word_1_199' title='bbox 894 3785 1131 3836; x_wconf 90' lang='lat' dir='ltr'>vocatus</span> <span class='ocrx_word' id='word_1_200' title='bbox 1161 3779 1247 3838; x_wconf 90' lang='lat' dir='ltr'>sic</span> <span class='ocrx_word' id='word_1_201' title='bbox 1281 3784 1544 3838; x_wconf 80' lang='lat' dir='ltr'>sternam</span> <span class='ocrx_word' id='word_1_202' title='bbox 1577 3782 1636 3836; x_wconf 91' lang='lat' dir='ltr'>in</span> <span class='ocrx_word' id='word_1_203' title='bbox 1666 3782 1913 3839; x_wconf 87' lang='lat' dir='ltr'>Domino</span> <span class='ocrx_word' id='word_1_204' title='bbox 1941 3801 2032 3841; x_wconf 88' lang='lat' dir='ltr'>sa-</span> 
     </span>
    </p>
   </div>
   <div class='ocr_carea' id='block_1_37' title="bbox 385 3865 2034 3944">
    <p class='ocr_par' dir='ltr' id='par_1_37' title="bbox 385 3865 2034 3944">
     <span class='ocr_line' id='line_1_37' title="bbox 385 3865 2034 3944; baseline 0.004 -21"><span class='ocrx_word' id='word_1_205' title='bbox 385 3865 593 3924; x_wconf 88' lang='lat' dir='ltr'>lutem.</span> <span class='ocrx_word' id='word_1_206' title='bbox 623 3867 835 3924; x_wconf 91' lang='lat' dir='ltr'>Nostra</span> <span class='ocrx_word' id='word_1_207' title='bbox 848 3867 1154 3925; x_wconf 86' lang='lat' dir='ltr'>humilitas</span> <span class='ocrx_word' id='word_1_208' title='bbox 1173 3869 1543 3926; x_wconf 85' lang='lat' dir='ltr'>sanctitatem</span> <span class='ocrx_word' id='word_1_209' title='bbox 1560 3874 1724 3926; x_wconf 89' lang='lat' dir='ltr'>tuam</span> <span class='ocrx_word' id='word_1_210' title='bbox 1762 3872 2034 3944; x_wconf 88' lang='lat' dir='ltr'>deprecat</span> 
     </span>
    </p>
   </div>
   <div class='ocr_carea' id='block_1_38' title="bbox 379 3955 2027 4032">
    <p class='ocr_par' dir='ltr' id='par_1_38' title="bbox 379 3955 2027 4032">
     <span class='ocr_line' id='line_1_38' title="bbox 379 3955 2027 4032; baseline 0.002 -19"><span class='ocrx_word' id='word_1_211' title='bbox 379 3959 446 4013; x_wconf 88' lang='lat' dir='ltr'>ut</span> <span class='ocrx_word' id='word_1_212' title='bbox 471 3955 635 4013; x_wconf 88' lang='lat' dir='ltr'>illam</span> <span class='ocrx_word' id='word_1_213' title='bbox 667 3974 810 4025; x_wconf 88' lang='lat' dir='ltr'>rem,</span> <span class='ocrx_word' id='word_1_214' title='bbox 845 3957 946 4030; x_wconf 85' lang='lat' dir='ltr'>qui</span> <span class='ocrx_word' id='word_1_215' title='bbox 977 3957 1340 4030; x_wconf 86' lang='lat' dir='ltr'>apellabatur</span> <span class='ocrx_word' id='word_1_216' title='bbox 1371 3957 1732 4031; x_wconf 90' lang='lat' dir='ltr'>illa,peristo</span> <span class='ocrx_word' id='word_1_217' title='bbox 1757 3965 2027 4032; x_wconf 78' lang='lat' dir='ltr'>prasente</span> 
     </span>
    </p>
   </div>
   <div class='ocr_carea' id='block_1_39' title="bbox 377 4043 2020 4118">
    <p class='ocr_par' dir='ltr' id='par_1_39' title="bbox 377 4043 2020 4118">
     <span class='ocr_line' id='line_1_39' title="bbox 377 4043 2020 4118; baseline 0.003 -18"><span class='ocrx_word' id='word_1_218' title='bbox 377 4043 634 4118; x_wconf 86' lang='lat' dir='ltr'>legatum</span> <span class='ocrx_word' id='word_1_219' title='bbox 648 4050 846 4109; x_wconf 89' lang='lat' dir='ltr'>nostro</span> <span class='ocrx_word' id='word_1_220' title='bbox 860 4047 1029 4103; x_wconf 91' lang='lat' dir='ltr'>nobis</span> <span class='ocrx_word' id='word_1_221' title='bbox 1048 4047 1448 4104; x_wconf 86' lang='lat' dir='ltr'>transmittere</span> <span class='ocrx_word' id='word_1_222' title='bbox 1468 4064 1581 4103; x_wconf 92' lang='lat' dir='ltr'>non</span> <span class='ocrx_word' id='word_1_223' title='bbox 1604 4048 2020 4118; x_wconf 89' lang='lat' dir='ltr'>dedicnemini,</span> 
     </span>
    </p>
   </div>
   <div class='ocr_carea' id='block_1_40' title="bbox 376 4133 2027 4212">
    <p class='ocr_par' dir='ltr' id='par_1_40' title="bbox 376 4133 2027 4212">
     <span class='ocr_line' id='line_1_40' title="bbox 376 4133 2027 4212; baseline 0.005 -24"><span class='ocrx_word' id='word_1_224' title='bbox 376 4133 646 4191; x_wconf 88' lang='lat' dir='ltr'>videlicet</span> <span class='ocrx_word' id='word_1_225' title='bbox 670 4135 739 4192; x_wconf 88' lang='lat' dir='ltr'>ad</span> <span class='ocrx_word' id='word_1_226' title='bbox 769 4152 892 4192; x_wconf 90' lang='lat' dir='ltr'>rem</span> <span class='ocrx_word' id='word_1_227' title='bbox 927 4135 1255 4194; x_wconf 85' lang='lat' dir='ltr'>faciendam</span> <span class='ocrx_word' id='word_1_228' title='bbox 1283 4155 1296 4204; x_wconf 92' lang='lat'><strong>;</strong></span> <span class='ocrx_word' id='word_1_229' title='bbox 1322 4141 1378 4192; x_wconf 90' lang='lat' dir='ltr'>et</span> <span class='ocrx_word' id='word_1_230' title='bbox 1424 4154 1681 4210; x_wconf 89' lang='lat' dir='ltr'>cumque</span> <span class='ocrx_word' id='word_1_231' title='bbox 1736 4139 2027 4212; x_wconf 85' lang='lat' dir='ltr'>perexple-</span> 
     </span>
    </p>
   </div>
   <div class='ocr_carea' id='block_1_41' title="bbox 374 4224 2025 4292">
    <p class='ocr_par' dir='ltr' id='par_1_41' title="bbox 374 4224 2025 4292">
     <span class='ocr_line' id='line_1_41' title="bbox 374 4224 2025 4292; baseline 0.003 -13"><span class='ocrx_word' id='word_1_232' title='bbox 374 4227 503 4280; x_wconf 87' lang='lat' dir='ltr'>tum</span> <span class='ocrx_word' id='word_1_233' title='bbox 525 4224 716 4292; x_wconf 84' lang='lat' dir='ltr'>fuerit,</span> <span class='ocrx_word' id='word_1_234' title='bbox 741 4225 940 4282; x_wconf 85' lang='lat' dir='ltr'>statim</span> <span class='ocrx_word' id='word_1_235' title='bbox 971 4226 1042 4281; x_wconf 89' lang='lat' dir='ltr'>ad</span> <span class='ocrx_word' id='word_1_236' title='bbox 1073 4243 1174 4282; x_wconf 91' lang='lat' dir='ltr'>vos</span> <span class='ocrx_word' id='word_1_237' title='bbox 1228 4225 1455 4282; x_wconf 89' lang='lat' dir='ltr'>salvum</span> <span class='ocrx_word' id='word_1_238' title='bbox 1505 4242 1766 4284; x_wconf 86' lang='lat' dir='ltr'>remeare</span> <span class='ocrx_word' id='word_1_239' title='bbox 1823 4245 2025 4284; x_wconf 88' lang='lat' dir='ltr'>curre-</span> 
     </span>
    </p>
   </div>
   <div class='ocr_carea' id='block_1_42' title="bbox 373 4313 1412 4388">
    <p class='ocr_par' dir='ltr' id='par_1_42' title="bbox 373 4313 1412 4388">
     <span class='ocr_line' id='line_1_42' title="bbox 373 4313 1412 4388; baseline 0.002 -18"><span class='ocrx_word' id='word_1_240' title='bbox 373 4328 528 4370; x_wconf 85' lang='lat' dir='ltr'>mus.</span> <span class='ocrx_word' id='word_1_241' title='bbox 557 4313 757 4376; x_wconf 86' lang='lat' dir='ltr'>Valete</span> <span class='ocrx_word' id='word_1_242' title='bbox 785 4315 844 4371; x_wconf 91' lang='lat' dir='ltr'>in</span> <span class='ocrx_word' id='word_1_243' title='bbox 878 4314 1126 4372; x_wconf 86' lang='lat' dir='ltr'>Domino</span> <span class='ocrx_word' id='word_1_244' title='bbox 1160 4330 1412 4388; x_wconf 80' lang='lat' dir='ltr'>semper.</span> 
     </span>
    </p>
   </div>
   <div class='ocr_carea' id='block_1_43' title="bbox 1703 347 2547 418">
    <p class='ocr_par' dir='ltr' id='par_1_43' title="bbox 1703 347 2547 418">
     <span class='ocr_line' id='line_1_43' title="bbox 1703 347 2547 418; baseline 0.002 -6"><span class='ocrx_word' id='word_1_245' title='bbox 1703 348 2044 412; x_wconf 58' lang='grc' dir='ltr'>ΑιΡΡΕΝΒφ</span> <span class='ocrx_word' id='word_1_246' title='bbox 2071 347 2196 412; x_wconf 76' lang='grc' dir='ltr'>ἈΒ</span> <span class='ocrx_word' id='word_1_247' title='bbox 2234 349 2424 414; x_wconf 65' lang='lat' dir='ltr'>SIEC.</span> <span class='ocrx_word' id='word_1_248' title='bbox 2470 351 2547 418; x_wconf 84' lang='lat' dir='ltr'><strong>X.</strong></span> 
     </span>
    </p>
   </div>
   <div class='ocr_carea' id='block_1_44' title="bbox 2097 482 3109 550">
    <p class='ocr_par' dir='ltr' id='par_1_44' title="bbox 2097 482 3109 550">
     <span class='ocr_line' id='line_1_44' title="bbox 2097 482 3109 550; baseline -0.01 0"><span class='ocrx_word' id='word_1_249' title='bbox 2097 482 2157 550; x_wconf 77' lang='lat' dir='ltr'>Ar;</span> <span class='ocrx_word' id='word_1_250' title='bbox 2757 523 2760 525; x_wconf 53' lang='grc' dir='ltr'>λ</span> <span class='ocrx_word' id='word_1_251' title='bbox 2922 485 3109 542; x_wconf 86' lang='lat' dir='ltr'><strong>LXVI.</strong></span> 
     </span>
    </p>
   </div>
   <div class='ocr_carea' id='block_1_45' title="bbox 3677 347 3855 412">
    <p class='ocr_par' dir='ltr' id='par_1_45' title="bbox 3677 347 3855 412">
     <span class='ocr_line' id='line_1_45' title="bbox 3677 347 3855 412; baseline -0.011 0"><span class='ocrx_word' id='word_1_252' title='bbox 3677 347 3855 412; x_wconf 67' lang='grc'>1464</span> 
     </span>
    </p>
   </div>
   <div class='ocr_carea' id='block_1_46' title="bbox 2782 574 3232 646">
    <p class='ocr_par' dir='ltr' id='par_1_46' title="bbox 2782 574 3232 646">
     <span class='ocr_line' id='line_1_46' title="bbox 2782 574 3232 646; baseline 0 -16"><span class='ocrx_word' id='word_1_253' title='bbox 2782 574 2935 646; x_wconf 80' lang='lat' dir='ltr'>[Sine</span> <span class='ocrx_word' id='word_1_254' title='bbox 2963 575 3232 646; x_wconf 70' lang='lat' dir='ltr'>rubrica.}</span> 
     </span>
    </p>
   </div>
   <div class='ocr_carea' id='block_1_47' title="bbox 2250 715 3846 789">
    <p class='ocr_par' dir='ltr' id='par_1_47' title="bbox 2250 715 3846 789">
     <span class='ocr_line' id='line_1_47' title="bbox 2250 715 3846 789; baseline 0.002 -20"><span class='ocrx_word' id='word_1_255' title='bbox 2250 716 2513 773; x_wconf 89' lang='lat' dir='ltr'>Amabile</span> <span class='ocrx_word' id='word_1_256' title='bbox 2543 718 2733 788; x_wconf 88' lang='lat' dir='ltr'>adque</span> <span class='ocrx_word' id='word_1_257' title='bbox 2764 735 2879 789; x_wconf 70' lang='lat' dir='ltr'>prae</span> <span class='ocrx_word' id='word_1_258' title='bbox 2912 718 3117 774; x_wconf 89' lang='lat' dir='ltr'>ceteris</span> <span class='ocrx_word' id='word_1_259' title='bbox 3147 715 3414 789; x_wconf 88' lang='lat' dir='ltr'>patribus</span> <span class='ocrx_word' id='word_1_260' title='bbox 3466 715 3846 787; x_wconf 86' lang='lat' dir='ltr'>spiritalibus</span> 
     </span>
    </p>
   </div>
   <div class='ocr_carea' id='block_1_48' title="bbox 2182 804 3846 874">
    <p class='ocr_par' dir='ltr' id='par_1_48' title="bbox 2182 804 3846 874">
     <span class='ocr_line' id='line_1_48' title="bbox 2182 804 3846 874; baseline 0.001 -16"><span class='ocrx_word' id='word_1_261' title='bbox 2182 819 2214 858; x_wconf 89' lang='lat' dir='ltr'>a</span> <span class='ocrx_word' id='word_1_262' title='bbox 2244 804 2412 860; x_wconf 88' lang='lat' dir='ltr'>nobis</span> <span class='ocrx_word' id='word_1_263' title='bbox 2443 805 2690 861; x_wconf 88' lang='lat' dir='ltr'>dilectus</span> <span class='ocrx_word' id='word_1_264' title='bbox 2722 806 2819 861; x_wconf 90' lang='lat' dir='ltr'>ille</span> <span class='ocrx_word' id='word_1_265' title='bbox 2853 805 3134 874; x_wconf 90' lang='lat' dir='ltr'>abba,ille</span> <span class='ocrx_word' id='word_1_266' title='bbox 3155 821 3674 862; x_wconf 84' lang='lat' dir='ltr'>servusservorum</span> <span class='ocrx_word' id='word_1_267' title='bbox 3695 804 3846 860; x_wconf 86' lang='lat' dir='ltr'>ulti-</span> 
     </span>
    </p>
   </div>
   <div class='ocr_carea' id='block_1_49' title="bbox 2180 893 3841 960">
    <p class='ocr_par' dir='ltr' id='par_1_49' title="bbox 2180 893 3841 960">
     <span class='ocr_line' id='line_1_49' title="bbox 2180 893 3841 960; baseline 0.001 -12"><span class='ocrx_word' id='word_1_268' title='bbox 2180 909 2314 948; x_wconf 90' lang='lat' dir='ltr'>mus</span> <span class='ocrx_word' id='word_1_269' title='bbox 2332 898 2386 949; x_wconf 90' lang='lat' dir='ltr'>et</span> <span class='ocrx_word' id='word_1_270' title='bbox 2403 899 2593 951; x_wconf 85' lang='lat' dir='ltr'>vester</span> <span class='ocrx_word' id='word_1_271' title='bbox 2609 893 2800 950; x_wconf 88' lang='lat' dir='ltr'>ﬁdelis</span> <span class='ocrx_word' id='word_1_272' title='bbox 2827 895 2884 950; x_wconf 92' lang='lat' dir='ltr'>in</span> <span class='ocrx_word' id='word_1_273' title='bbox 2907 896 3182 951; x_wconf 87' lang='lat' dir='ltr'>omnibus</span> <span class='ocrx_word' id='word_1_274' title='bbox 3215 894 3273 950; x_wconf 92' lang='lat' dir='ltr'>in</span> <span class='ocrx_word' id='word_1_275' title='bbox 3302 893 3569 950; x_wconf 91' lang='lat' dir='ltr'>Domino.</span> <span class='ocrx_word' id='word_1_276' title='bbox 3589 893 3841 960; x_wconf 89' lang='lat' dir='ltr'>Idcirco,</span> 
     </span>
    </p>
   </div>
   <div class='ocr_carea' id='block_1_50' title="bbox 2178 982 3841 1056">
    <p class='ocr_par' dir='ltr' id='par_1_50' title="bbox 2178 982 3841 1056">
     <span class='ocr_line' id='line_1_50' title="bbox 2178 982 3841 1056; baseline 0 -20"><span class='ocrx_word' id='word_1_277' title='bbox 2178 983 2392 1038; x_wconf 90' lang='lat' dir='ltr'>domne</span> <span class='ocrx_word' id='word_1_278' title='bbox 2414 984 2604 1055; x_wconf 88' lang='lat' dir='ltr'>adque</span> <span class='ocrx_word' id='word_1_279' title='bbox 2634 983 2720 1040; x_wconf 89' lang='lat' dir='ltr'>vir</span> <span class='ocrx_word' id='word_1_280' title='bbox 2743 984 3125 1040; x_wconf 87' lang='lat' dir='ltr'>beatissimus</span> <span class='ocrx_word' id='word_1_281' title='bbox 3154 988 3319 1056; x_wconf 89' lang='lat' dir='ltr'>pater</span> <span class='ocrx_word' id='word_1_282' title='bbox 3348 982 3570 1048; x_wconf 88' lang='lat' dir='ltr'>ille,ille</span> <span class='ocrx_word' id='word_1_283' title='bbox 3619 999 3841 1054; x_wconf 82' lang='lat' dir='ltr'>quam-</span> 
     </span>
    </p>
   </div>
   <div class='ocr_carea' id='block_1_51' title="bbox 2175 1070 3835 1145">
    <p class='ocr_par' dir='ltr' id='par_1_51' title="bbox 2175 1070 3835 1145">
     <span class='ocr_line' id='line_1_51' title="bbox 2175 1070 3835 1145; baseline 0.001 -21"><span class='ocrx_word' id='word_1_284' title='bbox 2175 1070 2263 1128; x_wconf 87' lang='lat' dir='ltr'>vis</span> <span class='ocrx_word' id='word_1_285' title='bbox 2279 1088 2384 1144; x_wconf 89' lang='lat' dir='ltr'>ego</span> <span class='ocrx_word' id='word_1_286' title='bbox 2415 1072 2694 1145; x_wconf 89' lang='lat' dir='ltr'>indignus</span> <span class='ocrx_word' id='word_1_287' title='bbox 2721 1077 2991 1144; x_wconf 88' lang='lat' dir='ltr'>peccator</span> <span class='ocrx_word' id='word_1_288' title='bbox 3017 1073 3344 1129; x_wconf 84' lang='lat' dir='ltr'>monachus</span> <span class='ocrx_word' id='word_1_289' title='bbox 3375 1071 3646 1144; x_wconf 89' lang='lat' dir='ltr'>proprius</span> <span class='ocrx_word' id='word_1_290' title='bbox 3672 1071 3835 1126; x_wconf 79' lang='lat' dir='ltr'>fede-</span> 
     </span>
    </p>
   </div>
   <div class='ocr_carea' id='block_1_52' title="bbox 2171 1159 3830 1234">
    <p class='ocr_par' dir='ltr' id='par_1_52' title="bbox 2171 1159 3830 1234">
     <span class='ocr_line' id='line_1_52' title="bbox 2171 1159 3830 1234; baseline 0.001 -20"><span class='ocrx_word' id='word_1_291' title='bbox 2171 1159 2245 1216; x_wconf 85' lang='lat' dir='ltr'>lis</span> <span class='ocrx_word' id='word_1_292' title='bbox 2276 1164 2333 1216; x_wconf 85' lang='lat' dir='ltr'>et</span> <span class='ocrx_word' id='word_1_293' title='bbox 2364 1159 2678 1234; x_wconf 86' lang='lat' dir='ltr'>mi[ni]ster</span> <span class='ocrx_word' id='word_1_294' title='bbox 2700 1161 3018 1218; x_wconf 88' lang='lat' dir='ltr'>salutemin</span> <span class='ocrx_word' id='word_1_295' title='bbox 3053 1161 3301 1218; x_wconf 89' lang='lat' dir='ltr'>Domino</span> <span class='ocrx_word' id='word_1_296' title='bbox 3352 1160 3695 1234; x_wconf 89' lang='lat' dir='ltr'>dirigimus.</span> <span class='ocrx_word' id='word_1_297' title='bbox 3744 1164 3830 1215; x_wconf 85' lang='lat' dir='ltr'>De</span> 
     </span>
    </p>
   </div>
   <div class='ocr_carea' id='block_1_53' title="bbox 2175 1253 2909 1323">
    <p class='ocr_par' dir='ltr' id='par_1_53' title="bbox 2175 1253 2909 1323">
     <span class='ocr_line' id='line_1_53' title="bbox 2175 1253 2909 1323; baseline 0.001 -19"><span class='ocrx_word' id='word_1_298' title='bbox 2175 1253 2362 1306; x_wconf 86' lang='lat' dir='ltr'>cetero</span> <span class='ocrx_word' id='word_1_299' title='bbox 2396 1266 2909 1323; x_wconf 87' lang='lat' dir='ltr'>rogamus..........</span> 
     </span>
    </p>
   </div>
   <div class='ocr_carea' id='block_1_54' title="bbox 2895 1392 3117 1449">
    <p class='ocr_par' dir='ltr' id='par_1_54' title="bbox 2895 1392 3117 1449">
     <span class='ocr_line' id='line_1_54' title="bbox 2895 1392 3117 1449; baseline -0.009 0"><span class='ocrx_word' id='word_1_300' title='bbox 2895 1392 3117 1449; x_wconf 83' lang='lat' dir='ltr'><strong>LXVII.</strong></span> 
     </span>
    </p>
   </div>
   <div class='ocr_carea' id='block_1_55' title="bbox 2807 1498 3182 1539">
    <p class='ocr_par' dir='ltr' id='par_1_55' title="bbox 2807 1498 3182 1539">
     <span class='ocr_line' id='line_1_55' title="bbox 2807 1498 3182 1539; baseline -0.003 0"><span class='ocrx_word' id='word_1_301' title='bbox 2807 1499 2942 1539; x_wconf 81' lang='lat' dir='ltr'>ITEM</span> <span class='ocrx_word' id='word_1_302' title='bbox 2980 1498 3182 1538; x_wconf 74' lang='lat' dir='ltr'><strong>ALIUM.</strong></span> 
     </span>
    </p>
   </div>
   <div class='ocr_carea' id='block_1_56' title="bbox 2236 1604 3828 1678">
    <p class='ocr_par' dir='ltr' id='par_1_56' title="bbox 2236 1604 3828 1678">
     <span class='ocr_line' id='line_1_56' title="bbox 2236 1604 3828 1678; baseline 0.001 -18"><span class='ocrx_word' id='word_1_303' title='bbox 2236 1604 2479 1660; x_wconf 89' lang='lat' dir='ltr'>Domine</span> <span class='ocrx_word' id='word_1_304' title='bbox 2510 1605 2652 1660; x_wconf 91' lang='lat' dir='ltr'>mihi</span> <span class='ocrx_word' id='word_1_305' title='bbox 2676 1610 2732 1662; x_wconf 90' lang='lat' dir='ltr'>et</span> <span class='ocrx_word' id='word_1_306' title='bbox 2746 1605 2974 1663; x_wconf 82' lang='lat' dir='ltr'>Christo</span> <span class='ocrx_word' id='word_1_307' title='bbox 2989 1606 3330 1678; x_wconf 87' lang='lat' dir='ltr'>meritisque</span> <span class='ocrx_word' id='word_1_308' title='bbox 3343 1607 3673 1663; x_wconf 84' lang='lat' dir='ltr'>venerando</span> <span class='ocrx_word' id='word_1_309' title='bbox 3702 1606 3828 1674; x_wconf 85' lang='lat' dir='ltr'>illo,</span> 
     </span>
    </p>
   </div>
   <div class='ocr_carea' id='block_1_57' title="bbox 2165 1693 3822 1770">
    <p class='ocr_par' dir='ltr' id='par_1_57' title="bbox 2165 1693 3822 1770">
     <span class='ocr_line' id='line_1_57' title="bbox 2165 1693 3822 1770; baseline 0.002 -22"><span class='ocrx_word' id='word_1_310' title='bbox 2165 1709 2270 1766; x_wconf 88' lang='lat' dir='ltr'>ego</span> <span class='ocrx_word' id='word_1_311' title='bbox 2302 1693 2418 1760; x_wconf 91' lang='lat' dir='ltr'>ille,</span> <span class='ocrx_word' id='word_1_312' title='bbox 2450 1711 2516 1750; x_wconf 89' lang='lat' dir='ltr'>ac</span> <span class='ocrx_word' id='word_1_313' title='bbox 2546 1695 3273 1769; x_wconf 83' lang='lat' dir='ltr'>sicindignuspeccatoret</span> <span class='ocrx_word' id='word_1_314' title='bbox 3289 1697 3822 1770; x_wconf 80' lang='lat' dir='ltr'>exiguusumnium</span> 
     </span>
    </p>
   </div>
   <div class='ocr_carea' id='block_1_58' title="bbox 2165 1784 3828 1858">
    <p class='ocr_par' dir='ltr' id='par_1_58' title="bbox 2165 1784 3828 1858">
     <span class='ocr_line' id='line_1_58' title="bbox 2165 1784 3828 1858; baseline 0.001 -20"><span class='ocrx_word' id='word_1_315' title='bbox 2165 1789 2485 1840; x_wconf 88' lang='lat' dir='ltr'>vestrorum</span> <span class='ocrx_word' id='word_1_316' title='bbox 2503 1784 2755 1842; x_wconf 89' lang='lat' dir='ltr'>salutem</span> <span class='ocrx_word' id='word_1_317' title='bbox 2767 1786 2872 1842; x_wconf 89' lang='lat' dir='ltr'>tibi</span> <span class='ocrx_word' id='word_1_318' title='bbox 2886 1785 3199 1842; x_wconf 88' lang='lat' dir='ltr'>amabilem</span> <span class='ocrx_word' id='word_1_319' title='bbox 3214 1803 3449 1858; x_wconf 82' lang='lat' dir='ltr'>prosum</span> <span class='ocrx_word' id='word_1_320' title='bbox 3464 1786 3511 1841; x_wconf 90' lang='lat' dir='ltr'>si</span> <span class='ocrx_word' id='word_1_321' title='bbox 3532 1786 3828 1842; x_wconf 87' lang='lat' dir='ltr'>mitterein</span> 
     </span>
    </p>
   </div>
   <div class='ocr_carea' id='block_1_59' title="bbox 2164 1873 3824 1948">
    <p class='ocr_par' dir='ltr' id='par_1_59' title="bbox 2164 1873 3824 1948">
     <span class='ocr_line' id='line_1_59' title="bbox 2164 1873 3824 1948; baseline 0.001 -19"><span class='ocrx_word' id='word_1_322' title='bbox 2164 1873 2430 1930; x_wconf 92' lang='lat' dir='ltr'>Domino.</span> <span class='ocrx_word' id='word_1_323' title='bbox 2465 1878 2674 1930; x_wconf 89' lang='lat' dir='ltr'>Precor</span> <span class='ocrx_word' id='word_1_324' title='bbox 2711 1892 2985 1932; x_wconf 88' lang='lat' dir='ltr'>summan</span> <span class='ocrx_word' id='word_1_325' title='bbox 3015 1875 3335 1931; x_wconf 86' lang='lat' dir='ltr'>trinitatem</span> <span class='ocrx_word' id='word_1_326' title='bbox 3367 1875 3824 1948; x_wconf 77' lang='lat' dir='ltr'>inseparabilem</span> 
     </span>
    </p>
   </div>
   <div class='ocr_carea' id='block_1_60' title="bbox 2169 1962 3828 2038">
    <p class='ocr_par' dir='ltr' id='par_1_60' title="bbox 2169 1962 3828 2038">
     <span class='ocr_line' id='line_1_60' title="bbox 2169 1962 3828 2038; baseline 0.001 -20"><span class='ocrx_word' id='word_1_327' title='bbox 2169 1966 2234 2018; x_wconf 91' lang='lat' dir='ltr'>ut</span> <span class='ocrx_word' id='word_1_328' title='bbox 2261 1966 2316 2019; x_wconf 90' lang='lat' dir='ltr'>te</span> <span class='ocrx_word' id='word_1_329' title='bbox 2345 1969 2650 2019; x_wconf 89' lang='lat' dir='ltr'>conservet</span> <span class='ocrx_word' id='word_1_330' title='bbox 2679 1964 2922 2036; x_wconf 88' lang='lat' dir='ltr'>ubique.</span> <span class='ocrx_word' id='word_1_331' title='bbox 2956 1966 3037 2020; x_wconf 93' lang='lat' dir='ltr'>De</span> <span class='ocrx_word' id='word_1_332' title='bbox 3068 1968 3256 2021; x_wconf 89' lang='lat' dir='ltr'>cetero</span> <span class='ocrx_word' id='word_1_333' title='bbox 3275 1962 3828 2038; x_wconf 86' lang='lat' dir='ltr'>rogamus.....VaIe</span> 
     </span>
    </p>
   </div>
   <div class='ocr_carea' id='block_1_61' title="bbox 2167 2051 3821 2122">
    <p class='ocr_par' dir='ltr' id='par_1_61' title="bbox 2167 2051 3821 2122">
     <span class='ocr_line' id='line_1_61' title="bbox 2167 2051 3821 2122; baseline 0.001 -16"><span class='ocrx_word' id='word_1_334' title='bbox 2167 2051 2222 2106; x_wconf 90' lang='lat' dir='ltr'>in</span> <span class='ocrx_word' id='word_1_335' title='bbox 2257 2051 2522 2121; x_wconf 90' lang='lat' dir='ltr'>Domino,</span> <span class='ocrx_word' id='word_1_336' title='bbox 2553 2053 2641 2108; x_wconf 89' lang='lat' dir='ltr'>vir</span> <span class='ocrx_word' id='word_1_337' title='bbox 2658 2053 3151 2122; x_wconf 89' lang='lat' dir='ltr'>virtutum,decus</span> <span class='ocrx_word' id='word_1_338' title='bbox 3188 2053 3511 2110; x_wconf 88' lang='lat' dir='ltr'>amicorum</span> <span class='ocrx_word' id='word_1_339' title='bbox 3545 2057 3821 2118; x_wconf 86' lang='lat' dir='ltr'>tuorum,</span> 
     </span>
    </p>
   </div>
   <div class='ocr_carea' id='block_1_62' title="bbox 2164 2140 3821 2214">
    <p class='ocr_par' dir='ltr' id='par_1_62' title="bbox 2164 2140 3821 2214">
     <span class='ocr_line' id='line_1_62' title="bbox 2164 2140 3821 2214; baseline 0.001 -18"><span class='ocrx_word' id='word_1_340' title='bbox 2164 2140 2384 2214; x_wconf 89' lang='lat' dir='ltr'>ubique</span> <span class='ocrx_word' id='word_1_341' title='bbox 2413 2159 2610 2212; x_wconf 88' lang='lat' dir='ltr'>ovans,</span> <span class='ocrx_word' id='word_1_342' title='bbox 2643 2143 2920 2198; x_wconf 84' lang='lat' dir='ltr'>edocatus</span> <span class='ocrx_word' id='word_1_343' title='bbox 2975 2142 3034 2197; x_wconf 90' lang='lat' dir='ltr'>in</span> <span class='ocrx_word' id='word_1_344' title='bbox 3066 2142 3233 2198; x_wconf 87' lang='lat' dir='ltr'>lhesu</span> <span class='ocrx_word' id='word_1_345' title='bbox 3292 2143 3660 2214; x_wconf 88' lang='lat' dir='ltr'>redemptore</span> <span class='ocrx_word' id='word_1_346' title='bbox 3693 2159 3821 2197; x_wconf 89' lang='lat' dir='ltr'>om-</span> 
     </span>
    </p>
   </div>
   <div class='ocr_carea' id='block_1_63' title="bbox 2878 2302 3120 2360">
    <p class='ocr_par' dir='ltr' id='par_1_63' title="bbox 2878 2302 3120 2360">
     <span class='ocr_line' id='line_1_63' title="bbox 2878 2302 3120 2360; baseline -0.008 -2"><span class='ocrx_word' id='word_1_347' title='bbox 2878 2302 3120 2360; x_wconf 87' lang='lat' dir='ltr'><strong>LXVIII.</strong></span> 
     </span>
    </p>
   </div>
   <div class='ocr_carea' id='block_1_64' title="bbox 2776 2392 3197 2464">
    <p class='ocr_par' dir='ltr' id='par_1_64' title="bbox 2776 2392 3197 2464">
     <span class='ocr_line' id='line_1_64' title="bbox 2776 2392 3197 2464; baseline 0.002 -17"><span class='ocrx_word' id='word_1_348' title='bbox 2776 2392 2928 2464; x_wconf 77' lang='lat' dir='ltr'>[Sine</span> <span class='ocrx_word' id='word_1_349' title='bbox 2955 2393 3197 2464; x_wconf 78' lang='lat' dir='ltr'>rubrica]</span> 
     </span>
    </p>
   </div>
   <div class='ocr_carea' id='block_1_65' title="bbox 2235 2515 3810 2590">
    <p class='ocr_par' dir='ltr' id='par_1_65' title="bbox 2235 2515 3810 2590">
     <span class='ocr_line' id='line_1_65' title="bbox 2235 2515 3810 2590; baseline 0.001 -18"><span class='ocrx_word' id='word_1_350' title='bbox 2235 2515 2448 2572; x_wconf 91' lang='lat' dir='ltr'>Dilecto</span> <span class='ocrx_word' id='word_1_351' title='bbox 2482 2515 2626 2571; x_wconf 89' lang='lat' dir='ltr'>mihi</span> <span class='ocrx_word' id='word_1_352' title='bbox 2656 2515 2820 2572; x_wconf 80' lang='lat' dir='ltr'>fratri</span> <span class='ocrx_word' id='word_1_353' title='bbox 2851 2519 3050 2572; x_wconf 88' lang='lat' dir='ltr'>nostro</span> <span class='ocrx_word' id='word_1_354' title='bbox 3098 2516 3199 2573; x_wconf 92' lang='lat' dir='ltr'>illo</span> <span class='ocrx_word' id='word_1_355' title='bbox 3231 2518 3541 2590; x_wconf 65' lang='lat' dir='ltr'>praeposito</span> <span class='ocrx_word' id='word_1_356' title='bbox 3593 2523 3810 2574; x_wconf 72' lang='lat' dir='ltr'>sanctae</span> 
     </span>
    </p>
   </div>
   <div class='ocr_carea' id='block_1_66' title="bbox 2161 2604 3810 2678">
    <p class='ocr_par' dir='ltr' id='par_1_66' title="bbox 2161 2604 3810 2678">
     <span class='ocr_line' id='line_1_66' title="bbox 2161 2604 3810 2678; baseline 0.001 -18"><span class='ocrx_word' id='word_1_357' title='bbox 2161 2604 2672 2678; x_wconf 86' lang='lat' dir='ltr'>con[gre]gationis</span> <span class='ocrx_word' id='word_1_358' title='bbox 2688 2604 2772 2660; x_wconf 87' lang='lat' dir='ltr'>illi</span> <span class='ocrx_word' id='word_1_359' title='bbox 2787 2605 3149 2671; x_wconf 88' lang='lat' dir='ltr'>monasterii,</span> <span class='ocrx_word' id='word_1_360' title='bbox 3168 2622 3273 2678; x_wconf 89' lang='lat' dir='ltr'>ego</span> <span class='ocrx_word' id='word_1_361' title='bbox 3286 2607 3532 2661; x_wconf 85' lang='lat' dir='ltr'>ultimus</span> <span class='ocrx_word' id='word_1_362' title='bbox 3562 2605 3810 2662; x_wconf 86' lang='lat' dir='ltr'>clientu-</span> 
     </span>
    </p>
   </div>
   <div class='ocr_carea' id='block_1_67' title="bbox 2158 2692 3811 2768">
    <p class='ocr_par' dir='ltr' id='par_1_67' title="bbox 2158 2692 3811 2768">
     <span class='ocr_line' id='line_1_67' title="bbox 2158 2692 3811 2768; baseline 0.001 -20"><span class='ocrx_word' id='word_1_363' title='bbox 2158 2692 2536 2749; x_wconf 86' lang='lat' dir='ltr'>lusetservus</span> <span class='ocrx_word' id='word_1_364' title='bbox 2556 2697 2746 2749; x_wconf 89' lang='lat' dir='ltr'>vester</span> <span class='ocrx_word' id='word_1_365' title='bbox 2771 2693 3022 2750; x_wconf 89' lang='lat' dir='ltr'>salutem</span> <span class='ocrx_word' id='word_1_366' title='bbox 3045 2694 3210 2750; x_wconf 90' lang='lat' dir='ltr'>vobis</span> <span class='ocrx_word' id='word_1_367' title='bbox 3233 2695 3552 2751; x_wconf 89' lang='lat' dir='ltr'>amabilem</span> <span class='ocrx_word' id='word_1_368' title='bbox 3586 2713 3811 2768; x_wconf 67' lang='lat' dir='ltr'>praesu-</span> 
     </span>
    </p>
   </div>
   <div class='ocr_carea' id='block_1_68' title="bbox 2159 2781 3810 2856">
    <p class='ocr_par' dir='ltr' id='par_1_68' title="bbox 2159 2781 3810 2856">
     <span class='ocr_line' id='line_1_68' title="bbox 2159 2781 3810 2856; baseline 0.002 -19"><span class='ocrx_word' id='word_1_369' title='bbox 2159 2781 2239 2837; x_wconf 90' lang='lat' dir='ltr'>mi</span> <span class='ocrx_word' id='word_1_370' title='bbox 2255 2783 2481 2838; x_wconf 88' lang='lat' dir='ltr'>mittere</span> <span class='ocrx_word' id='word_1_371' title='bbox 2504 2783 2562 2837; x_wconf 90' lang='lat' dir='ltr'>in</span> <span class='ocrx_word' id='word_1_372' title='bbox 2584 2783 2828 2838; x_wconf 91' lang='lat' dir='ltr'>Domino</span> <span class='ocrx_word' id='word_1_373' title='bbox 2851 2787 3050 2839; x_wconf 86' lang='lat' dir='ltr'>nostro</span> <span class='ocrx_word' id='word_1_374' title='bbox 3088 2783 3259 2839; x_wconf 87' lang='lat' dir='ltr'>Ihesu</span> <span class='ocrx_word' id='word_1_375' title='bbox 3283 2783 3602 2851; x_wconf 88' lang='lat' dir='ltr'>Christo,et</span> <span class='ocrx_word' id='word_1_376' title='bbox 3636 2801 3810 2856; x_wconf 82' lang='lat' dir='ltr'>prece</span> 
     </span>
    </p>
   </div>
   <div class='ocr_carea' id='block_1_69' title="bbox 2158 2871 3810 2944">
    <p class='ocr_par' dir='ltr' id='par_1_69' title="bbox 2158 2871 3810 2944">
     <span class='ocr_line' id='line_1_69' title="bbox 2158 2871 3810 2944; baseline 0.001 -18"><span class='ocrx_word' id='word_1_377' title='bbox 2158 2871 2311 2944; x_wconf 88' lang='lat' dir='ltr'>quod</span> <span class='ocrx_word' id='word_1_378' title='bbox 2341 2871 2554 2926; x_wconf 88' lang='lat' dir='ltr'>caritas</span> <span class='ocrx_word' id='word_1_379' title='bbox 2583 2875 2642 2928; x_wconf 87' lang='lat' dir='ltr'>et</span> <span class='ocrx_word' id='word_1_380' title='bbox 2659 2871 2918 2928; x_wconf 87' lang='lat' dir='ltr'>amicitia</span> <span class='ocrx_word' id='word_1_381' title='bbox 2945 2871 3032 2928; x_wconf 89' lang='lat' dir='ltr'>vel</span> <span class='ocrx_word' id='word_1_382' title='bbox 3057 2872 3252 2943; x_wconf 87' lang='lat' dir='ltr'>jussio</span> <span class='ocrx_word' id='word_1_383' title='bbox 3277 2873 3354 2927; x_wconf 87' lang='lat' dir='ltr'>sit</span> <span class='ocrx_word' id='word_1_384' title='bbox 3398 2876 3593 2928; x_wconf 86' lang='lat' dir='ltr'>vestra</span> <span class='ocrx_word' id='word_1_385' title='bbox 3632 2889 3810 2943; x_wconf 86' lang='lat' dir='ltr'>super</span> 
     </span>
    </p>
   </div>
   <div class='ocr_carea' id='block_1_70' title="bbox 2156 2960 3809 3035">
    <p class='ocr_par' dir='ltr' id='par_1_70' title="bbox 2156 2960 3809 3035">
     <span class='ocr_line' id='line_1_70' title="bbox 2156 2960 3809 3035; baseline 0.001 -19"><span class='ocrx_word' id='word_1_386' title='bbox 2156 2978 2268 3028; x_wconf 90' lang='lat' dir='ltr'>me,</span> <span class='ocrx_word' id='word_1_387' title='bbox 2303 2960 2457 3017; x_wconf 88' lang='lat' dir='ltr'>sicut</span> <span class='ocrx_word' id='word_1_388' title='bbox 2488 2960 2773 3016; x_wconf 87' lang='lat' dir='ltr'>inchoasti</span> <span class='ocrx_word' id='word_1_389' title='bbox 2800 2965 2858 3016; x_wconf 87' lang='lat' dir='ltr'>et</span> <span class='ocrx_word' id='word_1_390' title='bbox 2887 2977 3119 3034; x_wconf 88' lang='lat' dir='ltr'>semper</span> <span class='ocrx_word' id='word_1_391' title='bbox 3147 2961 3339 3035; x_wconf 88' lang='lat' dir='ltr'>egisti,</span> <span class='ocrx_word' id='word_1_392' title='bbox 3372 2961 3603 3016; x_wconf 88' lang='lat' dir='ltr'>utitain</span> <span class='ocrx_word' id='word_1_393' title='bbox 3637 2967 3809 3017; x_wconf 84' lang='lat' dir='ltr'>antea</span> 
     </span>
    </p>
   </div>
   <div class='ocr_carea' id='block_1_71' title="bbox 2155 3049 3808 3123">
    <p class='ocr_par' dir='ltr' id='par_1_71' title="bbox 2155 3049 3808 3123">
     <span class='ocr_line' id='line_1_71' title="bbox 2155 3049 3808 3123; baseline 0.001 -19"><span class='ocrx_word' id='word_1_394' title='bbox 2155 3054 2258 3105; x_wconf 86' lang='lat' dir='ltr'>tua</span> <span class='ocrx_word' id='word_1_395' title='bbox 2279 3050 2432 3105; x_wconf 89' lang='lat' dir='ltr'>bona</span> <span class='ocrx_word' id='word_1_396' title='bbox 2461 3049 2691 3105; x_wconf 89' lang='lat' dir='ltr'>dilectio</span> <span class='ocrx_word' id='word_1_397' title='bbox 2721 3055 2779 3105; x_wconf 89' lang='lat' dir='ltr'>et</span> <span class='ocrx_word' id='word_1_398' title='bbox 2809 3050 3021 3106; x_wconf 88' lang='lat' dir='ltr'>caritas</span> <span class='ocrx_word' id='word_1_399' title='bbox 3051 3055 3390 3123; x_wconf 86' lang='lat' dir='ltr'>permaneat</span> <span class='ocrx_word' id='word_1_400' title='bbox 3420 3056 3514 3119; x_wconf 87' lang='lat' dir='ltr'>;et</span> <span class='ocrx_word' id='word_1_401' title='bbox 3543 3054 3602 3106; x_wconf 90' lang='lat' dir='ltr'>in</span> <span class='ocrx_word' id='word_1_402' title='bbox 3619 3068 3808 3123; x_wconf 89' lang='lat' dir='ltr'>quan-</span> 
     </span>
    </p>
   </div>
   <div class='ocr_carea' id='block_1_72' title="bbox 2154 3138 3808 3212">
    <p class='ocr_par' dir='ltr' id='par_1_72' title="bbox 2154 3138 3808 3212">
     <span class='ocr_line' id='line_1_72' title="bbox 2154 3138 3808 3212; baseline 0.001 -19"><span class='ocrx_word' id='word_1_403' title='bbox 2154 3142 2281 3194; x_wconf 89' lang='lat' dir='ltr'>tum</span> <span class='ocrx_word' id='word_1_404' title='bbox 2313 3143 2403 3194; x_wconf 85' lang='lat' dir='ltr'>est</span> <span class='ocrx_word' id='word_1_405' title='bbox 2433 3155 2642 3195; x_wconf 87' lang='lat' dir='ltr'>sensus</span> <span class='ocrx_word' id='word_1_406' title='bbox 2673 3143 2776 3194; x_wconf 85' lang='lat' dir='ltr'>aut</span> <span class='ocrx_word' id='word_1_407' title='bbox 2804 3138 3156 3195; x_wconf 87' lang='lat' dir='ltr'>intellectus.</span> <span class='ocrx_word' id='word_1_408' title='bbox 3194 3141 3309 3196; x_wconf 90' lang='lat' dir='ltr'>Deo</span> <span class='ocrx_word' id='word_1_409' title='bbox 3324 3140 3656 3212; x_wconf 73' lang='lat' dir='ltr'>adiuvante,</span> <span class='ocrx_word' id='word_1_410' title='bbox 3703 3157 3808 3195; x_wconf 74' lang='grc' dir='ltr'>ηο-</span> 
     </span>
    </p>
   </div>
   <div class='ocr_carea' id='block_1_73' title="bbox 2070 3217 3810 3301">
    <p class='ocr_par' dir='ltr' id='par_1_73' title="bbox 2070 3217 3810 3301">
     <span class='ocr_line' id='line_1_73' title="bbox 2070 3217 3810 3301; baseline 0.001 -18"><span class='ocrx_word' id='word_1_411' title='bbox 2070 3217 2117 3289; x_wconf 80' lang='lat' dir='ltr'>C</span> <span class='ocrx_word' id='word_1_412' title='bbox 2154 3228 2385 3284; x_wconf 87' lang='lat' dir='ltr'>hiscum</span> <span class='ocrx_word' id='word_1_413' title='bbox 2416 3228 2587 3283; x_wconf 91' lang='lat' dir='ltr'>corde</span> <span class='ocrx_word' id='word_1_414' title='bbox 2616 3231 2673 3283; x_wconf 89' lang='lat' dir='ltr'>et</span> <span class='ocrx_word' id='word_1_415' title='bbox 2694 3245 2871 3284; x_wconf 90' lang='lat' dir='ltr'>sensu</span> <span class='ocrx_word' id='word_1_416' title='bbox 2894 3229 2950 3283; x_wconf 92' lang='lat' dir='ltr'>in</span> <span class='ocrx_word' id='word_1_417' title='bbox 2983 3243 3217 3301; x_wconf 89' lang='lat' dir='ltr'>semper</span> <span class='ocrx_word' id='word_1_418' title='bbox 3270 3246 3366 3284; x_wconf 90' lang='lat' dir='ltr'>ero</span> <span class='ocrx_word' id='word_1_419' title='bbox 3407 3233 3602 3284; x_wconf 89' lang='lat' dir='ltr'>tecum</span> <span class='ocrx_word' id='word_1_420' title='bbox 3652 3245 3810 3284; x_wconf 78' lang='lat' dir='ltr'>com-</span> 
     </span>
    </p>
   </div>
   <div class='ocr_carea' id='block_1_74' title="bbox 2157 3316 3810 3390">
    <p class='ocr_par' dir='ltr' id='par_1_74' title="bbox 2157 3316 3810 3390">
     <span class='ocr_line' id='line_1_74' title="bbox 2157 3316 3810 3390; baseline 0.001 -18"><span class='ocrx_word' id='word_1_421' title='bbox 2157 3317 2355 3373; x_wconf 71' lang='lat' dir='ltr'>munis</span> <span class='ocrx_word' id='word_1_422' title='bbox 2385 3317 2444 3372; x_wconf 89' lang='lat' dir='ltr'>in</span> <span class='ocrx_word' id='word_1_423' title='bbox 2465 3320 2570 3372; x_wconf 88' lang='lat' dir='ltr'>tua</span> <span class='ocrx_word' id='word_1_424' title='bbox 2597 3316 2910 3373; x_wconf 87' lang='lat' dir='ltr'>voluntate.</span> <span class='ocrx_word' id='word_1_425' title='bbox 2928 3317 3146 3374; x_wconf 89' lang='lat' dir='ltr'>Iterum</span> <span class='ocrx_word' id='word_1_426' title='bbox 3164 3318 3563 3390; x_wconf 88' lang='lat' dir='ltr'>atqueiterum</span> <span class='ocrx_word' id='word_1_427' title='bbox 3587 3317 3810 3374; x_wconf 84' lang='lat' dir='ltr'>saluta-</span> 
     </span>
    </p>
   </div>
   <div class='ocr_carea' id='block_1_75' title="bbox 2154 3405 3077 3478">
    <p class='ocr_par' dir='ltr' id='par_1_75' title="bbox 2154 3405 3077 3478">
     <span class='ocr_line' id='line_1_75' title="bbox 2154 3405 3077 3478; baseline 0.002 -18"><span class='ocrx_word' id='word_1_428' title='bbox 2154 3422 2288 3462; x_wconf 91' lang='lat' dir='ltr'>mus</span> <span class='ocrx_word' id='word_1_429' title='bbox 2317 3423 2420 3462; x_wconf 90' lang='lat' dir='ltr'>vos</span> <span class='ocrx_word' id='word_1_430' title='bbox 2452 3421 2640 3478; x_wconf 88' lang='lat' dir='ltr'>usque</span> <span class='ocrx_word' id='word_1_431' title='bbox 2669 3406 2741 3462; x_wconf 90' lang='lat' dir='ltr'>ad</span> <span class='ocrx_word' id='word_1_432' title='bbox 2773 3405 3077 3478; x_wconf 86' lang='lat' dir='ltr'>gaudium.</span> 
     </span>
    </p>
   </div>
   <div class='ocr_carea' id='block_1_76' title="bbox 2876 3565 3067 3622">
    <p class='ocr_par' dir='ltr' id='par_1_76' title="bbox 2876 3565 3067 3622">
     <span class='ocr_line' id='line_1_76' title="bbox 2876 3565 3067 3622; baseline -0.01 0"><span class='ocrx_word' id='word_1_433' title='bbox 2876 3565 3067 3622; x_wconf 85' lang='lat' dir='ltr'><strong>LXIX.</strong></span> 
     </span>
    </p>
   </div>
   <div class='ocr_carea' id='block_1_77' title="bbox 2429 3671 3503 3712">
    <p class='ocr_par' dir='ltr' id='par_1_77' title="bbox 2429 3671 3503 3712">
     <span class='ocr_line' id='line_1_77' title="bbox 2429 3671 3503 3712; baseline -0.004 0"><span class='ocrx_word' id='word_1_434' title='bbox 2429 3673 2746 3712; x_wconf 69' lang='lat' dir='ltr'>INDICULUH</span> <span class='ocrx_word' id='word_1_435' title='bbox 2779 3673 2850 3711; x_wconf 86' lang='lat' dir='ltr'>DE</span> <span class='ocrx_word' id='word_1_436' title='bbox 2871 3673 3089 3712; x_wconf 72' lang='lat' dir='ltr'>FRATRE</span> <span class='ocrx_word' id='word_1_437' title='bbox 3115 3672 3185 3711; x_wconf 79' lang='lat' dir='ltr'>AD</span> <span class='ocrx_word' id='word_1_438' title='bbox 3218 3671 3503 3711; x_wconf 79' lang='lat' dir='ltr'>FRATREM.</span> 
     </span>
    </p>
   </div>
   <div class='ocr_carea' id='block_1_78' title="bbox 2216 3778 3801 3852">
    <p class='ocr_par' dir='ltr' id='par_1_78' title="bbox 2216 3778 3801 3852">
     <span class='ocr_line' id='line_1_78' title="bbox 2216 3778 3801 3852; baseline -0.001 -15"><span class='ocrx_word' id='word_1_439' title='bbox 2216 3781 2434 3838; x_wconf 86' lang='lat' dir='ltr'>Dilecto</span> <span class='ocrx_word' id='word_1_440' title='bbox 2464 3782 2655 3852; x_wconf 88' lang='lat' dir='ltr'>adque</span> <span class='ocrx_word' id='word_1_441' title='bbox 2675 3779 2840 3835; x_wconf 91' lang='lat' dir='ltr'>valde</span> <span class='ocrx_word' id='word_1_442' title='bbox 2872 3779 3110 3836; x_wconf 88' lang='lat' dir='ltr'>amabili</span> <span class='ocrx_word' id='word_1_443' title='bbox 3133 3778 3232 3835; x_wconf 90' lang='lat' dir='ltr'>illo</span> <span class='ocrx_word' id='word_1_444' title='bbox 3264 3779 3322 3833; x_wconf 91' lang='lat' dir='ltr'>in</span> <span class='ocrx_word' id='word_1_445' title='bbox 3353 3778 3582 3834; x_wconf 89' lang='lat' dir='ltr'>Christo</span> <span class='ocrx_word' id='word_1_446' title='bbox 3602 3779 3801 3848; x_wconf 80' lang='lat' dir='ltr'>fratri,</span> 
     </span>
    </p>
   </div>
   <div class='ocr_carea' id='block_1_79' title="bbox 2141 3866 3800 3943">
    <p class='ocr_par' dir='ltr' id='par_1_79' title="bbox 2141 3866 3800 3943">
     <span class='ocr_line' id='line_1_79' title="bbox 2141 3866 3800 3943; baseline -0.002 -16"><span class='ocrx_word' id='word_1_447' title='bbox 2141 3871 2237 3928; x_wconf 90' lang='lat' dir='ltr'>ille</span> <span class='ocrx_word' id='word_1_448' title='bbox 2257 3870 2504 3943; x_wconf 84' lang='lat' dir='ltr'>exiguus</span> <span class='ocrx_word' id='word_1_449' title='bbox 2547 3873 2805 3926; x_wconf 82' lang='lat' dir='ltr'>eternam</span> <span class='ocrx_word' id='word_1_450' title='bbox 2861 3869 2921 3923; x_wconf 90' lang='lat' dir='ltr'>in</span> <span class='ocrx_word' id='word_1_451' title='bbox 2979 3867 3220 3924; x_wconf 89' lang='lat' dir='ltr'>Domino</span> <span class='ocrx_word' id='word_1_452' title='bbox 3252 3866 3520 3923; x_wconf 86' lang='lat' dir='ltr'>salutem.</span> <span class='ocrx_word' id='word_1_453' title='bbox 3589 3869 3667 3923; x_wconf 88' lang='lat' dir='ltr'>De</span> <span class='ocrx_word' id='word_1_454' title='bbox 3701 3884 3800 3923; x_wconf 76' lang='lat' dir='ltr'>ce-</span> 
     </span>
    </p>
   </div>
   <div class='ocr_carea' id='block_1_80' title="bbox 2138 3957 3801 4032">
    <p class='ocr_par' dir='ltr' id='par_1_80' title="bbox 2138 3957 3801 4032">
     <span class='ocr_line' id='line_1_80' title="bbox 2138 3957 3801 4032; baseline -0.002 -16"><span class='ocrx_word' id='word_1_455' title='bbox 2138 3965 2262 4016; x_wconf 89' lang='lat' dir='ltr'>tero</span> <span class='ocrx_word' id='word_1_456' title='bbox 2295 3974 2570 4032; x_wconf 89' lang='lat' dir='ltr'>rogamus</span> <span class='ocrx_word' id='word_1_457' title='bbox 2600 3957 2964 4030; x_wconf 85' lang='lat' dir='ltr'>diligentiam</span> <span class='ocrx_word' id='word_1_458' title='bbox 2989 3962 3242 4014; x_wconf 88' lang='lat' dir='ltr'>vestram</span> <span class='ocrx_word' id='word_1_459' title='bbox 3292 3957 3619 4029; x_wconf 89' lang='lat' dir='ltr'>ut,quando</span> <span class='ocrx_word' id='word_1_460' title='bbox 3670 3957 3801 4013; x_wconf 63' lang='lat' dir='ltr'>haec</span> 
     </span>
    </p>
   </div>
   <div class='ocr_carea' id='block_1_81' title="bbox 2137 4045 3888 4121">
    <p class='ocr_par' dir='ltr' id='par_1_81' title="bbox 2137 4045 3888 4121">
     <span class='ocr_line' id='line_1_81' title="bbox 2137 4045 3888 4121; baseline -0.003 -17"><span class='ocrx_word' id='word_1_461' title='bbox 2137 4047 2385 4121; x_wconf 85' lang='lat' dir='ltr'>epistola</span> <span class='ocrx_word' id='word_1_462' title='bbox 2413 4048 2484 4104; x_wconf 88' lang='lat' dir='ltr'>ad</span> <span class='ocrx_word' id='word_1_463' title='bbox 2509 4047 2879 4119; x_wconf 63' lang='lat' dir='ltr'>praesentiam</span> <span class='ocrx_word' id='word_1_464' title='bbox 2911 4045 3169 4102; x_wconf 87' lang='lat' dir='ltr'>caritatis</span> <span class='ocrx_word' id='word_1_465' title='bbox 3201 4050 3407 4102; x_wconf 76' lang='lat' dir='ltr'>vestrae</span> <span class='ocrx_word' id='word_1_466' title='bbox 3439 4047 3794 4118; x_wconf 80' lang='lat' dir='ltr'>pervenerit,</span> <span class='ocrx_word' id='word_1_467' title='bbox 3882 4114 3888 4120; x_wconf 20' lang='grc' dir='ltr'><strong><em>κ</em></strong></span> 
     </span>
    </p>
   </div>
   <div class='ocr_carea' id='block_1_82' title="bbox 2135 4134 3786 4207">
    <p class='ocr_par' dir='ltr' id='par_1_82' title="bbox 2135 4134 3786 4207">
     <span class='ocr_line' id='line_1_82' title="bbox 2135 4134 3786 4207; baseline -0.002 -15"><span class='ocrx_word' id='word_1_468' title='bbox 2135 4143 2200 4192; x_wconf 90' lang='lat' dir='ltr'>ut</span> <span class='ocrx_word' id='word_1_469' title='bbox 2231 4137 2391 4193; x_wconf 91' lang='lat' dir='ltr'>illam</span> <span class='ocrx_word' id='word_1_470' title='bbox 2424 4153 2663 4192; x_wconf 89' lang='lat' dir='ltr'>causam</span> <span class='ocrx_word' id='word_1_471' title='bbox 2694 4135 2866 4192; x_wconf 86' lang='lat' dir='ltr'>nobis</span> <span class='ocrx_word' id='word_1_472' title='bbox 2896 4134 3294 4191; x_wconf 86' lang='lat' dir='ltr'>transmittere</span> <span class='ocrx_word' id='word_1_473' title='bbox 3325 4152 3442 4190; x_wconf 91' lang='lat' dir='ltr'>non</span> <span class='ocrx_word' id='word_1_474' title='bbox 3501 4135 3786 4207; x_wconf 86' lang='lat' dir='ltr'>dedigne-</span> 
     </span>
    </p>
   </div>
   <div class='ocr_carea' id='block_1_83' title="bbox 2136 4223 3789 4298">
    <p class='ocr_par' dir='ltr' id='par_1_83' title="bbox 2136 4223 3789 4298">
     <span class='ocr_line' id='line_1_83' title="bbox 2136 4223 3789 4298; baseline -0.002 -16"><span class='ocrx_word' id='word_1_475' title='bbox 2136 4226 2299 4282; x_wconf 90' lang='lat' dir='ltr'>mini.</span> <span class='ocrx_word' id='word_1_476' title='bbox 2332 4224 2471 4281; x_wconf 86' lang='lat' dir='ltr'>Vale</span> <span class='ocrx_word' id='word_1_477' title='bbox 2503 4224 2692 4298; x_wconf 89' lang='lat' dir='ltr'>sospis</span> <span class='ocrx_word' id='word_1_478' title='bbox 2724 4225 2913 4297; x_wconf 89' lang='lat' dir='ltr'>adque</span> <span class='ocrx_word' id='word_1_479' title='bbox 2942 4223 3252 4281; x_wconf 88' lang='lat' dir='ltr'>incolomis</span> <span class='ocrx_word' id='word_1_480' title='bbox 3266 4223 3569 4296; x_wconf 86' lang='lat' dir='ltr'>permulta</span> <span class='ocrx_word' id='word_1_481' title='bbox 3600 4225 3789 4279; x_wconf 86' lang='lat' dir='ltr'>curri-</span> 
     </span>
    </p>
   </div>
   <div class='ocr_carea' id='block_1_84' title="bbox 2058 4303 2614 4372">
    <p class='ocr_par' dir='ltr' id='par_1_84' title="bbox 2058 4303 2614 4372">
     <span class='ocr_line' id='line_1_84' title="bbox 2058 4303 2614 4372; baseline 0 -4"><span class='ocrx_word' id='word_1_482' title='bbox 2058 4303 2108 4368; x_wconf 90' lang='lat' dir='ltr'>D</span> <span class='ocrx_word' id='word_1_483' title='bbox 2139 4313 2270 4372; x_wconf 86' lang='lat' dir='ltr'>cula</span> <span class='ocrx_word' id='word_1_484' title='bbox 2299 4330 2614 4371; x_wconf 85' lang='lat' dir='ltr'>annorum.</span> 
     </span>
    </p>
   </div>
  </div>
