1873 3076
115 170 143 203 13
801 167 967 209 notum
988 167 1012 197 ι.
1693 166 1726 198 14

111 236 160 259 ται,
173 226 228 252 τῶν
250 226 280 252 ἑν
305 226 374 261 αὐτῇ
393 226 555 261 κρειττόνων
575 225 766 252 ὑποπεσόντων
780 225 827 252 καὶ
849 224 889 250 τοί

969 232 1020 256 um,
1032 224 1084 251 istc
1093 224 1167 251 vobis
1175 224 1296 252 accidere
1305 224 1400 252 solitus
1413 224 1496 252 multo
1507 224 1582 259 pejor
1590 229 1641 256 cst,
1657 231 1709 250 non
1718 239 1726 242 -

113 273 236 307 βαναύσου
263 274 312 300 καὶ
328 273 449 308 χείρονος
466 273 558 303 κσγιῖις
577 273 757 307 κατάρχοντος
773 272 882 305 μέρους.

969 270 1078 297 :saltem
1093 270 1148 297 otio
1165 270 1358 297 malitiamullo
1369 270 1444 304 pejor
1457 275 1533 298 estet
1550 270 1726 297 damnosior?

111 319 164 354 Ἆρ’
177 319 238 353 οὐχὶ
251 320 298 345 καὶ
317 319 367 353 τῆς
381 319 460 345 νόσου
473 320 526 345 τῶν
542 318 796 352 ἀναγεγραμμένων
821 317 850 341 ἐν
875 315 913 350 τῷ
929 316 1087 350 Εὑαγγελίῳ
1106 316 1269 350 παρειλύτων
1300 317 1412 343 ἐκείνων
1438 319 1454 350 ἡ
1467 317 1628 352 συμϐαίνειν
1662 317 1727 351 ὑμῖν

112 366 243 400 είθισμένη
258 366 335 397 νόσος
349 365 418 400 αὕτη
429 365 517 400 πολλῷ
528 365 626 400 χείρων
641 365 709 396 ἐστὶ,
720 364 767 390 καὶ
783 364 844 389 ὅσον
864 363 962 398 ἀργίας
982 365 998 398 ἡ
1025 364 1177 398 κακουργία
1193 363 1282 399 πολλῷ
1316 366 1407 399 χεῖρον
1431 364 1478 390 καὶ
1504 364 1726 399 βλαϐερώτεροη

146 413 223 439 Ἀλλὰ
245 413 283 447 μὴ
297 413 479 447 δυσχεράνητε
496 413 598 439 τούτων
612 412 758 443 ἀκούοντες
769 420 776 426 ·
789 412 818 437 οὐ
833 411 886 445 γὰρ

111 460 148 486 ἱνα
162 459 288 485 ὀνειδίσω
300 459 389 484 ταῦτα
404 458 472 492 πρὸς
492 459 563 493 ὑμᾶς
581 458 663 492 λέγω,
693 457 750 484 ἀλλ’
767 458 811 483 ἳνα
827 459 888 484 ἐπι-

111 506 211 539 γνόντες
226 505 278 540 τὴν
296 506 384 537 νόσον,
408 505 456 531 νῦν
481 505 527 531 ὅτε
541 505 640 538 νήφετε
659 504 762 538 ταύτης
775 504 889 537 ἀπέχον-

110 560 158 583 τες,
169 551 309 586 ζητήσητε
322 552 371 585 τὴν
383 552 482 582 αἰτίαν,
497 550 544 585 ἀφ’
559 559 592 586 ης
609 550 694 585 ταύτῃ
713 548 888 584 περιπεπτώ-

111 605 180 630 κατε,
208 599 257 624 καὶ
281 597 420 632 ποθήσητε
442 597 490 632 τὴν
509 596 642 631 ἰατρείαν,
655 597 703 622 καὶ
720 595 890 626 σπεύσαντες

111 643 243 678 κτήσησθε
257 644 306 670 καὶ
322 643 505 677 διαφυλάξητε
516 642 632 676 ταύτην,
646 641 692 668 τοῦ
706 641 775 667 Θεοῦ
792 641 840 667 καὶ
854 641 892 667 δι-

111 689 193 720 δόντος
210 689 261 723 τὴν
278 688 412 723 ἰατρείαν,
429 689 477 714 καὶ
491 687 559 722 πρὸς
570 686 671 722 ταύτην
682 685 894 720 ἑνδυναμοῦντος

111 736 187 770 ὑμᾶς,
199 735 238 766 ὡς
253 734 302 762 καὶ
318 735 363 760 ὲπὶ
373 734 430 760 τῶν
443 733 637 769 παραλυτικῶν
651 732 763 758 ἐκείνων
776 731 893 766 πεποίη-

111 789 170 807 κεν·
184 781 214 807 οὐ
237 780 292 814 γὰρ
314 780 393 815 μόνον
416 779 598 815 ἐθεράπευσεν
623 779 734 812 αὐτοὺς,
757 778 825 805 ἀλλὰ
847 778 894 805 καὶ

977 411 1029 440 Sed
1045 412 1127 438 nolite
1140 411 1196 438 hate
1212 419 1283 446 (egre
1297 411 1366 439 ferre
1394 412 1551 444 audientes;
1568 420 1619 439 non
1653 413 1726 440 enim

939 464 968 486 ut
982 458 1119 486 convicier
1133 458 1195 484 talia
1210 459 1285 484 vobis
1295 458 1365 489 dico,
1382 458 1429 485 scd
1444 463 1482 490 ut,
1504 459 1598 485 morbo
1621 459 1727 493 agnito,

941 512 1012 531 nunc
1026 511 1088 530 cum
1105 503 1164 538 ejus
1180 503 1302 530 molestia
1326 504 1456 531 sublevati
1467 504 1572 538 sapitis,
1596 505 1726 538 qua:ratis

942 557 1050 577 causam
1063 555 1171 584 propter
1181 558 1260 584 quatn
1278 550 1304 576 in
1321 550 1395 576 illum
1423 550 1586 582 offendistis,
1603 556 1627 578 et
1653 551 1725 578 desi-

942 596 1043 623 deretis
1073 596 1251 628 sanationem,
1275 601 1302 623 et
1328 595 1405 623 istam
1433 597 1596 630 comparetis
1619 604 1725 625 necnon

941 641 1109 675 custodiatis,
1127 642 1181 670 Deo
1198 642 1274 669 vobis
1300 642 1431 677 largiente
1465 644 1609 670 sanitatem
1636 648 1665 671 et
1697 644 1724 671 in

943 687 986 714 illa
1008 695 1054 715 vos
1065 687 1254 719 confirmatus,
1265 694 1343 722 prout
1361 689 1387 715 in
1406 688 1457 715 illis
1472 689 1535 716 fecit
1546 689 1699 724 paralytlcis
1717 698 1726 723 ;

943 741 1003 760 nam
1016 742 1068 760 non
1082 741 1129 760 eos
1148 734 1316 761 solummodo
1325 735 1438 767 curavit,
1454 735 1501 763 sed
1513 741 1541 763 et
1555 739 1656 762 tantam
1673 737 1722 763 tri-

943 780 1046 807 buiteis
1063 781 1191 807 virtutem
1202 785 1232 808 ut
1249 786 1373 816 uterque.
1387 782 1493 808 sublato
1506 781 1608 809 lectulo
1627 782 1652 809 in
1671 791 1724 817 quo

111 825 221 860 δύναμιν
244 826 337 856 αὐτοῖς
364 825 511 860 παρέσχεν,
543 825 581 856 ὡς
598 825 645 852 καὶ
665 825 711 851 τὸν
737 823 889 858 κράὸϐατον

969 824 1058 857 cebat,
1071 825 1203 853 inotlcnso
1213 825 1280 860 pede
1291 827 1458 861 procederet.
1474 825 1574 854 Verum
1586 835 1670 862 quare
1688 828 1725 855 illi

114 871 239 906 ἑκάτερον
268 871 446 905 ἀναθέμενον,
473 871 515 905 ἐφ’
540 867 563 904 ᾧ
591 870 745 902 κατέκειτο,
770 870 890 904 βαδίζειν

113 917 304 952 ἀπροσκόπως.
328 917 408 944 Ἀλλὰ
424 917 452 943 τι
465 917 496 943 τὸ
508 917 594 943 αἴτιον
606 918 662 943 τοῖς
685 917 836 950 τεθεραπευ
842 916 891 950 μὲ-

111 972 164 995 νοις
181 963 378 998 παραλυτικοῖς
395 963 529 996 ἐκείνοις;
545 962 600 989 δύω
614 964 668 997 γὰρ
679 961 760 998 ἦσαν,
774 963 788 988 6
800 963 850 997 μὲν
862 963 890 988 ὲν

115 1008 289 1045 Ἰερουσαλὴμ
303 1009 379 1044 παρὰ
392 1010 425 1044 τῇ
445 1008 492 1034 τοῦ
507 1009 618 1042 Σιλωὰμ.
641 1008 821 1044 κολυμὸήθρᾳ
836 1009 892 1034 κεί-

112 1064 198 1089 μενος,
216 1057 231 1081 ὸ
249 1055 278 1081 δὲ
297 1057 326 1081 εν
342 1055 538 1089 Καπερναοὺμ,
556 1054 609 1081 ὑπὸ
622 1055 762 1089 τεσσάρων
776 1054 892 1089 φερόμε-

111 1103 160 1132 νος.
171 1101 206 1126 Τί
220 1100 270 1127 οὖν
281 1100 331 1135 τῆς
345 1101 420 1127 νόσου
436 1100 541 1132 τούτοις
555 1100 586 1127 τὸ
600 1101 704 1133 αἴτιον;
723 1101 739 1135 ἠ
752 1100 874 1135 ἁμαρτία
883 1107 890 1115 ’

115 1147 152 1173 καὶ
164 1146 251 1173 τοῦτο
275 1146 435 1173 δείκνυσινὸ
458 1147 577 1181 Κύριος·
605 1146 644 1181 τῷ
670 1147 800 1181 μὲνγὰρ,
830 1146 892 1173 ἰδὼν

112 1193 188 1220 αὑτοῦ
203 1193 254 1227 τὴν
269 1193 360 1220 πίστιν
374 1192 427 1227 πρὸ
450 1192 500 1227 τῆς
515 1194 675 1227 σωματικῆς
690 1193 797 1225 ἰάσεως,
813 1192 890 1227 φησί·

115 1248 124 1264 ι
139 1239 249 1271 Τέκνον,
269 1238 405 1273 ἀφέωνταί
433 1247 474 1265 σοι
489 1239 517 1265 αἱ
538 1238 672 1273 ἁμαρτίαι
697 1246 742 1264 σου
753 1246 759 1253 ·
773 1247 782 1263 ι
803 1238 849 1264 τὸν
864 1237 893 1264 δὲ

114 1285 178 1319 μετὰ
193 1285 243 1319 τὴν
252 1285 326 1311 ίασιν
340 1283 437 1318 εὑρὼν,
456 1294 465 1309 ι
481 1284 544 1317 Ἴδε,
560 1284 651 1318 φησὶν,
667 1283 746 1318 ὑγιὴς
758 1283 873 1318 γέγονας
883 1289 890 1297 ⁸

115 1331 209 1364 μηκέτι
232 1331 387 1365 ἁμάρτανε,
406 1330 448 1356 ίνα
463 1330 501 1364 μὴ
526 1329 616 1365 χεῖρόν
638 1329 664 1354 τί
683 1336 724 1355 σοι
739 1328 862 1362 γένηται.
880 1335 889 1352 ι

115 1376 215 1410 Ὥσπερ
229 1375 280 1402 οὖν
298 1375 342 1402 ἐπ’
354 1375 465 1402 ἐκείνων
473 1375 497 1410 3
506 1376 521 1410 ἡ
531 1374 661 1410 ἐκατέρου
672 1373 794 1409 ἁμαρτία
805 1381 892 1407 φυγα-

113 1422 227 1448 δεύσασα
239 1422 291 1456 τὴν
316 1421 411 1456 ὑγείαν
436 1421 572 1454 παρέτους
597 1420 734 1454 ἐποίησεν,
751 1418 822 1446 οὕτω
843 1419 892 1445 καὶ

942 872 1108 905 aegrotabant
1122 871 1263 907 paralytici
1274 880 1343 907 quos
1350 875 1474 907 sanavnf.’
1485 874 1537 901 duo
1545 875 1616 901 enim
1626 880 1724 901 erant:

942 917 1010 944 alter
1023 917 1133 952 quidem
1148 918 1333 947 iuJerusalem
1361 920 1394 947 ad
1408 921 1540 955 piscinam
1555 921 1637 954 Siloe,
1656 922 1727 950 alter

942 971 1006 991 vero
1018 964 1206 1003 Capharnautn
1220 973 1235 993 a
1251 971 1365 1000 quatuor
1375 968 1441 995 viris
1452 973 1584 1003 gestatus.
1596 969 1724 1002 Quaenam

943 1002 1029 1043 igitur
1040 1010 1098 1037 istis
1113 1017 1194 1038 causa
1213 1011 1322 1039 morbi?
1336 1012 1490 1040 Peccatum.
1501 1036 1505 1039 .
1518 1014 1594 1046 Quod
1607 1015 1726 1042 ostendit

944 1055 1091 1088 Dominus;
1110 1065 1171 1084 nam
1187 1057 1225 1084 illi
1235 1058 1353 1093 quidem,
1365 1061 1460 1086 videns
1476 1059 1535 1094 ejus
1550 1060 1628 1087 fidem
1642 1061 1724 1088 ctiam

944 1100 1099 1135 priusquam
1115 1106 1256 1129 saltaretur
1280 1109 1393 1137 corpus,
1411 1104 1479 1130 dixit
1495 1113 1502 1131 :
1525 1113 1535 1130 ι
1559 1104 1620 1138 Fili,
1635 1106 1726 1133 dimit-

944 1152 1037 1174 tuntur
1054 1148 1101 1175 tibi
1119 1154 1228 1182 pem-ala
1248 1154 1292 1176 tua
1307 1150 1331 1176 ⁸.
1350 1159 1359 1175 ι
1373 1150 1539 1178 Alterivcro
1556 1156 1617 1186 post
1643 1160 1725 1179 sana-

945 1193 1043 1220 tionem
1056 1195 1211 1222 occur-renti
1227 1204 1234 1222 :
1251 1204 1260 1221 ι
1296 1196 1374 1229 Ecce,
1403 1197 1502 1232 inquit,
1530 1205 1611 1226 εῖιιιιιε
1637 1199 1725 1228 factus

944 1247 992 1272 es;
1010 1240 1065 1273 jam
1078 1240 1130 1267 noli
1147 1248 1271 1275 peccare,
1288 1249 1321 1269 ne
1335 1243 1454 1270 deterius
1471 1244 1518 1271 tibi
1544 1245 1645 1279 aliquid
1658 1254 1724 1273 con-

945 1285 1062 1320 tingat'.
1079 1295 1088 1312 ι
1117 1285 1202 1320 Igitur
1239 1288 1467 1322 quemadmodum
1493 1290 1552 1318 illos
1583 1291 1726 1327 ntrittsqnc

945 1331 1083 1365 iniquitas,
1101 1332 1191 1367 fugata
1211 1334 1335 1367 sanitate,
1354 1335 1495 1370 languidos
1511 1336 1611 1369 effecit,
1638 1339 1674 1365 ita
1697 1345 1725 1366 et

945 1387 995 1406 vos
1009 1380 1164 1407 communis
1181 1380 1323 1414 iniquitas.
1348 1380 1438 1415 fugata
1470 1383 1614 1416 cbaritate,
1648 1384 1725 1412 vobis

947 1424 1060 1451 invicem
1072 1425 1196 1452 inimicos
1204 1426 1352 1453 constituit.
1365 1426 1469 1454 Etenim
1476 1435 1508 1455 ex
1521 1436 1574 1463 qua
1584 1429 1636 1456 alia
1651 1438 1681 1464 pa
1687 1436 1727 1457 rte

115 1469 154 1502 ἐφ’
172 1468 257 1502 ὑμῶν,
268 1453 291 1503 ’ἡ
309 1453 386 1502 κοινὴ
403 1453 526 1502 ἁμαρτία
542 1453 737 1500 φυγαδεύσασα
752 1465 801 1500 τὴν
822 1465 889 1498 ἀγά-

1392 1453 1395 1454 ,
1434 1453 1440 1454 κ
1454 1453 1467 1454 η
1523 1453 1574 1463 γ,
1585 1453 1636 1456 -η
1651 1453 1724 1464 ,....-η

969 1478 1089 1497 )iutnune
1098 1475 1216 1498 vestrum
1227 1472 1260 1498 ad
1281 1471 1362 1499 Deum
1378 1478 1404 1500 et
1419 1473 1452 1500 ad
1469 1481 1516 1502 vos
1532 1475 1647 1502 invicem
1665 1477 1724 1503 vin-

114 1521 168 1547 την
180 1513 323 1546 πολεμίους
336 1512 408 1546 ὑμᾶς
420 1511 544 1546 ἀλλήλοις
561 1511 712 1546 κατέστησε
721 1519 728 1526 ⁸
745 1510 827 1537 πόθεν
839 1510 894 1544 γάρ

113 1560 219 1587 ἄλλοθεν
234 1561 281 1586 τὸν
300 1559 389 1586 κοινὸν
402 1559 449 1584 καὶ
464 1558 531 1592 πρὸς
542 1558 609 1584 Θεὸν
629 1558 675 1584 καὶ
686 1557 754 1592 πρὸς
765 1556 895 1592 ἀλλήλους

116 1607 260 1641 σύνδεσμον
275 1606 355 1639 ὑμεῖς
370 1604 539 1636 ἀπωλέσατε,
551 1604 600 1638 τὴν
614 1604 736 1638 ἀγάπην,
754 1603 779 1629 εί
791 1603 828 1638 μὴ
842 1603 895 1629 ἀπὸ

114 1652 159 1686 τῆς
172 1651 416 1686 φιλαμαρτήμονος
429 1649 539 1684 γνώμης
547 1658 555 1681 ;
575 1657 585 1673 ι
598 1648 640 1674 Ἐν
659 1648 714 1682 γὰρ
728 1647 767 1682 τῷ
780 1647 896 1683 πληθυν-

115 1699 189 1733 θῆναι
205 1698 253 1732 τὴν
269 1695 418 1732 ἁμαρτίαν,
433 1696 585 1731 ψυγήσεται
600 1696 616 1730 ἡ
633 1695 728 1728 ἀγάπη
748 1694 802 1720 τῶν
827 1693 893 1720 πο).-

113 1744 174 1777 λῶν,
193 1753 202 1770 ι
220 1745 249 1770 ὲν
259 1745 316 1774 τοῖς
329 1741 505 1776 Εὐαγγελίοις
519 1740 602 1776 φησὶν
614 1741 627 1767 ὁ
641 1739 750 1773 Κύριος·
765 1739 898 1774 ψυγείσης

113 1791 140 1817 δὲ
153 1791 201 1826 τῆς
215 1791 329 1825 ἀγάπης
342 1788 464 1820 τελείως,
479 1787 528 1822 τὴν
547 1787 595 1813 τοῦ
626 1785 694 1813 Θεοῦ
728 1785 807 1820 χάριν
840 1788 887 1812 καί

114 1837 274 1872 κηδεμονίαν
290 1836 460 1870 παραμένειν
476 1833 617 1860 ἀδύνατον.

147 1885 202 1910 Καὶ
215 1883 260 1910 ἶνα
272 1882 306 1909 δι’
321 1881 517 1916 ὑποδείγματος
531 1881 596 1916 ὑμῖν
612 1881 641 1908 τὸ
655 1881 741 1912 πάθος
753 1880 895 1916 παραστή-

115 1939 162 1961 σω,
177 1929 268 1965 λύχνῳ
278 1928 366 1955 ἔοικεν
383 1927 462 1964 ἡμῶν
475 1929 492 1963 ἡ
519 1927 636 1954 ἑκάστου
649 1927 734 1963 ψυχὴ,
744 1928 782 1958 ὡς
804 1926 895 1953 ἔλαιον

116 1979 162 2012 μὲν
176 1977 274 2012 ἔχουσα
287 1976 338 2011 τὴν
351 1975 544 2011 άγαθοεργίαν,
560 1975 621 2002 ἀντὶ
632 1974 661 2001 δὲ
678 1973 835 2009 Θρυαλλίὸος
847 1974 895 2008 φέ-

115 2031 198 2057 ρουσα
211 2022 260 2057 τὴν
280 2022 401 2057 ἀγάπην,
451 2021 667 2052 ἐπαναπαύεται,
681 2019 743 2046 ἀντὶ
762 2019 860 2054 φωτὸς,
879 2019 895 2053 ἡ

114 2069 193 2104 χάρις
207 2068 254 2095 τοῦ
269 2069 342 2094 θείου
361 2058 528 2102 Ιινέύματος.
544 2066 597 2093 Τοῦ
612 2066 703 2093 τοίνυν
728 2065 818 2091 ἐλαίου
833 2064 896 2091 τού-

114 2123 171 2146 του,
183 2114 304 2149 δηλονότι
321 2115 368 2148 τῆς
385 2112 569 2148 ἀγαθοεργίας
594 2111 785 2144 ἐκλειπούσης.
802 2111 819 2145 ἡ
835 2110 898 2136 ἀντὶ

115 2147 269 2194 θρυαλλίδος
286 2147 386 2185 ἐνοῦσα
406 2158 439 2192 τῇ
459 2157 530 2192 ψυχῇ
545 2156 639 2191 ἀγάπη
655 2155 684 2188 ἐξ
710 2155 833 2190 ἀνάγκης
846 2153 897 2189 ψύ-
909 2147 937 2176 D

114 2213 208 2240 γεταισ
229 2205 275 2232 καὶ
291 2203 363 2231 οὕτω
387 2204 418 2230 τὸ
441 2203 499 2238 φῶς
513 2202 562 2237 τῆς
587 2202 634 2228 τοῦ
650 2201 718 2228 Θεοῦ
732 2200 896 2235 κηδεμονίας

114 2252 161 2278 καὶ
173 2251 284 2286 χάριτος
297 2250 460 2284 ἀφίπταται,
489 2247 543 2274 τῶν
569 2247 709 2282 φυγόντων
722 2245 772 2281 τὴν
795 2244 896 2279 ἀρετὴν

114 2299 160 2324 καὶ
174 2298 224 2333 τὴν
237 2296 348 2330 ἀγάπην
365 2295 594 2331 φυγαδιυσάντων
612 2292 702 2320 αὐτῶν
713 2301 720 2308 ·
736 2293 784 2318 καὶ
801 2292 815 2316 ὸ
828 2291 897 2326 πρὸς

115 2344 245 2378 ἀλλήλους
268 2343 359 2374 αὐτοῖς
373 2343 491 2376 τάραχος
520 2340 688 2375 ἐπιγίνεται,
709 2338 757 2364 τοῦ
774 2337 842 2364 Θεοῦ
868 2337 898 2363 τὸ

114 2390 260 2424 πρόσωπον
276 2389 324 2416 ἀπ’
344 2388 433 2415 αὐτῶν
441 2386 672 2421 ἀποστρέψαντος,
686 2386 753 2421 προς
769 2386 797 2411 ὃν
816 2391 899 2418 φησιν

113 2437 128 2462 ὁ
144 2436 239 2462 Δαῦίδ·
256 2445 266 2461 ι
291 2435 524 2469 Ἀποστρέψαντος
537 2435 566 2461 δὲ
583 2434 631 2459 σοῦ
645 2433 676 2459 τὸ
695 2433 840 2468 πρόσωπον
851 2440 899 2464 τας

116 2483 308 2517 ραχθήσονται,
325 2491 334 2508 ι
362 2480 456 2512 Οὕτως
481 2481 513 2506 ὲκ
537 2480 586 2514 τῆς
604 2479 742 2515 ἁμαρτίας
766 2477 898 2513 ἐμφύλιος

115 2529 209 2559 στάσις
226 2529 276 2554 καὶ
289 2526 419 2562 σύγχυσις
442 2527 507 2562 ἡμῖν
521 2526 683 2560 ἐπιγίνεται,
707 2525 805 2556 κακίας
826 2525 898 2551 ᾶπαν

115 2571 182 2605 εἶδος
192 2572 363 2607 ἐπαγομένη,
388 2572 492 2599 καὶτὸν
515 2571 637 2606 ἀρχηγὸν
656 2571 706 2604 τῆς
730 2570 828 2601 κακίας
843 2569 899 2600 τοῖς

117 2618 295 2652 στασιάρχαις
320 2619 369 2644 καὶ
398 2617 572 2647 στασιασταῖς
599 2615 780 2647 ιἰοικίςουσα,
806 2613 835 2645 ὃς
859 2614 899 2645 εὶς

116 2663 198 2697 Θηρία
210 2662 409 2698 μετασκευάζει
422 2671 429 2678 ·
446 2662 476 2688 οὐ
494 2661 561 2688 πολὺ
575 2661 604 2688 δὲ
619 2662 716 2694 εἰπεῖν,
732 2660 772 2687 ὃτι
784 2660 830 2686 καὶ
844 2658 901 2686 δαι-

115 2709 204 2743 μόνων
213 2707 280 2744 ἦθος
291 2708 437 2743 κεκτῆσθαι
450 2707 722 2743 παρασκευάζει-τοὺς
730 2708 757 2732 ὲν
767 2704 806 2737 οἷς
818 2706 900 2732 alcat-

114 2755 236 2787 κίζεται·
256 2756 303 2782 καὶ
319 2755 402 2788 οὕτως
413 2756 634 2792 ἀνθρωποκτόνον
649 2756 695 2782 τὸν
719 2755 861 2790 ἄνθρωπον
886 2755 901 2780 ὁ

951 1516 1041 1543 Culum
1057 1516 1240 1544 destruxistis.
1267 1519 1438 1552 charitatem,
1450 1520 1539 1548 nisiex
1558 1523 1725 1550 conscientia

945 1567 1055 1596 peccato
1067 1562 1175 1590 dedita?
1187 1572 1195 1588 ι
1211 1563 1315 1598 Quippe
1325 1565 1451 1599 quoniam
1464 1567 1611 1594 abundavit
1625 1569 1727 1603 iniqui-

945 1611 999 1639 tas,
1013 1607 1169 1642 refrigescct
1181 1609 1298 1636 Charitas
1309 1610 1455 1638 multorum
1472 1612 1493 1644 ⁷,
1514 1621 1523 1638 ›
1543 1613 1580 1641 ait
1601 1614 1625 1640 in
1639 1613 1726 1641 Evan-

945 1653 1022 1688 geliis
1037 1654 1180 1687 Dominus;
1191 1655 1322 1683 charitate
1330 1658 1511 1685 veroomnino
1521 1658 1724 1694 refrigescente.

947 1698 995 1726 Dei
1037 1701 1149 1734 gratiam
1173 1706 1368 1737 paternamqtte
1403 1704 1529 1739 pietatem
1564 1712 1726 1739 permanere

951 1751 1118 1780 nequaquam
1149 1752 1192 1775 est
1219 1747 1356 1782 possibile.

979 1880 1013 1908 Ut
1026 1881 1101 1910 vobis
1115 1882 1239 1917 exemplo
1253 1891 1376 1911 miseram
1393 1891 1462 1912 nanc
1473 1887 1654 1915 conditionem
1667 1895 1729 1922 pro-

945 1934 1055 1962 ponam,
1065 1927 1180 1962 lampadi
1187 1928 1283 1956 similis
1294 1934 1333 1956 est
1346 1934 1437 1957 nostra
1446 1931 1630 1965 cujuscunque
1638 1933 1729 1960 anima

945 1973 1033 2001 olctnn
1048 1973 1158 2008 quidem
1179 1974 1280 2002 habens
1294 1983 1374 2009 opera
1392 1977 1472 2008 bona,
1486 1977 1649 2012 cllychninm
1663 1987 1728 2006 vero

946 2018 1035 2046 ferens
1048 2019 1219 2052 charitatem,
1236 2019 1261 2046 in
1277 2028 1329 2054 qua
1346 2028 1394 2055 pro
1415 2021 1472 2049 luce
1481 2024 1629 2056 requiescit
1641 2024 1728 2057 gratia

946 2064 1028 2092 divini
1045 2065 1169 2100 Spiritus.
1187 2066 1243 2095 Hoc
1264 2068 1345 2102 tgitur
1355 2068 1425 2101 oleo,
1440 2069 1545 2096 scilicet
1566 2070 1644 2098 bouis
1662 2078 1729 2104 ope-

953 2111 1037 2144 ribus,
1052 2111 1207 2145 deflcieme,
1222 2121 1282 2148 quae
1315 2121 1364 2148 pro
1388 2115 1524 2150 cllychnio
1540 2115 1610 2143 inest
1632 2117 1735 2153 animat

949 2157 1068 2185 charilas
1083 2159 1238 2186 necessario
1248 2160 1367 2195 fugitur,
1384 2165 1412 2188 et
1434 2161 1473 2188 sic
1493 2162 1540 2189 lux
1564 2161 1610 2190 Dei
1626 2165 1728 2191 amoris

948 2209 975 2230 et
990 2204 1083 2237 gratia:
1095 2206 1194 2237 evolat.
1207 2206 1304 2240 quibus
1325 2206 1488 2242 fugientibus
1519 2208 1647 2244 fugantur
1674 2211 1730 2237 \ir-

949 2254 991 2276 lus
1003 2255 1030 2276 et
1048 2251 1176 2284 charitas,
1192 2257 1220 2279 et.
1234 2254 1376 2285 tumultus,
1396 2262 1450 2288 quo
1458 2262 1488 2282 se
1506 2255 1621 2283 invicem
1637 2249 1734 2291 perst

948 2300 1081 2329 quuntur,
1098 2299 1263 2332 supervenit,
1283 2299 1336 2326 Deo
1349 2300 1443 2328 facient
1456 2306 1490 2328 ab
1506 2303 1572 2336 ipsis
1587 2309 1729 2331 avet-tento

950 2341 982 2366 ad
994 2348 1072 2374 quem
1087 2341 1154 2368 dixit
1173 2342 1255 2370 DilVltl
1270 2353 1276 2370 :
1296 2354 1305 2370 ι
1319 2347 1465 2373 Avertcnte
1481 2352 1572 2374 autent
1591 2353 1616 2375 te
1630 2348 1728 2376 faciem

951 2392 1035 2420 tuam,
1047 2387 1228 2416 turbabuntur
1243 2389 1264 2417 ⁸.
1282 2400 1292 2417 ι
1310 2391 1349 2418 lta
1362 2400 1393 2419 ex
1410 2393 1553 2427 iniquitate
1587 2395 1674 2423 civilis
1685 2404 1731 2423 sc—

950 2434 1016 2461 ditio
1027 2435 1194 2469 supervenit,
1212 2443 1302 2463 secum
1319 2437 1456 2465 adducens
1472 2446 1581 2467 omnem
1600 2441 1731 2468 malorum

949 2481 1078 2514 speciem,
1102 2486 1129 2508 et
1155 2482 1265 2509 malitiae
1285 2484 1430 2518 principem
1449 2489 1503 2511 tam
1533 2486 1730 2514 discordiarum

950 2527 1162 2555 concitatoribus
1173 2537 1253 2564 quam
1271 2530 1421 2557 fautoribus
1435 2531 1610 2563 introduceus
1627 2533 1673 2566 qui
1684 2540 1732 2560 eos

951 2573 977 2600 in
992 2574 1090 2602 bestias
1103 2575 1248 2606 convertit,
1259 2583 1318 2607 seu,
1334 2583 1367 2603 uo
1382 2575 1447 2610 quid
1459 2575 1545 2610 pluris
1557 2577 1656 2610 dicam,
1671 2578 1731 2605 da:-

952 2627 1060 2647 montnn
1081 2620 1404 2655 moribus.cOmparandis
1415 2629 1463 2649 eos
1477 2628 1610 2656 prmparat
1625 2623 1651 2650 in
1667 2624 1739 2664 qui-r

951 2666 1001 2693 bus
1021 2666 1169 2700 inhabitat;
1182 2668 1252 2694 unde
1278 2667 1439 2695 homicidam
1461 2669 1546 2695 virum
1562 2669 1606 2697 ille
1629 2671 1675 2705 qui
1694 2671 1728 2698 ab
1745 2704 1747 2710 _

952 2710 1028 2738 initio
1043 2711 1180 2739 hominum
1197 2720 1261 2740 osor
1276 2713 1325 2740 fuit
1338 2718 1366 2741 et
1380 2714 1538 2742 interfector
1550 2714 1632 2742 efficit
1654 2719 1731 2743 vitm-
1744 2712 1747 2719 “

951 2763 1004 2790 que
1019 2755 1139 2791 largitori
1165 2757 1274 2787 Christo
1297 2758 1496 2794 adversarium,
1523 2766 1624 2795 quanto
1647 2751 1742 2803 magis:

154 2849 164 2863 ³
180 2847 273 2874 Matth.
293 2856 328 2879 Ix,
343 2847 370 2875 2.
409 2847 419 2862 ⁸
432 2846 509 2874 Joan.
522 2856 548 2878 ν,
571 2847 613 2874 Η.
652 2847 661 2861 ⁷
681 2847 777 2874 Matth.
806 2856 878 2880 μιν,

978 2848 988 2862 ³
1003 2847 1074 2875 l'sal.
1094 2856 1150 2880 cnt,
1165 2849 1211 2875 Q9.
