1873 3076
152 160 185 193 i9
773 167 891 197 GREGL‘

1033 169 1109 198 LA.“
1120 168 1151 198 xii
1735 170 1771 202 20

149 217 294 246 incumbit.
314 218 347 246 Et
361 219 489 253 majorem
523 220 576 248 vim
594 220 674 249 habet
683 222 769 250 virtus
785 223 817 250 ad
846 231 874 250 cc

1034 225 1172 258 ορώτερος
1184 224 1238 260 γάρ
1253 225 1327 252 ἐστιν
1339 225 1368 251 ὲν
1385 224 1498 259 ἀγαθοῖς
1511 223 1526 250 6
1545 224 1701 256 σπουδαῖος.
1718 225 1773 252 Καὶ

148 264 276 292 claudum
288 264 573 298 ntalitizc,'ctelcstibus
580 267 715 295 ditescetts
724 268 928 304 cltorisetadjn-

148 310 253 337 toribus
267 311 300 337 ab
316 318 349 338 eo
361 311 421 346 ipso
431 313 478 346 qui
498 313 588 340 omnia
603 318 858 350 potest,omnesqtte
873 315 928 343 vir-

150 356 215 383 tutis
228 361 363 384 amatores
381 365 430 392 per
443 357 589 386 bonitatem
606 360 761 392 conﬁrmat,
775 361 810 387 ita
830 366 858 387 ttt
876 369 927 388 non

149 406 253 430 tantum
269 403 430 431 inconcussa
462 410 570 432 tttaneat
585 405 673 433 virtus
690 407 774 435 variis
786 408 930 442 pravisque

150 449 297 476 adversarii
315 450 450 477 molientis
476 450 609 483 artiﬁciis,
625 452 672 479 sed
689 452 769 479 etiam
797 453 887 489 lapsos
903 454 929 480 in

148 494 317 522 altitudinem
341 495 472 523 tnalorum
485 497 619 525 excitatos
638 498 734 532 erigat,
751 506 856 526 necnon
883 506 931 532 per

149 539 335 572 penitentiam
350 545 376 566 et
392 540 569 569 humilitatem
590 542 623 569 ad
637 543 720 570 Deum
735 543 857 578 benigne,
870 552 931 578 per-

149 584 240 612 ducat.
250 584 289 611 Ad
305 585 456 619 exemplum
467 587 570 614 sufﬁcit
582 595 705 622 praesens
717 589 855 623 parabola.
870 589 932 616 Ete-

150 629 205 656 nim
219 630 378 664 publicanus
392 630 454 657 licet
467 632 528 658 talis
544 637 573 658 et
593 633 671 667 quasi
701 633 728 660 in
756 634 855 668 abysso
866 643 931 669 pec-

150 675 205 702 cati
231 681 418 709 conversatus,
445 677 501 704 sola
527 678 676 712 etquidem
703 679 778 706 brevi
805 681 929 708 oratione

151 722 191 748 eis
203 722 247 756 qui
259 723 406 750 secundum
422 723 548 750 virtutem
557 725 653 751 'vivunt
667 725 851 758 consociatus,
865 726 933 753 alle-

151 773 241 799 vatur,
257 768 379 802 erigitur,
394 776 555 803 omnemque
566 770 677 804 pedibus
694 771 779 798 calcat
789 771 932 806 malitiam,

150 818 178 840 et
194 814 328 848 justorum
354 814 439 842 cltoro
455 815 602 842 ascriltitur
627 816 661 842 ab
684 816 742 851 ipso
774 817 931 853 incorrupto

148 858 240 892 judice
248 859 425 894 justiﬁeatus.
438 860 591 889 Pharisatus
601 866 691 889 autem
704 863 763 890 solo
775 864 857 891 verbo
869 871 934 891 con-

149 905 302 937 demnatur,
313 906 376 934 licet
389 905 551 940 Pltarisueus,
562 913 589 934 et
603 908 764 943 sibimetipsi
779 909 856 936 visus
871 917 931 938 esse
948 901 969 928 Β

151 954 263 988 aliquid,
282 954 330 981 sed
351 955 507 988 ttonjustns
533 955 560 982 in
588 955 712 988 veritate,
747 961 774 983 et
803 957 935 984 audacter

150 1007 204 1026 tton
220 1007 306 1033 pauca
322 999 418 1028 affatus
428 1001 453 1028 in
468 1001 567 1035 quibus
582 1005 620 1028 tot
631 1007 709 1028 erant
726 1001 807 1028 Deum
817 1002 852 1030 ad
867 1001 934 1029 iram

150 1043 326 1077 cotteitantia,
339 1050 404 1080 quot
420 1047 513 1073 verba.
531 1045 629 1074 Verum
644 1054 729 1082 quare
741 1047 878 1074 humilitas
902 1048 935 1075 ad

151 1087 255 1121 apicem
268 1087 379 1120 justitiw
390 1089 503 1118 exultat.
520 1091 694 1126 praesumptio
707 1096 798 1119 autem
813 1093 839 1119 itt
854 1094 936 1128 abys-

150 1140 209 1159 sum
223 1136 325 1165 peccati
336 1134 428 1169 dejicit
439 1135 452 1162 τ
462 1135 529 1168 Quia
541 1136 585 1163 ille
596 1137 705 1172 quidem
717 1143 792 1165 ratus
802 1146 832 1166 se
844 1145 936 1173 quent-

151 1179 213 1206 dam
232 1187 293 1207 esse
320 1188 459 1215 magnum,
476 1187 504 1209 et
531 1182 620 1210 taliter
636 1191 666 1211 se
680 1184 807 1218 opinatus
841 1192 934 1212 coram

152 1225 217 1257 Deo,
233 1225 294 1258 jure
309 1234 324 1253 a
335 1226 390 1254 Deo
407 1227 615 1271 dcrelinquitur,
632 1230 709 1264 quasi
723 1230 796 1257 nullo
809 1231 886 1258 modo
897 1232 938 1258 vi-

151 1280 198 1299 sus
214 1273 287 1300 illius
306 1273 427 1308 indigere
443 1275 564 1309 auxilio;
587 1277 632 1304 ille
652 1282 742 1304 autem
758 1278 803 1312 qui
822 1279 935 1306 niltilum

151 1327 183 1347 se
195 1322 347 1354 praesumit,
362 1327 389 1349 et
407 1321 466 1349 ideo
483 1323 579 1351 oculos
594 1323 667 1351 levat
680 1324 714 1352 ad
726 1332 841 1358 superna
856 1325 936 1352 auxi-

151 1366 199 1399 lia,
212 1367 307 1395 nterito
319 1369 497 1403 consequitur
512 1377 525 1396 a
543 1369 596 1396 Deo
613 1370 836 1404 misericordiam,
852 1377 877 1398 et
887 1380 936 1398 uu—

151 1412 247 1441 xilium
264 1418 292 1441 et
307 1414 439 1449 gratiam;
466 1415 613 1443 «Dominus
629 1418 701 1444 enim
719 1418 821 1446 re5tstit
839 1426 937 1453 super—

153 1457 206 1489 bis,
227 1459 371 1486 ltumilihus
383 1465 472 1488 autem
490 1462 658 1496 datgratiam
672 1463 723 1490 ὀ.»

983 270 1068 298 πλείω
1083 270 1132 305 τὴν
1149 271 1225 304 ἰσχὺν
1239 271 1295 305 ἔχει
1308 270 1376 305 πρὸς
1385 269 1600 305 ἀντιπαράταξιν
1611 269 1662 304 τῆς
1674 270 1774 301 κακίας

982 318 999 351 ἡ
1009 316 1102 350 ἁρετὴ,
1115 316 1163 351 τὴν
1174 316 1275 344 ἄνωθεν
1291 316 1442 343 πλουτοῦσα
1458 316 1590 352 χορηγίαν
1599 316 1646 343 καὶ
1664 324 1772 350 συμμα-

983 363 1045 397 χίαν
1062 362 1126 397 παρ’
1139 362 1221 388 αὐτοῦ
1236 363 1283 389 τοῦ
1297 363 1331 389 τὰ
1346 363 1434 389 πάντα
1451 361 1598 396 ἰσχύοντος,
1612 362 1658 388 καὶ
1670 361 1773 392 πάντας

984 407 1047 439 τοὺς
1076 407 1126 439 τῆς
1152 407 1252 442 ἀρετῆς
1275 408 1394 442 ἐραστὰς
1412 407 1624 441 ὲνδυναμοῦντος
1645 406 1678 433 δι’
1703 407 1772 440 ἀγα-

986 452 1098 488 θότηταο
1116 454 1154 484 ὡς
1176 453 1213 488 μὴ
1232 453 1301 488 μόνη
1328 453 1453 484 ἄσειστος
1478 453 1617 487 διαμένειν
1636 453 1693 484 τοῖς
1710 461 1772 479 συν-

986 499 1201 534 εσκευασμένοις
1224 498 1277 525 ὑπὸ
1293 497 1341 524 τοῦ
1358 498 1548 532 ἀντικειμένου
1569 497 1702 528 ποικίλοις
1725 496 1774 524 καὶ

986 546 1115 580 πονηροῖς
1143 545 1349 580 μηχανήμασιν,
1380 544 1449 570 ἀλλά
1472 547 1519 570 καὶ
1543 543 1605 574 τοὺς
1628 543 1667 573 είς
1691 542 1774 577 βάθος

986 591 1158 625 ἐμπεσόντας
1174 590 1267 617 κακῶν
1285 590 1439 624 ἀνεγείρειν
1455 589 1528 624 ἔχειν
1543 588 1590 615 καὶ
1607 588 1772 620 ἐπανάγειν,

988 635 1034 661 καὶ
1059 634 1104 661 διὰ
1130 634 1276 669 μετανοίας
1291 635 1339 660 καὶ
1358 633 1551 664 ταπεινώσεως
1565 633 1603 667 τῷ
1618 632 1678 667 Θεῷ
1692 640 1777 664 προσ-

986 681 1065 714 άγειν
1091 680 1151 715 μετ’
1171 680 1308 712 εὐκολίας.
1335 681 1442 714 Δεῖγμα
1466 679 1494 706 δὲ
1524 680 1572 705 καὶ
1600 679 1774 713 παράστασις

986 727 1111 762 διαρκής
1132 727 1178 753 καὶ
1193 726 1247 761 γὰρ
1272 727 1285 752 ό
1306 725 1442 761 Τελώνης,
1455 725 1572 758 τελώνης
1586 724 1634 757 ὢν,
1649 726 1697 751 καὶ
1716 722 1773 751 οἷον

987 773 1025 808 τῷ
1037 773 1153 808 πυθμένι
1168 773 1218 807 τῆς
1233 772 1371 807 ἁμαρτίας
1386 771 1604 806 ἐνδιαιτώμενος,
1614 771 1686 805 λόγῳ
1700 772 1774 805 μόνῳ

987 820 1157 854 κοινωνήσας
1176 819 1232 850 τοῖς
1254 817 1313 844 κατ’
1335 818 1435 853 ἀρετὴν
1447 817 1526 850 ζῶσι,
1545 818 1592 844 καί¹
1605 817 1692 850 τούτῳ
1709 817 1776 851 βρα-

986 867 1039 901 χεῖ,
1055 865 1214 899 κουφίζεται
1240 864 1288 890 καὶ
1310 863 1423 898 ὑψοῦται
1445 864 1492 889 καὶ
1508 863 1667 898 ὑπερϐαίνει
1682 864 1774 889 πᾶσαν

984 908 1094 940 κακίαν,
1114 909 1158 934 καὶ
1174 907 1213 943 τῷ
1229 907 1302 944 χορῴ
1324 907 1379 934 τῶν
1402 907 1514 934 δικαίων
1546 907 1772 940 ὲγκαταλέγεται,

985 955 1052 989 παρ’
1079 954 1161 981 αὐτοῦ
1187 953 1398 987 δεδικαιωμένος
1421 954 1468 979 τοῦ
1496 953 1645 980 ἀδεκάστου
1665 952 1773 987 κριτοῦ.

985 1000 1017 1027 ΕΞ
1039 1001 1067 1027 δᾶ
1088 1002 1135 1027 καὶ
1154 1001 1169 1027 ὀ
1193 1001 1342 1034 Φαρισαῖος
1369 999 1441 1034 λόγῳ
1463 998 1685 1030 καταδικάζεται,
1703 997 1775 1024 ἀλλὰ

984 1049 1131 1083 Φαρισαῖος
1157 1047 1206 1080 ὢν,
1232 1047 1278 1073 καὶ
1301 1046 1388 1073 δοκῶν
1415 1044 1485 1072 εἷναί
1511 1053 1552 1076 τις
1581 1044 1684 1079 ἐαυτῷ,
1711 1043 1774 1070 ἀλλ’

986 1094 1036 1123 οὐκ
1067 1094 1104 1120 ὢν
1130 1093 1235 1124 δίκαιος
1266 1091 1309 1118 ἐπ’
1337 1092 1486 1126 ἀληθείας,
1503 1091 1550 1117 καὶ
1575 1090 1775 1125 θρασυπομῶν

985 1140 1035 1166 οὐκ
1049 1139 1137 1174 ὀλίγα,
1153 1140 1181 1165 ὲν
1196 1137 1235 1169 οἷς
1253 1139 1305 1165 οὐκ
1324 1138 1429 1164 ἐλάττω
1446 1137 1501 1164 τῶν
1517 1136 1657 1162 συλλαϐῶν
1672 1135 1706 1162 τὰ
1723 1135 1771 1162 τὸν

984 1186 1050 1213 Θεδν
1063 1185 1273 1221 παροργίξοντα.
1287 1185 1364 1210 Διατί
1377 1184 1406 1210 δὲ
1421 1185 1437 1218 ὴ
1453 1184 1502 1217 μὲν
1519 1182 1683 1213 ταπείνωσις
1700 1182 1772 1215 πρὸς

986 1233 1052 1266 ὕψος
1071 1233 1167 1266 ἀνάγει
1187 1231 1372 1265 δικαιοσύνης,
1399 1231 1416 1265 ἡ
1432 1230 1462 1256 δὲ
1480 1229 1569 1264 οἴησις
1590 1229 1658 1264 πρὸς
1685 1227 1766 1262 βυθὸν

985 1280 1101 1314 κατάγει
1114 1279 1162 1313 τῆς
1177 1277 1333 1313 ἁμαρτίας;
1350 1276 1424 1303 Διότι
1444 1277 1457 1303 ὁ
1477 1277 1527 1311 μὲν
1537 1273 1660 1310 οἰόμενος
1675 1274 1772 1301 ἑαυτὸν

989 1323 1059 1352 εἶναι
1077 1333 1138 1352 τινα
1155 1324 1251 1358 μέγαν,
1277 1323 1324 1350 καὶ
1353 1322 1441 1350 ταῦτα
1473 1321 1589 1348 ἐνώπιον
1616 1320 1663 1348 τοῦ
1691 1318 1772 1351 Θεοῦ,

990 1371 1257 1405 ὲγκαταλιμπάνεται
1283 1369 1396 1400 δικαίως
1417 1369 1470 1395 ὑπὸ
1491 1368 1578 1400 Θεοῦ,
1604 1366 1641 1398 ὡς
1661 1366 1699 1400 μὴ
1723 1365 1773 1399 τῆς

989 1418 1057 1450 παρ’
1072 1417 1176 1443 ἐκείνου
1192 1416 1277 1442 δοκῶν
1297 1415 1409 1451 χρῄζειν
1425 1414 1595 1449 ἐπικουρίας·
1610 1414 1624 1440 ὁ
1643 1413 1672 1439 δὲ
1690 1410 1774 1447 μηδὲν

989 1465 1113 1498 οἴομενος
1139 1464 1247 1495 ἑαυτὸν,
1274 1463 1322 1489 καὶ
1347 1463 1391 1489 διὰ
1413 1462 1492 1488 τοῦτο
1519 1460 1623 1496 βλέπων
1649 1460 1689 1490 εις
1707 1460 1773 1488 τοὺς

153 1505 257 1534 ἀνωθεν
277 1507 455 1542 οἳκτιρμοὺς,
485 1509 614 1543 τυγχάνει
639 1509 751 1541 δικαίως
776 1509 826 1544 τῆς
856 1510 933 1545 παρὰ
952 1511 999 1537 τοῦ
1034 1511 1103 1537 Θεοῦ
1123 1509 1297 1544 συμπαθείας
1324 1509 1373 1535 καὶ
1407 1507 1534 1543 βοηθείας
1563 1505 1611 1533 καὶ
1637 1505 1772 1541 χάριτος·

158 1565 169 1583 ε
186 1553 287 1590 Κύριος
310 1555 375 1590 γὰρ,
399 1555 500 1590 φησὶν,
521 1556 707 1591 ὑπερηφάνοις
731 1558 933 1591 ἀντιτάσσεται,
950 1560 1090 1590 ταπεινοῖς
1105 1558 1133 1584 δὲ
1144 1557 1236 1584 δίδωσι
1252 1557 1345 1593 χάριν.
1366 1565 1376 1583 ι

190 1623 267 1656 Quod
285 1624 430 1651 ostendens
447 1631 494 1658 per
505 1625 659 1658 parabolam
676 1625 817 1659 Dominus,
838 1636 847 1653 ι
865 1626 929 1660 Duo,

1032 1629 1082 1656 Καὶ
1107 1627 1187 1655 τοῦτο
1213 1627 1321 1658 δεικνὺς
1349 1626 1393 1653 διὰ
1426 1624 1586 1660 παραϐολῆς
1612 1626 1626 1651 ὁ
1657 1625 1771 1660 Κύριος,

155 1669 255 1704 inquit,
282 1669 405 1697 homines
421 1671 604 1698 aseendertmt
628 1671 654 1698 itt
675 1672 803 1706 Icmplum
822 1678 851 1699 ut
877 1681 939 1699 ora-

155 1721 215 1743 rcnl
227 1724 235 1749 ;
246 1723 314 1743 unus
323 1716 485 1748 Pbarisaaus,
497 1721 524 1744 et
535 1717 604 1744 alter
616 1718 778 1746 Publicattus
789 1719 841 1746 η.»
860 1719 938 1746 Clare

153 1769 215 1789 (unt
235 1762 314 1789 Vellet
324 1770 472 1797 proponere
488 1763 646 1791 humilitatis
655 1764 798 1791 utilitatem
809 1769 835 1792 et
842 1772 938 1800 supcr-

155 1809 207 1835 Ιιίιρ
233 1809 372 1841 damnum,
392 1810 417 1836 itt
442 1811 508 1837 duos
523 1809 630 1844 collegit
652 1817 746 1838 omnes
761 1810 788 1838 in
809 1813 937 1846 templum

155 1860 310 1889 pergentes,
328 1863 375 1882 seu
393 1856 483 1890 potius
498 1857 531 1883 ad
548 1856 636 1890 ipsum
647 1857 836 1884 ascendentes.
855 1857 934 1884 'l‘ales

156 1901 230 1928 enim
243 1906 306 1928 sunt
320 1902 366 1936 qui
383 1902 513 1929 orationis
525 1909 605 1929 causa
622 1903 655 1929 ad
670 1903 798 1934 templum
812 1903 860 1930 Dei
875 1911 935 1937 per-

156 1953 232 1983 gunt:
251 1955 312 1974 nam
326 1948 382 1974 haec
395 1952 437 1975 est
448 1948 579 1975 orationis
591 1953 699 1975 natura.
717 1949 738 1975 Δ
750 1954 821 1975 terra
837 1949 863 1974 in
880 1955 938 1975 cm-

156 1995 212 2021 lttttt
243 1994 376 2021 hominem
390 2001 468 2024 quem
486 1995 558 2020 omni
573 1994 723 2022 caelestium
745 1999 872 2028 superato
889 2002 940 2020 uo-

158 2041 232 2068 utitte
246 2047 273 2068 ct
290 2041 432 2068 altitudine
447 2046 473 2067 et
501 2041 643 2076 dignitate,
663 2042 712 2076 ipsi
738 2049 820 2076 super
844 2041 938 2068 omnia

157 2089 213 2115 ltro
228 2087 319 2114 oil'ert.
343 2087 408 2114 Erat
421 2087 500 2114 etiam
517 2087 646 2121 templum
676 2087 740 2114 illttd
755 2088 897 2121 antiquum
911 2087 937 2114 itt

158 2133 302 2160 altitudine
317 2133 445 2168 positum,
457 2133 481 2160 itt
498 2141 602 2160 summa
627 2134 749 2165 civitate,
763 2133 789 2160 itt
804 2141 858 2167 quo
875 2133 938 2159 olint

158 2179 289 2210 culmine,
304 2184 391 2206 morte
412 2177 561 2205 Jerusalem
579 2178 769 2212 depopulante,
787 2177 940 2205 lethii'eruut

160 2224 284 2259 angelum
302 2224 395 2251 videns
410 2224 492 2251 David
506 2231 588 2258 super
605 2226 697 2250 urbem
705 2223 820 2258 gladium
834 2224 942 2258 erigent-

160 2277 226 2303 tettt,
258 2271 405 2297 ascendens
434 2270 578 2296 aediﬁcat-it
613 2270 647 2296 ibi
667 2270 752 2297 altare
777 2270 942 2300 Dontino,et

159 2317 258 2344 obtulit
284 2316 359 2343 ineo
389 2315 550 2343 sacriﬁcium
575 2315 640 2348 Deo,
662 2320 690 2342 et
702 2315 776 2342 stetit
799 2316 941 2348 contritio;

160 2370 220 2397 qum
241 2362 311 2390 facta
327 2365 391 2389 sunt
407 2361 434 2388 itt
451 2361 563 2396 ﬁguram
582 2361 710 2388 salutaris
736 2361 942 2396 spiritualisquc

160 2418 208 2444 per
223 2410 374 2437 orationem
404 2407 732 2438 sanctam,ascensiouis,
760 2413 786 2434 et
801 2416 851 2442 per
882 2415 940 2434 eam

160 2457 276 2483 obtenta:
293 2454 518 2482 santtilicatiouis
535 2461 543 2484 ;
561 2454 700 2487 ligurativa
715 2453 787 2479 enim
803 2459 879 2479 erant
897 2453 940 2480 illa

160 2503 249 2529 omnia
266 2506 375 2536 propter
396 2501 511 2528 salutent
527 2505 668 2532 nostram;
699 2501 750 2530 vel,
769 2501 791 2527 si
808 2500 937 2531 volneris,

160 2548 260 2576 liebattt
286 2549 312 2574 itt
341 2548 453 2579 ﬁgurant
473 2552 573 2573 nostra:
599 2547 676 2574 istius
692 2546 820 2574 ECcIt-siat
841 2553 942 2574 ενοι-ιω

161 2602 221 2627 qua:
238 2600 300 2619 vere
326 2594 352 2619 'tu
373 2599 479 2619 sutnnto
507 2596 576 2625 stat,
592 2599 652 2619 cunt
672 2593 810 2626 augt-licus
835 2593 904 2620 alitis
918 2597 944 2619 ct

160 2639 279 2666 caelestis
305 2638 389 2670 locus,
413 2639 504 2672 inquo
528 2639 561 2665 ad
587 2639 828 2666 sattctilicatiOncttt
864 2640 945 2666 totius

163 2687 254 2712 mutuli
271 2686 419 2720 tttorlisque
445 2687 637 2714 rontrttiouettt
657 2693 682 2713 ct
702 2687 763 2714 vita:
781 2687 944 2714 immortalis

164 2733 368 2764 abundantiam,
386 2733 556 2761 incruentum
572 2737 598 2759 et
610 2741 734 2768 magnum
747 2739 773 2760 et
787 2741 850 2760 rere
867 2741 945 2761 acce-

142 2785 145 2786 '
164 2779 263 2812 ptahile
288 2780 340 2806 Deo
353 2779 465 2806 oﬂ‘ertnr
486 2779 663 2806 sacriﬁcium.
692 2779 774 2814 Igitur
798 2785 940 2814 propterea

199 2894 221 2909 “
239 2893 317 2922 l‘ror.
344 2902 384 2927 ιιι,
400 2895 442 2921 31.
483 2895 500 2909 1‘
521 2893 586 2920 Lar.
605 2901 647 2920 ut
662 2901 678 2926 ι,
707 2894 736 2919 ιυ

994 1684 1004 1701 ‹
1019 1675 1186 1709 Ἄνθρωποι,
1203 1673 1280 1708 φησὶ,
1296 1673 1342 1699 δύο
1359 1671 1494 1706 ἀνέϐησαν
1509 1671 1550 1701 είς
1565 1670 1595 1697 τὸ
1606 1670 1775 1705 ίερὸνπροσο

991 1720 1123 1753 εύξασθαι
1137 1728 1143 1736 ·
1158 1721 1173 1746 ὁ
1189 1717 1230 1750 εἷς
1245 1719 1402 1752 Φαρισαῖος,
1419 1717 1467 1742 καὶ
1480 1717 1494 1743 ὁ
1509 1716 1602 1750 ἕτερος
1619 1715 1772 1749 Τελὼνης.»

991 1768 1083 1794 Θέλων
1101 1765 1223 1800 ἐναργῶς
1235 1764 1412 1798 παραστῆσαι
1426 1762 1457 1788 τὸ
1472 1762 1504 1787 ὲκ
1519 1761 1568 1795 τῆς
1582 1760 1776 1791 ταπεινώσεως

991 1813 1099 1846 κέρδος,
1116 1811 1165 1838 καὶ¹
1184 1811 1234 1843 τὴν
1249 1810 1281 1835 ἐκ
1305 1809 1355 1843 τῆς
1380 1807 1571 1842 ὑπερηφανίας
1593 1806 1708 1841 ζημίαν,
1735 1806 1776 1836 είς

990 1859 1038 1886 δύο
1057 1858 1137 1885 διεῖλε
1150 1857 1255 1888 πάντας
1269 1856 1333 1887 τοὺς
1344 1854 1384 1890 τῷ
1396 1853 1462 1889 ίερῷ
1481 1854 1655 1886 προσιόντας,
1675 1852 1777 1887 μᾶλλον

991 1905 1020 1931 δὲ
1034 1904 1097 1935 τοὺς
1111 1904 1152 1934 είς
1168 1903 1236 1930 αὐτὸ
1265 1901 1399 1932 ἀνιόντας.
1416 1897 1495 1926 Οὗτοι
1509 1899 1537 1925 δέ
1561 1899 1631 1925 είσιν
1649 1899 1674 1925 οἱ
1692 1906 1777 1932 προσ-

991 1950 1075 1985 ευχῆς
1099 1949 1181 1976 ἕνεκα
1198 1948 1238 1983 τῷ
1256 1948 1303 1974 τοῦ
1319 1947 1387 1973 Θεοῦ
1405 1945 1461 1980 ναῷ
1476 1945 1646 1980 προσιόντεςο
1662 1944 1775 1978 τοιαύτη

991 1998 1046 2032 γὰρ
1057 1998 1073 2031 ἠ
1090 1996 1139 2030 τῆς
1153 1994 1308 2029 προσευχῆς
1323 1992 1490 2028 φύσις.Ἀπδ
1504 1992 1532 2027 6
1546 1992 1597 2026 γῆς
1609 1992 1648 2022 είς
1662 1990 1778 2026 οὐρανὸν

993 2043 1090 2076 ἀνάγει
1111 2042 1157 2068 τδν
1181 2041 1336 2075 ἄνθρωπον,
1365 2040 1411 2065 καὶ
1428 2039 1483 2065 πᾶν
1509 2038 1670 2071 ἐπουράνιον
1690 2037 1777 2069 ὑπερ-

993 2088 1066 2115 ϐᾶσα
1093 2086 1140 2114 καὶ
1161 2087 1246 2120 ὄνομα
1269 2086 1317 2111 καὶ
1345 2084 1446 2119 ὕψωμα
1472 2083 1520 2109 καὶ
1549 2082 1675 2116 ἀξίωμα,
1702 2081 1778 2115 αὒτῷ

994 2134 1144 2168 παρίστησι
1172 2131 1266 2158 τοῦτον
1282 2130 1320 2165 τῷ
1335 2130 1383 2156 ἐπὶ
1395 2129 1506 2156 πάντων
1530 2128 1601 2162 Θεῷ.
1618 2126 1672 2154 Ἶίν
1688 2127 1716 2153 δὲ
1730 2127 1779 2153 καὶ

993 2180 1023 2207 τὴ
1044 2180 1116 2214 ἱερὸν
1133 2179 1222 2205 ἐκεῖνο
1243 2177 1275 2204 τδ
1300 2176 1417 2203 παλαιὸν
1443 2176 1487 2209 ἐφ’
1510 2173 1612 2209 ὑψηλοῦ
1638 2175 1778 2208 κείμενον,

994 2227 1024 2253 ὲν
1039 2225 1169 2261 μετεώρῳ
1181 2225 1231 2259 τῆς
1245 2224 1359 2254 πόλεως·
1377 2221 1419 2257 ἐφ’
1432 2219 1463 2248 οὗ
1478 2229 1544 2248 ποτε
1559 2220 1650 2253 λόφον,
1661 2219 1779 2246 θανάτου

994 2273 1044 2308 τὴν
1066 2270 1246 2306 Ἰερουσαλὴμ
1281 2268 1493 2300 ἀναλίσκοντος,
1521 2266 1567 2292 τὸν
1592 2265 1781 2299 θανατηφόρον

997 2319 1113 2353 ἄγγελον
1140 2317 1200 2343 ίδὼν
1217 2317 1231 2342 ὸ
1252 2315 1334 2342 Δαϐὶδ
1359 2313 1532 2347 ἐσπασμένον
1555 2312 1691 2347 ῥομφαίαν
1708 2310 1781 2336 κατὰ

994 2367 1044 2400 τῆς
1060 2364 1173 2397 πόλεως,
1192 2361 1297 2393 ἀναϐὰς
1318 2360 1495 2395 ᾠκοδόμησεν
1511 2359 1569 2385 ἐκεῖ
1582 2356 1782 2390 θυσιαστήριον

995 2411 1034 2444 τῷ
1057 2410 1161 2445 Κυρίῳ,
1182 2409 1230 2435 καὶ
1255 2408 1405 2441 ἀνήνεγκεν
1424 2405 1467 2432 ἐπ’
1487 2404 1570 2432 αὐτοῦ
1595 2404 1634 2438 τῷ
1651 2402 1711 2437 Θεῷ
1735 2401 1783 2427 θυ-

996 2457 1068 2489 σίαν,
1087 2457 1134 2483 καὶ
1150 2454 1285 2489 ἐπεσχέθη
1303 2455 1319 2489 ὴ
1338 2452 1466 2489 θραῦσις·
1486 2452 1528 2482 εἰς
1551 2449 1637 2477 τύπον
1652 2449 1702 2474 καὶ
1716 2447 1782 2474 ταῦ-

994 2511 1029 2529 ‘ta.
1049 2502 1097 2537 τῆς
1128 2502 1201 2528 κατὰ
1227 2500 1276 2535 τὴν
1302 2499 1379 2535 ἱερὰν
1394 2498 1550 2534 προσευχὴν
1580 2495 1716 2529 σωτηρίου
1732 2495 1780 2520 καὶ

994 2549 1187 2582 πνευματικῆς
1206 2547 1365 2577 ἀναϐάσεως
1380 2566 1387 2578 ,
1404 2545 1451 2571 καὶ
1481 2543 1528 2570 τοῦ
1557 2542 1590 2569 δι’
1614 2542 1699 2575 αὐτῆς
1725 2541 1770 2567 lla.

995 2595 1076 2630 σμοῦ’
1093 2593 1200 2621 τυπικὰ
1220 2594 1274 2627 γὰρ
1288 2591 1322 2628 ἦν
1337 2592 1429 2618 ἐκεῖνα
1446 2590 1535 2616 πάντα
1549 2588 1616 2622 πρὸς
1643 2586 1782 2620 σωτηρίαν

995 2641 1084 2676 ἡμῶν·
1100 2642 1125 2666 εί
1145 2640 1174 2666 δὲ
1191 2639 1292 2674 βούλει,
1316 2638 1365 2664 καὶ
1391 2637 1432 2667 εἰς
1459 2635 1547 2661 τύπον
1563 2635 1611 2667 τῆς
1631 2632 1693 2658 καθ’
1707 2632 1781 2666 ἡμᾶς

993 2688 1096 2722 ταύτης
1119 2687 1194 2722 ἱερᾶς
1228 2684 1401 2720 Ἐκκλησίας,
1419 2683 1480 2718 ἥτις
1507 2682 1589 2712 ὅντως
1617 2679 1659 2713 ἐφ’
1679 2678 1781 2713 ὑψηλοῦ

999 2735 1099 2764 κεῖται,
1115 2732 1259 2766 ᾶγγελικός
1275 2740 1316 2761 τις
1332 2730 1410 2760 ἄλλος
1428 2728 1494 2754 οὖσα
1519 2726 1568 2752 καὶ
1595 2725 1782 2759 ὑπερκόςμιος

999 2779 1098 2814 χῶρος,
1119 2779 1148 2804 ἐν
1170 2774 1192 2811 ᾧ
1219 2777 1286 2812 πρὸς
1314 2774 1458 2810 ἑξιλασμὺν
1481 2773 1527 2799 τοῦ
1549 2771 1652 2805 κνίσμου
1668 2769 1781 2801 παντὸς,
