1873 3076
66 179 69 182 ·
121 169 155 201 ΞΤ
247 197 251 200 .
734 167 924 198 GREGORII
945 168 1107 199 PALAMng
1709 167 1748 199 28

124 226 197 259 plmn
209 229 237 251 ut
248 232 356 253 suorum
369 224 554 253 dimissionem
567 228 740 259 peccatorum
756 224 863 258 llagitar

1005 234 1050 252 του
1071 224 1319 259 συγκεκραμένην;
1346 222 1450 254 ἀναϐὰς
1479 222 1533 257 γὰρ
1551 222 1592 254 είς
1615 223 1645 250 τδ
1673 223 1744 256 ἱερὸν

126 271 254 303 putt-bras
271 279 364 298 secum
388 271 501 298 adduxit
520 272 553 297 ad
579 270 662 298 Deum
685 271 905 298 conciliaturas:

129 316 208 342 ﬁdem
236 325 296 351 quae
323 325 376 344 non
399 317 553 348 confundit,
573 317 839 351 irrepreheusibilcm
869 317 911 343 sui

127 362 215 397 ipsius
247 363 486 398 obiurgationem,
514 354 695 398 nequaquam
709 362 912 396 despiciendam

128 409 222 436 cordis
248 410 452 442 contritionem,
485 409 652 437 exaltantem
684 408 911 436 hmniliationem.

130 454 236 488 Optime
262 456 379 482 orationi
408 456 546 490 coaptavit
575 455 862 490 circumspectionem.
891 456 911 482 A

131 500 211 534 longe
228 501 300 528 enim
321 509 383 528 cum
405 507 491 532 esset.
518 509 572 528 non
597 502 665 529 dixit
684 506 770 534 stans,
795 502 866 530 sicut
881 502 913 529 de

131 544 287 577 Pharismo;
323 547 370 574 sed
387 554 448 573 cum
466 552 551 579 esset,
573 547 718 574 admodum
745 552 834 575 status
861 547 911 574 de-

134 592 289 619 missiooem
309 593 350 620 his
365 593 452 619 verbis
464 593 618 625 declarans.
634 594 769 628 simulque
780 593 914 621 orationis

133 638 355 672 suppliciumque
373 640 519 666 verborum
539 639 704 666 indefessam
722 639 912 672 iterationem;

133 693 194 710 nam
226 685 291 712 nihil
308 685 380 712 aliud
407 686 551 719 proferens
575 690 603 713 et
629 686 806 720 excogitans,
829 685 862 712 ad
885 692 915 712 se

133 735 237 757 tantum
252 735 279 757 et
292 732 324 758 ad
343 732 425 758 Deum
443 732 570 764 attendit,
586 732 697 760 vocibus
716 732 825 758 brevem
841 731 911 758 mul-

134 777 212 803 toties
232 777 258 803 in
274 778 360 811 ipsam
380 782 541 805 convertens
558 778 776 812 postulationem.
796 785 855 813 quae
868 782 910 805 est

133 823 274 850 utilissima
291 825 421 852 orationis
436 825 533 852 forma.

961 271 1031 306 ὑπὲρ
1045 272 1094 306 τῆς
1119 271 1174 297 τῶν
1191 270 1300 297 οἰκείων
1317 270 1525 305 ἁμαρτημάτων
1548 270 1669 301 ἀφέσεως
1684 269 1746 302 δεη-

966 318 1091 350 σόμενος,
1113 317 1200 349 καλὰς
1226 317 1382 351 ἐπηγάγετο
1406 316 1465 351 μεθ’
1482 315 1580 342 ἑαυτοῦ
1602 317 1652 347 τὰς
1670 323 1747 350 μεσι-

964 364 1097 396 τευούσας
1112 363 1180 399 πρὸς
1195 364 1240 390 τὸν
1253 363 1332 395 Θεὸν,
1349 363 1398 397 τὴν
1410 363 1627 398 ἀκαταίσχυντον
1643 363 1744 394 πίστιν,

963 410 1014 444 τὴν
1027 409 1213 444 ἀκατάκριτον
1225 409 1426 443 αὖτομεμψίαν,
1442 409 1493 442 τὴν
1509 409 1546 443 μὴ
1567 408 1746 442 ἐξουδενωμέ-

964 465 1013 492 νην
1032 456 1178 490 ωντριὸὴν
1192 455 1243 490 τῆς
1259 455 1383 491 καρδίας,
1401 456 1451 489 τὴν
1467 454 1589 489 ὑψοῦσαν
1612 454 1748 482 ταπείνω-

965 509 1019 528 σιν.
1030 500 1137 535 Συνῆψε
1152 500 1181 527 δὲ
1196 501 1243 528 καὶ
1257 501 1290 536 τῇ
1308 501 1447 535 προσευχῇ
1466 500 1517 535 τὴν
1535 500 1673 535 προσοχὴν
1689 500 1751 534 ἄρι-

966 555 1028 574 στα.
1043 547 1189 582 Μακρόθεν
1201 547 1267 581 γὰρ,
1282 547 1376 582 φησὶν,
1389 546 1476 578 ἑστὼς
1492 546 1507 573 ὁ
1520 546 1646 580 Τελώνης
1659 543 1748 578 οὗτος·

964 594 1015 620 οὐκ
1029 592 1090 620 εἷπε
1105 593 1215 624 σταθεὶς
1230 593 1269 624 ὼς
1280 593 1327 619 ἐπὶ
1341 593 1388 619 τοῦ
1401 592 1560 627 Φαρισαίου,
1581 593 1639 619 ἀλλ’
1653 592 1748 623 ἑστώς·

963 641 1014 675 τὴν
1036 641 1083 667 ἐπὶ
1111 640 1179 667 πολὺ
1205 640 1360 675 παράτασιν
1383 640 1434 674 τῆς
1453 640 1574 671 στάσεως
1588 639 1633 666 διὰ
1644 639 1750 666 ῗτούτου

964 687 1063 721 δηλῶν,
1081 686 1150 720 ὁμοῦ
1176 687 1205 714 δὲ
1227 687 1273 714 καὶ
1297 687 1327 714 τὸ
1352 686 1483 720 ἐπίμονον
1510 686 1560 720 τῆς
1572 686 1688 720 δεήσεως
1703 686 1752 712 καὶ

965 734 1020 760 τῶν
1048 733 1213 768 ῑλαστηρίων
1249 733 1401 768 ῥημάτων·
1425 732 1507 767 μηδὲν
1527 732 1582 766 γὰρ
1612 731 1640 766 9
1658 731 1753 766 ἕτερον

969 777 1038 812 μήτε
1059 777 1217 812 προτιθεὶς,
1236 777 1305 813 μήτε
1329 777 1531 813 διανοούμενος,
1561 777 1650 812 ἑαυτῷ
1678 777 1752 810 μόνῳ

965 824 1093 859 προσεῖχε
1131 825 1180 851 καὶ⁵
1211 823 1250 858 τῷ
1274 823 1344 859 Θεῷ,
1368 824 1452 859 αὐτὴν
1483 824 1526 858 ἐφ’
1548 823 1647 858 ἑαυτὴν
1673 823 1753 858 στρέ-

132 877 189 903 φων
223 870 268 897 καὶ
289 870 513 904 πολυπλασιάςων
539 873 623 907 μζνην
652 872 702 907 τὴν
722 872 909 907 μονολόγιστον
939 871 1041 906 δέησιν,
1073 871 1141 907 ὅπερ
1183 864 1388 905 ἀνυσιμώτατάν
1412 871 1472 897 tau
1499 870 1654 906 προσευχῆς
1669 868 1752 902 εἶδος.

168 917 250 952 Igitur
267 926 394 950 mancus,
411 920 459 952 ait,
476 928 490 947 a
514 920 593 954 longe
613 919 780 947 l’ublicanus
804 918 907 946 nolebat

1013 918 1143 952 Ιακρόθεν
1163 917 1221 950 οὖν,
1237 918 1331 953 φησὶν,
1346 918 1360 944 ὁ
1374 917 1500 952 Τελώνης
1515 917 1613 949 ἑστὼς,
1626 918 1678 945 οὒκ
1688 918 1752 952 ’ήθε-

133 971 183 990 ncc
200 964 293 991 oculos
312 965 345 991 ad
361 965 460 992 ccelum
476 966 594 993 elevare.
612 966 673 1000 Ipse
689 971 775 994 status
788 970 914 993 constan-

134 1010 200 1036 tiam
220 1010 302 1038 simul
320 1015 348 1038 et
363 1012 553 1039 demissionem
574 1012 720 1046 signiﬁcat,
740 1019 790 1039 nec
814 1016 856 1039 est
870 1019 916 1040 so-

135 1054 190 1082 lum
208 1056 267 1083 vilis
282 1057 364 1090 servi,
380 1058 426 1085 sed
442 1059 523 1085 etiam
540 1059 578 1085 rei
594 1058 779 1094 comparentis
795 1058 914 1086 habitus.

134 1101 309 1130 Demonstrat
328 1104 446 1131 animatn
470 1113 484 1131 a
509 1110 620 1139 peccato
636 1105 762 1138 liberam,
783 1111 915 1133 remotam

130 1147 220 1189 adhuc
244 1156 259 1174 a
287 1149 354 1180 Deo,
380 1150 443 1184 quia
475 1152 594 1178 nondum
621 1152 703 1179 habet
730 1155 763 1179 ad
785 1160 846 1180 eum
867 1160 916 1187 per

132 1199 216 1225 opera
231 1195 412 1228 praesentiam,
430 1196 477 1224 sed
491 1197 524 1224 ad
543 1199 811 1233 appropinquanduni
832 1206 913 1233 para-

133 1244 188 1266 tam
216 1247 264 1273 per
289 1241 482 1270 abstinentiam
500 1251 514 1270 a
531 1244 619 1276 malis,
645 1248 672 1272 et
694 1245 750 1278 jam
776 1252 823 1279 per
845 1245 915 1273 bona

133 1286 259 1314 consilia.
278 1287 323 1316 Sic
334 1295 398 1324 ergo
415 1293 491 1318 stans
503 1297 518 1316 a
532 1290 612 1325 longe
623 1290 791 1319 Publicanus
806 1291 916 1319 nolebat

133 1339 182 1358 nec
205 1333 297 1360 oculos
323 1335 355 1360 ad
380 1335 478 1362 caelum
497 1336 613 1368 elevare.
641 1337 691 1364 hoc
708 1338 787 1365 modo
803 1338 914 1373 istoque

133 1378 226 1405 habitu
248 1381 424 1415 semetipsum
447 1382 603 1416 vituperare
625 1388 653 1410 et
671 1384 816 1419 objurgare
832 1390 916 1418 pate-

131 1425 253 1459 faciens;
290 1426 429 1461 indignum
455 1429 527 1456 enim
554 1436 584 1456 se
607 1429 722 1457 ducebat
741 1435 769 1457 et
793 1431 864 1458 cordo
889 1436 916 1458 et

133 1472 232 1506 templo
258 1474 392 1501 terrestri.
418 1473 482 1502 Ideo
510 1475 536 1502 lu
563 1476 670 1510 porticu
691 1477 800 1511 quidem
815 1477 914 1510 stabat,

136 1519 169 1545 ad
189 1519 287 1546 cadum
311 1528 375 1547 vero
397 1522 551 1555 prospicere
577 1530 630 1549 non
653 1523 787 1555 audebat,
814 1529 916 1558 quanto

134 1565 224 1592 minus
237 1566 270 1592 ad
286 1566 369 1593 Deum
382 1567 444 1594 σαιιί
454 1568 465 1594 'P
476 1567 528 1595 Sed
543 1569 695 1596 vehementi
706 1562 916 1604 compunctioue

136 1616 226 1638 motus
241 1616 334 1645 pectus
359 1619 438 1639 suum
456 1615 635 1648 percutiebat,
655 1615 753 1643 exinde
774 1624 803 1644 se
828 1616 913 1651 plagis

132 1657 243 1692 (tignum
260 1666 421 1691 proponens,
445 1667 595 1694 gravesque
615 1662 731 1695 gemitus
747 1666 773 1688 et
789 1662 914 1697 planctus

132 1703 196 1730 hinc
214 1704 341 1731 emittens
353 1725 361 1737 ,
390 1713 494 1732 necnon
519 1711 601 1740 caput
622 1708 700 1741 quasi
716 1708 915 1735 condemnatus

133 1751 277 1782 inclinans,
295 1759 323 1778 se
340 1757 508 1784 peccatormo
529 1753 692 1787 appellabat,
712 1759 740 1780 et
756 1754 913 1780 misericor-

133 1795 204 1822 diam
218 1804 280 1823 cum
295 1797 346 1824 tide
359 1797 520 1831 implorabat
533 1799 628 1826 dicens
641 1808 648 1826 :
661 1809 670 1824 ‹
687 1799 768 1831 Deus,
780 1800 915 1834 propitius

134 1845 192 1867 esto
234 1842 299 1868 mihi
332 1844 480 1875 percntari.
501 1853 510 1869 I
539 1843 605 1871 Nam
635 1844 753 1872 credidit
779 1845 879 1872 dicenti
906 1854 914 1872 :

137 1895 146 1911 I
168 1886 239 1919 Dixi,
254 1886 410 1915 Conﬁtebor
430 1889 574 1916 adversum
591 1898 633 1917 me
649 1891 808 1924 iujustiliam
827 1899 913 1918 meam

134 1931 256 1966 Domino,
272 1939 298 1960 et
312 1939 340 1960 tu
359 1935 485 1961 remisisti
503 1935 666 1969 impietatem
677 1936 768 1963 cordis
782 1937 833 1964 mei
846 1937 880 1962 ⁸ο.
900 1946 909 1962 ι

134 1978 235 2006 Verum
258 1981 322 2014 quid
336 1981 459 2008 addidit?
481 1990 491 2007 ι
513 1981 656 2009 Descendit
675 1982 914 2016 istejustiiicatus.

134 2025 173 2051 ait
197 2025 347 2057 Dominus.
370 2028 404 2054 ab
422 2028 486 2060 illo;
505 2036 568 2062 qma
594 2029 681 2055 omnis
701 2030 746 2063 qui
771 2037 801 2056 se
816 2029 918 2056 cxaltat

137 2069 333 2102 lmmiliabitur,
347 2076 372 2097 et
384 2071 430 2104 qui
447 2079 477 2098 se
492 2072 615 2099 humiliat
629 2072 801 2100 exaltabitur.
820 2082 829 2098 ι
850 2072 916 2100 Nam

134 2122 195 2142 cum
208 2116 296 2151 reipsa
318 2118 470 2151 arrogantia
491 2118 527 2145 sit
545 2119 676 2152 diabolus,
695 2119 737 2146 isti
754 2119 835 2146 etiam
853 2127 918 2153 pro-

135 2161 223 2193 prium
239 2163 363 2196 superbia
380 2163 491 2196 malum,
510 2163 569 2190 ideo
583 2164 668 2191 vincit
682 2169 710 2192 et
727 2164 845 2191 immista
868 2165 916 2192 de-

132 2206 194 2240 jicit
211 2215 317 2234 onmem
331 2208 475 2236 humanam
488 2209 612 2236 virtutem
626 2218 632 2236 :
649 2210 684 2236 ita
699 2209 840 2238 humilitas
853 2218 917 2244 erga

964 965 1010 991 λεν
1023 964 1084 991 οὐδὲ
1097 965 1158 996 τοὺς
1172 963 1329 1000 ὀφῦαλμοῦς
1345 965 1385 996 εἰς
1395 965 1442 991 τὸν
1458 963 1572 998 οὐρανὸν
1588 962 1666 998 ἆραι.
1678 963 1753 999 Αὕτη

965 1011 982 1045 ἡ
1000 1011 1094 1042 στάσις
1120 1011 1168 1038 καὶ
1194 1011 1287 1042 στάσις
1309 1008 1344 1046 ἦν
1357 1009 1426 1046 ὁμοῦ
1452 1010 1499 1037 καὶ
1515 1010 1683 1042 ὺπὸπτωσις,
1704 1013 1753 1037 καὶ

965 1056 1016 1083 οὐκ
1029 1056 1156 1087 εὐτελοῦς
1169 1056 1262 1083 δούλου
1280 1055 1371 1092 μόνον,
1390 1054 1459 1084 ἀλλὰ
1473 1055 1520 1082 καὶ
1532 1055 1680 1082 καταδίκου
1698 1064 1755 1082 πα-

967 1102 1107 1138 ράστασις.
1144 1104 1287 1139 Ἐμφαίνει
1310 1103 1339 1131 δὲ
1370 1104 1417 1130 καὶ
1446 1103 1496 1138 τὴν
1523 1102 1676 1138 ἀφειμένην
1703 1103 1756 1137 τῆς

966 1149 1104 1185 ἁμαρτίας
1120 1150 1219 1185 ψυχὴν,
1233 1150 1343 1185 μακρὰν
1357 1149 1407 1184 μὲν
1419 1149 1502 1177 οὖσαν
1512 1149 1554 1177 ἔτι
1566 1149 1646 1182 Θεοῦ,
1661 1150 1705 1177 δια
1720 1150 1752 1177 τὸ

968 1196 1051 1231 μήπω
1067 1195 1117 1232 τὴν
1136 1196 1170 1223 δι’
1186 1196 1274 1231 ἔργων
1293 1196 1367 1231 ἐχειν
1389 1195 1457 1230 πρὸς
1476 1196 1558 1223 αὐτὸν
1577 1196 1748 1232 παρρησίαν,

966 1229 1129 1276 ἐγγίζειν
1142 1229 1324 1276 προσδόκιμον
1341 1229 1425 1269 οὖσαν
1441 1242 1512 1277 Θεῷ,
1523 1243 1568 1269 διὰ
1582 1229 1750 1279 manu},

966 1289 1021 1315 τῶν
1041 1289 1144 1320 κακῶν,
1163 1288 1210 1315 καὶ
1226 1291 1276 1322 τὴν
1300 1289 1406 1323 ἀγαθὴν
1431 1289 1479 1324 ἤδη
1497 1289 1637 1324 πρόθεσιν.
1657 1289 1753 1322 Οὕτως

966 1332 1013 1361 οὖν
1034 1335 1170 1370 μακρόθεν
1191 1335 1205 1361 ὁ
1233 1335 1358 1369 Τελὼνης
1381 1334 1479 1366 ἑστὼς,
1504 1336 1554 1362 οὐκ
1575 1336 1671 1371 ἤθελεν
1690 1337 1753 1363 οὐδὲ

966 1381 1031 1412 τοὺς
1047 1381 1202 1415 ὀφθαλμοὺς
1217 1383 1256 1413 είς
1266 1381 1312 1408 τὶν
1327 1381 1441 1416 οὐρανὸν
1454 1379 1531 1417 ἆραι,
1546 1382 1584 1417 τῷ
1595 1383 1688 1418 τρόπῳ
1704 1384 1752 1410 καὶ

966 1426 1005 1461 τῷ
1027 1427 1147 1462 σχήματι
1170 1427 1218 1461 τὴν
1237 1428 1340 1454 οἰκείαν
1362 1427 1534 1461 κατάγνωσιν
1548 1428 1595 1454 καὶ
1615 1430 1756 1463 αὐτομεμ-

965 1473 1031 1508 ψίαν
1042 1473 1266 1508 ἐπιδεικνύμενος
1275 1481 1282 1488 ·
1300 1473 1411 1505 ἀνάξιον
1424 1475 1478 1509 γὰρ
1492 1475 1587 1501 ἑαυτὸν
1602 1476 1694 1509 ἡγεῖτο
1707 1478 1753 1502 καὶ

965 1519 1014 1546 τοῦ
1028 1518 1143 1554 οὐρανοῦ
1168 1519 1215 1545 καὶ
1234 1519 1281 1546 τοῦ
1303 1519 1373 1546 κατά
1396 1520 1444 1555 τὴν
1463 1520 1514 1554 γῆν
1532 1520 1615 1555 ίεροῦ.
1636 1520 1681 1547 Διὸ
1705 1521 1754 1547 τοῦ

967 1566 1017 1600 μὲν
1031 1565 1077 1592 ἐπὶ
1091 1565 1145 1592 τῶν
1160 1565 1303 1600 προθύρων
1319 1567 1439 1601 εἱστήκει
1449 1585 1457 1598 ,
1470 1567 1540 1601 πρὸς
1555 1567 1583 1593 δὲ
1601 1567 1648 1594 τὸν
1671 1568 1754 1602 οὖρα-

967 1611 1011 1638 νὸν
1023 1611 1083 1637 οὐδὲ
1096 1611 1231 1643 ἀτενίζειν
1240 1611 1351 1646 ἐτόλμα,
1363 1611 1439 1647 πόσῳ
1451 1612 1551 1647 μᾶλλον
1564 1612 1632 1646 πρὸς
1646 1613 1693 1639 τὸν
1705 1613 1753 1639 τοῦ

965 1656 1080 1693 οὐρανοῦ
1098 1656 1185 1689 Θε6ν;
1211 1656 1282 1683 Ἀλλ’
1300 1656 1352 1683 ὑπὸ
1367 1658 1417 1688 τῆς
1442 1658 1561 1692 σφοδρᾶς
1579 1658 1754 1691 κατανύξεως

964 1703 1072 1729 τύπτων
1088 1702 1119 1728 τὺ
1132 1701 1228 1728 ἑαυτοῦ
1246 1702 1355 1737 στῆθος,
1373 1704 1420 1729 καὶ
1438 1703 1551 1737 πληγῶν
1566 1704 1662 1731 ἑαυτὸν
1677 1705 1754 1737 ἄξιον

966 1748 1102 1784 παριστὰς
1114 1747 1250 1780 ἐντεῦθεν,
1261 1747 1439 1785 βαρυπενθῶν
1452 1749 1572 1780 καὶτοὺς
1583 1750 1754 1784 στεναγμοὺς

967 1795 1137 1830 ἀναπέμπων
1147 1794 1262 1827 ἐκεῖθεν,
1278 1796 1325 1822 καὶ
1336 1795 1386 1829 τὴν
1397 1795 1517 1830 κεφαλὴν
1533 1795 1571 1827 ὡς
1586 1795 1754 1830 κατάκριτος

967 1842 1076 1872 κλίνων,
1093 1840 1255 1874 ἁμαρτωλὸν
1268 1841 1372 1873 ἐκάλει,
1388 1841 1437 1867 καὶ
1457 1841 1503 1867 τὸν
1519 1841 1633 1877 ἱλασμδν
1650 1841 1753 1873 πιστῶς

967 1888 1105 1921 ἐπεζήτει,
1124 1888 1210 1921 λέγων
1222 1896 1229 1902 ·
1249 1897 1258 1913 ι
1275 1887 1305 1913 '0
1321 1887 1396 1919 Θεδτ,
1411 1887 1534 1920 ἱλάσθητί
1553 1895 1597 1921 μοι
1610 1886 1648 1921 τῷ
1663 1887 1755 1922 ἀμαρ-

967 1933 1060 1966 τωλῷ»
1076 1941 1082 1948 ·
1099 1933 1244 1960 ἐπίστευσε
1271 1934 1325 1968 γὰρ
1343 1933 1382 1967 τῷ
1398 1933 1524 1966 ἳέγοντιο
1545 1943 1554 1958 ι
1575 1930 1656 1966 Eii-ta,
1677 1933 1754 1966 Ἐξα-

969 1980 1091 2014 γορεύσω
1107 1979 1166 2006 κατ’
1178 1979 1244 2014 ἐμοῦ
1261 1980 1311 2014 τὴν
1323 1979 1437 2013 ἀνομίαν
1461 1987 1511 2013 μου
1525 1979 1565 2014 τῷ
1585 1980 1690 2014 Κυρίῳ,
1708 1980 1753 2005 καὶ

969 2025 1001 2051 σὺ
1022 2026 1130 2060 ἀφῆκας
1144 2025 1192 2059 τὴν
1213 2024 1342 2051 ἀσέϐειαν
1358 2025 1409 2057 τῆς
1429 2025 1540 2060 καρδίας
1562 2034 1623 2060 μου,
1642 2034 1651 2051 ι
1671 2025 1703 2052 Τί
1722 2025 1756 2059 δὴ

968 2071 998 2097 τὸ
1014 2071 1060 2097 ἐπὶ
1072 2070 1193 2102 τούτοιςς
1213 2079 1222 2095 ι
1243 2071 1353 2105 Κατέϐη
1366 2068 1444 2102 οὗτος
1467 2071 1687 2106 δεδικαιωμένος,
1699 2080 1748 2106 φη-

970 2118 1013 2142 σὶν
1024 2117 1038 2142 ὁ
1056 2115 1168 2152 Κύριος,
1183 2115 1199 2152 ἢ
1218 2117 1320 2148 ἐκεῖνος
1331 2125 1338 2132 ·
1354 2117 1395 2143 ὃτι
1407 2117 1486 2148 πᾱςμὸ
1505 2116 1581 2151 ὑψῶν
1595 2117 1691 2143 ἑαυτὸν
1705 2125 1757 2144 τα-

970 2162 1178 2198 πεινωθήσεται,
1191 2163 1204 2188 ὁ
1214 2163 1241 2189 δὲ
1252 2163 1387 2189 ταπεινῶν
1397 2163 1492 2190 ἑαυτὸν
1503 2163 1688 2198 ὑψωθήσεται.
1708 2163 1756 2195 Ὧς

970 2208 1024 2242 γὰρ
1050 2208 1211 2243 αὐτόχρημα
1231 2208 1315 2242 τῦφός
1334 2208 1409 2234 ἐστιν
1429 2209 1442 2235 ὁ
1467 2208 1599 2241 διάϐολος,
1624 2209 1671 2236 καὶ
1689 2208 1757 2236 ἴδιόν

138 2254 219 2280 Deum
250 2253 381 2281 bonorum
409 2260 452 2281 est
479 2255 565 2282 virtuts
591 2255 761 2289 angelorum,
781 2261 808 2282 et
835 2257 877 2283 vin

1022 2262 1029 2279 ι
1048 2254 1133 2287 τούτῳ
1154 2255 1170 2289 ἡ
1192 2254 1378 2289 ὑπερηφάνεια
1392 2253 1486 2285 κακὸν,
1505 2253 1546 2281 διὸ
1561 2255 1608 2282 καὶ
1623 2255 1685 2290 νικᾷ
1708 2256 1756 2281 καὶ

137 2297 282 2325 humanum
311 2299 452 2333 quodlibet
482 2299 575 2326 vitium
608 2299 755 2327 ollendeuti
786 2309 918 2335 superve-

138 2344 235 2377 niens;
260 2344 400 2372 humilitas
423 2345 496 2372 enim
523 2349 566 2372 est
589 2352 687 2372 currtts
703 2352 756 2379 quo
774 2346 807 2373 ad
832 2346 917 2373 Deum

137 2392 291 2418 ascenditur
312 2400 358 2426 per
381 2392 466 2419 nubes
485 2391 545 2418 illas
569 2400 629 2426 qua:
644 2391 744 2419 ell'erre
767 2393 867 2419 debent
884 2393 917 2419 ad

137 2437 219 2463 Deum
237 2437 341 2464 futuros
362 2446 422 2464 cttm
448 2437 503 2464 Deo
528 2439 553 2464 in
584 2438 691 2465 inﬁnita
708 2438 821 2470 saecula,
840 2443 919 2473 prout

138 2483 260 2515 prtedixit
276 2483 421 2516 Apostolus
437 2491 444 2509 ε
463 2492 471 2507 ι
491 2483 648 2516 Rapiemur,
671 2484 769 2518 inquit,
795 2484 821 2511 in
838 2485 918 2512 nubi-

137 2529 185 2555 bus
203 2529 309 2556 obviam
326 2530 440 2556 Domino
462 2530 487 2555 in
511 2538 585 2561 aera,
609 2536 635 2557 et
662 2531 700 2557 sic
725 2539 832 2566 semper
855 2540 916 2559 cuin

138 2575 250 2602 Dutttitm
264 2577 364 2602 mittitis
375 2576 408 2602 ³³.
426 2585 435 2601 ι
456 2576 502 2602 Est
518 2577 589 2602 enim
603 2577 678 2610 quasi
695 2579 818 2612 quaalam
833 2579 917 2606 nubes

137 2622 275 2648 humilitas
291 2622 456 2653 ptenitrutia:
477 2623 633 2655 conjuncta,
650 2623 832 2659 lacrymarum
857 2624 917 2651 fon-

138 2672 177 2694 tes
195 2675 227 2693 ex
242 2669 328 2693 oculis
343 2667 471 2699 mlucens,
491 2669 642 2702 dignosque
660 2677 692 2695 ex
715 2669 834 2703 indignis
860 2671 916 2697 rﬂi~

136 2710 210 2736 rieus
227 2716 331 2735 necnon
344 2708 399 2736 Deo
416 2710 448 2735 ad
464 2718 543 2743 quem
563 2710 637 2736 ducit
653 2712 822 2745 coniungens
833 2714 918 2746 gratis

135 2756 295 2789 jnstiiicatos
314 2762 362 2789 per
379 2755 538 2782 intentionis
554 2757 738 2784 sanctitatem.

972 2300 1152 2335 συγκατασπᾷ
1166 2309 1197 2326 συ
1202 2300 1333 2334 μμιγεῖσα
1347 2300 1438 2326 πᾶσαν
1451 2299 1552 2335 ἀρετὴν
1567 2300 1756 2335 ἀνθρωπίνην,

967 2345 1054 2377 οὕτως
1067 2347 1083 2380 ἡ
1099 2346 1166 2381 πρὸς
1178 2346 1223 2372 τὸν
1232 2346 1297 2372 Θεὸν
1311 2346 1475 2378 ταπείνωσις
1487 2346 1610 2380 ἀγγέλων
1623 2347 1758 2380 τῶνάγα-

968 2391 1023 2418 θῶν
1037 2393 1109 2418 ὲστιν
1127 2391 1222 2427 ἀρετὴ,
1246 2392 1292 2418 καὶ
1320 2393 1383 2427 νικᾷ
1402 2392 1494 2418 πᾶσαν
1509 2391 1682 2427 ἀνθρωπίνην
1707 2401 1758 2418 κα-

968 2437 1041 2468 κίαν.
1056 2438 1254 2472 ἐπιγενομένην
1271 2437 1310 2472 τῷ
1325 2437 1485 2464 πταίσαντι·
1501 2437 1593 2472 δχημα
1609 2438 1664 2472 γάρ
1681 2438 1757 2464 ἐστιν

969 2485 985 2517 ὴ
1000 2483 1164 2515 ταπείνωσις
1180 2483 1229 2517 τῆς
1253 2482 1322 2518 πρδς
1341 2483 1388 2509 τὴν
1404 2482 1471 2509 Θεὸν
1494 2482 1653 2514 ἀναϐάσεως
1663 2503 1670 2515 ,
1684 2483 1758 2510 κατὰ

966 2531 1014 2561 τὰς
1030 2530 1142 2564 νεφέλας
1159 2530 1277 2561 ὲκείνας,
1293 2528 1322 2555 αἳ
1338 2529 1480 2564 μέλλουσιν
1496 2528 1615 2555 ἀνοίσειν
1630 2529 1696 2564 προς
1711 2530 1759 2556 τὸν

965 2577 1031 2603 Θεὸν
1047 2577 1109 2608 τοὺς
1121 2576 1268 2610 ἐσομένους
1281 2576 1320 2606 εἷς
1333 2575 1463 2609 ἀπείρους
1478 2575 1580 2605 αἰῶνας
1593 2576 1661 2609 μετά
1674 2575 1757 2607 Θεοῦ,

965 2622 1089 2656 καθάπερ
1110 2622 1123 2647 ὁ
1142 2621 1303 2652 ’Λπόστολος
1317 2621 1519 2655 προεφήτευσεν
1532 2628 1540 2636 ο
1559 2630 1568 2645 ‹
1580 2621 1760 2655 Ἀρπαγησό-

967 2669 1036 2703 μεηα
1050 2667 1115 2702 γὰρ,
1129 2667 1222 2701 φησὶν,
1234 2667 1263 2694 ὲν
1277 2667 1402 2701 νεφέλαις
1418 2668 1458 2698 εἰς
1475 2666 1629 2699 ἀπάντησιν
1640 2667 1687 2692 τοῦ
1703 2668 1759 2692 Κυ-

974 2713 1031 2748 ρίου
1043 2713 1081 2743 είς
1091 2713 1170 2747 ἀέρα,
1181 2712 1229 2747 καὶ
1238 2711 1309 2738 οὕτω
1318 2712 1433 2738 πάντοτε
1446 2712 1494 2737 σὺν
1506 2711 1600 2745 Κυρίῳ
1610 2711 1739 2745 ἐσόμεθα.
1747 2721 1758 2736 ι

974 2756 1036 2785 υἷον
1051 2759 1104 2794 γάρ
1119 2759 1160 2790 τίς
1172 2760 1230 2785 ἐστι
1246 2759 1343 2793 νεφέλη
1358 2759 1404 2784 καὶ
1417 2758 1433 2792 ή
1447 2757 1622 2788 ταπείνωσις,
1637 2756 1682 2782 διὰ
1692 2763 1759 2790 μετ-

136 2804 225 2834 ανοίας
249 2804 378 2834 συστᾶσα,
397 2806 443 2830 καὶ
462 2805 509 2835 τὰς
534 2805 588 2830 τῶν
608 2805 734 2839 δικρύων
768 2806 875 2837 λιϐάῗα,

1032 2807 1178 2842 away.th
1202 2808 1320 2840 ᾶᾳιεῖσα.
1343 2807 1389 2832 καὶ
1423 2806 1485 2837 τοὺς
1515 2805 1606 2837 ἀξίους
1629 2804 1660 2830 ἐκ
1700 2803 1757 2830 τῶν

171 2891 193 2907 ³’¹
208 2893 274 2918 l,’-.tI.
297 2901 368 2925 χλιι,
390 2894 414 2921 5.
457 2894 476 2909 ²¹
494 2895 500 2920 l
520 2894 611 2921 'l'ln'ss.
630 2903 667 2927 tv,
686 2897 715 2921 lti
