1873 3076
151 139 183 167 'J't

155 194 296 221 matutinis
319 195 468 223 meditabor
484 196 509 223 in
539 202 564 224 lc
579 197 586 213 ¹
601 206 606 224 :

151 239 294 273 jn-jnnatis,
307 241 390 268 nolite
408 241 464 268 fieri
482 242 552 269 sicut
569 243 716 278 hypocrilae
732 247 943 280 tristes;exter-

155 285 258 312 tninant
283 287 353 312 enim
373 287 456 314 l'acics
480 295 544 315 suas
564 293 593 315 nt
615 297 763 324 appareant
786 293 942 321 hominibus

151 330 306 364 jejttuantes
320 341 326 363 ;
345 339 423 359 amen
439 333 500 360 dico
515 335 590 361 vobis
609 336 671 370 quia
688 343 848 371 receperunt
864 347 939 366 mer-

153 378 245 402 cedem
262 386 351 404 suam.
375 379 415 406 Tu
431 384 532 412 autem,
550 389 611 407 cum
633 382 753 416 jejunas.
771 392 841 418 ungo
857 390 938 418 caput

155 427 230 448 tuum
250 429 278 450 et
295 423 392 451 facient
408 431 480 452 tuam
503 427 574 457 lava.
593 435 627 454 ne
648 429 766 456 videaris
785 430 942 459 hominibus

151 467 288 501 ju‘junans,
318 470 364 497 sed
382 469 456 498 Patri
487 477 534 499 tuo
560 473 606 507 qui
625 478 666 507 est
682 474 708 500 iu
732 475 904 504 abscondito.
916 483 944 504 et

152 513 236 540 Pater
250 520 310 542 tuus
321 517 366 550 qtti
381 517 452 544 videt
464 518 489 544 in
505 519 665 546 abscondito
681 521 774 548 reddet
787 521 832 548 libi
851 522 875 548 in
887 530 944 549 ma-

154 560 255 587 nifesto
268 562 288 587 ι.
307 570 316 586 ι

769 144 959 176 GREGORII
978 146 1142 177 ΡΑιΑΜΑι

601 206 608 231 ;
628 208 636 224 ι
657 200 703 226 sed
720 201 800 228 etiam
820 211 827 228 :
847 212 854 227 t
874 202 940 229 Cum

1032 202 1152 236 ενεγκών
1164 210 1170 218 ·
1191 212 1199 228 t
1209 202 1328 237 ’ᾼσομαι
1355 203 1402 230 καὶ
1414 201 1491 237 ψαλῶ
1507 203 1535 229 ὲν
1550 205 1583 238 τῇ
1597 203 1661 239 δόξῃ
1682 212 1742 239 μου,
1770 214 1781 230 ι

1746 143 1789 175 9‘?

998 249 1045 275 καὶ
1063 248 1180 283 ἀλλαχοῦ
1194 256 1202 263 ο
1221 257 1230 274 ‹
1252 248 1282 274 Εἰ
1299 248 1485 283 ἐμνημόνευον
1501 257 1547 276 σου
1566 250 1611 276 ἐπὶ
1629 251 1678 284 τῆς
1694 259 1783 286 στρω-

999 295 1066 329 μνῆς
1085 303 1148 329 μου.
1165 296 1194 320 ἐν
1209 296 1266 325 τοῖς
1281 294 1390 329 ὕρθροις
1414 295 1562 330 ὲμελέτωκΓ
1573 297 1613 327 είς
1626 297 1682 323 σέ.»
1704 297 1784 324 Ἀλλὰ

997 343 1044 368 καί
1061 349 1067 356 ·
1085 352 1095 368 ‹
1117 343 1203 369 Ὅταν
1233 343 1391 376 νηστεύητε,
1418 343 1496 378 φησι,
1513 343 1549 378 μὴ
1564 343 1672 378 γίνεσθε
1689 344 1786 378 ὥσπερ

995 388 1020 414 οἱ
1038 387 1186 423 ὑποκριταὶ
1205 388 1362 423 σκυθρωποί
1374 396 1380 403 ·
1402 389 1565 423 ἀφανίζουσι
1580 389 1633 423 γὰρ
1652 389 1686 416 τὰ
1700 390 1786 424 πρᾶο-

993 443 1056 461 ωπα
1085 435 1187 467 αὐτῶν,
1216 435 1289 466 ὅπως
1307 435 1339 462 ἂν
1355 435 1460 470 φανῶσι
1482 437 1539 466 τοῖς
1559 435 1714 470 ἀνθρώποις
1738 445 1784 470 νη-

995 481 1136 512 στεύοντες
1151 489 1159 497 ·
1174 482 1248 516 ἀμὴν
1264 481 1338 517 ἀμὴν
1350 482 1422 515 λέγω
1437 482 1513 516 ὑμῖν.
1525 482 1565 512 ὅτι
1581 482 1714 517 ἀπέχουσι
1738 483 1783 508 τὸν

997 526 1094 559 μισθὸν
1109 527 1200 553 αὐτῶν
1211 536 1217 543 ’
1238 527 1270 554 σὺ
1292 527 1320 553 δὲ
1336 527 1474 562 νηστεύων
1491 527 1599 561 ἄλειψαί
1616 535 1663 552 σου
1675 527 1726 562 τὴν
1742 535 1787 553 κε-

998 572 1097 607 φαλὴν,
1114 574 1204 600 καὶτὸ
1218 574 1363 607 πρόσωπόν
1379 582 1427 600 σου
1450 573 1537 607 νίψον,
1552 574 1628 605 ὅπως
1645 574 1682 609 μὴ
1699 575 1786 608 φανῇς

152 606 194 631 ME
224 607 378 642 ἀνθρώποις
403 609 554 644 νηστεύων.
572 611 640 638 ἀλλὰ
668 612 706 647 τῷ
734 613 822 650 Πατρῖ
844 623 891 642 σου
907 615 946 650 τῷ
965 617 994 644 ὲν
1017 606 1200 654 τῷάκρυπτῴ,
1227 606 1273 646 καὶ
1296 621 1310 646 ὁ
1337 620 1432 654 Πατήρ
1448 606 1494 645 σου
1509 620 1523 645 ὁ
1556 606 1664 654 βλέπων
1677 606 1715 645 ⁷ὲν
1749 606 1787 652 τῷ

153 654 276 689 κρυπτῷ,
290 655 425 682 ἀποδώσει
444 665 484 684 σοι
503 659 531 684 ὲν
544 658 584 694 τῷ
597 659 717 695 φανερῷ.
739 669 748 686 ι

188 701 210 728 Ο
226 709 305 735 supra
320 711 520 739 omnetnespem
537 705 710 741 benignitas!
730 708 848 735 futuram
866 710 940 737 enim

155 749 260 775 venturi
274 749 367 782 judicii
385 750 549 778 sententiam
568 760 699 788 suamque
714 755 884 789 negationem
895 764 943 789 per

153 792 209 819 haac
223 795 302 821 verba
316 796 395 822 modo
406 795 538 824 Dominus
551 791 629 825 nobis
642 799 835 832 manifestavit,
851 807 880 828 ut
892 811 941 830 nos

156 840 296 867 meliorem
322 847 424 869 sortem
451 844 606 878 meliusque
634 845 792 881 suﬂragiutn
817 847 941 876 obtinea-

153 893 223 912 mus.
240 885 307 914 Nam
337 888 391 916 illis
420 890 464 924 qui
490 896 601 926 propter
620 900 718 919 vanam
746 895 871 929 gloriam,
891 903 942 922 non

154 938 265 966 propter
286 935 374 968 ipsum
392 937 497 968 vivunt,
516 938 629 966 vocibus
647 947 732 975 nuper
758 941 880 975 probatis
896 943 938 969 lo-

153 979 247 1012 quitur
265 988 272 1006 :
289 981 411 1016 Accipite
427 985 578 1012 mercedem
594 991 712 1013 vestram
729 987 755 1014 in
769 988 823 1014 vita
839 994 942 1022 vestra,

153 1025 223 1052 sirnt
243 1026 381 1054 Abraham
408 1029 442 1056 ad
460 1029 534 1057 illum
551 1031 577 1058 in
594 1031 713 1060 ﬂammis
734 1033 846 1061 divitem
867 1034 944 1062 dice-

153 1069 200 1097 bat
216 1079 223 1097 :
239 1081 248 1096 t
266 1072 401 1108 Accepisti
416 1075 486 1101 bona
505 1075 530 1102 in
547 1077 601 1103 vita
615 1081 660 1103 tua
674 1078 694 1104 ³.
714 1087 723 1104 ι
741 1078 775 1106 Iis
791 1085 881 1107 autem
896 1080 942 1116 qui

152 1117 184 1143 ad
201 1124 263 1144 eutn
279 1118 304 1145 in
323 1121 476 1148 exercenda
493 1122 594 1150 virtute
608 1124 756 1157 aspiciunt.
771 1126 877 1159 reddet,
895 1127 942 1158 ait,

151 1163 178 1189 in
195 1164 350 1199 manifesto,
368 1167 393 1194 id
410 1172 451 1194 est
471 1168 496 1195 in
515 1169 662 1204 nniversali
692 1171 741 1198 illo
757 1172 876 1204 theatro,
894 1173 940 1200 be-

153 1210 334 1238 nedictionem
349 1217 377 1240 et
404 1213 593 1243 hereditatem
618 1221 646 1243 et
661 1217 788 1251 gaudium
808 1219 900 1245 reddet
915 1225 942 1246 et

151 1255 265 1283 delicias
281 1265 363 1290 pttras
381 1264 463 1293 atque
489 1267 636 1295 perennes,
668 1270 683 1288 a
710 1263 808 1297 quibus
828 1264 873 1291 ille
896 1265 941 1296 qui

152 1300 256 1327 nullum
272 1301 328 1329 vult
344 1302 483 1337 decidere,
499 1312 593 1332 verum
613 1306 670 1333 vult
685 1314 781 1334 omnes
799 1308 899 1335 salvari
915 1312 942 1336 et

151 1347 184 1372 ad
200 1348 364 1380 agnitionem
387 1350 513 1378 veritatis
528 1352 632 1384 venire,
647 1360 731 1386 nunc,
751 1359 778 1380 ut
795 1354 874 1386 dixit,
894 1362 940 1382 os-

150 1393 236 1419 tendit
249 1393 320 1420 illatn
340 1395 530 1423 intemeratam
549 1402 577 1424 et
605 1398 802 1426 immutabilem
817 1400 942 1431 ,hmredi-

151 1441 233 1464 tatem
247 1439 389 1467 declarans
408 1441 443 1468 ibi
460 1442 532 1470 solos
548 1450 610 1470 esse
622 1443 669 1470 Dei
686 1444 767 1476 lilios,
781 1445 942 1473 humanam-

149 1492 202 1516 que
217 1485 330 1520 gloriam
348 1487 542 1522 dcspicientes.
560 1489 709 1524 Propterea
727 1498 881 1519 sermonem
902 1493 941 1519 si-

149 1533 205 1557 mul
221 1533 254 1558 de
266 1533 389 1567 utrisque
406 1535 544 1568 produxit,
562 1536 656 1564 dicens
671 1546 678 1564 :
697 1546 706 1563 t
722 1538 803 1564 Pater
819 1543 881 1566 tuus
894 1540 937 1572 qui
952 1545 974 1574 α

148 1579 220 1605 videt
240 1579 266 1605 in
281 1579 441 1608 abscondito
461 1581 554 1609 reddet
575 1582 622 1609 tibi
649 1583 674 1609 in
707 1584 864 1617 manifesto,
887 1594 896 1610 ι
915 1590 944 1612 ut

149 1624 239 1652 inanis
264 1627 372 1661 quidem
397 1633 425 1654 et
453 1628 578 1656 humana:
606 1630 700 1664 gloria:
729 1636 943 1665 comtemptores

148 1672 199 1698 sibi
231 1672 299 1699 ﬁlios
313 1679 340 1701 et.
367 1675 491 1703 haeredes
508 1677 636 1704 ostendat
654 1682 736 1712 atque
762 1678 853 1710 faciat,
874 1678 942 1706 alios

149 1727 213 1746 τοι-ο
229 1727 280 1746 non
298 1720 364 1748 tales
378 1729 392 1748 a
408 1722 524 1749 ﬁliorum
540 1724 680 1758 dignitate,
696 1724 747 1750 nisi
766 1724 940 1758 resipiscam,

149 1774 251 1799 (‘jICIuL

1032 711 1120 737 Βαὸαὶ
1143 711 1192 744 τῆς
1217 711 1380 737 ἀνεικάστου
1411 709 1636 745 φιλανθρωπίαςί
1654 710 1703 745 τὴν
1729 710 1788 745 γὰρ

997 757 1043 784 ἐπὶ
1062 758 1111 791 τῆς
1129 757 1279 792 μελλούσης
1303 757 1421 792 κρίσεως
1446 758 1581 792 ἐσομένην
1593 756 1732 792 διάκρισῖν
1756 765 1785 783 τε

996 804 1043 830 καὶ
1056 804 1112 840 38
1122 805 1259 836 ἀπόφασιν
1272 803 1355 830 αὑτοῦ
1362 804 1404 830 διὰ
1416 803 1470 830 τῶν
1482 805 1610 838 ῥημάτων
1625 803 1731 831 τούτων
1739 804 1788 837 ἀρ-

995 850 1062 882 τίως
1092 851 1158 885 ἡμῖν
1175 851 1189 876 ὁ
1215 849 1318 885 Κύριος
1345 850 1531 885 ἐφανέρωσεν,
1561 849 1596 876 ἵν’
1625 850 1707 885 ἡμεῖς
1736 850 1786 883 τῆς

997 897 1152 930 κρείττονος
1166 896 1258 931 ψήφου
1280 904 1310 921 τε
1325 897 1373 922 καὶ
1391 897 1490 931 μοίρας
1505 896 1632 922 ἐντεῦθεν
1649 895 1791 922 ἐπιλαϐώ-

996 943 1077 977 μεθα.
1098 944 1169 978 Πρὸς
1189 943 1238 977 μὲν
1254 943 1307 978 γὰρ
1331 944 1395 974 τοὺς
1421 944 1494 969 κατά
1516 942 1669 976 κενοδοξίαν
1684 942 1734 969 καὶ
1750 943 1788 977 μὴ

995 989 1056 1016 κατ’
1071 989 1153 1015 αὐτὸν
1169 989 1272 1021 ζῶντας
1291 990 1348 1023 ἐρεῖ
1370 989 1430 1015 τότε
1449 989 1558 1020 πάντως
1576 990 1633 1020 τοῖς
1646 988 1693 1015 νῦν
1708 989 1787 1024 εἰρη-

996 1035 1087 1070 μένοις
1102 1034 1259 1066 ἀκολούθως
1271 1042 1278 1050 ”
1303 1034 1471 1061 Ἀπολάϐετε
1489 1033 1533 1060 τὸν
1553 1034 1650 1069 μισθὸν
1666 1033 1746 1068 ὑμῶν
1758 1035 1787 1060 ὲν

993 1082 1026 1116 τῇ
1046 1079 1102 1116 ζωῇ
1129 1080 1218 1114 ὑμῶν,
1242 1079 1278 1111 ὡς
1307 1080 1354 1106 καὶ
1368 1080 1382 1105 6
1414 1079 1540 1114 Ἀϐραὰμ
1564 1079 1631 1114 πρὸς
1646 1079 1691 1105 τὸν
1707 1079 1739 1106 ὲν
1753 1079 1791 1114 τῇ

995 1127 1075 1161 φλογὶ
1108 1127 1236 1154 πλούσιον
1262 1127 1367 1153 ἐκεῖνον
1394 1127 1507 1160 ἔλεγεν·
1534 1135 1544 1151 ‹
1573 1126 1727 1157 Ἀπὲλαὸες
1753 1125 1787 1152 τὰ

993 1174 1085 1207 ἀγαθά
1101 1182 1148 1200 σου
1174 1175 1202 1198 ἐν
1227 1174 1258 1207 τῇ
1280 1172 1336 1207 ζωῇ
1359 1181 1416 1199 σου.
1449 1182 1458 1198 ι
1487 1172 1550 1203 Τοῖς
1566 1172 1594 1199 δὲ
1620 1172 1687 1206 πρὸς
1701 1172 1791 1198 αὑτίν

995 1220 1142 1252 βλέπουσιν
1160 1221 1188 1245 ἐν
1206 1219 1244 1254 τῷ
1267 1219 1334 1253 πρὸς
1357 1219 1458 1253 ἀρετὴν
1483 1219 1578 1244 ἀσκεῖν
1602 1218 1742 1244 ἀποδώσει
1761 1220 1790 1244 ὲν

994 1266 1034 1300 τῷ
1046 1265 1167 1301 φανερῷ.
1180 1265 1256 1300 φησι,
1272 1264 1414 1291 τουτέστιν
1424 1265 1453 1292 ὲν
1463 1264 1502 1297 τῷ
1511 1264 1675 1299 παγκοσμίῳ
1688 1265 1793 1300 ἐκείνῳ

995 1311 1114 1347 θεάτρῳ,
1134 1311 1261 1344 εὐλογίαν
1286 1311 1333 1338 καὶ
1349 1310 1530 1346 κληρονομίαν
1544 1311 1600 1337 »καὶ
1617 1311 1722 1345 τρυφὴν
1740 1311 1788 1337 ἁν-

992 1358 1110 1391 τιδώσει,
1128 1359 1176 1384 καὶ
1197 1357 1350 1384 ἀπόλαυσιν
1375 1358 1513 1393 ἀκήρατον
1537 1358 1585 1384 καὶ
1613 1357 1786 1388 διαιωνίζου-

993 1413 1043 1430 σαν
1055 1412 1061 1419 ·
1087 1401 1121 1438 ἧς
1148 1403 1250 1438 μηδένα
1270 1403 1354 1430 θέλων
1382 1404 1531 1438 ἀποτυχεῖν
1547 1405 1560 1429 ὁ
1576 1403 1661 1430 θέλων
1680 1404 1790 1434 πάντας

993 1449 1113 1484 σωθῆναι
1125 1450 1172 1476 καὶ
1190 1450 1229 1481 είς
1242 1449 1390 1484 ἐπίγνωσιν
1405 1449 1535 1485 ἀληθεῐας
1554 1449 1653 1484 ἐλθεῖν,
1672 1451 1787 1485 φανεροῖ

993 1494 1050 1525 νῦν,
1073 1494 1110 1525 ὡς
1127 1495 1205 1528 ἔφην,
1228 1494 1278 1527 τὴν
1301 1494 1449 1522 ἀδέκαστον
1471 1495 1573 1530 ταύτην
1588 1496 1634 1522 καὶ
1648 1495 1786 1529 ἀμετάθε-

991 1550 1036 1567 τον
1050 1541 1150 1575 ψῆφον,
1167 1541 1242 1572 υἱοὺς
1258 1539 1328 1567 εἶναι
1342 1540 1410 1567 Θεοῦ
1430 1541 1528 1575 μόνους
1542 1541 1661 1568 ἐνταῦθα
1675 1541 1786 1571 δεικνὺς

992 1587 1054 1617 τοὺς
1070 1587 1120 1621 τῆς
1133 1587 1307 1622 ἀνθρωπίνης
1325 1587 1405 1621 δόξης
1423 1587 1628 1623 ὑπερορῶντας.
1641 1587 1690 1613 Διέι
1703 1586 1786 1613 τοῦτο

992 1634 1047 1668 γὰρ
1061 1634 1108 1659 καὶ
1122 1633 1168 1660 τὸν
1180 1633 1258 1667 λόγον
1270 1634 1368 1666 ἑνικῶς
1378 1635 1537 1668 προήγαγεν
1551 1633 1595 1659 ἐπ’
1607 1632 1784 1667 ἀμφοτέρων,

991 1679 1076 1705 εἰπών
1091 1687 1098 1694 ·
1119 1689 1128 1706 t
1154 1679 1182 1706 '0
1200 1681 1296 1715 Πατήρ
1318 1689 1366 1706 σου
1393 1681 1407 1706 ὁ
1433 1679 1539 1714 βλέπων
1562 1681 1590 1706 ἐν
1613 1679 1652 1714 τῷ
1669 1679 1785 1713 κρυπτῷ

992 1725 1128 1752 ἀποδώσει
1147 1734 1188 1752 σοι
1204 1727 1232 1753 ἐν
1247 1727 1286 1761 τῷ
1304 1725 1424 1761 φανερῷ·
1451 1735 1461 1752 ι
1485 1726 1529 1752 ἵνα
1549 1726 1611 1756 τοὺς
1632 1725 1682 1760 μὲν
1697 1733 1785 1751 κατα-

991 1772 1128 1806 φρονητὰς
1144 1772 1193 1806 τῆς
1211 1773 1293 1806 κενῆς
1309 1772 1356 1798 καὶ
1371 1771 1547 1807 ἀνθρωπίνης
1562 1771 1642 1807 δόξης
1655 1772 1784 1806 υἱοποιη-

150 1813 213 1845 τοΰς
233 1823 262 1841 τε
287 1816 333 1841 καὶ
352 1816 591 1852 συγκληρονόμους
609 1817 654 1843 ..-ἱ
676 1817 752 1852 δείξῃ
773 1817 819 1843 καὶ
838 1817 939 1853 ποίησῃ
960 1817 1068 1852 ἐαυτῷ·
1092 1818 1154 1848 τοὺς
1173 1818 1200 1844 δὲ
1216 1818 1253 1854 μὴ
1264 1817 1403 1849 τοιούτους
1427 1817 1548 1853 ἐκϐάλλῃ
1565 1817 1613 1852 τῆς
1633 1816 1783 1848 υἱοθεσίαςν

149 1863 174 1888 εί
197 1863 233 1898 μὴ
251 1865 476 1900 μεταμεληθεῖεν.

185 1910 261 1937 Talia
276 1916 365 1938 autem
383 1912 451 1940 dixit
465 1913 609 1944 Dominus,
637 1921 671 1940 ne
689 1913 715 1940 in
740 1914 834 1941 orulos
853 1914 941 1942 homi-

151 1965 213 1983 num
231 1958 404 1986 intendentes
420 1961 483 1986 dum
501 1967 613 1987 oramus
628 1964 655 1987 et
670 1960 838 1995 jejunamus,
851 1969 865 1988 a
880 1962 940 1996 qui-

150 2004 200 2031 bus
214 2005 288 2032 nttlla
312 2006 336 2032 in
352 2007 410 2033 istis
430 2006 543 2038 utilitas,
558 2007 653 2041 jejnnii
668 2007 779 2042 quidem
796 2013 823 2034 et
837 2009 941 2040 oratio-

152 2051 324 2078 nislahorent
337 2052 483 2085 patiamur,
498 2053 622 2079 mercede
635 2061 697 2080 vero
713 2053 873 2087 spolientur.
886 2053 939 2079 Ca-

151 2102 198 2131 put
212 2102 300 2124 autem
319 2106 430 2132 ungere,
453 2103 482 2125 ut
497 2098 575 2131 dixit,
593 2103 619 2126 et
640 2099 736 2126 facient
755 2100 845 2126 lavare
872 2098 939 2125 nihil

151 2142 224 2169 aliud
237 2148 277 2170 cst
289 2151 370 2177 quam
384 2144 513 2178 pallorem
528 2144 667 2178 pra-ferre,
681 2153 784 2172 necnon
799 2145 938 2171 sordidum

152 2193 177 2214 ct
194 2195 321 2223 spurcpm
347 2194 429 2224 caput
457 2190 568 2222 habere,
596 2196 624 2216 nt
641 2199 672 2217 ex
698 2191 823 2217 instituto
838 2190 939 2225 jejunio

152 2243 255 2262 necnon
268 2244 298 2262 ex
317 2237 440 2270 corporis
456 2236 586 2271 despectu
605 2237 656 2263 ista
675 2238 778 2271 perpeti
795 2237 938 2264 videantur

1028 1912 1148 1939 Τοιαῦτα
1165 1913 1193 1939 δέ
1211 1921 1295 1948 φησιν
1318 1912 1332 1938 ὁ
1359 1912 1472 1946 Κύριος,
1491 1911 1534 1937 ἵνα
1559 1910 1596 1945 μὴ
1627 1909 1696 1945 πρὸς
1721 1909 1786 1941 τοὺς

992 1960 1047 1986 τῶν
1071 1959 1223 1995 ἀνθρώπων
1245 1959 1402 1994 ὀφθαλμοὺς
1417 1959 1536 1994 ὁρῶντες
1553 1958 1577 1984 οξ
1597 1957 1785 1994 προσευχόμε-

995 2016 1036 2033 νοι
1053 2006 1100 2033 καὶ
1123 2007 1148 2033 οἱ
1167 2005 1354 2041 νηστεύοντες,
1371 2005 1438 2040 παρ’
1464 2003 1502 2032 ὢν
1527 2004 1603 2030 οὐδὲν
1617 2004 1664 2030 ἐπὶ
1679 2003 1785 2034 τούτοις

995 2053 1104 2086 ὄφελος,
1119 2052 1167 2078 τὸν
1188 2051 1237 2085 μὲν
1255 2053 1306 2086 τῆς
1321 2051 1450 2085 νηστείας
1477 2052 1525 2077 καὶ
1550 2051 1600 2086 τῆς
1627 2050 1785 2084 προσευχῆς

994 2099 1078 2126 κόπον
1093 2097 1286 2132 ὑπομένωμεν,
1300 2106 1346 2124 του
1359 2098 1385 2124 δὲ
1399 2097 1497 2132 μισθοῦ
1512 2097 1681 2132 στερώμεθα.
1697 2097 1784 2123 Ἀλεί-

995 2154 1055 2179 φειν
1079 2145 1106 2171 δὲ
1132 2145 1182 2179 τὴν
1204 2144 1326 2179 κεφαλήν
1344 2153 1411 2179 φησι
1439 2145 1486 2170 καὶ
1508 2144 1612 2170 νίπτειν
1628 2144 1658 2169 τὸ
1676 2144 1785 2178 πρόσωο

993 2199 1055 2222 πον,
1074 2190 1198 2217 τουτέστι
1216 2190 1254 2225 μὴ
1268 2190 1374 2226 ὼχριᾷν
1390 2189 1574 2224 ἐπιτηδεύειν,
1594 2189 1661 2224 μηδὲ
1677 2189 1784 2223 αὐχμη-

996 2237 1043 2271 ρδν
1062 2235 1131 2263 εἶναι
1155 2236 1201 2262 καὶ
1226 2236 1383 2271 κατάξηρον
1397 2238 1447 2270 τὴν
1459 2235 1593 2270 κεφαλὴν,
1616 2235 1653 2266 ὼς
1678 2235 1708 2267 ἐξ
1726 2237 1784 2261 ἐπι-

150 2287 176 2308 et
186 2283 225 2309 sic
240 2283 272 2309 ab
284 2283 440 2310 hominibus
454 2283 558 2310 laudem
569 2288 763 2310 consectentur
773 2292 781 2316 ;
791 2283 854 2310 talia
866 2284 937 2310 enim

1030 2284 1147 2318 ταμένης
1172 2283 1298 2316 νηστείας
1322 2283 1368 2308 καὶ
1399 2284 1448 2317 τῆς
1474 2283 1520 2308 ἐπὶ
1545 2282 1575 2308 τὸ
1601 2282 1681 2316 σῶμα
1697 2291 1783 2308 κατα-

152 2334 325 2357 ostentantes
339 2330 475 2357 faciebant
487 2330 634 2362 Pharisaei;
651 2331 713 2356 ideo
725 2331 787 2364 jure
802 2330 835 2357 ab
849 2330 941 2356 Eccle-

151 2376 189 2402 sia
208 2376 309 2403 Christi
332 2377 414 2404 alieni
433 2376 495 2403 facti
514 2382 590 2408 sunt,
609 2376 708 2411 quibus
725 2384 757 2402 ne
771 2376 874 2403 similes
890 2377 938 2403 lia-

153 2430 212 2449 tnus
227 2423 352 2456 prohibet
366 2423 506 2450 Dominus.
525 2421 577 2449 Sed
595 2423 617 2449 si
636 2426 718 2457 caput
730 2423 938 2457 animaranago-

153 2470 213 2503 gico
231 2477 311 2496 sensu
330 2470 392 2504 quis
406 2470 480 2497 dicat
493 2474 609 2497 mentem
627 2476 654 2496 ut
672 2469 766 2496 ducem
783 2474 808 2496 el
825 2469 885 2503 eius
900 2468 940 2495 fa~

151 2516 221 2542 ciem
235 2515 467 2550 imaginationem,
483 2515 509 2541 in
521 2523 575 2550 qua
589 2515 773 2550 potentiarum
786 2515 858 2541 circa
878 2523 940 2548 per-

151 2563 292 2596 ccptiones
308 2569 437 2588 sensuum
454 2562 621 2588 versaulium
646 2562 697 2588 lixa
724 2561 833 2588 sistitur
847 2561 937 2592 sedes,

153 2608 231 2634 decet
247 2615 296 2634 nos
321 2607 480 2640 jejunantcs
509 2608 570 2634 oleo
591 2612 804 2642 capuLungere.
834 2609 939 2635 scilicet

153 2653 358 2680 miseticordem
387 2653 477 2680 facere
495 2659 611 2680 mentem
631 2659 761 2686 nostram,
788 2659 815 2680 et
841 2654 938 2681 faciem

157 2708 204 2727 Seu
221 2701 274 2726 vim
292 2700 495 2734 itnagiuativam
522 2702 612 2728 lavare
633 2709 646 2728 θ
663 2702 769 2736 spurcis
784 2707 808 2727 ct
826 2702 940 2736 impttris

153 2747 375 2782 cagitationibus,
401 2752 428 2774 ct
450 2748 489 2774 ira
522 2753 548 2775 et
563 2748 597 2775 ab
625 2749 697 2775 omni
717 2749 846 2784 nequitia.
875 2749 942 2776 Tale

154 2794 227 2822 enim
240 2800 266 2820 ct
282 2795 316 2820 ita
336 2793 485 2828 perfectum
504 2794 637 2830 jejunium
653 2803 705 2822 non
723 2803 817 2823 omnes
834 2801 939 2822 tantum

207 2885 216 2901 '
232 2885 304 2912 Psal.
322 2894 385 2920 tht,
404 2886 429 2912 7.
487 2887 496 2902 '
513 2885 657 2919 Mattlt.\‘t,
675 2886 763 2913 ili-lii.
815 2887 823 2901 ³
836 2885 899 2913 Luc.
919 2894 974 2918 κη,

994 2331 1152 2364 φρονήσεως
1164 2329 1252 2356 δοκεῖν
1265 2329 1378 2356 τοιαῦτα
1392 2328 1498 2360 παθεῖν,
1510 2330 1555 2354 καὶ
1567 2328 1639 2354 οὕτω
1650 2328 1696 2354 τὸν
1707 2329 1783 2362 παρά

993 2374 1047 2401 τῶν
1065 2375 1218 2410 ἀνθρώπων
1235 2374 1345 2402 ἔπαινον
1359 2373 1494 2409 θηρᾶσθαι
1508 2382 1515 2389 ·
1536 2374 1650 2400 τοιαῦτα
1665 2374 1721 2409 γὰρ
1735 2383 1783 2408 φα-

993 2420 1141 2454 νητιῶντες
1155 2421 1267 2447 ἐποίουν
1289 2421 1312 2446 οί
1338 2421 1483 2455 Φαρισαῖοι
1500 2427 1506 2434 ·
1523 2420 1564 2446 διὸ
1581 2421 1627 2446 καὶ
1647 2420 1697 2454 τῆς
1713 2420 1783 2447 κατὰ

994 2467 1112 2502 Χριστὸν
1145 2466 1310 2500 Ἐκκλησίας
1343 2467 1454 2498 δικαίως
1478 2466 1714 2501 ὴλλοτριώθησαν,
1743 2463 1782 2497 οἷς

994 2514 1067 2548 ἡμᾶς
1087 2512 1284 2548 ἀφομοιοῦσθαι
1301 2512 1429 2545 καθάπαξ
1447 2513 1616 2548 ἀπαγορεύει
1637 2514 1652 2540 ὸ
1669 2514 1782 2548 Κύριος.

994 2560 1024 2586 El
1044 2560 1071 2587 δὲ
1087 2561 1133 2586 καὶ
1156 2560 1276 2595 κεφαλὴν
1298 2560 1348 2595 τῆς
1372 2560 1461 2595 ψυχῆς
1477 2560 1658 2594 ἁναγωγικῶς
1669 2569 1712 2591 τις
1727 2562 1784 2595 ἐρεῖ

993 2607 1038 2633 τὸν
1054 2608 1116 2633 νοῦν
1131 2607 1168 2638 ὠς
1191 2606 1368 2641 ἡγεμονικὸν,
1391 2606 1440 2633 καὶ
1457 2607 1604 2642 πρόσωπον
1627 2606 1657 2632 τὸ
1681 2606 1782 2640 ταύτης

993 2652 1183 2687 φανταστικὸν,
1196 2653 1225 2678 ὲν
1238 2650 1260 2686 ᾧ
1273 2651 1326 2678 τῶν
1340 2652 1410 2679 κατᾶ
1426 2653 1474 2684 τὰς
1489 2653 1629 2688 αἰσθήσεις
1637 2653 1783 2688 ἐνεργειῶν

992 2698 1112 2734 ἕμμονός
1131 2700 1206 2725 ἐστιν
1235 2699 1250 2734 ἠ
1281 2698 1358 2732 ἕδρα,
1389 2699 1471 2725 καλὸν
1499 2698 1682 2734 νηστεύοντας
1709 2699 1783 2734 ἡμᾶς

993 2745 1117 2779 ἀλείφειν
1141 2745 1223 2780 ἐλαίῳ
1247 2745 1297 2780 τὴν
1323 2745 1457 2780 κεφαλὴν,
1481 2746 1620 2772 τουτέστιν
1647 2745 1782 2780 ἐλεήμονα

991 2794 1080 2818 ποιεῖν
1098 2792 1143 2819 τὸν
1171 2793 1307 2828 ήμετέρον
1325 2792 1387 2820 νοῦν
1403 2795 1450 2820 καὶ
1477 2793 1503 2819 τὸ
1526 2793 1675 2828 πρόσωπον
1689 2791 1781 2827 ἡμῶν,

987 2886 1019 2900 αις

989 2897 1031 2913 2.).
