1873 3076
171 103 223 136 137

783 106 976 135 GREGORH
999 106 1164 135 ΡΑιΑλΙΑΞ

1740 107 1789 140 1ί8

170 162 352 196 suzttptionem
368 161 400 188 "7.
423 170 430 186 ι
464 160 700 195 Concupiseehtia‘.
719 169 743 188 ιιι
756 167 893 188 =ntttneuta
924 162 941 188 it

1042 163 1126 188 ἑνετο.
1145 171 1154 187 ι
1178 161 1231 187 Και
1258 161 1290 188 τὰ
1318 162 1346 188 ὲν
1372 162 1467 198 ἐκείνῳ
1490 162 1527 198 τῷ
1553 162 1627 198 τνῖπῳ
1657 163 1788 199 λεγόμενα

165 209 217 235 ltoe
237 208 296 235 loco
313 212 422 234 narrata
441 207 628 234 excitaverunt.
644 207 762 234 divinant
780 207 807 234 in
831 215 878 235 eos
895 208 950 234 ira-

168 253 304 284 cundiam,
322 260 402 286 quam
416 252 624 286 conspicientes,
639 251 772 288 fugiamus
786 253 949 287 ingluviem;

166 299 402 334 apprehendamus
422 298 642 331 temperantiam,
663 299 861 333 amplectantur
882 298 949 326 istos

161 346 325 381 jejuniorum
355 345 424 376 dies,
454 344 550 378 quibus
582 345 679 371 animae
705 344 835 371 obediens
851 351 950 377 corpus

163 391 290 423 ellieitur,
320 399 366 418 eor
394 398 457 418 vero
483 391 515 417 ad
542 390 623 417 Deum
642 390 792 417 ascendens
808 390 948 418 allevatur.

163 436 281 464 Joannes
297 437 389 471 gratia.-
409 443 559 470 prmcursor
574 436 684 463 lorustis
695 441 720 462 el
735 435 813 462 melle
830 435 948 462 silvestri

162 491 211 517 per
226 483 310 510 vitam
330 482 499 509 vestebatur.
518 482 616 510 Petrus
632 482 740 513 sallitis,
763 481 854 513 olivis,
879 481 949 515 lupi-

163 529 206 556 nis
222 530 370 563 paucisque
388 529 514 556 utebatur
529 529 659 556 oleribus.
677 528 747 561 Quid
762 527 947 555 necessarium

161 579 203 600 est
224 573 335 600 Paulum
357 581 528 606 memorare,
554 574 599 608 qui
627 574 659 600 de
679 574 769 607 seipso
784 572 874 600 dixit:
895 582 903 597 ‹
922 573 946 598 ln

161 619 234 646 fante
250 623 276 646 et
290 619 334 646 siti
351 625 378 646 et
391 616 502 654 jejuniis
519 619 608 646 multis
625 619 658 646 ²¹.
677 628 686 644 ι
710 618 769 645 Tibi
785 623 876 645 autent
894 625 947 644 non

118 679 125 686 -
161 668 217 690 tota
233 665 286 691 vita
305 669 345 692 est
363 665 542 699 quadraginta
562 664 658 698 jejunii
689 664 795 691 dierum
819 664 947 690 interval-

161 711 214 736 lttm
230 718 237 742 ;
253 715 279 737 et
300 710 412 745 singulis
429 710 522 737 diebus
548 710 587 737 sol
601 711 634 737 ad
650 717 776 737 occasum
794 709 880 736 llextts
898 709 945 735 tibi

156 756 254 791 jejunii
272 756 352 783 finem
371 757 502 792 assignat.
525 755 618 783 Nonne
637 755 694 784 fere
712 756 839 783 omnibus
859 755 946 783 facilis

161 806 186 827 et
202 802 410 830 accommodata
441 803 498 829 hate
513 801 696 829 abstinentia?
721 801 800 828 modo
815 802 849 828 sit
863 801 944 828 etiam

1003 207 1132 240 μνήματα
1144 207 1193 241 τῆς
1217 207 1367 242 ἐπιθυμίας
1396 209 1582 244 ἀναστήλωσίς
1597 210 1656 236 ἐστι
1680 211 1731 244 τῆς
1747 211 1786 236 ἐπ’

1004 251 1125 282 ἐκείνους
1143 251 1220 282 θείας
1237 252 1329 286 ὀργῆς,
1350 253 1416 288 πρὸς
1442 254 1475 288 ἥν
1491 254 1644 288 βλέποντες,
1659 255 1786 289 φύγωμεν

1001 298 1297 332 τὴν.γαστριμειργίαν,
1317 299 1504 333 ἁσπασώμεθι
1536 301 1585 335 τὴν
1613 301 1784 334 ἐγκράτειαν,

1002 341 1234 378 περιπτυξώμεθα
1261 345 1309 374 τὰς
1321 344 1468 378 νηστίμους
1494 346 1599 379 ἡμέρας
1617 346 1729 378 ταύτας,
1751 347 1784 378 ὡς

981 402 983 404 -
1001 388 1115 423 εὐηκοον
1133 390 1164 422 τῇ
1182 387 1254 423 ψυχῇ
1280 389 1409 418 ποιούσας
1425 390 1454 415 τὸ
1479 390 1570 423 σῶμα,
1589 391 1636 416 καὶ
1658 391 1705 417 τὸν
1725 391 1785 417 νοῦν

1001 433 1184 467 κουφιζούσας
1218 434 1287 468 πρὸς
1314 435 1382 460 Θεὸν
1411 434 1607 469 ἀνατρέχοντα.
1626 435 1753 471 Ὶωάννης
1772 437 1785 461 ὁ

999 480 1048 514 τῆς
1075 479 1185 515 χάριτος
1206 481 1365 515 Πρόδρομος
1389 480 1483 515 ἀκρίσι
1508 482 1555 507 καὶ
1585 482 1674 515 μέλιτι
1697 483 1784 516 ἀγρίῳ

999 525 1043 552 διὰ
1059 525 1116 560 βίον
1140 526 1262 560 ἠρκεῖτο.
1278 526 1379 560 Πέτρος
1396 526 1524 560 ἁλμᾶσιν,
1540 526 1644 557 ἐλαίαις
1666 527 1712 553 καὶ
1726 527 1783 561 θέρ-

1001 579 1062 605 μοις
1080 571 1126 597 καὶ
1141 571 1251 601 λεπτοῖς
1267 571 1394 605 λαχάνοις
1407 571 1506 606 ἐχρῆτο
1521 572 1624 605 μόνοις.
1641 572 1674 597 Τί
1689 572 1731 597 δεῖ
1751 573 1784 598 τὰ

1001 616 1048 643 τοῦ
1062 616 1168 643 Παύλου
1185 616 1292 650 λέγειν;
1310 616 1338 648 ὃς
1356 617 1418 651 περὶ
1432 617 1528 642 ἑαυτοῦ
1544 617 1591 643 καὶ
1604 617 1681 644 τοῦτό
1692 625 1785 652 φησιν,

998 662 1035 693 ὡς
1052 671 1062 688 ε
1074 662 1117 688 Ἐν
1132 662 1204 698 λιμῷ
1216 663 1262 690 καὶ
1275 663 1338 699 δίψῃ
1355 664 1383 689 ὲν
1397 663 1533 698 νηστείαις
1553 663 1694 694 πολλάκις.
1712 673 1722 688 ι
1740 665 1785 689 Σιὶ

999 708 1026 735 δὲ
1039 709 1068 735 οὐ
1089 709 1143 743 βίος
1156 709 1215 740 ὅλος
1241 709 1295 735 τῶν
1319 709 1522 744 τεσσαράκοντα
1544 709 1655 744 ἡμερῶν
1679 709 1737 735 ἐστι
1755 711 1785 736 τὺ

998 756 1047 787 τῆς
1073 755 1199 790 νηστείας
1215 755 1368 789 διάστημας
1395 755 1441 781 καὶ
1458 755 1625 790 περιγράφει
1654 763 1695 782 σοι
1723 756 1785 782 καθ’

998 801 1117 835 ἑκάστην
1137 800 1243 836 ἡμέραν
1267 801 1317 836 τὴν
1335 801 1381 827 ἐπὶ
1402 801 1487 836 ταύτῃ
1503 801 1630 836 νηστείαν
1649 802 1665 836 ἡ
1687 801 1733 828 τοῦ
1752 803 1785 836 ή-

158 854 312 880 congruens
327 853 424 879 creua;
452 853 514 873 nam
531 848 569 873 sic
585 845 722 872 moderate
745 845 890 872 abstinens
917 849 941 871 et

1040 854 1054 871 υ
1069 845 1135 880 πρὸς
1149 845 1224 871 δύσιν
1238 845 1388 876 ἐπίνευσις.
1401 843 1464 880 'Ap'
1475 846 1504 872 οὐ
1521 846 1599 880 ῥᾳδία
1612 846 1704 880 σχεδὸν
1716 847 1785 873 πᾶσι

159 890 298 916 moderate
311 890 454 917 comedens
469 897 521 915 non
539 890 651 916 multum
671 888 771 923 jejunis
792 888 877 915 cedet.
896 887 945 914 Ti—

159 943 215 961 mes
232 935 321 962 carnis
336 935 452 967 dolores,
472 934 658 969 jejuniumque
674 934 745 970 fugis
760 934 837 969 quasi
854 934 942 960 tabem

158 980 313 1011 adducens;
332 979 377 1006 ενι]
395 980 563 1006 contrarium
586 984 646 1013 est;
677 987 737 1005 nam
753 979 879 1006 saturitas
896 986 942 1012 po-

158 1026 268 1058 dagram
283 1045 290 1056 ,
307 1026 466 1052 obesitatent
482 1026 602 1060 aliosque
623 1025 730 1052 morbos
757 1026 843 1059 magis
873 1024 942 1052 solet

156 1078 306 1104 generare;
338 1071 469 1106 jejunium
496 1079 558 1099 vero
579 1071 721 1100 sanitatem
738 1071 844 1106 gignit;
872 1070 942 1098 unde

157 1124 209 1144 non
228 1121 330 1144 tantum
348 1118 495 1145 fornicator
511 1119 536 1145 in
563 1118 699 1153 proprium
720 1125 818 1151 corpus
835 1122 940 1152 peccat,

155 1164 202 1189 sed
228 1163 317 1190 helluo
332 1171 440 1199 quoque
457 1164 481 1191 in
497 1172 575 1191 suurn
598 1171 698 1198 corpus
715 1163 847 1198 delinquit
869 1163 941 1198 quod

156 1210 341 1236 cacheeticum
366 1215 392 1237 et
414 1211 567 1237 tnorbidunt
586 1210 684 1238 reddit.

995 889 1041 916 καὶ
1059 888 1215 924 σύμμετρος
1235 889 1251 924 ὴ
1268 890 1313 915 ἐπὶ
1334 889 1461 915 τοσοῦτον
1481 890 1574 916 ἀσιτία
1594 890 1674 922 Earl;
1703 891 1785 925 μόνον

995 935 1065 962 ἔστω
1081 936 1129 961 καὶ
1144 936 1159 969 ὴ
1176 936 1280 969 σίτησις
1295 935 1455 970 σύμμετρος
1469 943 1475 950 ·
1497 935 1569 962 οὕτω
1589 936 1644 970 γὰρ
1662 936 1785 971 μετρίως

993 980 1095 1008 ἀσιτῶν
1108 981 1157 1007 καὶ
1180 981 1301 1015 μετρίως
1323 980 1493 1016 σιτούμενος,
1510 981 1540 1008 οὐ
1561 982 1631 1008 κατὰ
1645 981 1711 1007 πολὺ
1728 981 1786 1008 τῶν

993 1026 1185 1062 ἀτροφούντων
1205 1027 1407 1062 ἀπολειφθήσῃ.
1426 1028 1520 1054 Φείδου
1544 1028 1626 1063 τυχὸν
1646 1028 1696 1062 τῆς
1717 1035 1786 1062 σαρ-

997 1072 1055 1105 κδς,
1071 1072 1118 1098 καὶ
1144 1072 1258 1106 φεύγεις
1275 1074 1324 1107 τὴν
1351 1074 1491 1108 νηστείαν,
1514 1074 1552 1105 ὡς
1574 1074 1708 1108 τηκεδόνα
1737 1074 1787 1107 φέ-

997 1127 1109 1153 ρουσαν,
1127 1118 1194 1144 ἀλλὰ
1218 1118 1374 1145 τούναντίον
1389 1119 1481 1145 ἐστίν·
1497 1119 1510 1144 ὁ
1525 1119 1604 1153 κόρης
1622 1119 1677 1153 γὰρ
1702 1119 1787 1145 ποδά-

997 1173 1065 1199 γρας
1083 1165 1129 1190 καὶ
1158 1164 1330 1200 καρηϐαρίας
1362 1165 1409 1191 καὶ
1441 1165 1535 1196 νόσους
1562 1166 1658 1199 ἐτέρας
1684 1167 1785 1199 γεννᾷν

998 1209 1097 1244 μᾶλλον
1113 1210 1243 1243 πέφυκεν
1260 1211 1276 1243 ἡ
1297 1210 1324 1235 δὲ
1339 1209 1451 1244 νηστεία
1474 1210 1566 1245 μήτηρ
1583 1211 1657 1237 ἐστὶν
1670 1211 1787 1243 ὑγείας-

155 1255 203 1280 ml.
222 1254 260 1286 ὡς
283 1255 383 1288 ἔοικεν,
403 1255 432 1282 οὐ
448 1256 528 1290 μόνον
552 1256 565 1281 ὁ
594 1255 736 1289 πορνεύων
771 1255 811 1286 εἰς
838 1255 868 1281 τὸ
889 1255 954 1281 ἴδιον
986 1254 1064 1288 σῶμα
1088 1254 1252 1288 ἁμαρτάνει,
1275 1254 1343 1280 ἀλλὰ
1369 1253 1415 1280 καὶ
1448 1254 1461 1280 ὁ
1497 1253 1716 1289 γαστριμαργῶν
1743 1257 1784 1285 εἰς

154 1301 185 1327 τὸ
201 1301 267 1328 ἴδιον
291 1301 449 1336 πλημμελεῖ
467 1301 558 1336 σῶμα,
576 1302 740 1336 καχεκτικδν
761 1302 827 1329 αὐτὸ
841 1302 887 1328 καὶ
897 1301 1008 1337 νοσερδν
1024 1300 1218 1335 ἐργαζόμενος.

192 1346 291 1375 Verum
325 1355 387 1374 cuin
422 1347 547 1375 omnibus
580 1348 706 1375 sensibus
733 1347 941 1383 intemperantia

113 1417 115 1419 .
156 1394 360 1424 committatur.
386 1394 513 1421 omnibus
540 1393 709 1427 imponamus
734 1394 941 1421 continentiam.

157 1439 185 1467 Si
217 1439 286 1467 escis
309 1439 416 1473 quidem
442 1439 573 1472 abstines,
595 1440 689 1466 oculos
706 1444 795 1466 autem
811 1439 893 1466 habes
909 1439 942 1464 ad

157 1485 294 1513 luxuriam
311 1485 337 1511 in
355 1485 540 1519 penetralibus
556 1485 653 1511 animae
667 1485 887 1520 perpetrandam,
910 1483 942 1509 ad

157 1540 253 1560 vanam
274 1531 456 1558 curiositatem
467 1550 475 1562 ,
500 1532 532 1557 ad
548 1530 652 1558 fascina
666 1538 814 1565 propensos
830 1538 836 1562 ;
855 1529 877 1556 si
893 1536 942 1555 au-

157 1584 214 1604 rem
232 1576 401 1612 opprobriis,
418 1576 529 1602 lascivis
549 1575 727 1608 carminibus,
747 1575 879 1609 malisque
895 1581 941 1600 su-
954 1588 977 1619 ε

155 1623 240 1650 stu-ris
268 1622 397 1657 plenam;
424 1621 447 1648 si
477 1621 544 1649 alios
575 1628 672 1649 sensus
691 1621 824 1648 similibus
852 1619 939 1646 noxiis

156 1672 246 1702 laesos,
263 1669 326 1703 quid
347 1668 394 1695 tibi
411 1668 533 1703 proderit
544 1667 701 1702 jejunium?
720 1666 793 1693 Nihil
809 1667 937 1698 omnino;

155 1723 218 1742 natn
237 1715 308 1742 aliud
336 1719 447 1749 propter
473 1714 588 1741 alterum
617 1713 688 1747 fugis
706 1713 812 1743 \‘ilillm,
830 1711 872 1738 cui
893 1718 940 1745 per

157 1762 232 1796 prius
248 1761 348 1788 aditum
360 1761 388 1787 in
403 1760 493 1787 anima
511 1759 653 1795 patefacis.
667 1759 732 1786 Cum
748 1758 820 1785 cnittt
834 1761 940 1784 conste-

155 1813 216 1833 mus
235 1813 284 1833 nos
304 1813 338 1832 ex
355 1806 445 1833 anima
467 1811 493 1832 et
509 1812 623 1839 corpore
637 1804 791 1838 compositi,
807 1810 859 1829 non
875 1809 938 1829 cor-

154 1859 220 1885 pore
242 1857 344 1879 tantunt
372 1852 419 1879 sed
436 1856 464 1878 et
478 1855 566 1878 tuente
583 1852 661 1885 (qua:
684 1850 741 1884 ipsa
760 1849 836 1884 quasi
862 1848 939 1882 plura

153 1899 234 1924 habet
252 1899 370 1926 membra
386 1898 497 1925 alterius
515 1897 598 1930 modi,
617 1897 721 1924 scilicet
737 1897 791 1923 vim
806 1894 939 1929 vegetati—

155 1952 238 1975 vam,
271 1944 509 1978 concupiscibilem
539 1948 566 1971 et.
597 1943 761 1971 iraseibilem
792 1941 938 1976 appetitum

153 1995 234 2024 atque
248 1989 407 2022 rationem),
423 1989 487 2015 illud
501 1996 595 2015 verum
611 1993 653 2015 est
667 1987 799 2022 jejunium
820 1986 890 2020 quod
906 1985 940 2011 ad

153 2041 247 2062 omnes
266 2035 400 2069 potentias
415 2034 584 2066 extenditur,
598 2040 693 2061 omnes
709 2037 816 2067 purgat,
833 2038 940 2058 omnes-

154 2087 209 2112 que
225 2085 303 2107 sanat
317 2087 323 2111 ;
341 2080 426 2106 dulcis
441 2079 524 2111 enim,
544 2079 653 2109 fratres,
671 2082 698 2105 et
712 2077 826 2111 benigna
841 2075 939 2102 anima:

153 2134 200 2160 per
221 2125 354 2158 jejunium
371 2126 501 2157 curatio;
527 2129 554 2150 et
571 2128 713 2158 propterea
741 2121 835 2148 Patres
852 2120 939 2148 nostri

153 2171 179 2196 in
193 2170 288 2198 diebus
305 2170 363 2197 istis
381 2170 445 2197 illud
464 2169 541 2196 nobis
556 2172 759 2204 praaceperunt.

188 2259 274 2294 igitur
287 2258 309 2285 si
324 2258 396 2285 istud
413 2256 495 2284 stulte
509 2256 683 2290 elfugiamus,
701 2255 823 2282 vindices
839 2262 936 2289 pienae.
955 2262 976 2289 ι)

152 2305 307 2338 scissiones,
324 2303 478 2330 adustiones
489 2301 790 2337 noscomprehendent,
805 2301 935 2336 quoniam

151 2351 277 2378 Christus
305 2351 455 2376 membrum
477 2349 614 2383 pultidum
642 2347 805 2382 amputabit,
829 2347 938 2381 ignique

153 2397 242 2424 tradet
258 2395 474 2430 inexstinguibili
491 2395 636 2422 vindictam
651 2395 775 2422 daturam
796 2399 936 2421 aeternam.

151 2443 217 2470 Nam
235 2443 316 2474 sicut,
332 2443 395 2476 quia
420 2449 472 2469 non
486 2441 705 2476 jeiuneveramus
722 2440 748 2467 itt
758 2440 894 2474 paradiso.
912 2439 939 2466 in

145 2492 220 2523 hanc
238 2490 320 2516 vitam
336 2488 430 2516 multis
445 2488 535 2523 poenis
555 2487 681 2514 refertam
698 2494 792 2514 sutnus
810 2486 937 2519 immissi,

145 2528 204 2570 vita,
220 2537 273 2564 nisi
287 2536 331 2563 hic
343 2535 508 2571 jejunemus,
530 2539 557 2561 et
575 2533 665 2561 sobrie
682 2540 729 2567 pro
745 2532 847 2560 viribus
865 2533 940 2559 viva-

150 2591 222 2614 mus,
251 2584 277 2610 itt
304 2580 560 2616 iuexstinguibilem
581 2584 607 2606 et
638 2579 835 2607 intolerabilent
864 2579 939 2606 illttrn

151 2628 304 2656 incidemus
320 2627 470 2655 infernum.
490 2625 541 2652 Sed
556 2624 759 2657 convertimini,
784 2624 829 2651 ﬁlii
848 2632 940 2651 rever-

151 2679 250 2705 tentes,
274 2674 310 2700 ait
321 2673 463 2709 prophetia
477 2672 500 2687 "
519 2680 526 2699 :
547 2670 619 2698 Nihil
639 2675 693 2697 tam
716 2670 807 2698 eflieax
833 2672 865 2697 ad
888 2672 940 2697 nti-

151 2720 327 2747 sericordiam
351 2720 383 2746 ab
401 2719 440 2746 eis
457 2718 502 2753 qui
524 2722 725 2745 convertuntur
739 2719 935 2752 assequendam

186 2814 208 2829 “
223 2813 301 2840 Num.
321 2821 357 2842 ιι,
373 2812 416 2840 20.
457 2813 476 2829 ¹¹
490 2812 509 2840 ll
524 2811 586 2840 Cur.
605 2819 643 2845 st,
668 2812 711 2840 ‘27.

1037 1347 1114 1372 Ἐπεὶ
1127 1346 1155 1372 δὲ
1169 1346 1213 1372 διὰ
1225 1345 1319 1372 πασῶν
1336 1346 1389 1372 τῶν
1400 1345 1552 1380 αἰσθήσεων
1567 1346 1583 1380 ἡ
1600 1346 1719 1380 ἀκρασία
1739 1355 1786 1372 τε-

996 1392 1094 1424 λεῖται,
1110 1392 1210 1422 πάσαις
1225 1392 1418 1426 ὲπιστήσωμεν
1435 1392 1484 1426 τὴν
1509 1391 1684 1426 ἐγκράτειαν.
1702 1391 1735 1418 Ei
1755 1393 1785 1419 δὲ

994 1437 1136 1472 νηστεύεις
1161 1437 1211 1471 μὲν
1228 1437 1391 1472 βρωμάτων,
1409 1437 1458 1471 τὴν
1482 1436 1511 1463 δὲ
1532 1437 1592 1471 ὄψιν
1605 1437 1676 1471 ἔχεις
1697 1446 1785 1472 προα-

994 1483 1084 1518 γωγὸν
1096 1484 1134 1514 είς
1146 1483 1195 1517 τὴν
1208 1483 1236 1508 ἐν
1247 1483 1285 1517 τῷ
1297 1483 1403 1517 ταμείῳ
1418 1483 1465 1517 τῆς
1477 1483 1566 1517 ψυχῆς
1580 1491 1627 1509 σου
1644 1484 1782 1518 μοιχείαν,

995 1530 1042 1555 καὶ
1066 1529 1239 1563 περιεργίαν,
1267 1529 1316 1554 καὶ
1339 1529 1509 1562 βασκανίαν·
1527 1528 1577 1563 τὴν
1598 1529 1625 1554 δὲ
1641 1528 1725 1562 ἀκοὴν
1739 1529 1783 1554 δε-

994 1575 1092 1609 κτικὴν
1113 1575 1230 1610 ὖὸρεων,
1255 1576 1302 1601 καὶ
1317 1575 1454 1609 πορνικῶν
1475 1575 1619 1610 ᾀσμάτων,
1635 1575 1681 1601 καὶ
1701 1574 1784 1608 ψιθυ-

993 1622 1098 1657 ρισμών
1114 1621 1144 1647 οὐ
1159 1621 1259 1654 καλῶν,
1274 1621 1321 1647 καὶ
1335 1622 1382 1653 τὰς
1398 1621 1479 1652 ἄλλας
1502 1621 1643 1656 αἰσθήσεις
1660 1621 1715 1647 τῶν
1731 1630 1784 1647 xa—

990 1666 1131 1700 ταλλήλως
1153 1665 1335 1701 βλαπτόντων,
1352 1667 1378 1692 τί
1391 1667 1421 1692 τὸ
1444 1666 1539 1701 ὄφελος
1558 1666 1608 1701 τῆς
1628 1667 1758 1702 νηστείας
1774 1676 1783 1699 ;

991 1712 1101 1743 πάντως
1129 1712 1206 1738 οὐδέν
1220 1719 1226 1726 ·
1246 1713 1278 1747 ἣν
1303 1712 1356 1747 γὰρ
1382 1712 1415 1739 δι’
1430 1712 1526 1747 ἑτέρας
1544 1712 1654 1746 φεύγεις
1667 1713 1779 1743 κακίαν,

990 1758 1104 1784 κάθοδον
1123 1759 1193 1794 αὐτῇ
1205 1758 1283 1790 δίδως
1295 1759 1328 1785 δι’
1346 1759 1428 1794 ἄλλης
1441 1760 1480 1790 εἰς
1494 1758 1543 1793 τὴν
1557 1758 1645 1793 ψυχήν
1659 1767 1666 1774 ·
1683 1758 1782 1785 συνθέ-

990 1797 1043 1831 των
1062 1805 1115 1839 γὰρ
1135 1805 1220 1832 ὀντων
1238 1805 1317 1840 ἡμῶν
1337 1806 1368 1831 ὲκ
1380 1805 1469 1839 ψυχῆς
1483 1804 1555 1838 λέγω
1573 1806 1620 1831 καὶ
1638 1804 1782 1839 σώματος,

990 1852 1020 1877 οὐ
1039 1850 1086 1877 τοῦ
1113 1851 1239 1887 σώματος
1257 1851 1347 1886 μόνον,
1369 1851 1436 1877 ἀλλὰ
1454 1854 1502 1878 καὶ
1518 1851 1566 1884 τῆς
1590 1850 1680 1886 ψυχῆς
1695 1851 1781 1878 πολ.)-

992 1897 1090 1931 μελοῦς
1111 1897 1193 1932 οῡσης
1214 1897 1319 1932 (ἕτερον
1337 1898 1436 1932 τρόπον
1451 1897 1506 1932 ἔχει
1521 1897 1574 1931 γὰρ
1585 1899 1631 1923 καὶ
1645 1897 1716 1932 αὕτη
1731 1907 1782 1924 κα-

991 1942 1078 1976 (ιάπερ
1093 1942 1161 1977 μέλη
1175 1942 1204 1968 τὸ
1220 1941 1376 1976 θρεπτικὸν,
1397 1943 1426 1968 τὸ
1441 1942 1651 1977 ἐπιθυμητικὸν,
1669 1944 1700 1969 τὸ
1732 1944 1781 1970 ου-

992 1986 1071 2020 μικόν
1090 1995 1120 2012 τε
1135 1987 1182 2012 καὶ
1198 1986 1375 2022 λογιστικὸν),
1405 1987 1497 2022 ἐκείνη
1517 1988 1592 2014 ἐστὶν
1614 1987 1717 2024 ἀληθὴς
1735 1997 1780 2023 νη-

991 2031 1077 2062 στεία,
1119 2031 1163 2057 διὰ
1179 2032 1287 2058 πάντων
1298 2032 1432 2065 διήκουσα
1446 2033 1493 2059 καὶ
1508 2033 1595 2059 πάντα
1609 2033 1782 2068 καθαίρουσὰ

990 2086 1019 2103 τε
1036 2078 1083 2104 καὶ
1096 2077 1300 2112 οεραπεύουσα’
1316 2080 1418 2114 πραεῖα
1434 2079 1488 2114 γάρ
1499 2080 1583 2112 ἐστιν,
1599 2080 1721 2114 ἀδελφοὶ,
1733 2081 1781 2107 καὶ

992 2123 1181 2159 φιλάνθρωπος
1207 2125 1224 2159 ἡ
1249 2125 1292 2151 διὰ
1325 2126 1452 2160 νηστείας
1472 2126 1522 2160 τῆς
1546 2126 1636 2161 ψυχῆς
1655 2127 1780 2162 ἰατρεία·

991 2171 1036 2196 καὶ
1051 2170 1094 2197 διὰ
1109 2171 1188 2197 τοῦτο
1207 2172 1254 2197 καὶ
1270 2172 1295 2198 oi
1312 2172 1432 2206 Πατέρες
1449 2173 1528 2207 ἡμῶν
1544 2173 1589 2199 διὰ
1598 2173 1651 2200 τῶν
1665 2173 1782 2209 ἡμερῶν

991 2216 1094 2242 τούτων
1110 2217 1213 2252 ταύτην
1228 2218 1295 2251 ἡμῖν
1310 2218 1461 2252 ἐπέθηκαν.

1041 2262 1095 2288 Εᾶιν
1124 2262 1170 2289 οὖν
1193 2262 1296 2298 ταύτην
1319 2264 1399 2298 ἡμεῖς
1414 2265 1541 2302 ἀφρόνως
1555 2265 1735 2300 ὲκφὺγωμεν,
1752 2267 1783 2292 αἱ

991 2307 1153 2335 κολαστικαὶ
1178 2309 1279 2340 nov/a1,
1312 2310 1358 2335 καὶ
1375 2312 1468 2344 τομαὶ,
1497 2310 1544 2337 καὶ
1568 2311 1680 2342 καύσεις
1705 2312 1783 2346 ἡμᾶς

992 2354 1158 2386 ὲκδέξονται,
1177 2355 1222 2381 ὅτε
1241 2355 1357 2388 Χριστὸς
1371 2356 1401 2382 τὸ
1423 2356 1611 2391 ἀθεράπευτον
1635 2357 1784 2392 διχοτομή-

994 2408 1044 2431 σει,
1061 2401 1107 2426 καὶ
1128 2401 1166 2434 τῷ
1184 2401 1309 2435 ἀσϐέστῳ
1320 2402 1387 2437 πυρὶ
1407 2402 1563 2435 παραδώσει
1585 2401 1662 2437 δίκην
1683 2403 1777 2437 ὑφέξω

993 2444 1112 2473 αἰώνιον.
1130 2446 1174 2477 Ὠς
1186 2447 1238 2481 γὰρ
1257 2447 1293 2482 μὴ
1315 2448 1513 2481 νηστεύσαντες
1528 2448 1556 2474 ὲν
1571 2448 1608 2482 τῷ
1623 2449 1783 2484 παραδείσῳ

993 2491 1032 2522 είς
1047 2491 1269 2518 τδνπολυώδυνον
1281 2493 1375 2519 τοῦτον
1390 2494 1633 2530 βίονὲρῥίφοημεν,
1645 2495 1731 2527 οὕτως
1739 2497 1784 2523 ὲν·-

992 2536 1078 2562 ταῧῦα
1088 2537 1141 2572 ﬁs
1152 2537 1188 2573 μὴ
1196 2538 1402 2573 νηστεύσαντες,
1417 2540 1482 2574 μηδὲ
1494 2541 1634 2575 ἐγκρατῶς
1646 2540 1782 2575 ζήσαντες

994 2583 1064 2608 κατὰ
1079 2583 1206 2617 δύναμιν,
1225 2584 1264 2615 εἰς
1280 2583 1329 2618 τὴν
1345 2584 1477 2610 ἄσϐεστον
1492 2586 1539 2611 καί
1551 2586 1688 2620 ἀφόρητον
1710 2586 1782 2612 ὲκεί-

992 2635 1041 2663 νην
1066 2629 1259 2663 ἑμπεσοὺμεῡα
1280 2629 1402 2663 γέενναν.
1425 2631 1493 2656 Ἀλλ’
1515 2631 1696 2666 ἐπιστρέψατε
1726 2632 1782 2658 υίοὶ

993 2673 1191 2708 ἀφεστηκότες,
1218 2675 1233 2709 ή
1250 2675 1404 2709 προφητεία
1431 2676 1512 2710 φησίν
1525 2683 1530 2690 ·
1543 2676 1618 2702 οὐδὲν
1634 2676 1705 2703 οὕτω
1719 2685 1784 2703 συν-

993 2720 1074 2754 εργὸν
1101 2720 1169 2754 ’πρὸς
1183 2721 1329 2756 ἐξιλασμὸν
1345 2722 1398 2753 τνίέ
1415 2723 1628 2757 ἐπιστρέφουσιν
1646 2722 1683 2755 ὡς
1697 2723 1714 2756 ἡ
1730 2730 1781 2757 νη-

750 2813 771 2828 ’²
789 2813 888 2840 Jcrcnt.
903 2820 941 2846 nr,
963 2811 1009 2840 Με
