1873 3076
81 134 131 165 109

83 190 154 216 στεία
169 190 260 222 ἐστὶν,
276 188 314 221 ὡς
343 190 376 217 ἐκ
391 190 438 225 τῆς
462 189 516 216 τῶν
531 189 680 216 Νινευῖτῶν
698 189 869 225 ἐπιστροφῆς
884 193 907 221 Α

83 234 263 269 ἐδιδάχθημεν
274 243 283 252 ο
301 235 378 262 οὐδὲν
395 236 467 262 οὕτω
485 235 644 270 νεκροποιὺν
660 235 698 267 ὡς
724 236 740 270 ἠ
756 243 872 269 γαστρι-

86 282 189 316 μαργία
204 282 266 308 ἔστί
277 291 283 297 ·
303 282 352 310 καὶ
365 283 502 310 δείκνυσιν
518 283 532 309 δ
552 283 617 318 περὶ
632 282 679 309 τοῦ
692 282 797 309 ἀσώτου
813 283 872 308 επι-

83 327 247 362 πρὲψαντος
268 329 375 354 είπὼν·
394 337 403 354 ι
422 325 506 360 Οὗτος
526 330 539 355 6
563 329 620 360 υἱός
635 337 687 363 μου
706 327 802 361 νεκρὸς
826 325 872 362 ἦν,

82 374 128 400 καὶ
145 373 295 407 ἀνέζησεν,
316 374 463 406 ἀπολωλὼς
484 372 529 410 ἦν,
552 375 600 401 καὶ
622 373 739 409 εὑρέθη·
755 382 764 399 ›
784 373 874 408 συώδη

83 419 135 452 γὰρ
153 418 211 453 βίον
222 419 380 454 ἠσπάσατο,
395 420 441 447 καὶ
453 421 525 446 συῶν
540 420 618 455 ἥδετο
636 419 769 455 βορϐόρῳ,
785 427 874 454 παρα-

84 464 236 499 συνεδλήθη
249 465 368 497 τούτοις,
392 466 440 492 καὶ
465 465 596 500 ὡμοιὼοη
613 465 716 497 αὐτοῖς,
733 466 784 497 τὴν
803 465 873 499 πρὸς

85 510 147 536 Θεὸν
162 510 296 545 ὁμοίωσιν
309 511 487 546 ἀποθέμενος.
503 512 581 538 Κατά
600 511 628 538 δὲ
646 512 691 537 τὸν
710 511 796 545 μέγαν
814 511 873 538 ’1ὼὸ

85 556 112 582 οὐ
128 557 259 591 κτήνεσιν
276 556 406 592 ὡμοιώθη
426 557 516 591 μόνον,
533 556 601 584 ἀλλά
616 557 729 588 καὶτοῖς
750 557 778 582 ὲν
794 557 875 591 ὑδρη-

85 601 137 632 λοῖς
151 602 267 637 χωρίοις
282 602 424 634 παντελῶς
438 603 623 637 ἀναισθήτοις,
640 602 766 638 βουτόμῳ
782 611 811 628 τε
827 602 874 629 καὶ

83 648 203 683 παπύρῳ
224 648 272 674 καὶ
290 648 330 682 τῷ
358 649 487 683 καλάμῳ,
518 650 548 676 ὲν
573 646 614 680 οἷς
631 649 679 675 καὶ
707 649 838 683 κοιμᾶται
862 649 875 675 ό

84 693 234 727 παμφάγος
252 694 401 722 Λευίαθάν.
420 694 464 720 Ἐν
479 694 534 729 γὰρ
552 695 608 725 τοῖς
625 694 763 729 ὐγροὸίοις
774 694 805 720 τὸ
818 702 877 729 νοη-

84 738 128 763 τδν
154 736 238 764 τοῦτο
259 739 343 772 κῆτος
365 737 586 764 ὲπαναπαὺετοιι.
611 738 664 764 Ἦν
697 737 834 772 ὑγρότητα
863 738 877 763 ὁ

84 783 165 809 Δαῦὶδ
185 783 351 810 ἀπελαύνων
372 783 416 810 διὰ
437 783 488 818 τῆς
511 783 676 819 ἐγκρατείας
702 783 752 818 τῆς
774 782 878 814 οίκείας

85 830 168 864 ζωῆς,
196 839 206 856 ι
230 829 398 865 Έεηράνθη,
426 830 520 864 φησὶν,
544 830 580 860 ὡς
601 830 737 864 ὄστρακον
759 830 781 863 ἡ
801 828 877 863 ίσχύς

87 883 149 908 μου,
167 874 217 901 καὶ
228 874 264 901 τὰ
281 875 350 901 ὀστᾶ
365 882 416 909 μου
432 874 499 901 ὡσεὶ
524 874 640 909 φρύγιον
655 873 876 909 συνεφρύγησαν,
891 867 915 897 Β

84 920 118 946 τὰ
130 920 234 954 γόνατά
252 928 305 954 μου
320 920 476 955 ὴσθένησαν
493 920 547 947 ἀπὸ
564 919 701 955 νηστείας,
718 920 766 946 καὶ
781 920 798 953 ἡ
809 919 878 953 σάρξ

87 974 136 1000 μου
155 966 294 1001 ἠλλοιώθη
308 965 342 992 δι’
362 965 464 993 ἔλαιον.
487 975 497 991 ι
519 965 565 992 Διὸ
579 966 626 992 καὶ
641 966 690 1000 τὴν
716 965 766 1000 τῆς
786 965 878 998 δεξιᾶς

84 1010 132 1037 τοῦ
139 1011 269 1044 Ὑψίστου
285 1009 428 1045 ἠλλοιοῦτο
442 1009 597 1044 ἀλλοίωσιν,
614 1010 689 1045 αὑτῷ
707 1009 807 1036 ἑαυτὸν
817 1010 878 1036 ὅλον

86 1056 266 1091 ἀναθέμενος,
283 1057 332 1084 καὶ
355 1056 453 1084 ἑαυτὸν
474 1057 518 1084 διὰ
540 1057 642 1088 παντὸς
657 1055 774 1084 ἐνώπιον
796 1055 878 1083 αὐτοῦ

87 1102 285 1138 προορώμενος
295 1102 343 1129 καὶ
358 1102 407 1138 τὴν
419 1104 469 1138 τῆς
483 1103 588 1135 οἰκείας
609 1103 723 1138 καρδίας
751 1102 878 1138 μελέτην,

87 1149 190 1175 ἐκεῖνον
201 1149 248 1175 διὰ
262 1149 365 1180 παντὸς
375 1149 444 1184 ἔχων
456 1148 584 1176 ἐνώπιον.

123 1193 211 1220 Τοῦτο
225 1193 259 1228 δὴ
284 1193 334 1220 καὶ
346 1193 437 1228 ἡμεῖς,
453 1193 601 1227 ἀγαπητοὶ,
620 1193 818 1228 μιμησώμεθα,
834 1194 881 1221 καὶ

90 1239 127 1275 μᾶ]
141 1239 222 1274 μόνον
238 1239 289 1274 τῆς
305 1239 394 1274 ὑγρᾶς
405 1239 452 1266 καὶ
467 1239 668 1274 διακεχυμένης
681 1239 754 1273 ζωῆς
767 1239 881 1272 ἑαυτοὺς

89 1286 305 1320 ἁποστήσωμεν,
325 1285 395 1312 ἀλλὰ
410 1285 456 1312 καὶ
472 1285 522 1320 τὴν
540 1285 680 1320 ἡμετέραν
695 1285 822 1318 νηστείαν
834 1285 882 1312 καὶ

89 1332 252 1367 ψαλμῳδίαν
266 1332 316 1358 καὶ
336 1331 502 1367 προσευχὴν,
516 1331 553 1363 ὡς
570 1331 653 1358 αὑτοῦ
671 1331 805 1367 παρόντος
830 1332 879 1358 καὶ

89 1377 245 1411 ἐφορῶντος
271 1376 319 1403 τοῦ
338 1376 406 1403 Θεοῦ
433 1376 597 1411 ποιώμεθα·
624 1376 736 1408 εἰδότες,
761 1376 799 1406 ὡς
819 1377 882 1404 οὒτε

90 1422 212 1457 νηστεία,
225 1421 289 1449 οὔτε
302 1422 458 1457 ψαλμῳδία,
471 1422 534 1449 οὔτε
552 1422 690 1458 repentain
703 1422 800 1454 σώζειν
809 1424 884 1458 ἡμᾶς

92 1468 152 1495 καθ’
177 1469 265 1496 ἑαυτὰ
289 1468 414 1500 δύναται,
433 1469 503 1495 ἀλλά
525 1469 556 1495 τδ
578 1468 694 1495 ἐνώπιον
715 1469 884 1496 ἐκτελεῖσθαι

92 1515 177 1542 ταῦτα
191 1514 241 1541 τοῦ
254 1514 326 1541 Θεοῦ
339 1522 346 1529 ⁶
362 1514 433 1541 οὕτω
447 1515 502 1549 γὰρ
515 1516 540 1542 ot
551 1515 687 1550 ὀφθαλμοὶ
704 1515 808 1549 Κυρίου
824 1516 885 1542 ἑπι-

92 1562 241 1593 σλέποντες
260 1562 423 1596 ἀγιάξουσιν
446 1562 534 1597 ἡμᾶς,
553 1562 591 1594 ὡς
615 1563 630 1588 ὸ
648 1562 724 1598 ἥλιος
744 1563 886 1598 θερμαίνει

94 1610 127 1634 τὰ
144 1608 190 1635 ὑπ’
217 1608 302 1635 αὐτοῦ
324 1609 573 1643 καταλαμπόμενα.
594 1609 724 1636 Ἐνὼπιον
746 1609 775 1635 δὲ
799 1609 885 1636 ταῦτα

97 1653 199 1686 γίνεται
215 1653 298 1685 Θεοῦ,
314 1653 380 1681 ὅταν
393 1653 497 1685 ἀτενῶς
513 1654 528 1689 ἡ
554 1653 660 1680 διάνοια
682 1653 780 1689 ἐκείνῳ
795 1654 886 1689 ἐνορᾷ,

98 1700 142 1725 καὶ
155 1699 200 1726 διὰ
215 1701 245 1726 τὸ
260 1700 331 1734 πρὸς
353 1700 436 1726 αὐτὸν
453 1701 519 1735 δρᾷν
535 1700 581 1726 καὶ
600 1699 719 1735 νηστεύῃ
737 1700 783 1727 καὶ
798 1700 889 1737 ψάλλῃ

99 1747 144 1772 καὶ
173 1746 379 1782 προσεύχηται·
394 1746 458 1773 ὅταν
482 1747 538 1781 γὰρ
563 1746 592 1772 ὲν
620 1747 654 1781 τῇ
678 1748 815 1781 προσευχῇ
841 1749 889 1773 καὶ

99 1791 241 1827 ψαὶμῳδίᾳ
254 1791 320 1818 ποτὲ
333 1791 384 1826 μὲν
394 1792 408 1818 ὁ
420 1791 483 1822 νοῦς
493 1791 668 1827 συντείνηται
678 1791 746 1826 πρὸς
758 1791 803 1817 τὸν
812 1791 890 1824 Θεὸν,

100 1839 160 1864 ποτὲ
176 1838 205 1864 δὲ
225 1838 362 1873 διαπίπτῃ
384 1838 431 1864 καὶ
454 1836 664 1872 μετεωρίζηται,
694 1837 736 1863 δεῖ
753 1839 832 1870 νοεῖν,
853 1837 891 1869 ὡς

100 1884 172 1910 οὔπω
183 1883 360 1918 ἀνεθήκαμεν
373 1884 487 1915 ἑαυτοὺς
504 1883 581 1915 ὅλους
595 1883 633 1918 τῷ
644 1883 716 1918 Θεῷ,
727 1883 794 1910 οὐδὲ
810 1884 838 1909 ἐν
851 1883 890 1918 τῷ

102 1929 172 1964 νόμῳ
195 1929 300 1965 Κυρίου
321 1929 376 1960 πᾶς
393 1931 407 1955 ὁ
433 1929 534 1960 σκοπὸς
555 1929 609 1955 τῶν
626 1929 823 1964 πραττομένων
844 1928 890 1963 ἐφ’

898 1537 922 1567 C

102 1975 176 2009 ἡμῶν
188 1976 248 2002 ἔστι
259 1983 267 1990 ·
282 1975 326 2001 διὰ
342 1974 421 2001 τοῦτο
433 1974 493 2000 καθ’
509 1975 571 2000 ὅσον
585 1974 640 2000 τῶν
652 1974 702 2009 τῆς
716 1973 891 2007 δικαιοσύνης

100 2020 186 2054 ἔργων
210 2019 419 2054 ἁποπίπτομεν,
439 2019 510 2046 κατὰ
533 2019 661 2046 τοσοῦτον
690 2018 808 2045 ἐνώπιον
835 2017 890 2045 τῶν

101 2066 144 2092 τοῦ
158 2066 227 2093 Θεοῦ
243 2065 395 2100 ὀφθαλμῶν
412 2065 584 2100 παραμένειν
600 2065 631 2091 οὺ
648 2064 788 2100 δυνάμεθα
801 2072 808 2079 ·
825 2073 835 2090 ‹
853 2064 889 2090 Οὐ

101 2113 153 2148 γάρ
177 2111 352 2147 διαμενοῦσι,
396 2111 473 2146 φησὶ,
499 2110 655 2145 παράνομοι
684 2110 830 2137 κατέναντι
859 2109 914 2136 τῶν

103 2161 232 2194 κειμενοι,
250 2159 298 2186 τὸν
313 2158 462 2194 δυνάμενον
485 2158 619 2193 μάλαγμα
637 2158 684 2185 καὶ
714 2156 905 2192 καταδέσμους

102 2208 212 2243 Κύριον.

136 2253 182 2289 Μὴ
201 2253 295 2279 τοίνυν
315 2252 474 2287 ἁνήσωμεν,
495 2252 658 2287 παρακαλῶ,
684 2251 824 2287 νηστείαις
849 2252 896 2298 διαὶ
909 2268 937 2298 D

102 2300 191 2335 εὐχαῖς
207 2300 257 2326 καὶ
279 2299 407 2333 δάκρυσι,
424 2299 471 2324 καὶ
486 2299 556 2325 πᾶσι
571 2299 684 2333 τρόποις
698 2297 781 2325 αὑτὸν
798 2297 894 2324 ἐπιϐο-

102 2345 210 2379 ώμενοι,
227 2345 327 2378 μέχρις
347 2344 380 2370 ἄν
394 2344 493 2379 ἐγγίσῃ
507 2343 553 2370 καὶ
566 2344 677 2378 ίάσηται
690 2344 767 2378 ἡμᾶς
779 2351 786 2359 ο
801 2342 895 2374 δείξω-

104 2399 150 2425 μεν
163 2391 211 2417 καὶ
225 2389 261 2416 δι’
275 2389 366 2424 ἔργων
381 2389 498 2424 νυμφίον
511 2389 689 2420 πλουτοῦντες
700 2389 830 2423 Χριστὸν,
848 2388 897 2416 καὶ

104 2437 196 2464 τοῦτον
221 2436 419 2470 ἀποδημοῦντα
439 2436 486 2462 νῦν
510 2436 558 2470 ἀφ’
577 2436 667 2471 ἡμῶν,
686 2437 734 2462 καὶ
750 2437 780 2462 ἐν
793 2437 850 2467 τοῖς
865 2435 894 2462 ἂ-

106 2482 268 2518 ·ιουρανίοις
280 2481 470 2517 κρυπτόμενον
481 2482 516 2507 δι’
531 2482 641 2512 ἐλπίδος
661 2481 877 2516 ἀπεκδεχόμενοι
886 2489 894 2496 ⁸

110 2539 118 2555 ι
135 2530 223 2555 Ὅταν
240 2527 310 2562 γὰρ,
333 2527 428 2562 φησὶν,
443 2527 554 2562 ἀπαρθῇ
567 2527 614 2554 ἀπ’
632 2527 722 2554 αὐτῶν
737 2527 751 2553 ὀ
765 2527 895 2561 νυμφίος,

109 2576 165 2602 τότε
183 2573 394 2610 νηστεύσουσιν.
413 2583 423 2600 ι
442 2573 524 2601 Ὅθεν
550 2573 630 2608 δῆλον
645 2573 683 2605 ὡς
705 2573 734 2600 ὲν
747 2572 898 2607 ἐγκρατείᾳ

109 2629 135 2646 τε
147 2622 193 2647 καὶ
208 2619 325 2655 νηστείᾳ
340 2619 441 2650 παντὸς
467 2616 537 2645 εἶναι
550 2618 598 2645 τοῦ
618 2618 677 2653 βίου
691 2617 743 2653 χρὴ
767 2618 829 2649 τοὺς
845 2617 899 2644 ἀπὸ

113 2666 231 2701 Χριστοῦ
247 2665 448 2700 καλουμένους,
462 2665 521 2700 μετ’
539 2665 646 2699 ἀγαθῆς
662 2664 769 2696 ἐλπίδος
787 2664 837 2699 τὴν
851 2664 900 2691 αὐ-

113 2712 157 2738 τοῦ
184 2711 398 2747 προσδοκῶντας
415 2710 534 2746 φρικτὴν
552 2711 715 2745 παρουσίαν.
732 2709 900 2744 Νηστεὺσω‹

115 2764 161 2790 μεν
177 2757 205 2783 δὲ
231 2755 338 2792 μᾶλλον
360 2756 389 2783 ὲν
409 2754 520 2786 ταύταις
540 2756 601 2787 ταῖς
617 2755 745 2791 ἡμέραις,
764 2755 810 2782 καὶ
834 2764 902 2782 παν-

146 2857 166 2872 ¹³
179 2857 245 2885 Lue.
264 2864 312 2889 ιν,
327 2857 371 2885 24.
409 2855 432 2873 ’⁵
446 2857 519 2885 Psal.
540 2862 603 2887 cru,
623 2853 666 2882 16.
706 2853 732 2869 ”
754 2852 828 2880 i‘sal.
845 2861 871 2887 ν,
884 2854 910 2882 5.

766 131 932 162 HUMILIA
944 131 994 162 IX.

1648 128 1702 160 110

922 195 1002 223 quam
1020 192 1063 216 est
1082 187 1227 223 jejunium,
1253 192 1282 215 ut
1306 188 1453 215 didicimus
1468 195 1500 215 ex
1526 186 1704 213 Ninititarnm

924 233 1129 265 conversione;
1155 234 1222 260 nihil
1250 234 1286 260 ita
1313 239 1427 261 nmrtem
1453 238 1584 268 operatur
1607 237 1636 260 ιιι
1666 232 1706 258 in-

925 279 1039 313 gluvies,
1056 284 1087 306 ut
1101 279 1219 306 ostendit
1235 279 1281 314 qui
1304 280 1337 306 de
1354 279 1409 307 lilio
1424 278 1537 314 prodigo
1554 282 1709 306 revertcutc

925 325 1017 353 dixit:
1036 335 1044 352 ι
1063 325 1119 353 iste
1142 326 1213 353 [ilius
1226 333 1302 353 meus
1322 331 1448 353 mortuus
1471 329 1540 358 erat,
1566 329 1593 352 et
1619 331 1710 351 resur-

925 371 1008 404 rexit;
1029 372 1158 406 perierat,
1176 377 1203 400 et
1217 372 1341 399 inventus
1354 377 1395 399 est
1409 372 1431 387 "
1442 380 1467 405 ς»
1484 371 1623 406 porcinam
1637 369 1709 397 enim

926 417 1008 444 vitam
1025 418 1169 452 amplexus
1191 423 1259 450 erat,
1276 423 1303 446 et
1326 425 1469 453 porcorum
1485 417 1541 444 into
1553 416 1688 452 gaudebat
1701 435 1708 446 .

925 463 1025 497 quibus
1042 468 1203 497 aggregatus
1219 469 1262 491 est
1277 468 1305 490 et
1321 464 1498 496 assimilatns,
1517 471 1564 490 sua
1577 463 1610 490 ad
1626 463 1709 489 Deum

927 509 1029 536 amissa
1054 509 1242 536 similitudine.
1261 509 1415 537 Secundum
1437 517 1565 545 magnum
1581 508 1642 540 Job,
1658 517 1710 535 non

926 555 1013 582 solum
1030 560 1201 589 comparatus
1217 559 1260 582 est
1281 556 1412 590 iumentis
1435 555 1638 590 insipientibus,
1664 554 1726 588 sed‘

927 600 1009 626 etiam
1037 600 1103 627 locis
1131 601 1308 628 humentibus
1333 602 1407 628 omni
1436 609 1517 628 sensu
1543 599 1712 631 carentibus.

927 644 1022 680 iunco,
1039 646 1154 679 calamo,
1171 647 1309 679 arundini,
1331 647 1358 674 in
1375 646 1475 681 quibus
1491 653 1575 673 vorax
1599 646 1714 680 quiescit

927 690 1137 728 ιοινὶοιιιοιι.,Ει
1153 699 1216 719 vero
1233 693 1259 720 in
1276 693 1336 720 istis
1349 692 1524 720 humentibus
1541 692 1606 720 locis
1623 693 1713 719 [iclum

929 736 1000 764 istud
1020 741 1079 765 cete
1097 737 1242 764 inhabitat.
1259 737 1344 771 Quem
1370 737 1494 765 mollitiei
1510 738 1651 765 humorem
1669 744 1716 771 per

928 791 1005 810 suam
1025 783 1087 811 vitae
1107 784 1314 818 temperantiam
1329 784 1460 812 damnans
1476 783 1559 811 David
1576 791 1583 810 :
1598 792 1607 809 t
1626 784 1715 814 Aruit,

931 830 1029 864 inquit,
1048 835 1178 864 tanquam
1195 834 1263 857 testa
1282 830 1369 858 virtus
1389 837 1446 857 mea
1459 849 1467 862 ,
1491 829 1562 857 sicut
1586 829 1716 856 creminm

929 880 1078 909 aruerunt;
1096 884 1182 911 genua
1207 884 1267 904 mea
1285 876 1420 904 inﬁrmata
1438 880 1502 904 sunt
1521 884 1536 903 a
1554 876 1672 911 jejunio,
1691 881 1718 902 ct

929 927 995 947 caro
1010 927 1070 947 mea
1085 921 1227 949 immutata
1241 926 1283 950 est
1299 926 1408 957 propter
1423 923 1512 950 oleum
1524 923 1573 950 ³⁵.»
1589 922 1650 950 Ideo
1663 922 1716 949 im-

929 965 1044 992 mutavit
1054 966 1232 994 mutationem
1246 967 1358 995 dextera
1370 967 1487 1000 Emeisi,
1500 968 1619 1003 seipsum
1633 972 1716 995 totum

928 1010 962 1037 ad
980 1018 1042 1038 eum
1065 1011 1212 1046 applicans,
1237 1013 1263 1040 in
1277 1013 1403 1041 omnibus
1419 1019 1447 1042 et
1462 1014 1544 1041 etiam
1559 1013 1586 1041 in
1604 1014 1719 1041 medita-

930 1056 1002 1083 tione
1016 1057 1107 1084 cordis
1124 1058 1150 1084 in
1166 1064 1313 1093 conspectu
1334 1059 1406 1086 illius
1420 1059 1572 1092 ambulans,
1589 1058 1720 1094 illumque

931 1100 1034 1129 habens
1047 1106 1109 1128 ante
1125 1102 1217 1130 oculos
1234 1103 1260 1130 in
1276 1104 1402 1131 omnibus
1416 1103 1541 1138 operibus
1555 1105 1622 1132 suis.

968 1190 1044 1218 Hunc
1061 1198 1125 1226 ergo
1141 1199 1200 1226 nos,
1225 1192 1325 1224 dilecti.
1341 1193 1488 1225 imitemur,
1510 1197 1537 1221 et
1550 1201 1602 1220 non
1615 1197 1719 1221 tantum

932 1245 947 1264 a
963 1237 1036 1264 mulli
1059 1237 1172 1272 laxaque
1194 1238 1247 1266 vita
1260 1246 1311 1266 nos
1324 1246 1477 1272 arceamus,
1507 1240 1555 1267 sed
1582 1240 1663 1267 etiam
1682 1240 1723 1274 je-

931 1283 1048 1318 junium,
1065 1283 1240 1318 psalmodiam
1254 1289 1281 1312 et
1302 1285 1454 1312 orationem
1472 1287 1549 1321 quasi
1570 1286 1620 1313 sub
1638 1286 1723 1314 oculis

934 1333 961 1356 et
977 1329 1003 1355 in
1024 1333 1171 1364 conspectu
1187 1329 1234 1357 Dei
1250 1337 1436 1363 exerceamus.
1457 1331 1575 1359 scientes
1595 1332 1724 1365 quoniam

935 1375 1200 1410 neejejunium,nee
1218 1376 1379 1411 psalmodia,
1396 1384 1445 1404 nec
1457 1378 1547 1405 oratio
1564 1385 1611 1405 sua
1627 1378 1727 1404 virtute

935 1428 986 1448 nos
1012 1421 1121 1448 salt-are
1146 1427 1268 1456 possunt,
1294 1425 1343 1451 sed
1366 1424 1429 1457 quia
1455 1423 1481 1450 in
1509 1428 1654 1458 conspectu
1680 1423 1728 1451 Dei

935 1465 1057 1501 perfecta
1070 1467 1186 1500 fuerint;
1206 1468 1242 1495 ita
1258 1469 1330 1496 enim
1349 1469 1420 1496 oculi
1433 1468 1728 1504 Dominiinspicientes

939 1521 989 1541 nos
1007 1515 1193 1549 sanetiﬁeant,
1219 1516 1290 1544 sicut
1313 1516 1356 1545 soi
1380 1525 1425 1545 res
1448 1518 1482 1545 ab
1506 1525 1538 1545 eo
1563 1517 1729 1545 illuminatas

939 1560 1075 1588 calefacit.
1094 1561 1158 1589 iiazc
1183 1567 1272 1590 autem
1293 1562 1362 1590 ﬁunt
1385 1563 1412 1591 in
1435 1568 1583 1599 conspectu
1603 1562 1650 1591 Dei
1667 1571 1729 1590 cum

940 1611 1100 1634 constanter
1115 1615 1196 1635 mens
1212 1614 1306 1636 nostra
1323 1609 1357 1636 ad
1384 1617 1446 1637 eum
1470 1615 1585 1646 spectat,
1611 1611 1731 1645 dumque

941 1659 1004 1679 eum
1019 1652 1127 1687 aspicit,
1141 1653 1258 1688 jejunat,
1272 1654 1364 1688 psallit
1381 1659 1408 1682 et
1421 1660 1492 1683 orat.
1515 1654 1584 1682 Nam
1599 1655 1640 1688 si,
1665 1656 1729 1682 dum

941 1698 970 1725 in
997 1699 1122 1726 oratione
1149 1704 1176 1727 et
1192 1700 1294 1735 jejunio
1312 1701 1347 1728 ad
1371 1701 1454 1728 Deum
1474 1701 1642 1734 intendatur,
1666 1707 1731 1729 tunc

942 1743 1048 1771 incerta
1063 1745 1212 1778 dilabatur.
1239 1751 1336 1781 putare
1359 1751 1467 1781 oportet
1491 1755 1542 1774 nos
1564 1747 1654 1775 adhuc
1678 1755 1731 1775 non

944 1793 1016 1817 totos
1030 1790 1063 1817 ad
1082 1791 1165 1818 Deum
1189 1792 1289 1825 attolli,
1315 1799 1367 1820 nec
1394 1793 1420 1820 in
1442 1793 1501 1828 lege
1524 1793 1629 1821 Domini
1646 1799 1730 1821 totum

942 1843 1004 1863 esse
1018 1840 1176 1863 nostrorum
1201 1845 1312 1871 operum
1336 1839 1436 1871 liuent;
1463 1839 1522 1867 ideo
1544 1845 1675 1874 quantum
1699 1841 1733 1867 ab

942 1880 1072 1914 operibus
1096 1881 1210 1914 iustitia:
1235 1882 1396 1914 decidimus,
1423 1887 1527 1910 tantutn
1553 1889 1614 1911 ante
1640 1884 1734 1911 oculos

942 1925 991 1952 Dei
1008 1933 1170 1960 permanere
1187 1934 1241 1954 non
1258 1935 1412 1966 pos-sumus.
1429 1937 1438 1953 ι
1458 1927 1519 1956 Non
1533 1930 1616 1963 enim,
1634 1930 1733 1965 inquit,

944 1972 1147 2008 permanebunt
1168 1972 1262 2007 iniusti
1286 1979 1351 2002 ante
1371 1975 1464 2002 oculos
1478 1980 1539 2003 tuos
1550 1976 1586 2003 ⁸³.
1604 1986 1614 2003 ι
1634 1977 1734 2005 Verum

947 2017 1032 2044 saucii
1049 2018 1173 2052 jacentes
1189 2026 1251 2046 eum
1263 2020 1310 2054 qui
1326 2024 1416 2054 potest
1431 2021 1608 2049 delinimenla
1626 2028 1654 2051 et
1670 2023 1737 2059 liga-

947 2067 1023 2091 turas
1039 2064 1126 2100 plagis
1144 2065 1293 2101 imponere,
1319 2067 1477 2096 invocemus
1493 2069 1646 2098 Dominum.

952 2109 1102 2146 ὀφθαλμῶν
1124 2119 1184 2138 σου.
1202 2120 1212 2137 ι
1234 2112 1327 2146 Ὅμως
1355 2114 1447 2148 μέντοι
1472 2115 1738 2150 τετραυματισμένοι

943 2156 1080 2185 ἐπιθεῖναι
1107 2159 1164 2190 τοῖς
1190 2159 1396 2194 συντρίμμασιν
1430 2160 1510 2195 ἡμῶν
1538 2161 1738 2197 ἐπικαλώμεθα

986 2248 1080 2283 Neque
1092 2248 1271 2282 dimittamus,
1293 2249 1419 2284 obsecro,
1439 2249 1514 2277 illum
1532 2250 1659 2286 jejuniis,
1677 2257 1740 2285 ιπε-

947 2295 1038 2328 cibus,
1051 2295 1178 2330 iacrymis
1190 2295 1370 2330 omnibusque
1385 2297 1471 2325 modis
1482 2297 1641 2330 clamantes,
1654 2299 1740 2325 donec

947 2341 1077 2370 adveniat
1101 2349 1205 2377 nosque
1221 2347 1315 2376 sanet;
1333 2343 1462 2378 operibus
1485 2348 1671 2372 monstremus
1689 2351 1738 2371 nos

948 2388 1033 2416 divite
1050 2395 1152 2423 sponso
1179 2389 1298 2422 gaudere
1323 2389 1443 2422 Christo,
1472 2390 1603 2426 illumque
1625 2399 1697 2418 nunc
1721 2399 1737 2417 a

951 2433 1032 2462 nobis
1049 2441 1164 2469 peregre
1176 2434 1345 2468 proiectum,
1362 2440 1388 2463 et
1410 2435 1568 2464 cmicstibus
1593 2436 1740 2464 abscondi-

951 2486 1010 2508 tum
1024 2488 1072 2515 spe
1083 2480 1162 2508 ﬁrma
1177 2481 1306 2516 opperiri.
1319 2481 1446 2509 Aitenim
1464 2491 1471 2509 :
1491 2491 1500 2507 ε
1517 2482 1587 2510 Cum
1600 2482 1740 2509 auferetur

951 2534 1066 2561 spensus
1082 2526 1117 2554 ab
1134 2526 1194 2559 eis,
1225 2532 1291 2555 tunc
1309 2526 1471 2562 jejunabunt
1483 2527 1516 2554 “.
1535 2536 1545 2553 ι
1567 2526 1643 2554 Unde
1666 2530 1741 2561 patet

952 2573 979 2600 in
994 2572 1158 2601 abstinentia
1171 2579 1198 2601 et
1209 2572 1312 2608 jejunio
1330 2578 1415 2601 totam
1432 2574 1531 2601 debere
1544 2574 1627 2600 vitam
1643 2572 1741 2600 transi-

954 2626 1017 2655 gere
1032 2623 1142 2647 vocatos
1165 2626 1179 2646 a
1204 2619 1326 2654 Christo,
1354 2627 1417 2648 eum
1444 2619 1512 2646 bona
1536 2626 1583 2654 spe
1607 2619 1743 2646 horrendo

955 2666 1014 2701 ejus
1025 2665 1216 2700 praestolantes
1229 2665 1341 2699 judicio.
1359 2665 1413 2694 Sed
1429 2665 1577 2700 przesertim
1588 2664 1743 2699 jejunemus

957 2713 984 2740 in
1001 2711 1044 2739 bis
1059 2711 1167 2745 diebus,
1183 2717 1210 2746 et
1225 2712 1336 2740 omnino
1351 2719 1400 2740 nos
1411 2711 1444 2738 ad
1458 2711 1546 2738 bonos
1555 2718 1646 2738 mores
1656 2709 1744 2738 infor-

959 2764 1075 2790 mcmus,
1101 2761 1293 2792 exspectantes
1315 2755 1532 2786 anniversariam
1554 2756 1627 2786 diem
1653 2762 1745 2785 resur-

950 2855 971 2870 "
989 2853 1083 2881 Matth.
1106 2861 1144 2886 ιι,
1168 2852 1210 2880 15.
