1873 3076
205 181 254 214 127

201 286 276 310 ἐστιν
289 282 302 308 6
317 281 445 316 σταυρός.

238 326 279 352 Ad
293 326 438 358 Abraham,
452 330 540 354 autem
553 327 709 362 priusquam
722 327 865 361 impiorum
877 329 992 355 societa-
1008 331 1028 359 Α

201 377 254 400 tem
265 372 376 407 fugisset
385 381 392 399 :
403 372 544 407 Egredere,
553 373 589 399 ait
597 373 677 405 Deus,
684 372 718 400 de
726 377 808 405 terra,
818 378 843 400 ct
853 373 886 401 de
894 382 992 408 (cgna-

201 417 274 444 tione
283 421 367 448 tua,et
377 417 443 443 vade
452 417 477 443 in
486 422 584 444 terratn
593 425 648 444 non
657 417 765 452 quidem
774 417 903 445 interram
912 427 993 453 quam

202 463 250 490 tibi
260 462 369 495 dedero,
379 463 424 489 sed
434 470 511 497 quam
520 463 566 490 tibi
576 467 771 497 monstravero,
779 464 819 491 Ad
829 465 936 499 Moysen
947 473 995 492 au-

202 513 265 538 tem.
275 513 413 542 p05tquam
426 507 536 542 fugisset
546 514 577 534 ex
588 507 704 543 [Egypto
715 513 888 543 montemque
897 517 993 537 ascen-

201 553 295 586 disset,
305 552 368 586 quid
380 553 446 580 dixit
456 553 542 588 primo
557 552 625 580 facta
635 554 667 581 ad
674 561 734 581 eum
748 562 798 581 vox
807 554 876 582 Dei?
885 564 894 580 α
911 554 992 582 Solve

201 599 385 626 calceatnenta
398 598 496 633 pedum
512 604 631 626 tuorum.
650 607 659 624 ι
680 598 760 626 Aliud
783 599 834 627 hoc
851 605 891 627 est
903 600 992 627 crucis

202 644 362 678 mysterium
380 645 455 679 prius
471 646 622 674 arctissitne
645 646 824 681 subsequens.
842 645 989 679 Quamvis,

202 690 251 722 ait,
269 698 301 717 ex
320 689 437 726 Egypto
453 691 571 724 exivisti,
584 691 734 719 Pharaonis
745 692 876 726 obsequio
891 699 992 719 renun-

203 735 286 767 tiasti,
304 735 456 763 Pharaonis
470 736 530 764 filim
546 737 616 764 ﬁlius
630 738 721 765 vocari
734 738 809 772 parvi
840 737 941 769 fecisti,
965 741 992 765 et

204 785 333 814 quantum
364 780 389 807 itt
417 786 442 808 te
459 786 528 814 crat,
548 782 664 809 mundus
693 782 812 816 perversi
848 782 991 810 famulatus

204 824 308 851 solu'us
325 824 375 851 fuit
392 830 418 852 et
433 831 593 859 evacuatus,
610 827 658 854 sed
673 827 762 854 adhuc
779 832 887 862 oportet
899 833 926 855 te
956 828 990 854 ad

204 870 261 897 hrcc
285 870 392 902 addere,
407 871 469 905 quid
483 872 569 906 ergo?
589 871 670 900 Solve
682 872 866 900 calceamenla
894 874 992 908 pedum

209 920 314 942 tuorum
334 924 342 948 ;
362 916 483 951 relinque
496 917 607 952 peilicea
625 917 723 952 quibus
741 917 851 945 indutus
865 925 894 946 es
908 919 992 946 vesti-

204 964 306 993 menta,
339 969 398 996 qua:
422 968 569 997 operantur
594 969 734 998 peccatum
765 968 792 992 et
822 969 846 992 te
871 971 887 991 a
911 969 991 992 term

208 1012 301 1034 sancta
311 1013 416 1036 arcent.
432 1009 512 1037 Solve
525 1017 590 1045 ergo
603 1009 653 1037 ista
675 1010 774 1045 pedum
805 1015 911 1038 tuorum
938 1011 993 1039 eal-

206 1054 420 1086 ceameuta,hoc
434 1060 472 1082 est
490 1065 496 1082 :
514 1055 567 1082 noli
580 1056 695 1090 amplius
715 1057 865 1084 secundum
880 1064 990 1084 carnem

205 1098 232 1124 iu
246 1105 356 1133 pecmto
382 1101 492 1133 vivere;
516 1101 672 1129 destruatur
691 1105 719 1128 et
741 1102 914 1129 interimalur
939 1103 994 1130 vita

204 1144 260 1171 Deo
279 1145 404 1178 adversa,
427 1154 530 1174 necnon
554 1147 734 1181 cogitationes
754 1149 857 1179 carnis.
889 1152 917 1175 et
948 1147 992 1175 lex

204 1189 231 1216 in
243 1191 372 1219 membris
380 1192 493 1226 pollans,
504 1200 564 1227 qua:
580 1193 768 1228 repugnatlcgi
779 1194 878 1221 mentis
893 1199 920 1221 et
931 1200 996 1228 eap-

205 1235 271 1262 tivat
306 1244 356 1264 nos
381 1237 406 1264 in
438 1238 497 1272 lcgc
526 1239 639 1272 pcccati,
670 1239 724 1273 jam
750 1246 803 1265 non
821 1239 920 1273 vigeat,
944 1246 993 1265 nec

205 1286 344 1314 operetur,
360 1283 459 1309 virtute
476 1283 521 1310 Dei
537 1283 648 1310 visionis
662 1283 817 1310 interfecta.
831 1282 926 1310 Nonne
940 1284 992 1310 hoc

205 1332 313 1353 crucem
332 1326 450 1355 dixeris?
461 1329 532 1355 Crux
548 1334 589 1355 est
602 1329 684 1361 enim,
699 1333 728 1355 ut
738 1328 887 1356 secttndttm
899 1328 990 1355 divum

205 1369 319 1397 Pau‘um
341 1372 435 1407 loquar
451 1374 472 1389 ³³
488 1373 522 1406 ιθ,
537 1374 697 1409 cruciﬁgere
709 1380 817 1402 carnem
834 1381 910 1400 suam
932 1380 993 1400 cum

205 1416 280 1444 vitiis
292 1422 317 1444 et
339 1419 576 1453 concupiscentiis.

832 183 986 213 GREGOR
994 185 1019 213 ΙΙ
1040 183 1160 213 PALAM
1167 183 1197 213 RE

200 235 217 270 ἢ
237 235 283 261 τὸν
304 234 405 268 κόσμον
422 234 639 270 ἀμεταστρεπτὶ,
659 235 676 270 ἠ
701 235 769 262 κατὰ
783 235 871 272 σάρκα
886 238 985 271 πιτρὶς
1007 237 1051 263 καὶ
1067 239 1080 264 ὁ
1096 238 1198 272 κόσμος
1215 235 1354 272 ἐνεκρὼοη
1376 235 1424 263 καὶ
1440 237 1629 272 κατήργηταμ

1778 181 1828 211 1'23

1670 237 1717 263 καὶ
1750 238 1797 263 τοῦ
1803 231 1830 262 τό

1085 327 1166 354 Ἀλλὰ
1197 327 1266 362 πρὸς
1293 326 1341 361 μὲν
1371 327 1416 353 τὸν
1450 327 1574 362 Ἀϐραὰμ
1600 328 1682 362 μήπω
1707 328 1829 361 φυγόντα

1047 372 1096 406 τὴν
1112 372 1180 407 μετὰ
1197 371 1252 398 τῶν
1271 371 1359 398 ἀθέων
1374 372 1530 403 συναυλίαν,
1548 372 1669 405 Ἔξελθε,
1685 373 1779 406 φησὶν,
1797 373 1829 398 ἐκ

1044 418 1092 452 τῆς
1110 419 1161 451 γῆς
1176 426 1233 449 σου,
1251 418 1299 444 καὶ
1317 417 1398 452 δεῦρο
1415 419 1454 450 είς
1474 419 1536 452 γῆν,
1560 419 1608 453 οὐχ
1622 419 1654 454 ἣν
1669 418 1702 444 ἄν
1723 426 1764 444 σοι
1779 418 1830 443 δώ-

1045 472 1093 494 σω,
1109 463 1167 489 ἀλλ’
1183 463 1216 498 ἢν
1227 463 1260 489 ἄν
1277 471 1317 489 σοι
1335 462 1424 494 δείξω,
1443 463 1480 494 ὡς
1504 463 1537 489 δι’
1559 463 1666 496 ἐκείνης
1683 463 1768 496 ἄλλης
1779 463 1830 496 γῆς

1044 508 1233 543 πνευματικῆς
1256 508 1447 543 δεικνυμένης.
1475 508 1547 543 Πρὸς
1570 508 1598 535 δὲ
1626 508 1672 534 τὸν
1698 508 1828 538 Μωῦσέα,

1044 556 1113 590 μετὰ
1128 556 1159 582 τὺ
1176 556 1272 590 φυγεῖν
1288 555 1337 590 τὴν
1362 555 1510 588 Αἴγυπτον,
1528 555 1575 581 καὶ
1600 554 1629 580 τὸ
1649 554 1712 589 ὅρος
1729 554 1831 587 ἀναδῆ-

1043 609 1098 633 ναι,
1111 601 1140 627 τί
1151 609 1235 635 φησιν
1254 601 1271 635 ἡ
1289 600 1358 635 πρὸς
1377 599 1459 626 αὐτδν
1475 599 1571 635 πρώτη
1587 599 1633 625 τοῦ
1649 599 1718 625 Θεοῦ
1733 598 1808 632 φωνή
1822 607 1830 631 ;

1046 656 1056 672 ‹
1084 646 1172 673 Λῦσαι
1197 647 1228 673 τδ
1245 646 1370 681 ὑπόδημα
1383 646 1416 672 ὲκ
1436 646 1493 672 τῶν
1510 645 1598 684 ποδῶν
1613 653 1670 671 σου.
1702 653 1712 670 ι
1747 643 1829 670 Ἀλλ’)

1041 691 1121 718 τοῦτο
1137 691 1183 718 τοῦ
1202 691 1319 726 σταυροῦ
1348 691 1510 724 μυστήριον,
1531 689 1569 724 τῷ
1599 689 1725 724 προτέρῳ
1740 697 1829 723 προσ-

1043 737 1117 770 φυῶς
1138 737 1281 771 ἑπόμενον.
1307 735 1338 762 Εί
1356 736 1410 770 γὰρ
1433 737 1481 762 καὶ
1501 735 1551 769 τῆς
1562 735 1712 769 Αἰγύπτου,
1734 735 1829 770 φησὶν,

1043 783 1166 818 ἐξῆλθες,
1181 783 1228 810 καὶ
1244 783 1293 818 τὴν
1311 782 1412 817 Φαραὼ
1432 781 1580 818 θεραπείαν
1598 781 1718 815 ἀφῆκας,
1739 782 1788 808 καὶ
1799 781 1830 807 τὸ

1043 829 1183 855 καλεῖσθαι
1197 828 1253 860 υἱὸς
1274 828 1323 863 τῆς
1345 828 1480 862 θυγατρὸς
1501 826 1604 862 Φαραὼ
1629 827 1766 861 παρεῖδες,
1784 827 1832 853 καὶ

1042 875 1105 902 ὅσον
1119 874 1149 900 τὺ
1169 875 1210 905 είς
1226 874 1255 900 σὲ
1269 871 1337 909 ἧκον
1356 874 1370 900 6
1394 873 1496 908 κόσμος
1515 874 1620 903 ἐκεῖνος
1639 873 1689 907 τῆς
1707 872 1832 906 πονηρᾶς

1044 919 1194 954 θεραπείας
1206 918 1288 951 ἐλύθη
1314 917 1361 945 καὶ
1390 918 1576 952 κατήργηται,
1593 917 1660 943 ἀλλὰ
1680 916 1723 943 δεῖ
1739 924 1770 942 σε
1785 916 1833 942 καὶ

1043 964 1212 1000 προσθεῖναι,
1228 963 1254 990 τί
1268 963 1363 996 τοῦτο;
1388 962 1476 990 Δῦσαι
1504 963 1535 989 τδ
1565 962 1692 997 ὑπόδημα
1721 963 1754 988 ἐκ
1777 961 1833 988 τῶν

1044 1010 1132 1037 ποδῶν
1146 1019 1212 1037 σου·
1238 1009 1391 1037 ἀποθέσθαι
1417 1009 1481 1040 τοὺς
1508 1009 1688 1044 δερματίνους
1713 1007 1833 1042 χιτῶνας

1043 1055 1091 1087 οὓς
1108 1056 1226 1087 ἐνέδυσε,
1242 1056 1291 1082 καὶ
1305 1056 1334 1081 ὲν
1351 1052 1392 1086 οἷς
1409 1055 1517 1090 ὲνεργεϊ
1533 1055 1548 1089 ἡ
1568 1054 1700 1089 ἁμαρτία,
1716 1054 1766 1080 καὶ
1785 1054 1833 1088 τῆς

1045 1102 1127 1137 ἁγίας
1154 1101 1362 1129 ἁποδιαστέλλει
1386 1101 1447 1136 γῆς.
1464 1101 1552 1128 Λῦσαι
1567 1099 1614 1128 οὖν
1631 1100 1712 1127 τοῦτο
1725 1100 1757 1126 τδ
1771 1101 1835 1126 ὑπό-

1046 1148 1119 1183 δημα
1140 1148 1172 1174 ὲκ
1193 1147 1249 1174 τῶν
1266 1146 1354 1173 ποδῶν
1373 1154 1430 1178 σου,
1448 1146 1546 1173 ταυτὸν
1569 1146 1596 1172 δὲ
1616 1146 1714 1177 εἰπεῖν,
1736 1144 1834 1180 μηκέτι
1856 1144 1858 1147 ’

1047 1193 1120 1220 κατὰ
1138 1193 1227 1228 σάρκα
1247 1193 1294 1219 καὶ
1318 1193 1351 1227 τῇ
1377 1192 1500 1227 ἁμαρτίᾳ
1514 1191 1586 1225 ζῆθι,
1602 1191 1671 1218 ἀλλᾶ
1693 1199 1835 1226 καταργη-

1046 1238 1120 1272 θήτω
1131 1239 1178 1265 καὶ
1192 1238 1357 1273 νεκρωθὴτω
1371 1238 1387 1272 ἡ
1402 1237 1578 1272 ἀντικειμένη
1593 1236 1631 1271 τῷ
1645 1235 1707 1270 Θεῷ
1717 1236 1777 1270 ζωὴ
1790 1235 1834 1262 καὶ

1045 1283 1075 1309 τὺ
1097 1283 1224 1318 φρόνημα
1243 1283 1292 1317 τῆς
1309 1283 1421 1318 σαρκὺς,
1436 1283 1482 1309 καὶ
1494 1283 1508 1308 6
1523 1283 1551 1309 έν
1562 1283 1618 1313 τοῖς
1633 1281 1727 1316 μέλεσι
1740 1281 1833 1315 νόμος,

1045 1330 1060 1356 6
1077 1329 1355 1364 ἀντιστρατευόμενος
1369 1328 1408 1363 τῷ
1427 1329 1502 1363 νόμῳ
1524 1328 1572 1354 τοῦ
1587 1327 1656 1360 νοὸς,
1672 1327 1719 1353 καὶ
1730 1328 1833 1362 αἰχμα-

1046 1373 1169 1406 λωτίζων
1191 1374 1230 1409 τῷ
1252 1374 1328 1409 νόμῳ
1355 1373 1404 1408 τῆς
1426 1373 1574 1408 ἁμαρτίας,
1593 1372 1692 1408 μηκέτι
1717 1373 1834 1407 ἐπικρα-

1046 1419 1135 1453 τείτω,
1161 1419 1228 1455 μηδὶ
1256 1419 1416 1455 ὲνεργείτω,
1441 1420 1475 1454 τῇ
1498 1419 1613 1453 δυνάμει
1637 1419 1686 1453 τῆς
1708 1417 1834 1448 θεοπτίας

207 1465 400 1500 νεκρούμενος.
431 1464 495 1502 Ἆρ’
526 1467 557 1494 οὐ
587 1467 667 1494 τοῦτό
695 1468 770 1495 ἐστιν
795 1468 808 1494 6
834 1466 970 1501 σταυρός;
991 1467 1112 1503 Σταυρδς
1137 1468 1192 1503 γάρ
1210 1468 1269 1494 ἐστι
1295 1467 1376 1494 πάλιν
1389 1466 1459 1494 κατὰ
1480 1466 1525 1493 τὴν
1560 1465 1631 1492 θεῖον
1668 1464 1779 1492 Παῦλον
1799 1470 1834 1495 ει-

210 1511 283 1542 πεῖν,
307 1512 337 1538 τὸ
353 1513 509 1547 σταυρῶσαι
523 1514 573 1548 τὴν
590 1513 680 1549 σάρκα
701 1514 750 1540 σὺν
767 1513 824 1545 τοῖς
848 1512 992 1547 παθήμασι
1013 1513 1061 1540 καὶ
1080 1514 1142 1544 ταῖς
1154 1513 1327 1549 ἐπιθυμίαις.

247 1557 318 1584 Dixit
345 1565 409 1592 ergo
434 1558 524 1592 Deus,
546 1569 556 1585 σ
583 1560 663 1587 Solve
689 1559 872 1587 calceamenta
901 1559 997 1594 pedum

210 1609 338 1632 tuorum:
352 1612 413 1631 nam
426 1609 497 1632 terra
510 1605 600 1640 inqua
613 1610 680 1638 stas,
695 1610 766 1633 terra
781 1609 875 1632 sancta
886 1610 929 1633 est
938 1605 972 1632 “.
986 1614 997 1631 ι

211 1649 350 1677 Paudcbal
364 1649 448 1685 Moysi
462 1651 513 1678 iste
527 1658 614 1679 sermo
631 1659 680 1687 pcr
695 1657 801 1679 crucem
814 1651 841 1678 in
853 1655 923 1679 terra
937 1658 1000 1679 san-

209 1695 400 1723 ctiﬁcationem
415 1700 476 1730 post
487 1697 735 1725 manil'eslationem
748 1696 854 1724 Domini
872 1702 897 1724 et
911 1697 957 1724 Dei
972 1701 998 1724 et

212 1740 360 1768 Salvatoris
372 1742 457 1768 nostri
475 1741 537 1769 Jesu
552 1742 654 1770 Christi
669 1741 802 1769 feturam.
832 1741 909 1769 Tunc
924 1742 996 1769 enim

211 1785 318 1822 Moyses
331 1787 446 1814 futuram
460 1787 563 1815 Christi
579 1788 750 1822 prasentiam
763 1788 897 1822 pravidit,
913 1796 997 1823 quan—

213 1834 247 1860 do
259 1834 398 1867 conspexit
415 1833 480 1860 illud
493 1834 552 1861 rubi
568 1834 594 1861 in
613 1834 676 1868 igne
695 1835 862 1862 rarescentis
880 1834 998 1861 admira-

213 1878 267 1905 bile
283 1879 475 1913 spectaculum.
503 1879 696 1907 Nihilominus
728 1887 817 1907 rerum
845 1872 998 1907 divinarum

214 1924 407 1959 contemplatio
423 1926 513 1953 crucis
536 1925 618 1953 etiam
643 1930 685 1953 est
716 1926 890 1960 mysterium,
915 1925 998 1960 priorl

214 1969 260 1997 illo
272 1971 400 2005 mysterio
420 1971 519 2005 majus.
536 1971 621 1998 Ambo
637 1971 708 1998 enim
724 1971 774 1998 ita
803 1970 930 2004 mysteria
951 1970 1000 1998 de-

215 2016 329 2047 clarant.
348 2021 374 2044 et.
386 2025 498 2052 magnus
515 2017 625 2051 Paulus,
647 2023 675 2045 et
695 2018 749 2044 divi
768 2017 863 2045 Patres
888 2017 973 2045 nostri
992 2026 998 2044 :

214 2061 260 2089 ille
273 2062 380 2096 quidem
399 2070 450 2088 non
466 2063 557 2090 dicens
574 2067 675 2090 tantum
694 2072 700 2090 :
716 2062 829 2089 Mundus
854 2062 920 2088 milti
937 2069 999 2089 cru-

215 2108 312 2135 ciﬁxus
326 2114 377 2142 cst,
393 2109 476 2136 sedet
491 2109 642 2144 adjiciens:
659 2108 696 2136 Et
710 2116 760 2142 ego
777 2109 895 2141 mundo;
913 2108 937 2134 hi
954 2115 999 2134 ve-

215 2161 248 2180 ro
263 2153 324 2179 dum
338 2161 385 2180 nos
404 2158 514 2181 monent
530 2162 565 2182 ne
581 2156 606 2181 in
620 2161 730 2181 crucem
742 2160 791 2188 pro
809 2160 890 2180 cruce
905 2160 1001 2181 ascen-

216 2199 279 2226 dere
299 2199 471 2233 festinemus;
487 2208 549 2234 qure
571 2201 652 2227 ambo
672 2204 736 2226 sunt
766 2202 880 2234 utraque
910 2200 1001 2227 crucis

217 2253 356 2273 sermones
367 2249 394 2272 et
403 2246 542 2278 mysteria.
559 2245 727 2279 lgiturjuxta
741 2244 817 2277 prius
837 2244 927 2272 crucis
944 2253 1001 2280 my-

217 2291 343 2323 sterittm,
366 2292 438 2326 quod
454 2291 521 2318 nibil
538 2295 577 2318 est
592 2290 665 2318 aliud
676 2298 707 2317 ac
721 2289 783 2326 fuga
802 2290 906 2323 mundi,
921 2297 936 2317 ε
952 2297 1001 2324 pa-

217 2337 340 2364 rentibus
350 2336 506 2364 carnalibus
537 2336 681 2370 separatio,
708 2335 843 2370 siquidem
870 2335 1001 2370 pietatem

208 2374 247 2409 'ct
259 2382 415 2417 religiosam
432 2382 583 2416 impediunt
596 2382 836 2409 conversationem
853 2386 880 2410 et
903 2389 1001 2417 σοι-ρο-

219 2427 258 2454 ris
268 2427 438 2461 exercitatio,
451 2434 520 2462 quae,
537 2431 566 2453 ut
585 2427 623 2454 ait
641 2426 749 2459 Paulus,
767 2433 861 2460 parttm
882 2427 1001 2461 prodest,

219 2483 266 2509 per
281 2475 349 2505 haec.
362 2474 483 2508 inquam,
499 2473 615 2501 mundus
628 2473 704 2500 nobis
713 2472 859 2500 crucifixus
873 2477 914 2500 est
931 2473 1003 2500 sicut

218 2526 246 2548 et
260 2526 412 2555 peccatum,
428 2526 492 2547 cum
508 2519 560 2547 ista
579 2519 620 2546 sic
649 2518 821 2554 ell‘ugiamus.
847 2517 1001 2546 Secundum

219 2567 356 2602 posterius
385 2565 475 2593 crucis
501 2564 662 2600 mysterium
685 2564 848 2599 nosmetipsi
878 2564 1002 2591 cruciﬁxi

219 2620 313 2640 sumus
327 2610 428 2638 mundo
448 2615 476 2638 et
495 2611 555 2646 ejus
569 2609 771 2643 cupiditatibus,
801 2616 862 2636 cum
879 2610 928 2637 ista
953 2618 1003 2638 nos

220 2658 360 2692 cll‘ugiant.
376 2656 434 2685 Non
447 2661 558 2692 possunt
575 2656 621 2684 illa
640 2656 751 2683 omnino
773 2663 823 2683 nos
838 2655 930 2690 fugere
955 2663 1005 2684 nec

222 2703 341 2731 iunobis
352 2703 527 2732 rationaliter
541 2703 661 2737 operari,
690 2701 743 2728 nisi
771 2701 854 2729 Deum
884 2706 1006 2729 contem-

209 2749 340 2783 ,piemur.
354 2747 422 2776 Nam
437 2748 546 2784 quando
569 2748 677 2775 virtutis
709 2747 837 2774 exercitio
861 2747 894 2774 ad
926 2748 1005 2775 istam

210 2795 484 2829 contemplationem
512 2794 679 2827 accedimus,
715 2794 824 2827 quando
848 2794 1004 2823 interiorem

253 2885 327 2902 "M"
346 2885 432 2914 Galat.
447 2895 472 2921 v,
485 2887 530 2914 ‘ll.
568 2887 587 2903 “
615 2886 701 2915 Exod.
719 2893 759 2916 ιιι.
776 2887 801 2914 5.

1085 1559 1173 1586 Λῦσαι
1188 1558 1244 1592 οὖν,
1258 1559 1336 1594 φησι,
1350 1558 1380 1585 τὸ
1395 1557 1522 1592 ὑπόδημα
1545 1557 1576 1584 ἐκ
1592 1557 1644 1583 τῶν
1661 1555 1751 1582 ποδῶν
1768 1564 1816 1581 σου
1826 1563 1833 1570 '

1051 1606 1067 1640 ἡ
1086 1605 1140 1640 γὰρ
1156 1605 1192 1640 γῆ
1206 1606 1248 1641 ἐφ’
1267 1606 1300 1640 ῆν
1316 1605 1347 1631 σὺ
1364 1604 1485 1637 ἕστηκας
1503 1603 1539 1637 γῆ
1555 1603 1621 1636 ἁγία
1631 1602 1705 1629 ἐστίν
1716 1609 1723 1616 ·
1741 1601 1833 1636 ἐδήλου

1050 1651 1079 1678 δὲ
1092 1651 1165 1686 αὒτῷ
1179 1652 1193 1678 6
1207 1651 1286 1684 λόγος
1298 1650 1343 1676 τδν
1357 1650 1427 1685 μετὰ
1440 1650 1490 1684 τὴν
1504 1649 1665 1683 ἐπιφάνειαν
1675 1647 1723 1673 τοῦ
1733 1646 1834 1681 Κυρίου

1012 1711 1033 1740 C
1050 1697 1097 1723 καὶ
1107 1696 1174 1723 Θεοῦ
1195 1697 1240 1723 καὶ
1264 1696 1390 1731 Σωτῆρος
1410 1695 1488 1730 ἡμῶν
1518 1693 1606 1740 Ἰησοῦ
1627 1692 1748 1740 Χριστοῦ
1763 1692 1836 1740 ’μέλ-

1050 1742 1130 1769 λοντα
1145 1743 1190 1769 ἐπὶ
1213 1743 1264 1777 τῆς
1278 1742 1330 1777 γῆς
1347 1742 1392 1768 διὰ
1416 1740 1462 1768 τοῦ
1488 1739 1606 1775 σταυροῦ
1631 1738 1741 1765 ἔσεσθαι
1757 1738 1835 1772 ἁγια-

1051 1789 1119 1825 σμόν
1130 1797 1137 1805 ·
1159 1789 1219 1816 τότε
1230 1789 1284 1824 γὰρ
1294 1789 1308 1815 6
1320 1789 1437 1822 Μωῦσῆς
1451 1786 1500 1822 τὴν
1520 1786 1580 1812 τότε
1596 1784 1747 1819 μέλλουσαν
1768 1793 1835 1819 παρ-

1050 1836 1143 1862 ουσίαν
1157 1834 1205 1862 τοῦ
1222 1834 1343 1870 Χριστοῦ
1361 1833 1500 1869 προεώρα,
1525 1831 1593 1868 πρὸς
1609 1831 1640 1858 τὺ
1656 1831 1728 1866 μέγα
1745 1830 1835 1864 θέαμα

1050 1881 1139 1909 ἐκεῖνο
1163 1880 1279 1916 βλέπων,
1295 1880 1344 1915 τὴν
1374 1881 1403 1906 ἐν
1421 1880 1488 1915 πυρὶ
1516 1878 1712 1914 δροσιξομένην
1740 1877 1833 1912 βάτον·

1050 1927 1120 1955 ὥστε
1138 1927 1186 1954 καὶ
1204 1928 1220 1962 ἡ
1243 1927 1271 1953 ὲν
1285 1926 1344 1960 Θεῷ
1364 1925 1466 1960 θεωρία
1483 1926 1529 1952 τοῦ
1546 1923 1663 1959 σταυροῦ
1684 1923 1834 1958 μυστήριόν

1051 1974 1120 2005 ἔστι,
1138 1972 1184 1998 τοῦ
1210 1971 1346 2006 προτέρου
1363 1971 1468 1997 ἐκείνου
1487 1969 1637 2005 μυστηρίου
1655 1967 1763 2002 μεῖζον.
1786 1967 1835 1993 Δύο

1051 2018 1105 2053 γὰρ
1124 2016 1193 2044 εἴναι
1212 2017 1298 2043 ταῦτα
1315 2016 1361 2043 καὶ
1388 2017 1402 2042 6
1423 2017 1510 2050 μέγας
1534 2014 1639 2045 Παῦλος
1652 2013 1699 2040 καὶ
1718 2013 1744 2039 οι
1770 2013 1834 2039 θεῖοι

1053 2064 1104 2099 55
1119 2064 1244 2098 εΠατέρες
1269 2062 1348 2098 ἡμῶν
1366 2061 1548 2088 αἰνίττονται·
1580 2060 1593 2085 ὁ
1621 2058 1671 2093 μὲν
1699 2058 1737 2092 μὴ
1759 2057 1834 2092 μόνον

1051 2110 1147 2143 λέγων,
1166 2109 1206 2136 ὃτι
1227 2109 1257 2135 '0
1269 2108 1370 2143 κόσμος
1385 2107 1446 2141 ἐμοὶ
1462 2105 1643 2139 ἐσταύρωται,
1659 2103 1729 2130 ἀλλὰ
1751 2111 1834 2138 προσ-

1051 2155 1146 2186 τιθεὶς,
1172 2154 1212 2180 ὅτι
1227 2153 1312 2187 Κάγὼ
1332 2152 1370 2187 τῷ
1403 2152 1510 2186 κόσμῳ·
1531 2151 1556 2177 οἱ
1572 2150 1611 2182 δὲ,
1634 2147 1835 2183 παραγγέλλον-

1052 2209 1097 2233 τες
1112 2202 1178 2236 ἡμῖν
1204 2200 1241 2235 μὴ
1266 2198 1392 2226 σπεύδειν
1414 2197 1571 2225 ἀναϐαίνειν
1587 2195 1633 2222 ἐπὶ
1656 2195 1702 2222 τὸν
1723 2194 1834 2229 σταυρὸν

1053 2247 1107 2282 πρὸ
1121 2245 1168 2273 τοῦ
1185 2245 1313 2280 σταυροῦ,
1329 2245 1366 2276 ὡς
1381 2244 1427 2271 δύο
1444 2244 1552 2273 πάντως
1573 2242 1659 2269 ὄντων
1675 2241 1729 2268 τῶν
1753 2241 1835 2274 λόγων

1053 2291 1165 2320 καὶτῶν
1184 2290 1343 2326 μυστηρίων
1355 2289 1403 2317 τοῦ
1427 2288 1557 2324 σταυροῦ.
1579 2287 1659 2314 Κατὰ
1682 2286 1733 2321 μὲν
1748 2285 1794 2313 οὖν
1809 2284 1835 2311 τὸ

1054 2338 1162 2372 πρῶτον
1177 2337 1224 2364 τοῦ
1241 2335 1359 2372 σταυροῦ
1375 2335 1536 2371 μυστήριον,
1556 2333 1625 2368 ὅπερ
1645 2332 1720 2359 ἐστὶν
1735 2333 1750 2366 ἡ
1768 2329 1835 2365 φυγὴ

1015 2383 1040 2414 D
1053 2382 1098 2410 τοῦ
1116 2383 1218 2417 κόσμου
1230 2382 1304 2416 καὶὴ
1319 2381 1373 2408 τῶν
1386 2380 1459 2407 κατὰ
1473 2379 1563 2415 σάρκα
1578 2378 1719 2412 συγγενῶν
1735 2377 1835 2409 διάζευ-

1055 2429 1105 2461 ξις,
1123 2428 1203 2463 εἰπερ
1220 2428 1287 2463 πρὸς
1307 2427 1448 2454 εὐσέϐειαν
1472 2426 1519 2452 καὶ
1534 2425 1580 2451 τὸν
1601 2423 1662 2450 κατ’
1685 2423 1773 2458 αὐτὴν
1790 2424 1835 2457 έμ-

1054 2474 1193 2507 ποδίζουσι
1219 2473 1285 2508 βίον,
1312 2472 1360 2499 καὶ
1380 2472 1395 2506 ὴ
1415 2470 1560 2506 σωματικὴ
1585 2469 1714 2505 ἐργασία,
1744 2469 1777 2504 ἣν
1792 2467 1834 2494 καὶ

1054 2521 1120 2555 προς
1139 2520 1230 2554 ὀλίγον
1249 2519 1387 2553 ὠφέλιμον
1403 2515 1473 2544 εῐναί
1492 2524 1575 2551 φησιν
1590 2515 1603 2541 6
1619 2515 1736 2546 Παῦλος.
1761 2512 1835 2540 Κιτά

1054 2565 1143 2593 ταῦτα
1155 2565 1220 2600 γοῦν
1235 2564 1250 2590 ὁ
1266 2565 1368 2599 κόσμος
1389 2563 1455 2598 ἡμῖν
1472 2560 1637 2596 σταυροῦται
1654 2560 1702 2586 καὶ
1717 2560 1734 2594 ἡ
1750 2560 1834 2594 ἁμαρ·

1054 2614 1112 2644 τία,
1128 2612 1271 2646 φυγόντων
1286 2609 1365 2646 ἡμῶν
1380 2610 1412 2636 ὲκ
1428 2608 1543 2635 τούτων.
1562 2606 1640 2634 Κατὰ
1654 2606 1682 2632 δὲ
1702 2605 1733 2632 τὸ
1748 2605 1834 2632 δεύτε-

1056 2668 1102 2696 ρον
1113 2658 1159 2685 τοῦ
1178 2657 1294 2692 σταυροῦ
1314 2655 1474 2691 μυστήριον,
1491 2654 1574 2688 ἡμεῖς
1595 2651 1788 2688 σταυρούμεθα
1802 2649 1834 2696 τῶ

1055 2693 1151 2738 κόσμῳ
1182 2703 1229 2729 καὶ
1257 2702 1312 2733 τοῖς
1341 2700 1455 2727 πάθεσιν
1471 2718 1480 2731 ,
1509 2698 1598 2725 αὐτῶν
1625 2697 1781 2732 φευγόντων
1807 2693 1833 2726 ἐξ

1055 2749 1145 2785 ἡμῶν.
1161 2749 1217 2775 Οὐκ
1235 2747 1274 2774 ένι
1300 2747 1328 2773 δὲ
1353 2745 1462 2777 τελείως
1487 2744 1515 2777 ἐξ
1534 2742 1612 2778 ἡμῶν
1639 2742 1710 2769 αὐτὰ
1731 2741 1831 2776 φυγεῖν,

1059 2795 1095 2831 μὴ
1126 2796 1154 2822 ὲν
1194 2795 1260 2829 ἡμῖν
1294 2793 1415 2827 ἐνεργεῖν
1454 2789 1638 2826 λογιστικῶς,
1677 2787 1710 2816 ἂν
1738 2788 1775 2824 μὴ
1809 2788 1832 2812 ὲν
