1873 3076
51 98 93 128 133
747 93 790 122 Η(

747 92 911 122 HOMlLlA
930 92 984 122 XI.

1621 89 1671 120 134

48 152 106 178 aut
117 150 270 185 πρόσωπον
289 149 338 184 μὲν
353 148 400 175 τοῦ
415 147 483 175 Θεοῦ
499 147 638 184 ὁρώμενόν
656 146 707 182 5⁵1
724 148 787 174 ἐστι

934 145 998 179 spici
1017 147 1121 178 potest,
1141 151 1199 178 quae
1216 143 1332 171 nihilost
1348 143 1421 170 aliud
1438 150 1470 170 ac
1486 142 1574 170 divina
1589 144 1673 178 gratia

48 196 108 222 κατὰ
121 194 170 230 τὴν
184 195 235 220 ἐπὶ
261 194 324 225 τοὺς
339 192 433 225 ἀξίους
454 193 617 226 ἐπιφάνειαν
641 193 768 226 ἐνέργεια
782 193 830 218 καὶ

47 242 116 276 χάρις
139 240 189 266 τοῦ
205 239 290 267 Θεοῦ.
309 239 363 266 Τοῦ
379 238 461 265 αὐτοῦ
476 239 503 265 δὲ
525 238 673 271 πρόσωπον
696 237 830 272 μηδέποτε

46 285 183 321 ὁρώμενον,
198 286 215 320 ἡ
233 285 304 319 ὑπὲρ
330 285 421 311 πᾶσαν
436 283 568 317 ἔκφανσιν
582 283 629 309 καὶ
644 283 740 316 ὅρασιν
769 281 827 308 ἐσθ’

46 331 82 355 ὅτε
95 329 202 362 λέγεται
215 331 300 364 φύσις
313 329 361 355 τοῦ
375 328 441 354 Θεοῦ
453 336 459 343 ·
472 328 560 358 οὐδεὶς
570 328 625 362 γάρ
642 329 715 354 ἐστιν
729 328 757 353 ἐν
767 327 833 353 ὑπο-

47 375 154 408 στήματι
164 375 212 400 καὶ
228 374 310 408 οὐσίᾳ
325 374 429 407 Κυρίου
442 373 513 398 κατὰ
524 372 554 398 τὺ
565 372 770 406 γεγραμμένον,
786 372 832 398 καὶ

46 420 105 446 Θεοῦ
121 420 203 454 φύσιν
220 417 335 454 ῆ“εῐδεν,
355 419 371 453 ἦ
389 418 581 452 ὲξηγόρευσεν.
597 417 717 452 Οὖτωςὴ
731 418 760 443 ὲν
773 416 832 451 Θεῷ

48 466 139 500 θεωρία
157 466 206 492 καὶ
219 466 253 492 τὸ
269 466 342 492 θεῖον
367 464 414 491 τοῦ
431 463 550 499 σταυροῦ
571 464 719 498 μυστήριον
743 463 773 489 οὗ
797 463 833 489 τὰ

48 511 143 546 πονηρὰ
159 511 238 546 πάθη
267 511 348 546 μόνον
366 510 414 536 καὶ
438 510 501 540 τοὺς
531 509 714 544 δημιουργοὺς
730 509 832 535 τούτων

46 557 168 590 δαίμονας
184 555 339 582 ἀπελαύνει
353 556 404 590 τῆς
418 554 521 589 ψυχῆς,
538 554 607 581 ἀλλὰ
625 554 672 580 καὶ
685 553 734 585 τὰς
749 562 833 580 κακο-

46 603 128 635 ὁόξους
141 602 223 634 δόξας
239 602 288 628 καὶ
308 602 371 632 τοὺς
388 602 502 632 ταύταις
516 601 684 635 συνηγόρους
698 600 833 635 ἐξελέγχει

47 649 87 674 καὶ
100 649 256 675 ἀπωθεῖται
272 648 326 674 τῶν
343 647 497 682 περιϐόλων
509 647 556 682 τῆς
574 647 648 682 ἱερᾶς
659 646 705 673 τοῦ
714 646 832 680 Χριστοῦ

52 695 219 729 Ἐκκλησίας,
255 694 320 720 καθ’
346 694 378 729 ἦν
396 695 462 728 ἡμῖν
478 693 610 728 ἐχαρίσθη
629 692 677 719 νῦν
693 691 834 726 ἑορτάζειν

47 742 87 767 καὶ
102 739 267 775 διατρανοῦν
297 740 347 774 τὴν
363 739 410 766 τοῦ
433 739 553 775 σταυροῦ
572 740 626 774 πρὸ
648 738 694 766 τοῦ
712 739 832 774 σταυροῦ

48 785 113 812 θείαν
125 786 154 812 ὲν
168 787 227 818 τοῖς
245 787 267 812 Π
275 786 374 820 ατρὰσι
389 785 469 820 χάριν
483 787 529 812 καὶ
540 785 692 820 ἐνέργειαν.

882 197 907 218 et
917 190 1037 226 operatio
1052 190 1077 216 in
1091 190 1194 217 sanctis
1209 189 1377 216 manifestata
1390 197 1396 222 ;
1411 195 1437 217 et
1451 189 1534 216 simul
1553 189 1673 223 conspici

883 236 985 269 nequit.
1007 235 1111 262 scilicet
1127 234 1216 261 divina
1237 240 1331 261 natura
1351 242 1432 268 supra
1452 242 1558 260 onmem
1587 235 1676 260 mani-

882 281 1066 313 festationem,
1077 287 1158 314 supra
1173 287 1278 306 onmem
1293 279 1465 306 intuitionem
1479 280 1576 314 posita.
1590 278 1675 306 Nemo

882 327 956 354 stetit
973 327 999 353 in
1012 333 1126 360 persona
1140 330 1166 352 ct
1181 326 1300 352 essentia
1317 325 1433 357 Domini,
1445 325 1485 352 sic
1501 329 1529 352 ut
1543 326 1673 359 scriptum

883 377 934 403 est,
951 372 1070 399 divinam
1084 375 1210 398 naturam
1230 378 1308 397 nemo
1323 371 1390 398 vidit
1404 378 1522 406 unquam
1536 378 1585 398 nec
1598 379 1677 397 enar-

884 417 963 444 ravit.
979 418 1024 444 Sic
1041 417 1086 444 Dei
1107 417 1297 452 contemplatio
1313 421 1340 444 ct
1361 417 1482 444 divinum
1499 417 1588 444 crucis
1619 424 1678 451 my-

883 464 996 490 sterium
1022 470 1073 489 non
1099 463 1179 490 modo
1192 470 1289 497 pravas
1314 463 1476 497 cupiditates
1499 467 1526 490 et
1552 467 1677 489 auctores

883 517 976 536 earum
994 501 1130 536 daenmhes
1155 515 1228 537 arcet
1254 510 1287 536 ah
1304 510 1405 542 anima,
1422 510 1468 536 scil
1497 509 1577 536 etiam
1596 508 1678 536 falsas

884 557 1027 590 opiniones
1041 563 1102 583 cum
1118 564 1210 583 earum
1230 556 1352 590 patronis
1381 556 1471 590 arguit
1487 561 1514 581 et
1535 554 1645 589 expellit
1660 562 1677 581 ε

884 601 946 628 sinu
963 607 1064 628 sanetae
1076 601 1177 628 Christi
1191 601 1328 633 Ecclesiae.
1341 601 1416 635 juxta
1433 609 1512 634 quam
1527 601 1608 628 hodie
1626 609 1677 628 nos

882 646 959 681 juvat
988 647 1126 674 celebrare
1145 652 1172 674 et
1195 647 1329 674 illustrare
1357 647 1478 681 patribus
1506 647 1570 674 olim
1592 655 1607 674 a
1621 646 1676 674 Deo

884 695 983 721 iactant
996 693 1084 721 crucis
1096 693 1192 726 procul
1210 699 1274 721 ante
1287 701 1393 720 erucem
1413 694 1525 729 gratiam
1542 697 1676 728 etopera-

885 741 996 767 tionem.

78 832 180 866 Ὠσπερ
197 831 248 858 οὖν
278 832 307 857 ὲν
336 831 386 866 μὲν
413 831 451 864 τῷ
472 830 599 865 ’Λὸραὰμ
626 832 656 858 τὸ
685 832 817 867 μυστήριο

938 829 998 855 ιίειιι
1013 828 1093 864 igitur
1112 829 1138 856 in
1158 828 1293 856 Abraham
1327 829 1490 863 operabatur
1507 830 1595 857 crucis
1619 833 1677 863 ων·

49 877 148 911 ἐνήργει
168 877 214 903 τοῦ
234 876 368 911 σταυροῦ,
386 877 400 903 ὁ
421 876 449 902 δὲ
465 875 548 903 αὐτοῦ
564 876 621 907 υἱὸς
633 873 668 911 ἦν
684 876 769 907 τύπος
787 876 833 903 τοῦ

50 921 247 956 σταυρυιοέντος
264 921 392 956 ὕστερον,
418 920 491 947 οὕτω
519 921 600 947 πάλιν
614 921 642 946 ὲν
667 921 715 956 μὲν
730 921 768 956 τῷ
786 921 835 956 βίῳ

50 967 121 994 παντὶ
133 967 181 994 τοῦ
203 967 306 995 Ἰαχὼὸ
320 968 349 994 τὸ
360 967 509 1002 μυστήριον
521 967 632 1002 ἐνήργει
645 967 692 994 τοῦ
706 967 835 1003 σταυροῦ,

54 1012 141 1047 Ἰωσὴφ
157 1013 187 1039 δὲ
214 1014 229 1039 ὁ
251 1013 313 1044 υἱὸς
326 1012 373 1039 τοῦ
400 1012 496 1039 Ἰακὼὸ
512 1012 593 1043 αὐτὸς
617 1010 652 1047 ἦν
678 1013 763 1044 τύπος
787 1013 836 1040 καὶ

51 1058 194 1093 μυστήριον
219 1057 270 1084 τοῦ
290 1058 554 1093 σταυρωοησομένου
573 1058 642 1093 μετὰ
656 1058 743 1085 ταῦτα
758 1058 836 1085 θείαν-

51 1104 149 1137 θρώπου
166 1104 278 1136 Λόγου·
306 1104 396 1138 φθόνῳ
423 1103 477 1138 γὰρ
503 1104 549 1130 καὶ
577 1104 659 1135 αὐτὸς
675 1104 746 1140 ἤχθη
766 1105 835 1139 πρὸς

50 1150 157 1184 σςαγὴν,
173 1151 224 1176 καὶ
250 1150 305 1176 ὑπὸ
322 1151 376 1176 τῶν
396 1150 467 1177 κατὰ
490 1150 580 1185 σάρκα
596 1151 746 1184 συγγενῶν,
763 1151 834 1185 ὑπὲρ

48 1192 78 1222 ὦν
94 1196 159 1230 πρὸς
171 1196 278 1227 αὐτοὺς
292 1196 369 1230 παρὰ
388 1196 435 1222 τοῦ
454 1197 558 1230 πατρὸς
571 1196 711 1231 ἐπέμφθη,
737 1196 775 1228 ὡς
788 1197 836 1224 καὶ

49 1242 180 1275 ὁΧριστὸς
197 1242 328 1276 ὕστερον.
344 1242 374 1268 Εἰ
395 1242 422 1268 δὲ
439 1242 488 1268 οὐκ
506 1242 625 1276 ἐσφάγη,
642 1242 710 1268 ἀλλὰ
725 1242 833 1277 πέπραε

49 1295 86 1313 1::
104 1288 118 1313 ὸ
137 1288 254 1323 Ἰωσὴφ,
284 1288 441 1322 θαυμαστὸν
456 1288 531 1315 οὐδέν
544 1297 552 1304 ·
575 1288 636 1315 οὐδὲ
662 1288 716 1322 γὰρ
741 1288 835 1314 Ἰσαὰκ

49 1335 144 1369 ἐσφάγη
156 1343 163 1350 ·
179 1336 235 1361 καὶ
252 1335 307 1370 γὰρ
329 1335 379 1361 οὐκ
403 1335 480 1361 αὐτοὶ
495 1332 566 1370 ἦσαν
580 1335 595 1369 ἡ
614 1335 740 1369 ἀλήθεια,
766 1335 834 1362 ἀλλὰ

48 1380 122 1412 τύπος
135 1382 186 1415 τῆς
206 1381 364 1416 μελλούσης
388 1381 529 1415 ἀληθείας.
560 1381 591 1407 Et
608 1381 636 1407 δὲ
648 1381 689 1407 δεῖ
706 1382 757 1408 κὰν
772 1381 835 1408 τού-

49 1433 96 1455 τοις
108 1426 138 1452 τὸ
158 1426 279 1453 διπλοῦν
307 1426 422 1453 συνιδεῖν
442 1427 592 1461 μυστήριον
612 1426 659 1453 τοῦ
673 1426 766 1453 διπλοῦ
784 1428 834 1462 τὴν

50 1470 121 1503 ςΰσεν
141 1471 249 1507 Ἰησοῦ,
265 1471 298 1498 τὸ
312 1471 360 1506 μὲν
377 1471 494 1507 ἀχθῆναι
516 1471 585 1507 πρὸς
600 1473 707 1508 σφαγὴν
720 1473 752 1499 τὺ
763 1473 834 1498 κατὰ
849 1491 870 1520 c

51 1517 130 1551 σάρκα
146 1518 239 1549 πάθος
270 1517 317 1543 τοῦ
337 1517 514 1552 Θεανορὼπου
537 1519 724 1553 προῦπέφηνε,
752 1518 782 1544 τὸ
807 1517 835 1544 δὲ

52 1563 124 1595 μηδὲν
141 1563 254 1595 παθεῖν,
281 1563 330 1597 τῆς
346 1563 475 1598 Θεότητος
490 1563 520 1589 τὸ
546 1563 661 1595 ἀπαθές.
678 1562 755 1590 Τοῦτ’
772 1563 838 1590 αὐτὸ

51 1607 78 1633 ἂν
90 1609 178 1642 εὕροις
193 1610 244 1635 καὶ
259 1609 306 1635 ἐπὶ
329 1609 428 1636 Ἰακὼὸ
451 1609 500 1636 καὶ
518 1608 644 1644 Ἀϐραάμ
654 1617 661 1625 ·
681 1610 705 1636 εἰ
719 1610 773 1644 γὰρ
790 1610 837 1636 καὶ

51 1655 265 1690 ἐπειράσθησαν,
292 1655 351 1681 ἀλλ’
364 1655 503 1690 ἐνίκησαν,
515 1655 528 1681 ὃ
541 1655 636 1689 σαφῶς
651 1655 698 1682 καὶ
724 1656 770 1682 ἐπὶ
788 1655 835 1682 τοῦ

52 1699 161 1732 Χριστοῦ
175 1701 348 1734 γέγραπται.
377 1701 524 1735 Τεσσὰρων
539 1700 586 1727 οὖν
614 1701 699 1727 ῠντων
723 1701 778 1727 τῶν
792 1701 837 1727 ἐπ’

52 1748 125 1782 ἀρετῇ
141 1749 190 1774 καὶ
206 1748 338 1782 εὖσεϐεἶᾳ
352 1747 590 1783 περιϐεὸοημένων
605 1747 658 1782 πρὸ
681 1747 727 1774 τοῦ
740 1747 834 1782 νόμου,

52 1794 71 1818 ιιι
90 1793 138 1827 μὲν
162 1793 213 1820 δύο
242 1791 369 1827 Ἀϐραὰμ
396 1793 443 1820 καὶ
464 1794 560 1820 Ἰακὼϐ
577 1794 605 1819 ἐν
628 1794 685 1825 τοῖς
711 1793 776 1828 περὶ
791 1794 837 1820 τὸν

53 1838 101 1871 βίον
112 1840 140 1865 τὸ
157 1840 313 1874 μυστήριον
325 1838 398 1874 εἶχον
422 1839 469 1865 τοῦ
488 1839 605 1873 σταυροῦ
622 1840 836 1874 ὲνεργούμενονυ

52 1885 72 1910 οἱ
87 1885 113 1911 δὲ
133 1885 180 1912 δύο
202 1886 300 1912 Ἰσαὰκ
315 1885 361 1911 καὶ
382 1885 491 1919 Ἰωσὴφ,
508 1885 585 1912 αὐτοὶ
610 1885 641 1911 τὸ
655 1886 703 1912 τοῦ
719 1885 836 1920 σταυροῦ

53 1930 196 1965 μυστήριον
213 1931 377 1965 θαυμασίως
394 1931 637 1966 προανεφώνησαν.
655 1931 688 1957 τί
701 1932 730 1958 δὲ
754 1933 836 1959 πάλιν

52 1975 174 2011 ίπρῶτος
195 1976 276 2010 παρὰ
288 1976 336 2002 τοῦ
363 1977 430 2003 Θεοῦ
446 1977 492 2003 τὸν
509 1978 592 2012 νόμον
611 1978 773 2013 δεδεγμένος
790 1979 837 2005 καὶ

54 2022 177 2055 μεταδοὺς
204 2023 263 2054 τοῖς
295 2022 390 2054 ἄλλοις
415 2023 547 2058 Μωῦσῆς,
567 2024 598 2049 οὐ
622 2023 693 2058 ξύλῳ
715 2023 764 2058 μὲν
789 2025 837 2051 καὶ

53 2067 121 2094 ὕδατι
136 2068 191 2102 πρὸ
204 2068 254 2094 τοῦ
269 2069 353 2102 νόμου
368 2069 500 2096 σέσωσται
516 2069 607 2101 αὐτὸς,
625 2070 706 2105 ἡνίκα
724 2070 836 2106 ἐξετέθη

53 2114 101 2145 τοῖς
114 2114 160 2140 τοῦ
176 2114 280 2141 Νείλου
306 2114 438 2148 ῥεύμασιν
454 2115 483 2141 ἐν
502 2115 571 2150 θήόῃ
585 2115 708 2149 ἀφεθεὶς,
725 2115 794 2151 ξύλῳ
809 2117 837 2142 δὲ

886 875 1009 906 sterium,
1022 875 1080 908 eius
1093 881 1182 902 autem
1196 875 1266 902 ﬁlius
1279 875 1352 902 Isaac
1363 879 1421 902 erat
1433 875 1578 910 aliquando
1591 876 1680 903 cruci-

885 919 984 955 ﬁgendi
1013 921 1109 954 ﬁgura,
1125 922 1159 948 ita
1178 928 1274 948 rursus
1294 926 1348 948 tota
1366 922 1417 948 vita
1437 921 1521 949 Jacoh
1536 928 1676 956 operatum

885 969 926 992 est
946 965 1103 1000 mysterium
1119 966 1223 998 erucis;
1242 965 1342 1000 Joseph
1359 974 1424 994 vero
1443 967 1511 994 ﬁlius
1524 967 1608 995 Iacob
1621 968 1678 1002 ipse

885 1015 943 1036 erat
957 1014 1035 1045 typus
1049 1015 1076 1036 et
1092 1012 1248 1044 mysterium
1261 1011 1341 1038 Verbi
1357 1011 1490 1038 incarnati
1512 1017 1602 1046 postea
1617 1021 1679 1040 cru-

885 1055 1022 1090 ciligendi.
1037 1054 1103 1082 Nam
1125 1057 1182 1090 ipse
1207 1064 1314 1090 quoque
1342 1057 1442 1084 invidia
1455 1058 1488 1084 ad
1512 1059 1676 1085 occisioucm

886 1103 984 1128 ductus
997 1106 1048 1134 est,
1060 1102 1157 1129 ductus
1169 1107 1256 1128 autem
1272 1102 1306 1129 ab
1318 1103 1376 1136 ejus
1393 1103 1519 1130 fratribus
1531 1105 1676 1130 scentulum

887 1155 1008 1178 carnem,
1027 1155 1076 1182 pro
1095 1147 1195 1181 quibus
1226 1152 1252 1174 ct
1281 1149 1313 1175 ad
1340 1156 1407 1182 quos
1434 1156 1449 1175 a
1471 1153 1546 1181 patre
1578 1150 1678 1176 missus

885 1193 1090 1224 fuerat,sicutet
1099 1193 1223 1220 Christus
1235 1199 1336 1228 postea.
1348 1195 1454 1227 Quodsi
1464 1195 1561 1229 Joseph
1572 1196 1678 1222 occisus

886 1247 939 1266 non
956 1239 1014 1270 fuit,
1030 1240 1076 1266 sed
1091 1240 1227 1272 venditus,
1243 1241 1307 1267 nihil
1320 1241 1346 1267 in
1363 1243 1413 1268 hoc
1427 1241 1536 1275 mlrum,
1550 1249 1597 1269 nec
1606 1241 1678 1269 enim

884 1285 959 1312 Isaac
974 1286 1081 1312 occisus
1092 1285 1153 1312 fuit.
1169 1285 1201 1311 Et
1215 1293 1280 1313 vero
1297 1286 1345 1321 ipsi
1359 1294 1411 1313 non
1425 1291 1502 1314 erant
1519 1287 1619 1314 veritas
1631 1287 1679 1315 sed

885 1336 1006 1358 venturae
1022 1331 1106 1366 ﬁgura
1126 1331 1261 1358 veritatis.
1279 1332 1307 1359 Si
1327 1338 1416 1359 alitem
1438 1333 1463 1359 in
1486 1333 1545 1360 istis
1570 1341 1678 1368 quoque

884 1378 1043 1412 conspicere
1078 1378 1208 1406 debemus
1247 1380 1403 1414 mysterium
1435 1380 1532 1415 duplex
1565 1382 1681 1416 duplicis

885 1423 913 1450 in
925 1424 1034 1450 Christo
1050 1429 1168 1457 naturae;
1183 1432 1229 1459 per
1242 1425 1293 1452 hoc
1308 1425 1414 1460 quidem
1431 1427 1501 1461 quod
1518 1427 1550 1453 ad
1566 1427 1681 1454 occisio-

888 1477 948 1496 nem
966 1470 1038 1497 ducti
1061 1475 1135 1501 sunt,
1150 1472 1304 1505 passionem
1328 1472 1478 1499 secundum
1497 1480 1607 1500 carnem
1632 1474 1679 1500 Dei

889 1515 1009 1543 hominis
1022 1517 1281 1551 prmﬁguraverunt;
1295 1525 1343 1552 per
1355 1518 1406 1545 hoc
1417 1524 1507 1546 autem
1522 1520 1594 1554 quod
1606 1520 1679 1554 passi

889 1569 941 1589 non
973 1568 1047 1595 sunt,
1068 1564 1221 1591 divinitatis
1246 1564 1502 1599 impassihilitatem,
1520 1566 1572 1592 hoc
1598 1567 1680 1593 etiam

889 1608 1009 1642 reperire
1020 1614 1061 1635 est
1076 1608 1103 1635 in
1117 1609 1254 1636 Abraham
1269 1615 1297 1636 et
1311 1609 1395 1637 Jacob
1407 1618 1414 1637 :
1431 1611 1607 1637 teutationem
1618 1619 1680 1638 sns-

889 1653 1019 1685 tulerunt,
1031 1654 1077 1681 sed
1093 1654 1234 1682 victoriam
1247 1659 1466 1689 reportaverunt,
1479 1657 1549 1684 sicut
1562 1657 1635 1685 clare
1647 1659 1680 1685 de

888 1698 998 1726 Christo
1010 1700 1059 1727 fuit
1070 1702 1214 1735 scriptum.
1224 1702 1308 1736 igitur
1318 1710 1350 1730 ex
1365 1707 1481 1738 quatuor
1493 1704 1545 1731 illis
1556 1705 1602 1739 qui
1617 1710 1680 1732 ante

888 1746 974 1780 legem
1003 1746 1103 1774 virtute
1121 1751 1148 1774 et
1167 1747 1270 1781 pietate
1296 1747 1455 1776 claruerunt
1480 1750 1679 1785 antesignanis,

888 1791 942 1818 duo
958 1792 1076 1825 quidem,
1092 1792 1228 1820 Abraham
1246 1798 1271 1820 et
1284 1793 1378 1826 Jaeoh,
1392 1795 1416 1821 in
1438 1795 1491 1822 vita
1509 1803 1557 1822 sua
1572 1797 1679 1831 experti

887 1842 951 1866 sunt
969 1838 1059 1864 crucis
1077 1839 1253 1872 mysterium;
1272 1840 1325 1866 duo
1343 1847 1416 1872 vero,
1435 1839 1509 1868 Laac
1523 1847 1550 1868 et
1565 1841 1678 1876 Ioseph,

888 1884 978 1911 crucis
988 1885 1145 1918 mysterium
1159 1884 1315 1912 mirabiliter
1325 1886 1575 1920 przeﬁguravcrunt.
1585 1888 1680 1916 Νοιιιιο

888 1936 982 1956 rursus
999 1928 1114 1963 Moyses,
1133 1929 1178 1963 qui
1198 1930 1302 1964 primus
1319 1937 1334 1956 a
1356 1931 1410 1958 Deo
1436 1933 1543 1966 accepit
1567 1937 1594 1959 ct
1618 1933 1678 1961 aliis

888 1975 973 2009 legem
991 1974 1110 2007 tradidit.
1129 1983 1180 2001 non
1206 1975 1278 2010 ligno
1296 1979 1323 2002 et
1337 1983 1406 2010 aqua
1425 1982 1489 2004 ante
1512 1977 1598 2012 legem
1618 1979 1679 2014 ipse

888 2019 1002 2047 Salutem
1030 2024 1200 2052 consecutura,
1222 2021 1331 2055 quando
1344 2021 1369 2048 in
1398 2022 1450 2049 Nili
1473 2022 1556 2051 alveis
1571 2024 1598 2050 in
1612 2025 1679 2051 cista

887 2064 938 2093 fuit
950 2064 1091 2099 expositus
1104 2071 1131 2092 et
1142 2070 1233 2100 postea
1249 2065 1322 2100 ligno
1333 2070 1360 2093 et.
1369 2073 1437 2100 aqua
1450 2067 1577 2101 populum
1591 2068 1680 2096 Israe-

888 2111 992 2138 liticum
1015 2111 1141 2144 salvavit,
1163 2111 1236 2146 ligno
1256 2111 1365 2146 quidem
1382 2119 1502 2146 crucem,
1522 2121 1593 2149 aqua
1614 2123 1680 2143 vero

53 2160 95 2186 καὶ
108 2160 183 2186 ὕδατι
199 2161 248 2186 τὴν
268 2160 464 2194 ’ῐσραηλιτικὸν
477 2160 563 2187 ἔσωσε
579 2160 652 2194 λαὸν,
671 2161 710 2195 τῷ
723 2161 771 2196 μὲν
788 2162 792 2187 1

942 2164 1010 2183 mum
1039 2156 1173 2191 baptisma
1197 2163 1422 2191 praemonstrans.
1449 2158 1593 2193 Propterea
1611 2159 1681 2188 Pau—

53 2204 85 2239 λῳ
104 2206 148 2233 τὸν
166 2205 287 2241 σταυρὸν
307 2207 477 2241 πρῦφαίνων,
505 2206 544 2242 τῷ
560 2206 588 2233 δὲ
615 2207 690 2234 ὕδατι
707 2208 736 2234 τὸ
766 2207 835 2234 θεῖον

54 2250 202 2286 ﬂammise;
227 2251 356 2286 καθάπερ
384 2253 430 2278 καὶ
454 2252 653 2284 Παῦλοςὸτῶν
677 2254 835 2288 μυστηρίων

53 2295 164 2330 ἐπόπτης
181 2296 311 2332 φανερῶς
323 2305 417 2331 φησιν,
435 2297 493 2324 ὅτι·
517 2306 526 2323 ι
546 2297 650 2328 Πάντες
675 2299 716 2329 εἰς
729 2298 834 2332 Μωσῆν

52 2339 251 2375 ἐϐαπτίσθησαν
268 2341 299 2367 ἐν
324 2342 357 2376 τῇ
373 2341 472 2377 νεφέλῃ
486 2349 493 2356 ⁸
515 2351 525 2368 ι
544 2342 573 2373 ὃς
588 2342 635 2369 καὶ
653 2342 706 2378 πρὸ
723 2344 772 2377 τῆς
785 2343 834 2369 θα-

54 2385 147 2421 λάσσης
164 2388 212 2413 καὶ
234 2388 284 2422 τῆς
312 2387 410 2422 ῥάϐδου
425 2388 526 2424 ταύτης
544 2390 680 2425 μαρτυρεῖ
693 2389 780 2424 αὐτῷ,
795 2389 834 2421 ὡς

53 2433 92 2458 τὸν
102 2433 221 2468 Χριστοῦ
238 2433 355 2468 σταυρὸν
367 2434 496 2465 ἑκουσίως
509 2434 706 2469 ὑπομείναντα.
723 2435 837 2470 «Κρειο-

53 2486 85 2504 τω
98 2480 160 2515 γὰρ,
193 2480 292 2514 φησὶν,
310 2480 432 2515 ἡγήσατο
444 2480 499 2506 τῶν
527 2482 556 2507 ὲν
580 2481 711 2516 Αἰγύπτῳ
732 2482 836 2517 θησαυ-

55 2524 102 2556 ρῶν
126 2526 172 2551 τδν
186 2524 343 2559 ὀνειδισμὸν
363 2524 410 2551 τοῦ
429 2525 561 2560 Χριστοῦ.
583 2535 593 2551 ι
619 2526 786 2562 Ὀνειδισμὸς
807 2527 836 2553 δὲ

53 2569 92 2595 τοῦ
103 2571 222 2605 Χριστοῦ
240 2572 318 2604 παρὰ
341 2571 396 2598 τῶν
413 2571 540 2607 ἀφρόνων
556 2572 570 2598 ό
587 2572 719 2607 σταυρὸς·
745 2572 837 2605 καθὼς

54 2614 126 2640 πάλιν
141 2616 224 2646 αὐτὸς
239 2615 254 2641 ὁ
269 2615 377 2646 Παῦλος
402 2616 467 2651 περὶ
479 2616 526 2642 τοῦ
547 2617 664 2651 Χριστοῦ
684 2625 777 2651 φησιν,
794 2618 835 2644 ὅτι

55 2659 174 2694 ὑπέμεινε
188 2661 321 2695 σταυρὸν,
341 2661 471 2695 αἰσχύνης
488 2652 712 2697 καξαφρονήσας.
731 2662 837 2697 Προϊὼν

53 2704 98 2732 ἰοὲὸ
113 2706 235 2742 Musio-71;
247 2707 297 2733 καὶ
311 2706 358 2733 τὸν
371 2707 455 2733 τύπον
470 2707 553 2734 αὑτοῦ
570 2709 618 2734 καὶ
633 2708 663 2734 τὺ
681 2708 776 2743 σχῆμα
789 2709 835 2735 τοῦ

84 2793 106 2809 "
119 2794 198 2824 lCor.
217 2804 248 2829 ι,
259 2796 288 2824 2.
329 2795 352 2812 ⁸³
368 2794 451 2823 Hebr.
464 2805 491 2831 κ,
504 2798 548 2826 ‘26.
589 2798 611 2815 ⁵⁵
628 2798 710 2826 llchr.
731 2807 780 2830 ιιι,
798 2800 816 2826 ‘2

888 2204 931 2231 lus
962 2205 1105 2238 mysteriis
1134 2205 1254 2232 initiatus
1272 2205 1423 2232 luculenter
1451 2205 1534 2233 dixit:
1554 2215 1563 2232 ι
1579 2207 1682 2235 Omnes

887 2248 914 2276 in
941 2249 1050 2284 Moysen
1080 2250 1206 2285 haptizati
1229 2256 1291 2278 sunt
1305 2251 1332 2278 in
1346 2252 1418 2279 nube
1427 2252 1461 2279 “.
1479 2262 1489 2278 ›
1509 2252 1580 2280 Idem
1600 2255 1681 2281 etiam

886 2296 1026 2329 apostolus
1060 2297 1093 2323 de
1121 2297 1190 2323 mari
1212 2302 1241 2323 et
1266 2298 1298 2324 de
1325 2298 1400 2333 virga
1420 2299 1603 2326 testimonium
1622 2307 1684 2334 per-

887 2340 961 2368 hibet
979 2340 1065 2375 Moysi
1093 2345 1221 2375 tanquam
1243 2340 1344 2368 Christi
1366 2349 1474 2369 crucem
1503 2343 1683 2377 exspectanti,

888 2387 998 2414 dicens:
1014 2395 1023 2412 ι
1036 2387 1155 2421 majores
1167 2387 1277 2414 divitias
1286 2387 1432 2414 testimavit
1445 2388 1573 2416 thesauro
1580 2388 1682 2424 JEgyp-

888 2434 988 2460 tiorum
1003 2433 1198 2467 improperium
1223 2433 1324 2461 Christi
1337 2434 1370 2461 ".
1393 2443 1402 2459 ι
1421 2433 1505 2461 Porro
1522 2435 1613 2461 stultis
1629 2434 1680 2464 im-

889 2481 1046 2515 properium
1059 2479 1161 2507 Christi
1173 2487 1238 2507 crux
1250 2484 1301 2513 est,
1316 2485 1394 2514 prout
1407 2488 1501 2508 rursus
1511 2481 1568 2515 ipse
1582 2480 1683 2507 Paulus

890 2528 924 2554 de
938 2527 1048 2554 Christo
1063 2527 1147 2554 dixit;
1166 2535 1174 2552 ‹
1192 2525 1325 2559 Quoniam
1342 2527 1472 2554 sustinuit
1487 2534 1595 2554 crucem
1614 2534 1682 2554 con-

887 2571 994 2600 fusione
1019 2572 1216 2606 contempta“.
1240 2581 1249 2597 ι
1266 2571 1422 2599 Prmenrsor
1453 2572 1542 2598 adhuc
1572 2571 1683 2607 Moyses

889 2623 981 2653 typum
999 2621 1027 2644 et
1039 2617 1125 2651 ipsam
1140 2618 1229 2644 crucis
1247 2617 1362 2645 fortnam
1381 2617 1553 2651 salutemque
1570 2617 1603 2644 ab
1622 2617 1683 2651 ipso

888 2668 951 2699 typo
968 2667 1055 2690 ortam
1070 2663 1242 2697 apertissime
1257 2663 1487 2698 praemonstravit.
1503 2662 1571 2690 Nam
1585 2667 1682 2691 erecta.

887 2710 973 2745 virga,
985 2716 1081 2737 manus
1098 2709 1155 2744 ipse
1171 2709 1197 2738 in
1208 2718 1267 2738 eam
1277 2710 1409 2744 extendit,
1425 2710 1518 2744 sicque
1528 2709 1555 2738 in
1570 2710 1683 2738 modum
