1873 3076
208 94 262 126 135

829 93 1019 125 GBEGORII
1041 95 1086 125 ΡΑ
1093 96 1136 124 LA
1142 96 1204 125 M.E

1775 99 1824 132 126

199 153 290 181 crucis
303 152 329 179 in
346 152 419 186 virga
439 151 557 185 seipsum
577 157 751 185 componens,
766 158 859 186 regem
876 151 980 181 Amalec

1080 154 1154 188 ιυροῦ
1169 154 1215 181 καὶ
1230 155 1278 190 τήν
1289 154 1322 181 δι’
1338 155 1420 182 αὐτοῦ
1432 156 1479 182 τοῦ
1489 156 1573 183 τύπου
1589 157 1725 191 σωτηρίαν
1739 168 1824 194 προατ

198 200 307 233 penitus
339 197 500 231 ptoﬂigavit.
527 196 661 224 l‘rwterca
694 201 819 230 serpente
853 204 929 224 aeneo
956 197 983 225 in

200 244 317 270 formam
333 243 401 277 signi
421 242 565 270 transversi
584 243 684 276 posito,
701 247 727 269 et
744 243 780 269 ita
799 243 826 270 in
847 243 937 270 erucis
950 244 983 270 ii-

201 297 296 324 guram
313 294 413 319 erecto.
431 288 518 323 palam
539 287 621 321 jussit
646 289 818 323 serpentibus
843 296 985 323 percussos

201 343 234 362 ex
247 335 357 367 Judzeis,
371 335 396 361 in
412 334 499 368 ipsum
525 339 650 368 tanquam
671 334 697 361 in
726 332 893 361 Salvatorcm
915 341 985 362 eon-

198 383 315 416 spicere,
331 389 385 416 quo
400 381 470 408 facto
483 384 636 416 serpentum
651 388 755 409 morsus
778 382 893 408 sanavit.

1038 200 1136 232 νέδειξε
1153 201 1308 235 σαφέστατα
1321 209 1328 216 ο
1344 202 1392 236 τὴν
1405 202 1460 236 γὰρ
1479 203 1576 237 ῥάϐδον
1598 203 1692 239 ὀρθίαν
1709 205 1821 239 στήσας,

1038 245 1089 276 τὰς
1101 246 1196 280 κείρας
1205 246 1288 273 αὑτοῦ
1299 247 1342 273 ἐπ’
1355 247 1437 282 αὐτὴν
1454 249 1579 281 ἐξέτεινε,
1597 250 1643 276 καὶ
1656 249 1727 276 οὕτω
1740 259 1822 277 σταν-

1038 290 1123 325 ρικῶς
1139 292 1186 318 ἐπὶ
1201 293 1250 326 τῆς
1267 293 1365 327 ράὃδου
1380 295 1549 328 σχηματίσας
1565 295 1671 328 ἑαυτὸν,
1695 296 1820 331 Ἀμαλὴκ

1038 335 1122 371 ἄρδην
1139 338 1341 372 κατετροποῦτο
1365 339 1486 370 τοιοῦτος
1509 340 1657 375 ὁρώμενος.
1679 341 1761 368 Ἀλλὰ
1775 343 1825 368 καὶ

1033 382 1079 409 τὸν
1099 384 1216 418 χαλκοῦν
1229 385 1291 420 ὄφιν
1307 386 1362 418 θεὶς
1374 387 1420 413 ἐπὶ
1437 389 1549 422 σημείου
1564 388 1688 423 πλάγιον,
1700 389 1747 416 καὶ
1757 390 1826 417 οὕτω

199 430 245 456 τὶν
278 429 395 464 σταυροῦ
422 428 716 462 τύπονζὰναστηλώσας
742 429 906 464 παρρησίᾳ.
923 429 985 462 τοὺς
1003 430 1178 465 ὀφιοδήκτους
1202 432 1256 459 τῶν
1273 434 1408 461 Ἰουδαίων
1442 435 1552 470 βλέπειν
1573 437 1641 472 πρὸς
1671 437 1754 465 αὑτὸν
1787 438 1825 470 ὡς

194 479 265 505 »ὄντα
285 477 417 512 σωτήριον
442 475 584 507 ἐπίταττε,
599 475 645 502 καὶ
661 475 732 503 οὕτω
744 478 779 503 τὰ
796 476 850 503 τῶν
862 477 950 511 ὕφεων
964 478 1090 514 δήγματα
1107 480 1174 507 ἰᾶτο.

235 525 366 552 Deficerct
381 532 424 552 me
437 529 542 559 tempus
560 524 582 551 si
609 531 719 551 narrare
737 525 831 552 vellem
848 526 880 552 de
890 524 984 559 Josue,

198 576 228 597 ct
246 576 305 605 post
320 570 407 604 ipsum
433 570 662 604 dejudicibus,_et
675 571 824 604 prophetis,
851 571 884 597 de
902 571 984 598 David

194 611 320 650 'ejusquc
334 615 448 649 posteris
467 613 514 650 qui
530 615 617 642 crucis
634 616 763 650 mysterio
780 623 922 651 operantes
937 617 986 643 ilu-

208 659 266 686 \ius
281 665 481 692 coercuerunt,
495 659 577 686 solem
595 665 667 686 stare
692 660 825 692 fecerunt,
841 661 984 696 impiorum

203 705 327 732 civitates
343 709 507 737 everterunt,
524 705 607 733 fortes
629 704 690 732 facti
705 710 766 732 sunt
783 706 809 732 in
827 707 909 738 bello,
941 715 986 734 ra-

204 755 259 777 stra
275 754 405 784 ceperunt
430 754 594 781 exterarum,
622 748 686 777 ferri
712 750 797 777 aciem
822 750 983 785 eﬂ'ugetunt,

206 795 276 829 ignis
291 796 345 823 vim
371 795 506 828 delerunt,
529 796 637 823 leonum
655 803 702 822 ora
720 795 890 829 obturarunt,
906 804 985 830 reges

204 845 364 875 arguerunt,
381 841 575 876 quinquaginta
586 841 667 868 duces
682 841 902 873 combusserunt,
914 850 985 869 mor-
999 838 1022 868 Β

205 891 266 914 tuos
284 887 525 918 resuscitaverunt,
544 886 642 914 uelum
658 887 740 913 verbo
762 887 881 913 clausum
901 887 982 914 verbo

203 937 377 967 aperuerunt,
391 932 498 960 steriles
518 937 544 959 et
559 939 652 959 rursus
673 931 803 959 fecundas
817 932 904 959 nubes
916 932 985 960 οσο-

202 984 310 1007 cerunt.
325 979 381 1006 Etsi
398 980 469 1005 enim
480 978 582 1006 Paulus
592 978 657 1005 dicit
670 978 748 1005 [idem
761 983 832 1005 tanta
846 983 983 1012 operatam

203 1031 272 1055 esse.
286 1024 332 1051 sed
342 1024 407 1051 ﬁdes
418 1029 512 1057 potens
522 1028 565 1050 est
578 1023 611 1050 atl
620 1023 745 1054 salutem,
758 1030 840 1056 quare
850 1022 986 1049 credenti-

201 1070 255 1097 bus
267 1075 363 1096 cuncta
377 1072 439 1096 sunt
451 1069 599 1104 possibilia.
612 1068 652 1095 ita
665 1076 775 1103 prorsus
790 1076 857 1095 crux
867 1069 983 1096 Christi:

203 1116 314 1143 verbum
329 1115 400 1143 enim
421 1115 523 1147 crucis,
539 1119 568 1141 ut
583 1115 679 1142 iterum
701 1114 849 1142 secundum
872 1113 988 1141 Paulum

201 1162 296 1196 loquar
303 1162 336 1193 ",
344 1161 518 1196 pereuntibus
526 1160 639 1188 stultitia
648 1165 705 1192 est;
716 1161 792 1188 nobis
799 1160 882 1188 salvis
893 1165 982 1187 autem

200 1209 288 1235 virtus
300 1207 357 1235 Dei.
376 1207 429 1235 Sed
442 1212 472 1234 ut
486 1211 644 1241 praneream
656 1213 750 1233 omnes
764 1207 808 1240 qui
823 1211 885 1234 ante
897 1206 982 1241 legem

202 1260 229 1281 et
247 1254 296 1281 sub
325 1254 383 1288 lege
404 1253 576 1284 exstiterunt,
588 1259 680 1280 nonne
707 1251 837 1279 Dominus
863 1253 921 1286 ipse
935 1260 984 1287 per

204 1308 284 1336 quem
302 1300 391 1327 omnia
403 1304 431 1327 et
446 1300 472 1326 in
486 1305 539 1333 quo
549 1298 650 1331 omnia,
673 1298 828 1333 priusquam
846 1305 984 1334 pateretur

203 1347 265 1374 ait:
285 1355 295 1372 ι
308 1346 357 1380 Qui
369 1353 422 1373 non
450 1345 553 1380 bajulat
582 1352 689 1372 crucem
719 1351 797 1372 suam
814 1351 841 1372 ct
861 1346 984 1380 sequitur

206 1401 258 1426 me,
273 1401 326 1420 non
341 1397 383 1421 est
397 1400 438 1420 me
450 1392 587 1427 dignus".
609 1401 618 1417 ι
635 1391 772 1420 Videtisne
789 1393 923 1427 quomodo
935 1401 983 1420 an-

202 1445 310 1474 tequam
322 1446 388 1466 crux
405 1439 634 1473 compingeretur,
657 1438 683 1464 in
700 1444 780 1465 cruce
790 1439 878 1466 stabat
892 1438 982 1465 salus?

1080 527 1269 563 Ἐπιλείψειδέ
1282 538 1316 564 με
1335 530 1350 557 6
1372 531 1469 565 χρόνος
1491 532 1667 567 ϐιηγοὺμενον
1690 535 1755 569 περὶ
1771 534 1824 570 58

1044 573 1131 609 Ἰησοῦ
1161 576 1208 601 καὶ
1232 575 1286 602 τῶν
1312 576 1371 610 μετ’
1387 577 1478 610 αὐτὸν,
1505 578 1529 604 οἳ
1557 578 1596 612 τῷ
1617 580 1762 615 μυστηρίῳ
1778 580 1823 608 τοῦ

1039 620 1156 654 σταυροῦ
1181 621 1392 656 ἐνεργούμενοι,
1411 626 1552 658 ποταμοὺς
1578 625 1727 660 ἀνέκοψαν,
1748 627 1824 661 ἥλιον

1037 665 1164 701 ἔστησαν,
1188 667 1297 694 ἀσεδῶν
1314 668 1407 699 πόλεις
1428 670 1627 704 κατηδάφισαν,
1651 673 1823 707 ἐγενήθησαν

1040 712 1147 746 ίσχυροὶ
1170 714 1199 739 ὲν
1216 713 1335 748 πολέμῳ,
1352 715 1528 749 παρεμϐολὰς
1542 715 1650 743 ἔκλιναν
1662 717 1821 752 ἀλλοτρίων,

1037 756 1136 791 ἔφυγον
1152 758 1274 793 στόματα
1293 759 1446 794 μαχαίρας,
1463 761 1576 787 ἔσϐεσαν
1592 761 1709 797 δύναμιν
1725 764 1822 796 πυρὸς,

1037 803 1157 838 ἔφραξαν
1176 805 1297 839 στόματα
1321 806 1446 839 λεόντων,
1465 807 1586 842 βασιλεῖς
1607 809 1736 843 ἧλεγξαν,
1756 818 1822 836 πενο

1035 850 1237 885 τηκοντάρχους
1248 851 1418 885 ὲτέφρωσαν,
1432 854 1546 887 νεκροὺς
1561 854 1687 889 ἤγειραν,
1704 856 1820 890 οὐρανὸν

1035 893 1152 928 ἔστησαν
1175 895 1256 930 λόγῳ,
1275 897 1323 922 καὶ
1347 898 1428 924 πὰὶιν
1454 898 1563 931 ἔλυσαν,
1589 900 1702 932 ἀγόνους
1726 910 1756 926 τε
1775 902 1821 928 καὶ

1034 939 1115 966 πάλιν
1129 940 1261 976 γονίμους
1283 943 1331 973 τὰς
1352 944 1381 969 ἐν
1394 943 1469 978 αὐτῷ
1489 944 1602 978 νεφέλας
1622 946 1821 981 ἀπεργασάμε-

1034 995 1074 1013 νοι
1084 996 1091 1002 -
1108 987 1133 1013 εί
1145 987 1199 1022 γὰρ
1214 988 1261 1014 καὶ
1276 988 1326 1022 τὴν
1340 989 1432 1015 πίστιν
1442 990 1625 1025 ἐνηργηκέναι
1636 991 1726 1019 ταῦτά
1739 1001 1821 1027 φησιν

1033 1032 1047 1058 6
1059 1032 1173 1065 Παῦλος,
1187 1033 1245 1060 ἀλλ’
1263 1034 1279 1068 ὴ
1300 1034 1391 1064 πίστίς
1402 1034 1516 1069 δύναμίς
1529 1036 1603 1062 ἐστιν
1616 1037 1655 1067 είς
1670 1037 1820 1071 σωτηρίανο

1033 1077 1073 1105 διὸ
1099 1079 1147 1106 καὶ
1173 1079 1262 1106 πάντα
1276 1080 1376 1107 δυνατὰ
1391 1080 1431 1115 τῷ
1453 1080 1623 1109 πιστεύοντι.
1648 1081 1778 1109 Τοιοῦτον
1793 1083 1822 1109 δὲ

1034 1124 1142 1156 πάντως
1156 1127 1203 1152 καὶ
1217 1126 1232 1152 6
1254 1126 1304 1154 τοῦ
1325 1126 1446 1161 Χριστοῦ
1463 1127 1580 1163 σταυρὸς
1594 1129 1651 1159 τοῖς
1671 1129 1821 1156 πιστεύου-

1034 1178 1091 1197 σιν·
1112 1180 1121 1197 ι
1141 1170 1170 1198 '0
1185 1171 1239 1207 γὰρ
1254 1171 1332 1206 λόγος
1343 1173 1357 1199 6
1369 1173 1415 1199 τοῦ
1430 1175 1559 1207 σταυροῦ,
1571 1174 1652 1200 πάλιν
1666 1176 1740 1202 κατά
1751 1176 1816 1202 Παῦ

1033 1216 1078 1242 λον
1091 1217 1187 1250 εἰπεῖν,
1205 1219 1262 1248 τοῖς
1280 1218 1329 1252 μὲν
1347 1218 1547 1253 ἀπολλυμένοις
1569 1220 1660 1255 μωρία
1673 1220 1746 1252 ἐστὶ,
1764 1222 1822 1252 τοῖς

1033 1260 1062 1287 δὲ
1075 1262 1238 1297 σωζομένοις
1252 1263 1317 1298 ἡμῖν
1333 1263 1449 1298 δύναμις
1471 1265 1538 1291 Θεοῦ
1550 1266 1634 1293 ἐστιν,
1652 1275 1660 1291 ι
1687 1265 1762 1293 Ἀλλ’
1780 1267 1821 1293 ἶνα

1034 1308 1080 1334 καὶ
1096 1309 1158 1340 τοὺς
1175 1309 1228 1344 πρὸ
1246 1311 1329 1344 νόμου
1357 1311 1404 1337 καὶ
1426 1311 1490 1342 τοὺς
1517 1311 1570 1338 ὑπὸ
1597 1311 1679 1346 νόμον
1704 1313 1822 1347 ἀφῶμεν

1034 1353 1149 1386 πάντας,
1167 1355 1247 1386 αὐτὸς
1262 1356 1276 1381 ὁ
1291 1355 1390 1389 Κύριος
1402 1356 1436 1382 δι’
1445 1356 1474 1383 ὃν
1488 1356 1521 1383 τὰ
1537 1357 1625 1384 πάντα
1639 1358 1685 1384 καὶ
1698 1358 1732 1384 δι’
1745 1356 1779 1385 οὗ
1790 1359 1823 1384 τὰ

1034 1397 1134 1429 πάντα,
1154 1399 1187 1424 οὺ
1214 1389 1268 1434 ττρῖ
1294 1399 1341 1426 τοῦ
1355 1399 1485 1435 ,σταυροῦ
1511 1399 1614 1434 ἔλεγεν,
1635 1410 1644 1426 ι
1661 1402 1757 1432 Ὀστις
1773 1402 1823 1428 οὐχ

1034 1443 1105 1480 αίρει
1120 1444 1165 1470 τὸν
1189 1445 1307 1478 σταυρὸν
1324 1445 1407 1472 αὑτοῦ
1419 1454 1421 1458 ·
1431 1447 1477 1473 καὶ
1492 1445 1634 1474 ἀκολουθεῖ
1649 1447 1738 1474 ὀπίσω
1755 1457 1821 1483 μου,

206 1487 258 1514 Sed
275 1491 300 1514 et
313 1486 419 1520 quando
434 1484 576 1519 discrpulis
596 1485 695 1512 diserte
710 1484 847 1519 propriam
876 1485 980 1519 passio-

1080 1510 1082 1514 ,
1097 1490 1155 1516 ἐστι
1170 1498 1219 1525 μου
1236 1490 1310 1523 ἄξιος
1325 1500 1334 1517 ι
1349 1498 1357 1523 ;
1389 1490 1487 1526 Ὁρᾶτε
1504 1492 1562 1522 πῶς
1577 1493 1624 1519 καὶ
1640 1494 1692 1528 πρὸ
1703 1493 1752 1520 τοῦ
1776 1495 1822 1521 τὸν

203 1542 264 1561 nent
276 1538 299 1561 et
331 1532 481 1560 tnortemin
509 1539 592 1559 cruce
627 1531 794 1559 tolerandam
823 1531 981 1566 praediceret

205 1580 344 1610 Dominus,
363 1578 458 1604 Petrus
472 1584 536 1604 vero
549 1576 611 1604 talia
628 1576 722 1604 audire
737 1584 809 1611 εει-ο
821 1577 915 1609 ferret,
932 1576 980 1605 sed

203 1627 293 1654 sciens
308 1633 369 1653 eum
383 1625 481 1652 habere
499 1629 658 1659 potestatem
666 1625 856 1658 deprecaretur
864 1623 957 1652 dicens
971 1633 978 1652 :

205 1681 215 1696 ε
231 1672 307 1699 Absit
325 1675 385 1703 ate,
403 1671 523 1703 Domine,
538 1677 591 1697 non
608 1671 659 1697 erit
675 1669 724 1697 tibi
752 1669 804 1697 hoc
819 1669 862 1702 '7;
879 1678 888 1695 ι
908 1669 980 1697 illum

199 1718 353 1752 increpavit
368 1717 447 1744 .lesus
473 1721 599 1751 tanquam
614 1715 733 1742 humana
748 1723 803 1742 non
816 1715 906 1743 divina
935 1723 981 1744 co-

197 1766 332 1798 .gitantem
346 1773 354 1797 ;
369 1769 395 1791 et
409 1768 558 1792 convocata
578 1765 654 1790 turba
670 1770 730 1790 cum
755 1763 895 1798 discipulis
923 1763 980 1791 suis

196 1811 320 1838 .dixiteis
337 1820 344 1837 :
364 1820 373 1836 ‹
388 1809 415 1837 Si
433 1810 493 1844 quis
509 1809 566 1836 vult
594 1809 686 1836 venire
704 1813 765 1843 post
787 1816 840 1842 me,
862 1810 979 1846 abneget

204 1857 378 1891 semetipsum
388 1861 415 1883 et
434 1856 509 1883 tollat
525 1863 631 1883 crucem
648 1859 771 1887 suam,et
784 1860 911 1891 sequatur
926 1863 978 1884 me.

195 1904 254 1936 Qui
285 1903 356 1930 cnint
380 1902 495 1930 voluerit
522 1902 639 1929 animam
661 1909 736 1929 suam
754 1902 856 1930 salvam
881 1902 979 1936 facere,

203 1951 297 1983 perdet
310 1956 390 1982 eam;
408 1948 454 1983 qui
483 1953 571 1975 autem
598 1947 744 1983 perdiderit
764 1948 881 1975 animam
904 1955 980 1974 suam

202 2001 312 2030 propter
327 2003 370 2022 me
383 2001 410 2022 et
421 1995 603 2029 Evangeiium,
614 1993 715 2022 salvam
731 1992 811 2020 faciet
831 1993 902 2020 illam
918 1993 952 2020 ".
969 2002 979 2019 ι

205 2042 287 2076 Igitur
300 2045 431 2068 convocat
457 2041 563 2068 turbam
594 2048 654 2068 cum
680 2039 829 2073 discipulis,
860 2043 887 2066 et
917 2043 982 2066 tunc

205 2088 363 2116 testiﬁcatur
374 2090 401 2114 et
416 2086 558 2121 proﬁtetur
579 2086 638 2113 illas
658 2092 771 2119 magnas
791 2088 817 2111 et
844 2084 981 2111 mirabiles

200 2142 256 2162 non
271 2134 408 2161 hominum
424 2133 545 2167 quidem,
563 2132 608 2159 sed
620 2131 664 2158 Dei
680 2130 841 2162 sententias,
861 2134 891 2157 ut
903 2137 981 2156 mon-

1031 1536 1147 1571 σταυρὺν
1166 1533 1286 1571 παγῆναι
1304 1538 1419 1572 σταυρὸς
1441 1537 1476 1574 ἦν
1499 1539 1513 1564 ὁ
1537 1538 1652 1572 σώζων;
1676 1539 1759 1566 Ἀλλὰ
1773 1541 1822 1567 καὶ

1029 1581 1110 1616 ἡνίκα
1125 1582 1181 1612 τοῖς
1201 1581 1335 1617 μαθηταῖς
1360 1584 1504 1618 παρρησίᾳ
1518 1585 1649 1619 προέλεγε
1667 1585 1698 1611 τὸ
1719 1586 1821 1613 ἑαυτοῦ

1031 1626 1125 1658 πάθος,
1145 1626 1193 1653 καὶ
1215 1627 1260 1654 τὸν
1275 1628 1318 1654 διὰ
1335 1627 1383 1654 τοῦ
1401 1629 1520 1664 σταυροῦ
1541 1630 1655 1656 θάνατον
1668 1630 1682 1655 6
1703 1631 1822 1666 Κύριος,

1030 1672 1045 1697 ὀ
1057 1672 1085 1698 δὲ
1099 1672 1200 1707 Πέτρος
1216 1673 1324 1699 ἀκούων
1338 1674 1389 1700 οὐκ
1403 1675 1544 1709 ἠνέσχετο,
1566 1675 1623 1702 ἀλλ’
1636 1666 1713 1708 εἰδὼς
1737 1678 1822 1704 αὑτὸν

1030 1716 1125 1751 ἔχοντα
1151 1718 1201 1750 τὴν
1226 1718 1351 1750 ἐξουσίαν
1373 1719 1460 1745 ἐδεῖτο
1488 1719 1593 1754 λέγων’
1617 1729 1626 1746 t
1643 1720 1739 1753 Ἵλεώς
1766 1731 1821 1755 σοι,

1030 1763 1127 1799 Κύριε,
1142 1763 1173 1790 οὐ
1191 1764 1227 1798 μὴ
1239 1763 1315 1791 ἔσται
1330 1772 1371 1791 σοι
1384 1765 1475 1797 τοῦτο,
1495 1774 1505 1792 ι
1526 1766 1600 1801 αὐτῷ
1616 1767 1667 1801 μὲν
1682 1768 1820 1802 ἐπετίμη-

1032 1817 1078 1836 σεν
1094 1809 1132 1841 ὡς
1144 1809 1333 1845 ἀνθρωπίνως,
1353 1810 1410 1837 ἀλλ’
1434 1811 1465 1836 οὑ
1491 1811 1572 1843 θείως
1587 1812 1729 1847 φρονοῦντι
1750 1815 1823 1840 κατὰ

1030 1853 1109 1881 τοῦτο
1118 1862 1125 1869 '
1139 1854 1395 1890 προσκαλεσάμενος
1410 1856 1437 1882 δὲ
1449 1856 1494 1882 τδν
1505 1857 1582 1891 ὄχλον
1597 1857 1647 1883 σὺν
1658 1859 1715 1889 τοῖς
1729 1859 1822 1894 μαθη-

1030 1900 1091 1931 ταῖς
1102 1900 1184 1926 αὐτοῦ
1208 1898 1285 1927 εἶπεν
1305 1901 1414 1932 αὐτοῖς’
1432 1910 1442 1927 ‹
1458 1902 1551 1934 Ὀστις
1575 1903 1646 1929 θέλει
1660 1904 1752 1931 ὀπίσω
1769 1914 1822 1940 μου

1032 1945 1129 1978 ἐλθεῖν,
1142 1947 1348 1981 ἀπαρνησάσθω
1359 1948 1465 1980 ἑαυτὸν,
1478 1950 1525 1975 καὶ
1537 1949 1629 1984 ἀράτω
1641 1950 1687 1977 τὸν
1700 1952 1822 1986 σταυρὸν

1032 1990 1114 2017 αὑτοῦ
1131 1991 1178 2017 καὶ
1193 1991 1368 2028 ἁκολουθήτω
1384 2002 1427 2028 μοι
1441 2002 1448 2010 ·
1465 1993 1495 2022 ὃς
1509 1995 1562 2029 γὰρ
1574 1995 1606 2022 ἂν
1626 1996 1689 2032 θέλῃ
1703 1997 1754 2032 τὴν
1768 1998 1823 2032 ψυ-

1031 2034 1083 2070 χὴν
1094 2035 1177 2062 αὐτοῦ
1192 2036 1289 2070 σῶσαι,
1306 2037 1433 2064 ἀπολέσει
1451 2039 1547 2074 αὐτὴν,
1558 2040 1587 2071 ὃς
1606 2040 1630 2066 δ“
1650 2041 1683 2067 ἂν
1697 2042 1821 2079 ἀπολέσῃ

1031 2079 1083 2114 τὴν
1103 2079 1192 2115 ψυχὴν
1206 2081 1290 2107 αὐτοῦ
1303 2082 1398 2108 ἕνεκεν
1419 2083 1488 2117 ἐμοῦ
1503 2083 1548 2110 καὶ
1565 2084 1611 2111 τοῦ
1637 2086 1821 2121 Εὑαγγελίου,

1032 2121 1109 2157 οὗτος
1130 2126 1212 2152 σώσει
1223 2126 1319 2161 αὐτήν.
1335 2135 1345 2152 ι
1366 2128 1566 2163 Προσκαλεῖται
1579 2131 1629 2164 μὲν
1641 2131 1688 2157 οὖν
1704 2134 1753 2159 καὶ
1774 2135 1821 2160 τὸν

207 2186 345 2208 straretse
359 2187 412 2207 non
427 2187 441 2206 a
460 2178 599 2212 discipulis
620 2182 724 2204 tantum
737 2184 754 2203 a
775 2183 805 2203 se
824 2175 980 2203 electistan-

1080 2181 1113 2199 ιον
1125 2173 1173 2198 σὺν
1186 2173 1242 2204 τοῖς
1254 2173 1399 2208 μαθηταῖς,
1413 2174 1459 2200 καὶ
1469 2175 1528 2202 τότε
1539 2176 1756 2213 διαμαρτύρεται
1773 2182 1822 2207 καὶ

201 2232 230 2253 -ta
243 2227 363 2260 exigere,
380 2225 425 2252 sed
440 2232 455 2251 a
471 2223 582 2258 singulis
595 2222 621 2248 in
635 2229 695 2248 eum
711 2221 895 2249 credentibus.
905 2220 984 2249 Citri-

207 2278 278 2299 stum
289 2273 398 2306 quidem
409 2270 486 2304 sequi
503 2269 572 2296 dicit
591 2267 655 2294 nihil
673 2267 744 2294 aliud
758 2274 818 2295 esse
831 2274 864 2294 ac
885 2274 982 2295 secun-

205 2320 267 2345 dum
283 2319 369 2353 ipsius
386 2315 560 2350 Evangelium
572 2313 673 2346 vivere,
684 2320 790 2340 omnem
814 2313 940 2340 virtutem
957 2316 984 2340 et

202 2365 332 2399 pietatem
361 2362 495 2398 proferre,
527 2364 687 2387 sectatorem
722 2365 787 2386 vero
807 2358 983 2393 semetipsum

205 2412 338 2443 denegare
371 2414 398 2436 et
431 2413 539 2435 crucem
576 2406 669 2433 tollere
694 2405 744 2432 nisi
771 2425 780 2438 ,
820 2405 984 2432 necessitate

206 2460 331 2487 vocante,
353 2461 404 2481 nec
424 2453 474 2480 sibi
495 2459 616 2487 parcere,
634 2451 688 2479 imo
709 2455 832 2485 paratum
869 2457 929 2478 esse
951 2450 984 2477 ad

204 2500 394 2535 perferendam
411 2506 459 2533 pro
482 2498 580 2525 virtute
595 2502 620 2524 el
639 2505 686 2532 pro
709 2497 820 2524 veritate
831 2496 985 2524 divinorum

204 2549 361 2581 dogtitatum
372 2550 485 2572 mortem
501 2543 697 2578 turpissimam.
714 2542 839 2578 Magnum
859 2550 926 2570 sane
959 2546 987 2569 et

206 2592 333 2620 mirabile
346 2596 389 2618 est
408 2591 583 2624 semetipsum
597 2590 740 2624 denegare,
754 2593 782 2615 et
808 2589 835 2615 in
860 2588 985 2615 ultimum

206 2639 327 2666 dedeCus
343 2641 511 2671 mortemque
519 2636 637 2667 tradere.
658 2642 707 2661 nec
723 2639 811 2661 tamen
842 2633 984 2660 absonum.

206 2684 275 2711 Nam
291 2691 367 2718 reges
393 2689 471 2710 terra:
499 2688 607 2717 quoque
623 2688 675 2707 non
695 2680 848 2715 dignantur,
871 2679 986 2706 comites

207 2731 332 2766 recipere
341 2730 447 2764 quando
463 2729 560 2757 bellum
576 2727 689 2760 faciunt,
708 2726 758 2753 nisi
777 2733 843 2760 quos
866 2725 984 2753 viderint

1033 2217 1217 2253 παραγγέλλει
1235 2218 1320 2245 ταῦτα
1335 2220 1368 2245 τὰ
1383 2220 1490 2253 μεγάλα
1501 2222 1549 2247 καὶ
1573 2222 1700 2257 ὑπερφυῆ
1714 2225 1764 2251 καὶ
1775 2225 1821 2251 ὕν-

1031 2272 1085 2294 τως
1100 2263 1150 2290 οὐκ
1161 2263 1324 2298 ἀνθρώπων,
1339 2264 1407 2291 ἀλλὰ
1417 2265 1485 2292 Θεοῦ
1503 2268 1674 2302 φρονήματα,
1684 2269 1730 2295 ἴνα
1746 2270 1822 2305 δείξῃ

1034 2308 1072 2344 μὴ
1094 2309 1168 2344 παρὰ
1183 2311 1237 2336 τῶν
1257 2310 1393 2345 ὲγκρίτων
1420 2311 1503 2338 αὑτοῦ
1529 2313 1609 2347 μόνον
1626 2314 1758 2349 μαθητῶν
1789 2319 1824 2343 τὰ

1033 2355 1145 2381 τοιαῦτα
1155 2356 1289 2388 ἁπαιτῶν,
1305 2356 1374 2383 ἀλλὰ
1387 2357 1434 2383 καὶ
1445 2358 1523 2392 παρὰ
1540 2359 1642 2390 παντὸς
1658 2361 1705 2386 τοῦ
1720 2362 1762 2393 είς
1778 2364 1825 2389 αὑ-

1032 2400 1079 2428 τὸν
1095 2402 1280 2433 πιστεύοντος.
1297 2402 1333 2439 ὸ
1346 2403 1375 2428 δὲ
1396 2402 1553 2429 ἀκολουθεῖν
1575 2405 1686 2440 Χριστῷ
1702 2406 1780 2440 δηλοῖ
1794 2410 1824 2435 τὸ

1033 2446 1083 2482 ζῇν
1105 2447 1174 2474 κατα
1187 2447 1216 2473 τὸ
1232 2447 1403 2481 Εὐαγγέλιον
1428 2449 1522 2482 αὑτοῦ,
1539 2451 1631 2477 πᾶσαν
1650 2452 1753 2488 ἀρετὴν
1776 2456 1824 2481 καὶ

1033 2493 1174 2520 εὐσέϐειαν
1188 2494 1409 2528 ἐνδεικνυμένους
1419 2502 1426 2509 ·
1442 2495 1472 2520 τὸ
1483 2495 1511 2521 δὲ
1523 2496 1566 2521 τὸν
1580 2496 1691 2523 θέλοντα
1703 2499 1822 2526 ἀκολου-

1034 2538 1091 2565 θεῖν
1114 2539 1324 2574 ἀπαρνήσασθαι
1349 2540 1454 2573 ὲαυτὸν,
1476 2542 1522 2567 καὶ
1538 2542 1626 2576 αἴρειν
1641 2543 1687 2568 τὸν
1702 2547 1823 2580 σταυρὸν

1035 2583 1128 2615 αὑτοῦ,
1140 2584 1169 2610 τὸ
1181 2585 1280 2619 μηκέτι
1294 2584 1391 2618 καιροῦ
1405 2585 1548 2616 καλοῦντος
1557 2585 1652 2612 ἑαυτοῦ
1665 2588 1821 2621 φείδεσθαι,

1038 2630 1095 2658 ἀλλ’
1112 2631 1219 2665 ἕτοιμον
1237 2629 1306 2657 εἶναι
1324 2631 1391 2666 πρὸς
1418 2632 1463 2658 τὸν
1480 2631 1547 2667 ὑπὲρ
1576 2634 1676 2667 ἀρετῆς
1701 2635 1752 2660 καὶ
1771 2636 1824 2670 τῆς

1038 2676 1167 2710 ἀληθείας
1193 2677 1247 2704 τῶν
1262 2677 1341 2704 θείων
1367 2677 1507 2712 δογμάτων
1533 2680 1561 2704 ἐν
1579 2679 1676 2715 ἀτιμίᾳ
1691 2680 1822 2708 θάνατον.

1038 2723 1122 2750 Τοῦτο
1137 2724 1165 2750 δὲ
1178 2724 1202 2750 εί
1217 2725 1264 2750 καὶ
1277 2725 1349 2758 μέγα
1364 2724 1423 2751 ἐστὶ
1445 2724 1491 2751 καὶ
1512 2725 1661 2760 ὑπερφυεῖ,
1686 2726 1718 2753 τὸ
1734 2728 1824 2764 ἀρνή-

242 2825 267 2841 ⁸⁸
302 2823 383 2861 1,(Ξοτ.
397 2832 416 2859 ι,
429 2823 471 2851 i8.
510 2822 533 2839 “
544 2821 610 2850 Luc.
625 2828 682 2855 xw,
696 2820 742 2847 ΕΠ.
779 2819 801 2836 "
811 2817 906 2847 Matth.
923 2827 978 2853 xvi,

1083 2816 1105 2834 ³⁸
1116 2816 1202 2845 Marc.
1221 2823 1281 2850 vm,
1294 2816 1339 2843 5t.
