1873 3076
65 186 109 219 lii

760 187 925 219 HUBilLlA
947 187 1000 219 XL
1644 185 1692 217 H2

66 244 126 280 μηδὲ
138 243 226 278 τούτῳ
238 241 302 271 λίαν
311 242 521 278 προσκείμενος,
535 243 626 276 καλῶς
634 244 709 280 αὑτῷ
724 245 847 280 χρήσθω,

941 246 1025 277 isitas,
1041 252 1074 272 ne
1103 245 1168 279 ipsis
1194 243 1308 271 nimium
1334 242 1536 274 ittscrtio-,seti
1561 242 1628 269 bene
1653 252 1693 269 eis

66 288 202 320 κοινωνοὺς
222 288 268 323 ἐφ’
286 289 350 316 ὅσον
365 290 425 316 ἐστὶ
443 289 509 321 τοὺς
526 290 626 321 ἐνδεεῖς
639 291 850 326 προσλαμϐανό-

69 343 151 367 μενος.
171 334 283 370 Ὠσπερ
296 336 352 370 γὰρ
376 335 518 371 ἀρνεῖσθαι
535 335 566 362 τὸ
581 336 661 371 σῶμα
689 337 737 363 καὶ
763 337 851 372 αῐρειν

69 382 109 408 τὸν
124 381 237 416 σταυρὸν
253 382 350 414 αὑτοῦ,
363 383 413 417 τῆς
427 382 537 417 ἐντολῆς
552 382 729 417 κελευούσης,
741 383 851 418 ἔχουσιν

69 428 135 461 ὅμως
149 427 228 454 τοῦτο
243 427 271 454 ot
288 426 338 454 τοῦ
349 427 419 454 Θεοῦ
440 428 489 454 καὶ
509 428 580 455 κατὰ
592 428 660 455 Θεὸν
676 428 776 461 ζῶντες
789 437 796 445 ·
814 430 852 465 μὴ

71 473 124 499 λίαν
135 473 162 499 δέ
176 472 255 507 αὺτῷ
269 473 478 508 προσκείμενοι,
494 473 615 508 χρῶνται
633 474 683 508 μὶν
698 474 773 510 αὐτῷ
782 476 852 510 πρὸς

70 519 96 545 τὸ
112 519 168 546 δέον
194 518 334 553 συνεργῷ,
354 520 389 546 ἂν
412 519 436 546 δ’
455 520 469 546 6
487 520 581 555 καιρὸς
601 520 681 555 καλῇ,
699 523 747 548 καὶ
772 522 852 548 τοῦτο

69 564 234 600 προσδιδόναι
247 564 355 599 ἕτοιμοι
370 572 376 580 '
391 565 464 591 οὕτω
479 567 528 592 καὶ
550 567 597 592 ἐπὶ
617 566 672 592 τῶν
688 569 852 602 σωματικῶν

68 610 208 645 κτημάτων
221 610 272 637 καὶ
286 609 389 645 χρειῶν
402 611 487 638 ποιῶν
500 620 555 645 τις,
569 612 634 639 ὅταν
649 612 687 648 μὴ
701 613 814 649 δύνηταί
825 623 852 640 τι

67 656 164 690 μεῖζον,
180 655 210 682 εὖ
226 655 262 682 ἄν
281 657 329 683 καὶ
345 656 499 692 θεαρέστως
513 658 582 692 ἔχοι.

100 700 184 727 Πάλιν
197 701 293 736 βλέπει
309 710 351 732 τις
365 702 395 728 ἐν
411 702 501 738 ἐαυτῷ
516 704 670 739 βιαιότερον
691 703 851 738 κινούμενον

66 746 106 772 τὸν
115 747 165 780 τῆς
177 746 309 781 πορνείας
318 748 458 781 λοῖςισμὸν,
469 749 565 783 γνώτω
575 750 616 776 ὃτι
625 750 702 776 οὔπω
712 750 794 776 errati
800 759 853 785 ρω-

67 801 108 818 σεν
119 793 226 819 ἑαυτόν.
237 792 302 824 Πῶς
309 791 358 819 οὖν
368 794 536 828 σταυρώσει;
548 803 598 830 φευ
604 796 673 830 γέτω
683 796 732 827 τὰς
742 796 853 831 περιέρ-

67 847 126 872 γους
142 838 206 869 θέας
219 839 276 865 τῶν
291 839 443 872 γυναικῶν,
454 841 557 872 καὶτὰς
570 841 608 877 μὴ
619 841 775 876 ἀνηκούσας
785 842 852 876 πρὸς

69 884 148 915 αὑτὰς
164 884 313 919 συνηθείας
328 893 358 912 τε
372 886 419 912 καὶ
430 886 563 921 ἀκαίρους
580 886 725 920 διαλέξεις,
743 888 853 922 μειοῦτο

69 931 112 962 τὰς
128 915 288 965 τρεφοιίσας
301 915 331 958 τὸ
351 931 440 964 πάθος
455 915 533 964 ὕλας,
555 915 724 968 αποσχέσθω
737 915 855 960 nolum-
871 915 890 941 Β

70 977 135 1008 σίας,
143 977 332 1011 οἰνοφλυγίας,
341 977 521 1012 ἀδδηφαγίας,
531 978 699 1010 πολυυπνίας
707 987 714 994 ·
733 979 854 1014 μιγνύτω

71 1024 100 1057 τῇ
111 1024 201 1057 ἀποχῇ
216 1023 306 1059 ταύτῃ
319 1024 373 1050 τῶν
385 1024 478 1051 κακῶν
489 1025 539 1060 τὴν
550 1026 815 1061 ταπεινοφροσύνην,
826 1027 854 1052 ἐν

70 1069 196 1104 συντριϐῇ
211 1069 327 1104 καρδίας
342 1070 389 1097 τὸν
404 1070 472 1097 Θεὸν
487 1071 559 1098 κατά
571 1071 619 1097 τοῦ
635 1072 739 1102 πάθους
755 1073 854 1099 ἐπικα-

70 1113 207 1149 λούμενος,
225 1115 274 1141 καὶ
290 1107 351 1142 τότε
366 1117 414 1143 καὶ
430 1116 512 1148 αὐτὸς
527 1117 586 1152 ἐρεί
596 1125 603 1132 ·
620 1114 699 1144 Εἶδον
710 1117 755 1144 τὸν
766 1118 853 1152 ἀσεσῆ

70 1160 294 1196 ὑπεροψούμενον
334 1161 381 1188 καὶ
422 1162 608 1198 ἐπαιρόμενον
646 1163 684 1195 ὡς
720 1164 770 1195 τὰς
811 1164 857 1190 κέ-

70 1205 147 1241 δρους
190 1207 240 1234 τοῦ
283 1207 416 1240 Λιϐάνου,
452 1208 500 1235 καὶ
533 1208 684 1244 παρῆλθον,
721 1210 771 1236 καὶ
800 1210 856 1236 ἰδοὺ

71 1252 117 1278 οὐκ
143 1250 196 1287 ἦν.
237 1253 286 1279 καὶ
321 1253 443 1289 ἐζήτησα
473 1254 517 1280 διὰ
555 1255 606 1288 τῆς
640 1255 670 1281 ἐν
691 1255 855 1282 ταπεινώσει

72 1298 236 1332 προσευχῆς,
259 1299 308 1325 καὶ
324 1299 373 1334 οὐχ
394 1299 493 1335 εὑρέθη
508 1301 538 1326 ἐν
552 1300 616 1334 ἐμοὶ
633 1301 647 1327 6
663 1300 747 1332 τόπος
763 1301 857 1329 αὑτοῦ.

75 1343 157 1370 Πάλιν
177 1344 287 1379 ἐνοχλεῖ
308 1345 323 1371 ὁ
351 1346 401 1379 τῆς
417 1345 573 1379 φιλοδοξίας
603 1345 753 1380 λογισμός;
771 1346 804 1372 σὺ
829 1347 858 1374 ἐν

73 1388 222 1423 συγκλήσει
235 1389 284 1415 καὶ
300 1388 488 1425 συγκαθεδρίᾳ
503 1389 659 1425 μνημόνευε
675 1391 725 1426 τῆς
740 1390 788 1417 τοῦ
804 1391 859 1417 Κυ-

73 1434 130 1469 ρίου
148 1435 178 1460 ἐν
208 1434 390 1468 Εὑαγγελίοις
412 1436 478 1469 περὶ
503 1434 601 1461 τούτου
625 1435 806 1471 συμϐουλῆς·
830 1437 859 1462 ἐν

73 1478 191 1514 ὁμιλίαις
219 1480 259 1514 μὴ
276 1480 353 1514 ζήτει
366 1480 422 1507 τῶν
433 1479 522 1508 ἄλλων
547 1480 690 1516 ὑπερέχων
702 1481 858 1516 φαίνεσθαι,

78 1525 125 1556 τὰς
143 1525 246 1560 ἀρετὰς
270 1525 313 1560 ἐφ’
328 1526 390 1552 ὅσον
406 1525 479 1560 ἔχεις
498 1527 526 1552 ἐν
550 1526 665 1561 κρυπτῷ
692 1526 776 1559 ποίει,
792 1527 860 1562 πρὸς

903 296 996 318 utatur
1006 291 1039 318 ad
1053 291 1147 325 inopes
1159 296 1208 324 pro
1221 289 1324 316 viribus
1335 288 1516 323 adjuvandus.
1532 287 1609 314 Sicut
1621 288 1693 315 enim

905 337 1013 364 divinus
1053 336 1192 371 legislator
1219 334 1296 369 jubet
1327 333 1433 368 corpori
1469 333 1626 361 renuntiare
1667 339 1695 360 et

904 390 1013 410 crucem
1028 382 1178 417 suscipere,
1194 381 1259 408 illud
1274 385 1362 407 tamen
1378 379 1525 407 observant
1536 379 1581 414 qui
1597 379 1651 406 Deo
1668 384 1696 406 cl.

905 428 1054 457 secundum
1067 426 1149 454 Deum
1160 425 1330 460 vivunt:ipsi
1345 432 1398 452 non
1413 424 1492 451 nimis
1505 424 1694 451 insumentes.

902 482 935 501 eo
950 479 1060 501 ulttttlur
1078 478 1206 507 tanquam
1233 471 1380 506 atljutorio,
1396 469 1482 504 parati
1513 470 1605 501 etiam,
1621 469 1644 496 si
1668 469 1694 496 id

902 520 994 553 exigat
1009 524 1124 552 tempus,
1141 518 1165 544 ei
1183 517 1358 549 renuntiare;
1375 516 1412 542 ita
1440 515 1485 550 qui
1515 515 1583 542 bene
1612 515 1649 541 uti
1665 523 1697 541 ur

903 566 1005 593 divitiis
1017 570 1045 593 et
1059 565 1142 592 lueris
1155 564 1341 596 terrestribus,
1355 563 1378 590 si
1393 563 1453 597 plus
1465 562 1553 590 facere
1568 568 1696 596 ιιςηῳιι-Αι,

903 612 972 639 bene
986 617 1013 638 et
1024 612 1066 646 pie
1084 611 1173 638 vivere
1187 610 1302 637 videtur.

941 699 1060 728 Rursum
1074 699 1120 734 qui
1134 699 1208 726 videt
1223 699 1248 725 in
1265 698 1355 732 seipse
1378 698 1474 731 agitari
1501 698 1611 724 luxuria:
1636 699 1696 724 an?-

904 754 988 778 mttnt,
1006 746 1075 773 sciat
1098 745 1169 780 qttod
1195 752 1224 771 se
1253 745 1369 771 nondum
1385 744 1531 770 cruciﬁxit.
1554 744 1696 776 Quomodo

904 799 968 827 ergo
998 799 1027 819 se
1053 791 1216 826 cruciﬁgel?
1246 790 1342 824 Fugiat
1367 791 1513 818 damnosos
1545 791 1689 818 mulierum

904 844 1041 872 aspectus,
1055 844 1204 871 earumque
1232 836 1319 864 iutilia
1334 836 1478 870 colloquia,
1490 841 1517 863 et
1530 844 1612 863 vanas
1626 845 1694 864 con<

905 884 1095 912 fabulationes.
1125 882 1268 910 lmminuat
1294 883 1422 910 materias
1449 883 1547 917 quibus
1573 884 1694 917 pascitur

905 931 996 958 carnis
1010 930 1245 964 concupiscentia;
1262 929 1422 964 comprimat
1435 929 1600 963 potatione,
1618 931 1696 957 vino-

906 975 1027 1007 lentiam,
1042 974 1187 1009 ingluviem
1199 993 1207 1005 .
1223 973 1444 1006 somnolentiam,
1466 981 1515 1000 nec
1536 978 1641 1001 tantum
1658 976 1698 1001 sic

907 1030 921 1049 a
942 1021 1020 1049 malis
1034 1020 1188 1053 abstineat,
1206 1020 1252 1048 sed
1268 1020 1350 1047 addat
1365 1019 1493 1047 humilem
1509 1020 1652 1054 spiritum;
1670 1021 1696 1047 in

907 1068 1072 1095 contritione
1087 1067 1188 1099 cordis,
1215 1066 1261 1093 Dei
1285 1069 1382 1093 contra
1408 1067 1550 1100 passiones
1568 1066 1696 1093 auxilitum

907 1114 1044 1148 imploret,
1059 1117 1086 1140 et
1102 1118 1166 1140 tune
1185 1112 1243 1147 ipse
1258 1119 1367 1146 quoque
1390 1112 1459 1139 dlt'cl
1479 1119 1485 1138 :
1505 1111 1563 1138 Vidi
1584 1113 1697 1146 impium

908 1160 1137 1193 superexaltatum
1154 1163 1181 1185 et
1195 1159 1329 1185 elevatum
1343 1158 1414 1184 sicut
1432 1158 1527 1185 cedros
1548 1158 1653 1187 Libani.
1671 1162 1699 1184 et

909 1204 1022 1232 transivi
1044 1204 1211 1238 aliquantum
1229 1206 1302 1238 post,
1315 1207 1342 1230 et
1366 1210 1430 1230 ecce
1444 1210 1496 1242 non
1510 1207 1579 1234 erat,
1605 1207 1631 1229 et
1651 1209 1699 1236 per

908 1251 1058 1278 orationem
1073 1250 1204 1278 humilem
1222 1250 1343 1284 quaisivi,
1355 1255 1383 1277 et
1403 1258 1455 1276 non
1470 1253 1514 1277 est
1527 1250 1654 1277 iuventus
1671 1249 1697 1275 in

910 1304 954 1325 me
969 1297 1045 1324 locus
1057 1296 1128 1331 ejus.
1143 1295 1252 1323 Rursus
1265 1296 1390 1323 iuoiestat
1406 1296 1494 1323 inanis
1508 1295 1601 1330 gloria:
1615 1296 1699 1321 ambi-

910 1343 964 1376 tio;
980 1347 1009 1369 tu
1025 1349 1090 1370 vero
1104 1342 1196 1370 animo
1210 1343 1340 1374 intentus,
1355 1347 1484 1376 stansque
1499 1347 1561 1369 ante
1580 1341 1697 1368 tribunal

910 1393 964 1416 tuae
975 1388 1159 1421 conscientiae,
1172 1390 1199 1415 in
1216 1389 1330 1415 mentem
1347 1388 1500 1422 evmigelit-a
1518 1395 1612 1414 revoca
1633 1395 1699 1414 cou-

911 1433 971 1462 silia
982 1442 995 1460 a
1008 1433 1122 1461 Domino
1130 1434 1190 1460 data
1203 1442 1210 1462 :
1221 1433 1247 1460 in
1260 1434 1467 1461 conversatione
1476 1432 1558 1459 nolite
1569 1432 1628 1459 aliis
1642 1439 1700 1459 ma-

911 1479 985 1515 jores
995 1480 1101 1513 videri;
1117 1480 1394 1514 virtutem,quantum
1411 1478 1531 1514 potes,in
1542 1478 1701 1505 abscondito

912 1531 1019 1557 exerce,
1043 1525 1076 1551 ad
1100 1523 1183 1551 Deum
1205 1524 1292 1551 solum
1315 1525 1511 1554 intendens,et
1532 1531 1546 1550 a
1566 1523 1622 1551 Deo
1643 1523 1700 1551 solo

74 1569 135 1597 Θεὸν
151 1571 234 1606 μόνον
252 1571 335 1606 δρῶν,
354 1572 401 1597 καὶ
416 1571 484 1606 παρ’
499 1571 582 1598 αὑτοῦ
612 1572 693 1607 μόνου
708 1572 851 1607 ὁρώμενος

941 1574 1088 1604 inspectus,
1101 1575 1128 1597 et
1140 1569 1220 1597 Pater
1237 1575 1311 1602 tuus,
1328 1570 1373 1604 qui
1390 1570 1462 1597 videt
1481 1570 1507 1596 in
1525 1570 1698 1602 abscondito,

74 1617 118 1643 καὶ
128 1617 143 1643 6
159 1617 256 1652 Πατήρ
268 1625 317 1643 σου
330 1617 345 1643 δ
358 1617 466 1652 βλέπων
481 1618 509 1644 ἐν
529 1617 568 1652 τῷ
587 1618 704 1653 κρυπτῷ
721 1618 858 1645 ἀποδώσει

76 1670 113 1689 σοι
127 1665 157 1688 ιν
169 1662 207 1697 τῷ
228 1663 351 1697 φανερῷ.
372 1663 403 1689 Εἰ
420 1662 450 1688 δὲ
469 1663 517 1689 καὶ
541 1663 611 1698 μετὰ
630 1664 660 1690 τὸ
674 1664 756 1699 κόψαι
770 1672 800 1690 σε
824 1664 858 1691 τὰ

75 1708 144 1734 σίτια
158 1708 278 1735 ἑκάστου
289 1708 344 1734 τῶν
353 1708 460 1741 παθῶν,
476 1709 558 1736 πάλιν
574 1710 678 1744 ἐνοχλεῖ
686 1711 738 1746 61
752 1711 858 1737 ἔνδοθεν

74 1754 235 1788 ὸλοτισμὸς,
254 1754 292 1789 μὴ
309 1754 430 1789 φοϐηθῇς
443 1762 450 1770 ·
468 1756 611 1790 στεφάνων
625 1756 679 1791 γὰρ
695 1757 800 1790 γίνεταὶ
816 1766 858 1784 σοι

77 1799 211 1832 πρόξενος,
245 1799 309 1825 ἐπεὶ
325 1799 443 1834 ἐνοχλῶν
471 1800 502 1826 οὐ
531 1801 634 1833 πείθει,
655 1801 716 1828 οὐδὲ
741 1802 858 1836 ἐνεργεῖ,

76 1844 140 1871 ἀλλὰ
169 1844 276 1878 κίνημά
308 1846 366 1871 ἐστι
393 1846 615 1880 νεναρκωμένον,
649 1847 686 1878 ώς
707 1847 859 1882 νικώμενον

75 1889 122 1916 ὑπὸ
137 1890 185 1917 τοῦ
203 1890 252 1916 σοῦ
271 1890 343 1917 κατὰ
360 1890 428 1917 Θεὸν
448 1891 564 1925 ἀγῶνος.
580 1883 716 1924 ⁵Τοιοῦτός
752 1895 825 1919 ἐστιν
844 1894 858 1919 6

75 1935 117 1962 τοῦ
132 1936 252 1971 σταυροῦ
263 1936 344 1970 λόγος
355 1945 363 1953 ·
376 1935 498 1968 τοιοῦτος
514 1937 542 1964 δὲ
556 1937 604 1971 ὢν,
620 1938 651 1964 οὺ
664 1939 746 1973 μόνον
758 1940 786 1965 ὲν
801 1941 858 1970 τοῖς

77 1981 228 2016 προφήταις
244 1981 301 2016 πρὸ
317 1981 363 2008 τοῦ
381 1981 552 2017 τελεσθῆναι,
570 1983 640 2010 ἀλλὰ
659 1984 707 2010 καὶ
723 1983 772 2010 νῦν
789 1985 860 2019 μετὰ

76 2027 102 2052 τὸ
130 2027 296 2061 τελεσθῆναι
326 2027 478 2062 μυστήριόν
511 2029 570 2054 ἐστι
599 2030 672 2063 μέγα
702 2030 750 2056 καὶ
773 2029 859 2062 ὅντως

75 2070 152 2097 θεῖον.
169 2072 230 2102 Πῶς
245 2079 253 2104 ;
268 2072 310 2098 ὅτι
326 2072 398 2098 κατὰ
414 2073 464 2107 μὲν
478 2073 509 2099 τὸ
528 2073 692 2108 φαινόμενον
706 2074 782 2100 δοκεῖ
792 2083 859 2109 προσ

76 2115 157 2147 ἐμεῖν
170 2117 287 2151 ἀτιμίαν
306 2117 397 2153 ἑαυτῷ
411 2119 425 2144 6
454 2118 600 2150 εὐτελίζων
619 2119 728 2152 ἑαυτὸν,
746 2120 794 2146 καὶ
812 2128 859 2146 τα.

75 2163 172 2189 κεινῶν
192 2165 222 2189 ιν
240 2164 320 2195 πᾶσι,
339 2164 385 2190 καὶ
404 2164 488 2190 πόνον
499 2165 548 2191 καὶ
572 2165 670 2198 ὀδύνην
693 2167 708 2191 δ
733 2166 783 2196 τὰς
806 2174 857 2193 σω-

77 2208 188 2240 ματικὰς
217 2208 328 2241 φεύγων
359 2209 468 2243 ἡδονὰς,
498 2211 545 2236 καὶ
572 2211 587 2236 ό
617 2210 706 2242 διδοὺς
733 2213 768 2237 τᾲι
794 2211 858 2238 bit-ra.

913 1615 1007 1643 reddet
1023 1617 1069 1643 tibi
1084 1616 1111 1643 in
1132 1621 1237 1650 aperto.
1250 1615 1364 1648 Deinde,
1381 1615 1403 1643 si
1420 1616 1520 1642 avulsis
1532 1615 1699 1651 singularum

912 1663 1088 1697 cupiditatum
1116 1663 1320 1695 incitamentis,
1346 1669 1440 1690 rursus
1463 1669 1556 1689 earum
1581 1662 1699 1689 interius

912 1708 1056 1736 molestam
1071 1708 1219 1740 illecebrm,
1236 1708 1290 1734 no'li
1304 1708 1415 1741 timere;
1434 1715 1564 1735 coronam
1579 1707 1627 1735 tibi
1647 1708 1700 1735 im-

911 1753 1019 1788 pertiet.
1031 1753 1093 1787 quia
1110 1753 1279 1781 molostando
1299 1762 1350 1780 non
1368 1754 1482 1781 suadent
1498 1761 1546 1782 nec
1561 1759 1700 1788 crescunt,

912 1800 958 1827 sed
972 1800 1062 1834 potius
1079 1803 1236 1834 torpescunt
1259 1803 1306 1826 ttto
1328 1799 1439 1826 brachio
1455 1801 1601 1828 secundmu
1617 1802 1700 1829 Deum

903 1846 1059 1873 rdimicante
1072 1850 1209 1879 snperata.
1224 1845 1297 1872 Talis
1315 1847 1375 1879 ejus
1388 1850 1430 1873 est
1444 1846 1536 1873 crucis
1557 1855 1659 1879 sermo,
1674 1853 1702 1874 et

912 1899 941 1920 ut
959 1893 1032 1924 talis|
1051 1900 1104 1919 nou
1120 1896 1224 1919 tantum
1243 1893 1384 1926 prophetis
1403 1893 1562 1927 priusquam
1585 1894 1701 1928 perlice-

911 1942 997 1970 retur,
1014 1938 1059 1966 sed
1077 1938 1157 1965 etiam
1171 1942 1232 1972 post
1245 1938 1406 1973 perfectum,
1434 1946 1562 1973 magnum
1586 1945 1628 1967 est
1644 1947 1700 1975 my-

912 1983 1023 2010 sterium
1038 1990 1155 2017 vereque
1169 1983 1301 2010 divinum.
1319 1984 1429 2016 Quare?
1443 1984 1506 2018 quia
1523 1985 1544 2010 si
1560 1992 1591 2011 ex
1608 1985 1700 2019 specie

909 2029 1016 2063 judicas
1030 2048 1037 2061 ,
1053 2029 1159 2056 videtur
1174 2029 1284 2063 quidem
1314 2029 1474 2063 sibimetipsi
1505 2030 1621 2057 dedecus
1652 2038 1700 2064 pa-

917 2082 979 2101 rare
994 2075 1039 2109 qui
1058 2082 1088 2102 se
1108 2075 1232 2108 reprimit
1245 2080 1272 2101 et
1289 2075 1315 2101 in
1332 2075 1458 2102 oumibns
1472 2075 1604 2109 lmmiliat,
1623 2076 1698 2104 labo-

912 2128 969 2148 rem
984 2125 1012 2148 et
1023 2121 1153 2154 dolorem,
1165 2121 1209 2156 qtti
1222 2128 1347 2149 sensuum
1361 2121 1428 2157 fugit
1439 2123 1600 2157 voluptates,
1613 2129 1639 2150 et
1652 2125 1699 2159 qui

912 2175 962 2194 sua
978 2167 1050 2194 bona
1067 2167 1173 2200 abnuit,
1194 2165 1383 2203 paupertatem
1406 2173 1624 2204 comparaturus.
1653 2169 1701 2197 liei

912 2219 1001 2241 autem
1018 2214 1117 2241 virtute
1141 2215 1198 2248 ipsa
1223 2220 1368 2250 paupertas
1389 2220 1416 2242 et
1437 2216 1513 2242 dolor
1536 2221 1562 2242 et
1580 2216 1702 2244 dedecus

75 2254 206 2288 πτωχείας
236 2254 328 2289 ἑαυτῷ
351 2255 439 2286 αἴτιος
469 2255 660 2289 καθίστασθαι,
691 2257 736 2283 διὰ
757 2257 785 2283 δὲ
808 2257 851 2291 τῆς

941 2260 1024 2287 oriam
1048 2265 1178 2287 aeternam
1203 2265 1230 2288 et
1252 2261 1416 2296 voluptatem
1443 2261 1653 2289 inenarrabilcm
1674 2270 1702 2290 t't

75 2300 116 2325 τοῦ
131 2300 200 2327 Θευῦ
228 2301 374 2335 δυνάμεως
397 2302 415 2336 ἠ
438 2303 560 2336 πτωχεία
582 2303 652 2338 αὓτη
672 2304 753 2339 καὶὴ
777 2304 857 2338 ὀδύνη

75 2346 146 2381 καὶὴ
163 2347 262 2380 ἀτιμία
285 2347 367 2379 δόξαν
388 2347 499 2374 αίώνιον
519 2350 567 2374 καὶ
595 2350 694 2384 ἡδονὴν
720 2350 859 2384 ἁνὲκφρα-

77 2399 134 2417 οτον
150 2393 199 2418 καὶ
214 2392 330 2419 πλοῦτον
354 2393 528 2428 ἀδαπάνητυν
548 2395 630 2430 γεννᾷ
644 2396 692 2422 καὶ
717 2397 787 2422 κατὰ
812 2398 858 2422 τὸν

76 2438 196 2470 παρόντα
219 2439 266 2464 καὶ
286 2440 359 2465 κατὰ
377 2440 424 2465 τὸν
453 2439 585 2474 μέλλοντα
615 2442 719 2467 ἐκεῖνον
743 2441 857 2476 κόσμον.

78 2481 127 2507 Καὶ
143 2482 208 2513 τοὺς
224 2483 262 2517 μὴ
278 2483 360 2509 τοῦτο
378 2483 567 2517 πιστεύοντας,
582 2485 631 2511 καὶ
654 2486 704 2520 τὴν
725 2485 818 2511 πίστιν
834 2485 858 2512 6'

76 2526 156 2560 ἔργων
179 2529 424 2564 ἐπιδεικνυμένους
451 2531 508 2562 τοῖς
525 2531 724 2567 ἀπολλυμένοις
743 2533 858 2559 συντάτ-

75 2579 121 2603 ut,
137 2573 182 2598 καὶ
199 2574 295 2605 αὐτοῖς
309 2575 368 2605 τοῖς
385 2574 526 2611 Ἓλλησιν,
540 2577 554 2602 ό
567 2577 675 2606 ﬂatile.-
689 2585 697 2592 ⁸
717 2586 727 2603 ι
747 2577 858 2613 Κηρύσ-

77 2623 153 2648 σομεν
167 2618 232 2651 γᾶιρ⁹
245 2619 326 2652 φησι.
340 2619 459 2654 Χριστὸν
472 2622 693 2657 ἐσταυρωμένον,
717 2622 857 2653 Ἰουδαίοις

77 2662 122 2694 νέν
137 2665 285 2691 σκὰνδαλον
300 2666 355 2693 .διὰ
370 2668 421 2702 τὴν
447 2668 516 2703 πρὸς
541 2669 571 2695 τὸ
599 2669 736 2704 σωτήριον
769 2669 855 2701 πάθος

76 2709 209 2742 ἀπιστίαν,
228 2711 345 2746 Ἕλλησι
357 2713 386 2739 δέ
405 2715 522 2749 μωρίαν,
537 2715 576 2747 ὡς
598 2715 681 2750 μηδὲν
696 2715 750 2741 τῶν
769 2722 855 2750 προσ-

911 2305 1021 2333 divitias
1041 2306 1217 2334 inexhaustas
1233 2311 1383 2342 generant,
1402 2311 1429 2335 et
1447 2315 1494 2343 pro
1518 2313 1651 2343 prasente
1674 2313 1701 2336 et

911 2356 959 2383 pro
981 2349 1073 2376 futuro
1089 2349 1199 2377 stcculo.
1226 2350 1288 2378 Ηίρο
1308 2359 1360 2378 non
1386 2355 1538 2385 credentes,
1554 2361 1602 2380 uec
1619 2353 1698 2381 iidem

912 2402 960 2428 per
973 2402 1055 2429 opera
1075 2394 1282 2423 manifestantes
1297 2396 1460 2425 damnandis
1482 2403 1507 2424 et
1532 2399 1596 2432 ipsis
1612 2402 1698 2434 geriti-

912 2441 984 2468 libus
996 2442 1157 2468 adnumerat
1171 2441 1271 2470 Paulus
1280 2443 1389 2470 dicens:
1404 2444 1601 2472 «Prmdicamus
1617 2447 1698 2473 Citri-

911 2490 981 2513 stum
999 2486 1171 2519 crucifixum,
1191 2486 1293 2515 Judteis
1313 2489 1422 2522 quidem
1445 2489 1611 2522 scandalum,
1635 2492 1699 2525 quia

907 2538 961 2558 non
987 2532 1140 2558 creduntin
1165 2532 1316 2566 passionem
1342 2534 1527 2566 salutiferam;
1552 2536 1699 2569 gentilibus

908 2583 972 2603 vero
992 2576 1146 2607 stultitiam,
1164 2577 1226 2612 quia
1250 2577 1315 2604 nihil
1341 2578 1421 2605 rebus
1440 2580 1613 2607 terrestribus
1631 2589 1697 2615 pra--

908 2626 1022 2656 ponunt,
1040 2629 1090 2649 nee
1106 2622 1160 2650 ullo
1181 2622 1260 2650 modo
1276 2624 1388 2650 credunt
1408 2624 1433 2650 in
1464 2624 1554 2651 divina
1575 2625 1697 2660 Evange-

907 2669 962 2700 lia;
989 2668 1068 2695 nobis
1091 2673 1180 2695 autem
1195 2668 1290 2696 electis
1305 2668 1445 2696 Christum
1462 2669 1507 2697 Dei
1525 2671 1653 2699 virtutem
1668 2677 1697 2700 et

909 2714 956 2741 Dei
972 2713 1134 2749 sapientiam
1151 2715 1183 2741 ".
1204 2724 1214 2740 ι

77 2755 172 2790 κείρων
208 2758 376 2792 προτιμῶσι,
411 2760 456 2787 διὰ
491 2762 540 2796 τὴν
580 2762 648 2796 πρὸς
674 2761 724 2793 τὰς
758 2762 834 2793 θείας
854 2761 1020 2795 ἐπαγγελίας
1054 2761 1164 2793 πάντως
1198 2761 1428 2798 ἁπιστίαϊήμῖν
1444 2762 1472 2789 δὲ
1499 2764 1557 2796 τοῖς
1586 2765 1697 2802 κλητοῖς

78 2801 185 2837 Χριστὸν
198 2805 268 2831 Θεοῦ
280 2805 396 2842 δύναμιν
415 2809 460 2834 καὶ
477 2809 544 2836 Θεοῦ
562 2811 669 2844 σοφίαν.
690 2819 699 2835 ι

103 2891 129 2926 ,⁸³
145 2892 227 2921 ιαυτ.
241 2901 261 2926 t,
272 2894 320 2921 ‘23.
