  <div class='ocr_page' id='page_1' title='image "/cluster/home/n/w/nwhite01/storage/ocr_20150623/151/njp.32101077773198/089.png"; bbox 0 0 1873 3076; ppageno 0'>
   <div class='ocr_carea' id='block_1_1' title="bbox 191 125 244 160">
    <p class='ocr_par' dir='ltr' id='par_1_1' title="bbox 191 125 244 160">
     <span class='ocr_line' id='line_1_1' title="bbox 191 125 244 160; baseline -0.038 0"><span class='ocrx_word' id='word_1_1' title='bbox 191 125 244 160; x_wconf 60' lang='grc'><strong>143</strong></span> 
     </span>
    </p>
   </div>
   <div class='ocr_carea' id='block_1_2' title="bbox 805 136 1179 168">
    <p class='ocr_par' dir='ltr' id='par_1_2' title="bbox 805 136 1179 168">
     <span class='ocr_line' id='line_1_2' title="bbox 805 136 1179 168; baseline 0.005 -2"><span class='ocrx_word' id='word_1_2' title='bbox 805 136 826 166; x_wconf 83' lang='lat' dir='ltr'>G</span> <span class='ocrx_word' id='word_1_3' title='bbox 835 136 998 166; x_wconf 78' lang='lat' dir='ltr'><strong>REGORII</strong></span> <span class='ocrx_word' id='word_1_4' title='bbox 1019 137 1060 166; x_wconf 69' lang='lat' dir='ltr'><strong>PA</strong></span> <span class='ocrx_word' id='word_1_5' title='bbox 1066 138 1111 168; x_wconf 88' lang='lat' dir='ltr'><strong>LA</strong></span> <span class='ocrx_word' id='word_1_6' title='bbox 1118 139 1141 167; x_wconf 84' lang='lat' dir='ltr'>M</span> <span class='ocrx_word' id='word_1_7' title='bbox 1149 139 1179 168; x_wconf 75' lang='grc' dir='ltr'><strong>,Ε</strong></span> 
     </span>
    </p>
   </div>
   <div class='ocr_carea' id='block_1_3' title="bbox 1761 137 1809 169">
    <p class='ocr_par' dir='ltr' id='par_1_3' title="bbox 1761 137 1809 169">
     <span class='ocr_line' id='line_1_3' title="bbox 1761 137 1809 169; baseline 0 -1"><span class='ocrx_word' id='word_1_8' title='bbox 1761 137 1809 169; x_wconf 64' lang='lat' dir='ltr'><strong>iii</strong></span> 
     </span>
    </p>
   </div>
   <div class='ocr_carea' id='block_1_4' title="bbox 227 183 966 228">
    <p class='ocr_par' dir='ltr' id='par_1_4' title="bbox 227 183 966 226">
     <span class='ocr_line' id='line_1_4' title="bbox 227 183 966 226; baseline 0.008 -16"><span class='ocrx_word' id='word_1_9' title='bbox 227 183 281 210; x_wconf 87' lang='lat' dir='ltr'><strong>lloc</strong></span> <span class='ocrx_word' id='word_1_10' title='bbox 305 187 346 210; x_wconf 81' lang='lat' dir='ltr'><strong>cst</strong></span> <span class='ocrx_word' id='word_1_11' title='bbox 371 190 435 217; x_wconf 79' lang='lat' dir='ltr'><strong>ergo</strong></span> <span class='ocrx_word' id='word_1_12' title='bbox 465 183 509 211; x_wconf 86' lang='lat' dir='ltr'><strong>Dei</strong></span> <span class='ocrx_word' id='word_1_13' title='bbox 540 185 670 220; x_wconf 68' lang='grc' dir='ltr'>επρίιιηιῐο</span> <span class='ocrx_word' id='word_1_14' title='bbox 702 193 727 215; x_wconf 91' lang='lat' dir='ltr'><strong>ct</strong></span> <span class='ocrx_word' id='word_1_15' title='bbox 748 189 844 224; x_wconf 87' lang='lat' dir='ltr'><strong>virtus,</strong></span> <span class='ocrx_word' id='word_1_16' title='bbox 860 191 966 226; x_wconf 87' lang='lat' dir='ltr'><strong>seipsun</strong></span> 
     </span>
    </p>
   </div>
   <div class='ocr_carea' id='block_1_5' title="bbox 1070 183 1809 228">
    <p class='ocr_par' dir='ltr' id='par_1_5' title="bbox 1070 192 1809 228">
     <span class='ocr_line' id='line_1_5' title="bbox 1070 192 1809 228; baseline 0.004 -10"><span class='ocrx_word' id='word_1_17' title='bbox 1070 192 1151 218; x_wconf 84' lang='grc' dir='ltr'>Τοῦτο</span> <span class='ocrx_word' id='word_1_18' title='bbox 1161 192 1207 219; x_wconf 77' lang='grc' dir='ltr'>οὖν</span> <span class='ocrx_word' id='word_1_19' title='bbox 1222 193 1237 228; x_wconf 86' lang='grc' dir='ltr'><strong>ή</strong></span> <span class='ocrx_word' id='word_1_20' title='bbox 1255 192 1301 219; x_wconf 76' lang='grc' dir='ltr'><strong>τἰὖ</strong></span> <span class='ocrx_word' id='word_1_21' title='bbox 1315 193 1382 219; x_wconf 81' lang='grc' dir='ltr'><strong>Θ;οὖ</strong></span> <span class='ocrx_word' id='word_1_22' title='bbox 1399 193 1480 227; x_wconf 68' lang='grc' dir='ltr'>σηοία</span> <span class='ocrx_word' id='word_1_23' title='bbox 1504 193 1551 220; x_wconf 57' lang='grc' dir='ltr'><strong>καῖ</strong></span> <span class='ocrx_word' id='word_1_24' title='bbox 1566 192 1693 228; x_wconf 83' lang='grc' dir='ltr'>δύναμις,</span> <span class='ocrx_word' id='word_1_25' title='bbox 1722 194 1753 220; x_wconf 84' lang='grc' dir='ltr'>τὸ</span> <span class='ocrx_word' id='word_1_26' title='bbox 1776 194 1809 221; x_wconf 85' lang='grc' dir='ltr'><strong>δι’</strong></span> 
     </span>
    </p>
   </div>
   <div class='ocr_carea' id='block_1_6' title="bbox 189 229 978 267">
    <p class='ocr_par' dir='ltr' id='par_1_6' title="bbox 189 229 978 267">
     <span class='ocr_line' id='line_1_6' title="bbox 189 229 978 267; baseline 0.01 -11"><span class='ocrx_word' id='word_1_27' title='bbox 189 236 239 263; x_wconf 84' lang='lat' dir='ltr'><strong>per</strong></span> <span class='ocrx_word' id='word_1_28' title='bbox 267 229 450 256; x_wconf 82' lang='lat' dir='ltr'><strong>inﬁrmitatem</strong></span> <span class='ocrx_word' id='word_1_29' title='bbox 483 231 601 264; x_wconf 74' lang='lat' dir='ltr'><strong>vincere,</strong></span> <span class='ocrx_word' id='word_1_30' title='bbox 627 240 674 267; x_wconf 86' lang='lat' dir='ltr'><strong>per</strong></span> <span class='ocrx_word' id='word_1_31' title='bbox 699 235 876 263; x_wconf 76' lang='lat' dir='ltr'><strong>humilitatem</strong></span> <span class='ocrx_word' id='word_1_32' title='bbox 904 237 978 264; x_wconf 78' lang='lat' dir='ltr'><strong>exal-</strong></span> 
     </span>
    </p>
   </div>
   <div class='ocr_carea' id='block_1_7' title="bbox 191 275 978 309">
    <p class='ocr_par' dir='ltr' id='par_1_7' title="bbox 191 275 978 309">
     <span class='ocr_line' id='line_1_7' title="bbox 191 275 978 309; baseline 0.01 -8"><span class='ocrx_word' id='word_1_33' title='bbox 191 275 252 305; x_wconf 74' lang='lat' dir='ltr'><strong>tari.</strong></span> <span class='ocrx_word' id='word_1_34' title='bbox 268 282 316 309; x_wconf 86' lang='lat' dir='ltr'><strong>per</strong></span> <span class='ocrx_word' id='word_1_35' title='bbox 335 279 520 309; x_wconf 74' lang='lat' dir='ltr'><strong>paupertatem</strong></span> <span class='ocrx_word' id='word_1_36' title='bbox 537 277 627 305; x_wconf 88' lang='lat' dir='ltr'><strong>ditari.</strong></span> <span class='ocrx_word' id='word_1_37' title='bbox 657 279 709 306; x_wconf 84' lang='lat' dir='ltr'><strong>Sed</strong></span> <span class='ocrx_word' id='word_1_38' title='bbox 732 288 784 307; x_wconf 91' lang='lat' dir='ltr'><strong>non</strong></span> <span class='ocrx_word' id='word_1_39' title='bbox 808 288 898 308; x_wconf 88' lang='lat' dir='ltr'><strong>sermo</strong></span> <span class='ocrx_word' id='word_1_40' title='bbox 917 286 978 309; x_wconf 86' lang='lat' dir='ltr'><strong>tau-</strong></span> 
     </span>
    </p>
   </div>
   <div class='ocr_carea' id='block_1_8' title="bbox 188 322 977 362">
    <p class='ocr_par' dir='ltr' id='par_1_8' title="bbox 188 322 977 362">
     <span class='ocr_line' id='line_1_8' title="bbox 188 322 977 362; baseline 0.009 -15"><span class='ocrx_word' id='word_1_41' title='bbox 188 325 246 348; x_wconf 90' lang='lat' dir='ltr'><strong>tum</strong></span> <span class='ocrx_word' id='word_1_42' title='bbox 271 325 296 348; x_wconf 91' lang='lat' dir='ltr'><strong>et</strong></span> <span class='ocrx_word' id='word_1_43' title='bbox 319 322 479 356; x_wconf 79' lang='lat' dir='ltr'><strong>mysterium</strong></span> <span class='ocrx_word' id='word_1_44' title='bbox 504 323 603 355; x_wconf 86' lang='lat' dir='ltr'><strong>crucis,</strong></span> <span class='ocrx_word' id='word_1_45' title='bbox 622 325 666 351; x_wconf 77' lang='lat' dir='ltr'><strong>sed</strong></span> <span class='ocrx_word' id='word_1_46' title='bbox 692 330 719 352; x_wconf 91' lang='lat' dir='ltr'><strong>et</strong></span> <span class='ocrx_word' id='word_1_47' title='bbox 743 326 800 360; x_wconf 86' lang='lat' dir='ltr'><strong>ipse</strong></span> <span class='ocrx_word' id='word_1_48' title='bbox 830 331 910 362; x_wconf 82' lang='lat' dir='ltr'><strong>typus</strong></span> <span class='ocrx_word' id='word_1_49' title='bbox 937 328 977 354; x_wconf 86' lang='lat' dir='ltr'><strong>(li-</strong></span> 
     </span>
    </p>
   </div>
   <div class='ocr_carea' id='block_1_9' title="bbox 189 367 976 405">
    <p class='ocr_par' dir='ltr' id='par_1_9' title="bbox 189 367 976 405">
     <span class='ocr_line' id='line_1_9' title="bbox 189 367 976 405; baseline 0.008 -12"><span class='ocrx_word' id='word_1_50' title='bbox 189 367 268 393; x_wconf 85' lang='lat' dir='ltr'><strong>vinns</strong></span> <span class='ocrx_word' id='word_1_51' title='bbox 293 371 318 393; x_wconf 87' lang='lat' dir='ltr'><strong>et</strong></span> <span class='ocrx_word' id='word_1_52' title='bbox 350 367 508 394; x_wconf 85' lang='lat' dir='ltr'><strong>adoratione</strong></span> <span class='ocrx_word' id='word_1_53' title='bbox 539 369 645 404; x_wconf 77' lang='lat' dir='ltr'><strong>dignus,</strong></span> <span class='ocrx_word' id='word_1_54' title='bbox 670 370 777 405; x_wconf 79' lang='lat' dir='ltr'><strong>signum</strong></span> <span class='ocrx_word' id='word_1_55' title='bbox 804 377 846 399; x_wconf 62' lang='lat' dir='ltr'><strong>est</strong></span> <span class='ocrx_word' id='word_1_56' title='bbox 869 380 976 399; x_wconf 84' lang='lat' dir='ltr'><strong>sacrum</strong></span> 
     </span>
    </p>
   </div>
   <div class='ocr_carea' id='block_1_10' title="bbox 188 412 975 449">
    <p class='ocr_par' dir='ltr' id='par_1_10' title="bbox 188 412 975 449">
     <span class='ocr_line' id='line_1_10' title="bbox 188 412 975 449; baseline 0.008 -11"><span class='ocrx_word' id='word_1_57' title='bbox 188 416 215 438; x_wconf 90' lang='lat' dir='ltr'><strong>et</strong></span> <span class='ocrx_word' id='word_1_58' title='bbox 235 412 353 438; x_wconf 88' lang='lat' dir='ltr'><strong>salutare</strong></span> <span class='ocrx_word' id='word_1_59' title='bbox 380 416 408 438; x_wconf 92' lang='lat' dir='ltr'><strong>et</strong></span> <span class='ocrx_word' id='word_1_60' title='bbox 435 415 629 445; x_wconf 84' lang='lat' dir='ltr'><strong>venerandum,</strong></span> <span class='ocrx_word' id='word_1_61' title='bbox 661 421 707 449; x_wconf 83' lang='lat' dir='ltr'><strong>per</strong></span> <span class='ocrx_word' id='word_1_62' title='bbox 731 417 803 449; x_wconf 86' lang='lat' dir='ltr'><strong>quod</strong></span> <span class='ocrx_word' id='word_1_63' title='bbox 836 417 975 445; x_wconf 80' lang='lat' dir='ltr'><strong>innumera</strong></span> 
     </span>
    </p>
   </div>
   <div class='ocr_carea' id='block_1_11' title="bbox 187 456 976 489">
    <p class='ocr_par' dir='ltr' id='par_1_11' title="bbox 187 456 976 489">
     <span class='ocr_line' id='line_1_11' title="bbox 187 456 976 489; baseline 0.006 -5"><span class='ocrx_word' id='word_1_64' title='bbox 187 462 215 484; x_wconf 90' lang='lat' dir='ltr'><strong>et</strong></span> <span class='ocrx_word' id='word_1_65' title='bbox 239 456 386 484; x_wconf 82' lang='lat' dir='ltr'><strong>inell&#39;abilia</strong></span> <span class='ocrx_word' id='word_1_66' title='bbox 403 457 540 484; x_wconf 88' lang='lat' dir='ltr'><strong>hominum</strong></span> <span class='ocrx_word' id='word_1_67' title='bbox 555 465 585 484; x_wconf 85' lang='lat' dir='ltr'><strong>ex</strong></span> <span class='ocrx_word' id='word_1_68' title='bbox 602 458 654 485; x_wconf 86' lang='lat' dir='ltr'><strong>Deo</strong></span> <span class='ocrx_word' id='word_1_69' title='bbox 670 465 797 487; x_wconf 82' lang='lat' dir='ltr'><strong>natorum</strong></span> <span class='ocrx_word' id='word_1_70' title='bbox 821 461 889 488; x_wconf 76' lang='lat' dir='ltr'><strong>baua</strong></span> <span class='ocrx_word' id='word_1_71' title='bbox 911 469 976 489; x_wconf 81' lang='lat' dir='ltr'><strong>sau-</strong></span> 
     </span>
    </p>
   </div>
   <div class='ocr_carea' id='block_1_12' title="bbox 187 503 976 537">
    <p class='ocr_par' dir='ltr' id='par_1_12' title="bbox 187 503 976 537">
     <span class='ocr_line' id='line_1_12' title="bbox 187 503 976 537; baseline 0.006 -8"><span class='ocrx_word' id='word_1_72' title='bbox 187 503 342 529; x_wconf 83' lang='lat' dir='ltr'><strong>ctitieantnr</strong></span> <span class='ocrx_word' id='word_1_73' title='bbox 374 507 401 530; x_wconf 89' lang='lat' dir='ltr'><strong>et</strong></span> <span class='ocrx_word' id='word_1_74' title='bbox 437 503 631 537; x_wconf 82' lang='lat' dir='ltr'><strong>perﬁciuntur,</strong></span> <span class='ocrx_word' id='word_1_75' title='bbox 660 504 815 533; x_wconf 71' lang='lat' dir='ltr'><strong>maledictio</strong></span> <span class='ocrx_word' id='word_1_76' title='bbox 841 511 868 533; x_wconf 92' lang='lat' dir='ltr'><strong>et</strong></span> <span class='ocrx_word' id='word_1_77' title='bbox 900 507 976 534; x_wconf 80' lang='lat' dir='ltr'><strong>dam-</strong></span> 
     </span>
    </p>
   </div>
   <div class='ocr_carea' id='block_1_13' title="bbox 186 547 974 584">
    <p class='ocr_par' dir='ltr' id='par_1_13' title="bbox 186 547 974 584">
     <span class='ocr_line' id='line_1_13' title="bbox 186 547 974 584; baseline 0.008 -11"><span class='ocrx_word' id='word_1_78' title='bbox 186 547 260 574; x_wconf 92' lang='lat' dir='ltr'><strong>natio</strong></span> <span class='ocrx_word' id='word_1_79' title='bbox 277 548 417 579; x_wconf 87' lang='lat' dir='ltr'><strong>tolluntur,</strong></span> <span class='ocrx_word' id='word_1_80' title='bbox 432 552 520 575; x_wconf 87' lang='lat' dir='ltr'><strong>metus</strong></span> <span class='ocrx_word' id='word_1_81' title='bbox 535 553 561 576; x_wconf 91' lang='lat' dir='ltr'><strong>et</strong></span> <span class='ocrx_word' id='word_1_82' title='bbox 585 557 658 577; x_wconf 89' lang='lat' dir='ltr'><strong>mors</strong></span> <span class='ocrx_word' id='word_1_83' title='bbox 681 551 841 578; x_wconf 80' lang='lat' dir='ltr'><strong>auferuntur</strong></span> <span class='ocrx_word' id='word_1_84' title='bbox 851 573 858 584; x_wconf 82' lang='lat'><strong>,</strong></span> <span class='ocrx_word' id='word_1_85' title='bbox 873 557 974 579; x_wconf 78' lang='lat' dir='ltr'><strong>rcterna</strong></span> 
     </span>
    </p>
   </div>
   <div class='ocr_carea' id='block_1_14' title="bbox 185 594 976 633">
    <p class='ocr_par' dir='ltr' id='par_1_14' title="bbox 185 594 976 633">
     <span class='ocr_line' id='line_1_14' title="bbox 185 594 976 633; baseline 0.008 -14"><span class='ocrx_word' id='word_1_86' title='bbox 185 595 240 620; x_wconf 75' lang='lat' dir='ltr'><strong>vita</strong></span> <span class='ocrx_word' id='word_1_87' title='bbox 254 598 280 620; x_wconf 86' lang='lat' dir='ltr'><strong>et</strong></span> <span class='ocrx_word' id='word_1_88' title='bbox 297 594 447 621; x_wconf 77' lang='lat' dir='ltr'><strong>benedictio</strong></span> <span class='ocrx_word' id='word_1_89' title='bbox 461 594 627 627; x_wconf 87' lang='lat' dir='ltr'><strong>tribntmtnr,</strong></span> <span class='ocrx_word' id='word_1_90' title='bbox 651 596 747 624; x_wconf 82' lang='lat' dir='ltr'><strong>salutis</strong></span> <span class='ocrx_word' id='word_1_91' title='bbox 763 597 878 631; x_wconf 76' lang='lat' dir='ltr'><strong>lignum,</strong></span> <span class='ocrx_word' id='word_1_92' title='bbox 897 605 976 633; x_wconf 87' lang='lat' dir='ltr'><strong>seep-</strong></span> 
     </span>
    </p>
   </div>
   <div class='ocr_carea' id='block_1_15' title="bbox 187 640 975 677">
    <p class='ocr_par' dir='ltr' id='par_1_15' title="bbox 187 640 975 677">
     <span class='ocr_line' id='line_1_15' title="bbox 187 640 975 677; baseline 0.006 -11"><span class='ocrx_word' id='word_1_93' title='bbox 187 645 259 666; x_wconf 86' lang='lat' dir='ltr'><strong>trum</strong></span> <span class='ocrx_word' id='word_1_94' title='bbox 290 640 369 674; x_wconf 70' lang='lat' dir='ltr'><strong>regiat</strong></span> <span class='ocrx_word' id='word_1_95' title='bbox 390 641 551 674; x_wconf 83' lang='lat' dir='ltr'><strong>potestatis,</strong></span> <span class='ocrx_word' id='word_1_96' title='bbox 577 641 677 668; x_wconf 64' lang='lat' dir='ltr'><strong>divinae</strong></span> <span class='ocrx_word' id='word_1_97' title='bbox 699 646 827 677; x_wconf 61' lang='lat' dir='ltr'><strong>tropaeum</strong></span> <span class='ocrx_word' id='word_1_98' title='bbox 856 644 975 672; x_wconf 65' lang='lat' dir='ltr'><strong>victoriae</strong></span> 
     </span>
    </p>
   </div>
   <div class='ocr_carea' id='block_1_16' title="bbox 187 686 974 724">
    <p class='ocr_par' dir='ltr' id='par_1_16' title="bbox 187 686 974 724">
     <span class='ocr_line' id='line_1_16' title="bbox 187 686 974 724; baseline 0.005 -11"><span class='ocrx_word' id='word_1_99' title='bbox 187 689 212 713; x_wconf 92' lang='lat' dir='ltr'><strong>in</strong></span> <span class='ocrx_word' id='word_1_100' title='bbox 233 687 325 713; x_wconf 78' lang='lat' dir='ltr'><strong>hostes</strong></span> <span class='ocrx_word' id='word_1_101' title='bbox 345 693 401 712; x_wconf 84' lang='lat' dir='ltr'><strong>tum</strong></span> <span class='ocrx_word' id='word_1_102' title='bbox 421 686 551 718; x_wconf 86' lang='lat' dir='ltr'><strong>visibiles,</strong></span> <span class='ocrx_word' id='word_1_103' title='bbox 571 692 626 713; x_wconf 88' lang='lat' dir='ltr'><strong>tum</strong></span> <span class='ocrx_word' id='word_1_104' title='bbox 656 687 818 718; x_wconf 88' lang='lat' dir='ltr'><strong>invisibiles.</strong></span> <span class='ocrx_word' id='word_1_105' title='bbox 845 690 974 724; x_wconf 88' lang='lat' dir='ltr'><strong>quidquid</strong></span> 
     </span>
    </p>
   </div>
   <div class='ocr_carea' id='block_1_17' title="bbox 186 731 973 765">
    <p class='ocr_par' dir='ltr' id='par_1_17' title="bbox 186 731 973 765">
     <span class='ocr_line' id='line_1_17' title="bbox 186 731 973 765; baseline 0.005 -7"><span class='ocrx_word' id='word_1_106' title='bbox 186 733 349 759; x_wconf 71' lang='lat' dir='ltr'><strong>insanientes</strong></span> <span class='ocrx_word' id='word_1_107' title='bbox 369 732 551 765; x_wconf 75' lang='lat' dir='ltr'><strong>blnsphemenl</strong></span> <span class='ocrx_word' id='word_1_108' title='bbox 569 731 616 759; x_wconf 84' lang='lat' dir='ltr'><strong>lilii</strong></span> <span class='ocrx_word' id='word_1_109' title='bbox 636 733 812 760; x_wconf 77' lang='lat' dir='ltr'><strong>inﬁdelitatis.</strong></span> <span class='ocrx_word' id='word_1_110' title='bbox 829 733 888 761; x_wconf 86' lang='lat' dir='ltr'><strong>Non</strong></span> <span class='ocrx_word' id='word_1_111' title='bbox 901 735 973 762; x_wconf 89' lang='lat' dir='ltr'><strong>enim</strong></span> 
     </span>
    </p>
   </div>
   <div class='ocr_carea' id='block_1_18' title="bbox 185 777 976 814">
    <p class='ocr_par' dir='ltr' id='par_1_18' title="bbox 185 777 976 814">
     <span class='ocr_line' id='line_1_18' title="bbox 185 777 976 814; baseline 0.004 -11"><span class='ocrx_word' id='word_1_112' title='bbox 185 778 251 812; x_wconf 80' lang='lat' dir='ltr'><strong>ipsis</strong></span> <span class='ocrx_word' id='word_1_113' title='bbox 265 777 381 810; x_wconf 66' lang='lat' dir='ltr'><strong>contigit</strong></span> <span class='ocrx_word' id='word_1_114' title='bbox 395 777 516 811; x_wconf 75' lang='lat' dir='ltr'><strong>Apostoli</strong></span> <span class='ocrx_word' id='word_1_115' title='bbox 533 783 622 804; x_wconf 87' lang='lat' dir='ltr'><strong>votum</strong></span> <span class='ocrx_word' id='word_1_116' title='bbox 636 778 669 809; x_wconf 82' lang='lat'><strong>&quot;.</strong></span> <span class='ocrx_word' id='word_1_117' title='bbox 684 783 710 804; x_wconf 92' lang='lat' dir='ltr'><strong>ut</strong></span> <span class='ocrx_word' id='word_1_118' title='bbox 727 783 837 812; x_wconf 53' lang='lat' dir='ltr'><strong>possent</strong></span> <span class='ocrx_word' id='word_1_119' title='bbox 854 787 976 814; x_wconf 84' lang='lat' dir='ltr'><strong>compre-</strong></span> 
     </span>
    </p>
   </div>
   <div class='ocr_carea' id='block_1_19' title="bbox 185 823 974 858">
    <p class='ocr_par' dir='ltr' id='par_1_19' title="bbox 185 823 974 858">
     <span class='ocr_line' id='line_1_19' title="bbox 185 823 974 858; baseline 0.004 -8"><span class='ocrx_word' id='word_1_120' title='bbox 185 824 303 851; x_wconf 86' lang='lat' dir='ltr'><strong>hendere</strong></span> <span class='ocrx_word' id='word_1_121' title='bbox 319 831 379 850; x_wconf 92' lang='lat' dir='ltr'><strong>cum</strong></span> <span class='ocrx_word' id='word_1_122' title='bbox 397 823 521 850; x_wconf 88' lang='lat' dir='ltr'><strong>omnibus</strong></span> <span class='ocrx_word' id='word_1_123' title='bbox 539 824 639 851; x_wconf 77' lang='lat' dir='ltr'><strong>sanctis</strong></span> <span class='ocrx_word' id='word_1_124' title='bbox 661 832 721 858; x_wconf 64' lang='lat' dir='ltr'><strong>quae</strong></span> <span class='ocrx_word' id='word_1_125' title='bbox 749 825 784 851; x_wconf 86' lang='lat' dir='ltr'><strong>sit</strong></span> <span class='ocrx_word' id='word_1_126' title='bbox 807 824 923 853; x_wconf 86' lang='lat' dir='ltr'><strong>latitudo</strong></span> <span class='ocrx_word' id='word_1_127' title='bbox 946 827 974 853; x_wconf 75' lang='lat' dir='ltr'><strong>el</strong></span> 
     </span>
    </p>
   </div>
   <div class='ocr_carea' id='block_1_20' title="bbox 185 868 972 905">
    <p class='ocr_par' dir='ltr' id='par_1_20' title="bbox 185 868 972 905">
     <span class='ocr_line' id='line_1_20' title="bbox 185 868 972 905; baseline 0.004 -9"><span class='ocrx_word' id='word_1_128' title='bbox 185 869 332 903; x_wconf 74' lang='lat' dir='ltr'><strong>longitudo,</strong></span> <span class='ocrx_word' id='word_1_129' title='bbox 345 874 371 895; x_wconf 81' lang='lat' dir='ltr'><strong>et</strong></span> <span class='ocrx_word' id='word_1_130' title='bbox 386 869 540 896; x_wconf 77' lang='lat' dir='ltr'><strong>sublimitas</strong></span> <span class='ocrx_word' id='word_1_131' title='bbox 554 873 580 896; x_wconf 87' lang='lat' dir='ltr'><strong>et</strong></span> <span class='ocrx_word' id='word_1_132' title='bbox 596 868 768 902; x_wconf 81' lang='lat' dir='ltr'><strong>profundum,</strong></span> <span class='ocrx_word' id='word_1_133' title='bbox 781 871 908 904; x_wconf 77' lang='lat' dir='ltr'><strong>quoniam</strong></span> <span class='ocrx_word' id='word_1_134' title='bbox 925 879 972 905; x_wconf 88' lang='lat' dir='ltr'><strong>per</strong></span> 
     </span>
    </p>
   </div>
   <div class='ocr_carea' id='block_1_21' title="bbox 188 914 972 949">
    <p class='ocr_par' dir='ltr' id='par_1_21' title="bbox 188 914 972 949">
     <span class='ocr_line' id='line_1_21' title="bbox 188 914 972 949; baseline 0.005 -9"><span class='ocrx_word' id='word_1_135' title='bbox 188 922 297 941; x_wconf 86' lang='lat' dir='ltr'><strong>crucem</strong></span> <span class='ocrx_word' id='word_1_136' title='bbox 310 914 416 941; x_wconf 90' lang='lat' dir='ltr'><strong>Domini</strong></span> <span class='ocrx_word' id='word_1_137' title='bbox 433 918 487 941; x_wconf 90' lang='lat' dir='ltr'><strong>tota</strong></span> <span class='ocrx_word' id='word_1_138' title='bbox 503 914 575 941; x_wconf 88' lang='lat' dir='ltr'><strong>illius</strong></span> <span class='ocrx_word' id='word_1_139' title='bbox 589 922 635 949; x_wconf 89' lang='lat' dir='ltr'><strong>per</strong></span> <span class='ocrx_word' id='word_1_140' title='bbox 650 922 757 942; x_wconf 82' lang='lat' dir='ltr'><strong>carnem</strong></span> <span class='ocrx_word' id='word_1_141' title='bbox 771 915 900 943; x_wconf 80' lang='lat' dir='ltr'><strong>adventus</strong></span> <span class='ocrx_word' id='word_1_142' title='bbox 915 924 972 944; x_wconf 91' lang='lat' dir='ltr'><strong>ma-</strong></span> 
     </span>
    </p>
   </div>
   <div class='ocr_carea' id='block_1_22' title="bbox 185 959 972 997">
    <p class='ocr_par' dir='ltr' id='par_1_22' title="bbox 185 959 972 997">
     <span class='ocr_line' id='line_1_22' title="bbox 185 959 972 997; baseline 0.003 -10"><span class='ocrx_word' id='word_1_143' title='bbox 185 959 328 987; x_wconf 56' lang='lat' dir='ltr'><strong>nifestatur</strong></span> <span class='ocrx_word' id='word_1_144' title='bbox 345 959 523 993; x_wconf 80' lang='lat' dir='ltr'><strong>dispensatio,</strong></span> <span class='ocrx_word' id='word_1_145' title='bbox 540 964 565 988; x_wconf 87' lang='lat' dir='ltr'><strong>et</strong></span> <span class='ocrx_word' id='word_1_146' title='bbox 588 960 647 996; x_wconf 84' lang='lat' dir='ltr'><strong>ejus</strong></span> <span class='ocrx_word' id='word_1_147' title='bbox 663 968 776 995; x_wconf 84' lang='lat' dir='ltr'><strong>prorsus</strong></span> <span class='ocrx_word' id='word_1_148' title='bbox 791 963 972 997; x_wconf 84' lang='lat' dir='ltr'><strong>comprehen-</strong></span> 
     </span>
    </p>
   </div>
   <div class='ocr_carea' id='block_1_23' title="bbox 184 1005 970 1041">
    <p class='ocr_par' dir='ltr' id='par_1_23' title="bbox 184 1005 970 1041">
     <span class='ocr_line' id='line_1_23' title="bbox 184 1005 970 1041; baseline 0.005 -10"><span class='ocrx_word' id='word_1_149' title='bbox 184 1006 256 1032; x_wconf 88' lang='lat' dir='ltr'><strong>ditur</strong></span> <span class='ocrx_word' id='word_1_150' title='bbox 275 1006 430 1041; x_wconf 82' lang='lat' dir='ltr'><strong>mysterium</strong></span> <span class='ocrx_word' id='word_1_151' title='bbox 442 1013 450 1038; x_wconf 86' lang='lat'><strong>;</strong></span> <span class='ocrx_word' id='word_1_152' title='bbox 462 1005 495 1032; x_wconf 87' lang='lat' dir='ltr'><strong>ad</strong></span> <span class='ocrx_word' id='word_1_153' title='bbox 522 1013 617 1032; x_wconf 90' lang='lat' dir='ltr'><strong>omnes</strong></span> <span class='ocrx_word' id='word_1_154' title='bbox 635 1007 708 1033; x_wconf 87' lang='lat' dir='ltr'><strong>enim</strong></span> <span class='ocrx_word' id='word_1_155' title='bbox 731 1007 833 1035; x_wconf 76' lang='lat' dir='ltr'><strong>limites</strong></span> <span class='ocrx_word' id='word_1_156' title='bbox 847 1009 970 1035; x_wconf 80' lang='lat' dir='ltr'><strong>extendi-</strong></span> 
     </span>
    </p>
   </div>
   <div class='ocr_carea' id='block_1_24' title="bbox 185 1051 970 1088">
    <p class='ocr_par' dir='ltr' id='par_1_24' title="bbox 185 1051 970 1088">
     <span class='ocr_line' id='line_1_24' title="bbox 185 1051 970 1088; baseline 0.004 -11"><span class='ocrx_word' id='word_1_157' title='bbox 185 1057 240 1082; x_wconf 86' lang='lat' dir='ltr'><strong>tur.</strong></span> <span class='ocrx_word' id='word_1_158' title='bbox 257 1051 347 1078; x_wconf 80' lang='lat' dir='ltr'><strong>Omnia</strong></span> <span class='ocrx_word' id='word_1_159' title='bbox 361 1051 563 1085; x_wconf 82' lang='lat' dir='ltr'><strong>complectitur,</strong></span> <span class='ocrx_word' id='word_1_160' title='bbox 576 1056 602 1079; x_wconf 85' lang='lat' dir='ltr'><strong>et</strong></span> <span class='ocrx_word' id='word_1_161' title='bbox 618 1059 678 1086; x_wconf 65' lang='lat' dir='ltr'><strong>ilum</strong></span> <span class='ocrx_word' id='word_1_162' title='bbox 692 1060 773 1086; x_wconf 84' lang='lat' dir='ltr'><strong>supra</strong></span> <span class='ocrx_word' id='word_1_163' title='bbox 790 1057 854 1081; x_wconf 87' lang='lat' dir='ltr'><strong>sunt</strong></span> <span class='ocrx_word' id='word_1_164' title='bbox 868 1058 896 1080; x_wconf 86' lang='lat' dir='ltr'><strong>et</strong></span> <span class='ocrx_word' id='word_1_165' title='bbox 912 1061 970 1088; x_wconf 66' lang='lat' dir='ltr'><strong>quae</strong></span> 
     </span>
    </p>
   </div>
   <div class='ocr_carea' id='block_1_25' title="bbox 183 1097 968 1134">
    <p class='ocr_par' dir='ltr' id='par_1_25' title="bbox 183 1097 968 1134">
     <span class='ocr_line' id='line_1_25' title="bbox 183 1097 968 1134; baseline 0.005 -11"><span class='ocrx_word' id='word_1_166' title='bbox 183 1097 298 1129; x_wconf 87' lang='lat' dir='ltr'><strong>iulra,et</strong></span> <span class='ocrx_word' id='word_1_167' title='bbox 312 1105 372 1132; x_wconf 73' lang='lat' dir='ltr'><strong>qua:</strong></span> <span class='ocrx_word' id='word_1_168' title='bbox 387 1098 487 1124; x_wconf 90' lang='lat' dir='ltr'><strong>circum</strong></span> <span class='ocrx_word' id='word_1_169' title='bbox 503 1101 585 1134; x_wconf 80' lang='lat' dir='ltr'><strong>stant,</strong></span> <span class='ocrx_word' id='word_1_170' title='bbox 596 1102 692 1133; x_wconf 61' lang='lat' dir='ltr'><strong>etquae</strong></span> <span class='ocrx_word' id='word_1_171' title='bbox 706 1099 968 1127; x_wconf 76' lang='lat' dir='ltr'><strong>iutersunt.Causam</strong></span> 
     </span>
    </p>
   </div>
   <div class='ocr_carea' id='block_1_26' title="bbox 182 1143 969 1180">
    <p class='ocr_par' dir='ltr' id='par_1_26' title="bbox 182 1143 969 1180">
     <span class='ocr_line' id='line_1_26' title="bbox 182 1143 969 1180; baseline 0.005 -11"><span class='ocrx_word' id='word_1_172' title='bbox 182 1150 248 1170; x_wconf 82' lang='lat' dir='ltr'><strong>vero</strong></span> <span class='ocrx_word' id='word_1_173' title='bbox 270 1143 464 1170; x_wconf 85' lang='lat' dir='ltr'><strong>iutersercntes</strong></span> <span class='ocrx_word' id='word_1_174' title='bbox 490 1147 603 1178; x_wconf 88' lang='lat' dir='ltr'><strong>propter</strong></span> <span class='ocrx_word' id='word_1_175' title='bbox 626 1151 706 1178; x_wconf 84' lang='lat' dir='ltr'><strong>quam</strong></span> <span class='ocrx_word' id='word_1_176' title='bbox 732 1147 876 1179; x_wconf 84' lang='lat' dir='ltr'><strong>oportebat</strong></span> <span class='ocrx_word' id='word_1_177' title='bbox 898 1145 969 1180; x_wconf 85' lang='lat' dir='ltr'><strong>ipsos</strong></span> 
     </span>
    </p>
   </div>
   <div class='ocr_carea' id='block_1_27' title="bbox 182 1186 967 1222">
    <p class='ocr_par' dir='ltr' id='par_1_27' title="bbox 182 1186 967 1222">
     <span class='ocr_line' id='line_1_27' title="bbox 182 1186 967 1222; baseline 0.004 -9"><span class='ocrx_word' id='word_1_178' title='bbox 182 1195 299 1222; x_wconf 80' lang='lat' dir='ltr'><strong>quoque,</strong></span> <span class='ocrx_word' id='word_1_179' title='bbox 312 1187 335 1214; x_wconf 89' lang='lat' dir='ltr'><strong>si</strong></span> <span class='ocrx_word' id='word_1_180' title='bbox 344 1186 548 1221; x_wconf 77' lang='lat' dir='ltr'><strong>intelligentiam</strong></span> <span class='ocrx_word' id='word_1_181' title='bbox 562 1186 690 1214; x_wconf 82' lang='lat' dir='ltr'><strong>haberent</strong></span> <span class='ocrx_word' id='word_1_182' title='bbox 700 1195 819 1221; x_wconf 88' lang='lat' dir='ltr'><strong>crucem,</strong></span> <span class='ocrx_word' id='word_1_183' title='bbox 831 1189 967 1216; x_wconf 87' lang='lat' dir='ltr'><strong>nobiscum</strong></span> 
     </span>
    </p>
   </div>
   <div class='ocr_carea' id='block_1_28' title="bbox 182 1230 968 1270">
    <p class='ocr_par' dir='ltr' id='par_1_28' title="bbox 182 1230 968 1270">
     <span class='ocr_line' id='line_1_28' title="bbox 182 1230 968 1270; baseline 0.004 -13"><span class='ocrx_word' id='word_1_184' title='bbox 182 1233 306 1263; x_wconf 79' lang='lat' dir='ltr'><strong>adorare,</strong></span> <span class='ocrx_word' id='word_1_185' title='bbox 322 1230 579 1270; x_wconf 62' lang='lat' dir='ltr'><strong>aversanturilegis</strong></span> <span class='ocrx_word' id='word_1_186' title='bbox 603 1231 696 1266; x_wconf 70' lang='lat' dir='ltr'><strong>gloriae</strong></span> <span class='ocrx_word' id='word_1_187' title='bbox 719 1233 883 1266; x_wconf 88' lang='lat' dir='ltr'><strong>symbolum,</strong></span> <span class='ocrx_word' id='word_1_188' title='bbox 896 1233 968 1267; x_wconf 90' lang='lat' dir='ltr'><strong>quod</strong></span> 
     </span>
    </p>
   </div>
   <div class='ocr_carea' id='block_1_29' title="bbox 183 1276 967 1312">
    <p class='ocr_par' dir='ltr' id='par_1_29' title="bbox 183 1276 967 1312">
     <span class='ocr_line' id='line_1_29' title="bbox 183 1276 967 1312; baseline 0.001 -7"><span class='ocrx_word' id='word_1_189' title='bbox 183 1279 240 1312; x_wconf 89' lang='lat' dir='ltr'><strong>ipse</strong></span> <span class='ocrx_word' id='word_1_190' title='bbox 264 1277 345 1304; x_wconf 88' lang='lat' dir='ltr'><strong>etiam</strong></span> <span class='ocrx_word' id='word_1_191' title='bbox 371 1277 501 1303; x_wconf 91' lang='lat' dir='ltr'><strong>Dominus</strong></span> <span class='ocrx_word' id='word_1_192' title='bbox 524 1276 635 1311; x_wconf 83' lang='lat' dir='ltr'><strong>jamjam</strong></span> <span class='ocrx_word' id='word_1_193' title='bbox 662 1277 687 1303; x_wconf 91' lang='lat' dir='ltr'><strong>in</strong></span> <span class='ocrx_word' id='word_1_194' title='bbox 713 1277 776 1304; x_wconf 91' lang='lat' dir='ltr'><strong>illud</strong></span> <span class='ocrx_word' id='word_1_195' title='bbox 805 1285 967 1306; x_wconf 86' lang='lat' dir='ltr'><strong>ascensurus</strong></span> 
     </span>
    </p>
   </div>
   <div class='ocr_carea' id='block_1_30' title="bbox 182 1322 968 1358">
    <p class='ocr_par' dir='ltr' id='par_1_30' title="bbox 182 1322 968 1358">
     <span class='ocr_line' id='line_1_30' title="bbox 182 1322 968 1358; baseline 0.001 -8"><span class='ocrx_word' id='word_1_196' title='bbox 182 1328 276 1357; x_wconf 84' lang='lat' dir='ltr'><strong>aperte</strong></span> <span class='ocrx_word' id='word_1_197' title='bbox 291 1323 331 1349; x_wconf 59' lang='lat' dir='ltr'><strong>sui</strong></span> <span class='ocrx_word' id='word_1_198' title='bbox 346 1323 431 1357; x_wconf 81' lang='lat' dir='ltr'><strong>ipsius</strong></span> <span class='ocrx_word' id='word_1_199' title='bbox 447 1322 582 1356; x_wconf 80' lang='lat' dir='ltr'><strong>propriam</strong></span> <span class='ocrx_word' id='word_1_200' title='bbox 598 1322 714 1357; x_wconf 78' lang='lat' dir='ltr'><strong>appellat</strong></span> <span class='ocrx_word' id='word_1_201' title='bbox 730 1323 845 1358; x_wconf 77' lang='lat' dir='ltr'><strong>gloriam</strong></span> <span class='ocrx_word' id='word_1_202' title='bbox 857 1327 884 1351; x_wconf 88' lang='lat' dir='ltr'><strong>et</strong></span> <span class='ocrx_word' id='word_1_203' title='bbox 895 1324 968 1351; x_wconf 77' lang='lat' dir='ltr'><strong>exal-</strong></span> 
     </span>
    </p>
   </div>
   <div class='ocr_carea' id='block_1_31' title="bbox 183 1367 967 1402">
    <p class='ocr_par' dir='ltr' id='par_1_31' title="bbox 183 1367 967 1402">
     <span class='ocr_line' id='line_1_31' title="bbox 183 1367 967 1402; baseline 0.001 -6"><span class='ocrx_word' id='word_1_204' title='bbox 183 1369 325 1396; x_wconf 66' lang='lat' dir='ltr'><strong>tationem.</strong></span> <span class='ocrx_word' id='word_1_205' title='bbox 345 1367 371 1394; x_wconf 93' lang='lat' dir='ltr'><strong>lu</strong></span> <span class='ocrx_word' id='word_1_206' title='bbox 391 1367 481 1395; x_wconf 82' lang='lat' dir='ltr'><strong>futuro</strong></span> <span class='ocrx_word' id='word_1_207' title='bbox 497 1368 570 1394; x_wconf 84' lang='lat' dir='ltr'><strong>cuitu</strong></span> <span class='ocrx_word' id='word_1_208' title='bbox 585 1368 645 1402; x_wconf 85' lang='lat' dir='ltr'><strong>ejus</strong></span> <span class='ocrx_word' id='word_1_209' title='bbox 655 1369 771 1396; x_wconf 79' lang='lat' dir='ltr'><strong>adventu</strong></span> <span class='ocrx_word' id='word_1_210' title='bbox 789 1370 967 1397; x_wconf 80' lang='lat' dir='ltr'><strong>manifestan-</strong></span> 
     </span>
    </p>
   </div>
   <div class='ocr_carea' id='block_1_32' title="bbox 182 1412 968 1446">
    <p class='ocr_par' dir='ltr' id='par_1_32' title="bbox 182 1412 968 1446">
     <span class='ocr_line' id='line_1_32' title="bbox 182 1412 968 1446; baseline -0.003 -4"><span class='ocrx_word' id='word_1_211' title='bbox 182 1414 245 1446; x_wconf 87' lang='lat' dir='ltr'><strong>dus,</strong></span> <span class='ocrx_word' id='word_1_212' title='bbox 263 1419 403 1440; x_wconf 74' lang='lat' dir='ltr'><strong>venturum</strong></span> <span class='ocrx_word' id='word_1_213' title='bbox 425 1412 586 1446; x_wconf 70' lang='lat' dir='ltr'><strong>prxenuntiat</strong></span> <span class='ocrx_word' id='word_1_214' title='bbox 603 1413 710 1446; x_wconf 79' lang='lat' dir='ltr'><strong>signum</strong></span> <span class='ocrx_word' id='word_1_215' title='bbox 725 1412 789 1440; x_wconf 88' lang='lat' dir='ltr'><strong>illud</strong></span> <span class='ocrx_word' id='word_1_216' title='bbox 804 1412 863 1440; x_wconf 85' lang='lat' dir='ltr'><strong>Filii</strong></span> <span class='ocrx_word' id='word_1_217' title='bbox 880 1413 968 1441; x_wconf 91' lang='lat' dir='ltr'><strong>homi-</strong></span> 
     </span>
    </p>
   </div>
   <div class='ocr_carea' id='block_1_33' title="bbox 183 1458 964 1495">
    <p class='ocr_par' dir='ltr' id='par_1_33' title="bbox 183 1458 964 1495">
     <span class='ocr_line' id='line_1_33' title="bbox 183 1458 964 1495; baseline -0.004 -7"><span class='ocrx_word' id='word_1_218' title='bbox 183 1462 225 1488; x_wconf 88' lang='lat' dir='ltr'><strong>nis</strong></span> <span class='ocrx_word' id='word_1_219' title='bbox 240 1468 299 1488; x_wconf 93' lang='lat' dir='ltr'><strong>cnm</strong></span> <span class='ocrx_word' id='word_1_220' title='bbox 317 1463 450 1495; x_wconf 72' lang='lat' dir='ltr'><strong>potestate</strong></span> <span class='ocrx_word' id='word_1_221' title='bbox 468 1464 495 1486; x_wconf 91' lang='lat' dir='ltr'><strong>et</strong></span> <span class='ocrx_word' id='word_1_222' title='bbox 508 1458 649 1494; x_wconf 81' lang='lat' dir='ltr'><strong>majestate</strong></span> <span class='ocrx_word' id='word_1_223' title='bbox 665 1465 773 1493; x_wconf 76' lang='lat' dir='ltr'><strong>magna.</strong></span> <span class='ocrx_word' id='word_1_224' title='bbox 792 1458 844 1486; x_wconf 87' lang='lat' dir='ltr'><strong>Sed</strong></span> <span class='ocrx_word' id='word_1_225' title='bbox 858 1478 866 1490; x_wconf 92' lang='lat'><strong>,</strong></span> <span class='ocrx_word' id='word_1_226' title='bbox 880 1458 964 1490; x_wconf 87' lang='lat' dir='ltr'><strong>aiunt,</strong></span> 
     </span>
    </p>
   </div>
   <div class='ocr_carea' id='block_1_34' title="bbox 1029 237 1809 273">
    <p class='ocr_par' dir='ltr' id='par_1_34' title="bbox 1029 237 1809 273">
     <span class='ocr_line' id='line_1_34' title="bbox 1029 237 1809 273; baseline 0.001 -9"><span class='ocrx_word' id='word_1_227' title='bbox 1029 237 1173 269; x_wconf 76' lang='grc' dir='ltr'><strong>ἀσθενείας</strong></span> <span class='ocrx_word' id='word_1_228' title='bbox 1188 238 1308 272; x_wconf 76' lang='grc' dir='ltr'>νικῆσαι,</span> <span class='ocrx_word' id='word_1_229' title='bbox 1325 239 1356 265; x_wconf 84' lang='grc' dir='ltr'><strong>τὸ</strong></span> <span class='ocrx_word' id='word_1_230' title='bbox 1369 239 1412 265; x_wconf 67' lang='grc' dir='ltr'><strong>διὰ</strong></span> <span class='ocrx_word' id='word_1_231' title='bbox 1434 238 1628 270; x_wconf 77' lang='grc' dir='ltr'><strong>ταπεινώσεως</strong></span> <span class='ocrx_word' id='word_1_232' title='bbox 1656 238 1809 273; x_wconf 77' lang='grc' dir='ltr'><strong>ὑψωθῆναι,</strong></span> 
     </span>
    </p>
   </div>
   <div class='ocr_carea' id='block_1_35' title="bbox 1027 283 1811 320">
    <p class='ocr_par' dir='ltr' id='par_1_35' title="bbox 1027 283 1811 320">
     <span class='ocr_line' id='line_1_35' title="bbox 1027 283 1811 320; baseline 0.001 -10"><span class='ocrx_word' id='word_1_233' title='bbox 1027 283 1057 310; x_wconf 70' lang='grc' dir='ltr'><strong>τὸ</strong></span> <span class='ocrx_word' id='word_1_234' title='bbox 1074 283 1118 310; x_wconf 85' lang='grc' dir='ltr'>διὰ</span> <span class='ocrx_word' id='word_1_235' title='bbox 1135 284 1270 319; x_wconf 80' lang='grc' dir='ltr'><strong>πτωχείας</strong></span> <span class='ocrx_word' id='word_1_236' title='bbox 1285 285 1447 320; x_wconf 80' lang='grc' dir='ltr'><strong>πλουτῆσαι.</strong></span> <span class='ocrx_word' id='word_1_237' title='bbox 1475 285 1513 311; x_wconf 78' lang='grc' dir='ltr'><strong>Οὐ</strong></span> <span class='ocrx_word' id='word_1_238' title='bbox 1534 285 1616 319; x_wconf 80' lang='grc' dir='ltr'>μόνον</span> <span class='ocrx_word' id='word_1_239' title='bbox 1643 285 1672 311; x_wconf 70' lang='grc' dir='ltr'><strong>δὲ</strong></span> <span class='ocrx_word' id='word_1_240' title='bbox 1702 286 1717 311; x_wconf 84' lang='grc' dir='ltr'><strong><em>ὸ</em></strong></span> <span class='ocrx_word' id='word_1_241' title='bbox 1733 285 1811 318; x_wconf 78' lang='grc' dir='ltr'>λόγος</span> 
     </span>
    </p>
   </div>
   <div class='ocr_carea' id='block_1_36' title="bbox 1027 328 1812 365">
    <p class='ocr_par' dir='ltr' id='par_1_36' title="bbox 1027 328 1812 365">
     <span class='ocr_line' id='line_1_36' title="bbox 1027 328 1812 365; baseline 0.003 -11"><span class='ocrx_word' id='word_1_242' title='bbox 1027 328 1074 354; x_wconf 85' lang='grc' dir='ltr'>τοῦ</span> <span class='ocrx_word' id='word_1_243' title='bbox 1092 329 1211 362; x_wconf 82' lang='grc' dir='ltr'>σταυροῦ</span> <span class='ocrx_word' id='word_1_244' title='bbox 1225 330 1274 356; x_wconf 85' lang='grc' dir='ltr'>καὶ</span> <span class='ocrx_word' id='word_1_245' title='bbox 1287 329 1317 355; x_wconf 75' lang='grc' dir='ltr'>τὸ</span> <span class='ocrx_word' id='word_1_246' title='bbox 1333 330 1494 365; x_wconf 85' lang='grc' dir='ltr'>μυστήριον,</span> <span class='ocrx_word' id='word_1_247' title='bbox 1510 329 1578 356; x_wconf 79' lang='grc' dir='ltr'>ἀλλὰ</span> <span class='ocrx_word' id='word_1_248' title='bbox 1605 331 1652 356; x_wconf 78' lang='grc' dir='ltr'>καὶ</span> <span class='ocrx_word' id='word_1_249' title='bbox 1681 330 1696 356; x_wconf 83' lang='grc' dir='ltr'><strong>ὁ</strong></span> <span class='ocrx_word' id='word_1_250' title='bbox 1725 330 1812 361; x_wconf 67' lang='grc' dir='ltr'>τύπος</span> 
     </span>
    </p>
   </div>
   <div class='ocr_carea' id='block_1_37' title="bbox 1027 372 1810 409">
    <p class='ocr_par' dir='ltr' id='par_1_37' title="bbox 1027 372 1810 409">
     <span class='ocr_line' id='line_1_37' title="bbox 1027 372 1810 409; baseline 0.004 -11"><span class='ocrx_word' id='word_1_251' title='bbox 1027 372 1098 403; x_wconf 76' lang='grc' dir='ltr'>θεῖος</span> <span class='ocrx_word' id='word_1_252' title='bbox 1119 374 1166 399; x_wconf 82' lang='grc' dir='ltr'>καὶ</span> <span class='ocrx_word' id='word_1_253' title='bbox 1182 375 1382 409; x_wconf 82' lang='grc' dir='ltr'>προσκυνητδς,</span> <span class='ocrx_word' id='word_1_254' title='bbox 1397 375 1516 409; x_wconf 78' lang='grc' dir='ltr'>σφραγὶς</span> <span class='ocrx_word' id='word_1_255' title='bbox 1527 374 1565 400; x_wconf 83' lang='grc' dir='ltr'>ὧν</span> <span class='ocrx_word' id='word_1_256' title='bbox 1591 374 1652 409; x_wconf 77' lang='grc' dir='ltr'>ἱερὰ</span> <span class='ocrx_word' id='word_1_257' title='bbox 1674 374 1722 401; x_wconf 80' lang='grc' dir='ltr'>καὶ</span> <span class='ocrx_word' id='word_1_258' title='bbox 1738 375 1810 401; x_wconf 69' lang='grc' dir='ltr'>αἰδέ-</span> 
     </span>
    </p>
   </div>
   <div class='ocr_carea' id='block_1_38' title="bbox 1028 419 1810 454">
    <p class='ocr_par' dir='ltr' id='par_1_38' title="bbox 1028 419 1810 454">
     <span class='ocr_line' id='line_1_38' title="bbox 1028 419 1810 454; baseline 0.004 -11"><span class='ocrx_word' id='word_1_259' title='bbox 1028 426 1117 451; x_wconf 80' lang='grc' dir='ltr'>σιμος,</span> <span class='ocrx_word' id='word_1_260' title='bbox 1135 419 1284 454; x_wconf 79' lang='grc' dir='ltr'>ἀγιαατική</span> <span class='ocrx_word' id='word_1_261' title='bbox 1301 428 1330 446; x_wconf 83' lang='grc' dir='ltr'><strong>τε</strong></span> <span class='ocrx_word' id='word_1_262' title='bbox 1357 421 1402 446; x_wconf 73' lang='grc' dir='ltr'>καὶ</span> <span class='ocrx_word' id='word_1_263' title='bbox 1431 419 1575 454; x_wconf 84' lang='grc' dir='ltr'>τελεστικὴ</span> <span class='ocrx_word' id='word_1_264' title='bbox 1601 420 1656 446; x_wconf 86' lang='grc' dir='ltr'><strong>τῶν</strong></span> <span class='ocrx_word' id='word_1_265' title='bbox 1678 421 1711 446; x_wconf 84' lang='grc' dir='ltr'>ὲκ</span> <span class='ocrx_word' id='word_1_266' title='bbox 1741 420 1810 446; x_wconf 82' lang='grc' dir='ltr'><strong>Θεοῦ</strong></span> 
     </span>
    </p>
   </div>
   <div class='ocr_carea' id='block_1_39' title="bbox 1026 462 1810 499">
    <p class='ocr_par' dir='ltr' id='par_1_39' title="bbox 1026 462 1810 499">
     <span class='ocr_line' id='line_1_39' title="bbox 1026 462 1810 499; baseline 0.001 -11"><span class='ocrx_word' id='word_1_267' title='bbox 1026 462 1064 497; x_wconf 85' lang='grc' dir='ltr'><strong>τῷ</strong></span> <span class='ocrx_word' id='word_1_268' title='bbox 1086 463 1157 496; x_wconf 77' lang='grc' dir='ltr'>γένει</span> <span class='ocrx_word' id='word_1_269' title='bbox 1185 464 1240 490; x_wconf 88' lang='grc' dir='ltr'><strong>τῶν</strong></span> <span class='ocrx_word' id='word_1_270' title='bbox 1258 464 1412 498; x_wconf 78' lang='grc' dir='ltr'>ἀνθρώπων</span> <span class='ocrx_word' id='word_1_271' title='bbox 1439 465 1627 499; x_wconf 72' lang='grc' dir='ltr'>ὑπηργμένων</span> <span class='ocrx_word' id='word_1_272' title='bbox 1660 465 1810 498; x_wconf 72' lang='grc' dir='ltr'>ὑπερφυῶν</span> 
     </span>
    </p>
   </div>
   <div class='ocr_carea' id='block_1_40' title="bbox 1026 507 1811 544">
    <p class='ocr_par' dir='ltr' id='par_1_40' title="bbox 1026 507 1811 544">
     <span class='ocr_line' id='line_1_40' title="bbox 1026 507 1811 544; baseline 0.001 -10"><span class='ocrx_word' id='word_1_273' title='bbox 1026 507 1074 534; x_wconf 72' lang='grc' dir='ltr'>καὶ</span> <span class='ocrx_word' id='word_1_274' title='bbox 1090 508 1255 542; x_wconf 68' lang='grc' dir='ltr'>ἀπορῤήτων</span> <span class='ocrx_word' id='word_1_275' title='bbox 1275 508 1395 542; x_wconf 82' lang='grc' dir='ltr'><strong>ἀγαθῶν,</strong></span> <span class='ocrx_word' id='word_1_276' title='bbox 1414 509 1485 543; x_wconf 79' lang='grc' dir='ltr'>ἀρᾶς</span> <span class='ocrx_word' id='word_1_277' title='bbox 1499 509 1546 535; x_wconf 81' lang='grc' dir='ltr'>καὶ</span> <span class='ocrx_word' id='word_1_278' title='bbox 1559 509 1711 544; x_wconf 76' lang='grc' dir='ltr'><strong>καταδίκης</strong></span> <span class='ocrx_word' id='word_1_279' title='bbox 1733 511 1811 535; x_wconf 75' lang='grc' dir='ltr'>ἀναι-</span> 
     </span>
    </p>
   </div>
   <div class='ocr_carea' id='block_1_41' title="bbox 1028 553 1810 591">
    <p class='ocr_par' dir='ltr' id='par_1_41' title="bbox 1028 553 1810 591">
     <span class='ocr_line' id='line_1_41' title="bbox 1028 553 1810 591; baseline 0.004 -12"><span class='ocrx_word' id='word_1_280' title='bbox 1028 553 1134 588; x_wconf 77' lang='grc' dir='ltr'>ρετικὴ,</span> <span class='ocrx_word' id='word_1_281' title='bbox 1158 554 1262 588; x_wconf 72' lang='grc' dir='ltr'>φθορᾶς</span> <span class='ocrx_word' id='word_1_282' title='bbox 1293 555 1343 580; x_wconf 81' lang='grc' dir='ltr'><strong>καὶ</strong></span> <span class='ocrx_word' id='word_1_283' title='bbox 1377 554 1494 581; x_wconf 69' lang='grc' dir='ltr'>Θανάτου</span> <span class='ocrx_word' id='word_1_284' title='bbox 1519 555 1712 590; x_wconf 77' lang='grc' dir='ltr'>καθαιρετικὴ,</span> <span class='ocrx_word' id='word_1_285' title='bbox 1735 556 1810 591; x_wconf 80' lang='grc' dir='ltr'>ζωῆς</span> 
     </span>
    </p>
   </div>
   <div class='ocr_carea' id='block_1_42' title="bbox 1025 597 1808 634">
    <p class='ocr_par' dir='ltr' id='par_1_42' title="bbox 1025 597 1808 634">
     <span class='ocr_line' id='line_1_42' title="bbox 1025 597 1808 634; baseline -0.001 -11"><span class='ocrx_word' id='word_1_286' title='bbox 1025 597 1112 624; x_wconf 79' lang='grc' dir='ltr'>ἀϊδίου</span> <span class='ocrx_word' id='word_1_287' title='bbox 1128 598 1175 624; x_wconf 82' lang='grc' dir='ltr'>καὶ</span> <span class='ocrx_word' id='word_1_288' title='bbox 1198 597 1324 631; x_wconf 74' lang='grc' dir='ltr'><strong>εὐλογίας</strong></span> <span class='ocrx_word' id='word_1_289' title='bbox 1352 598 1520 634; x_wconf 83' lang='grc' dir='ltr'>παρεκτικὴ,</span> <span class='ocrx_word' id='word_1_290' title='bbox 1553 597 1632 630; x_wconf 81' lang='grc' dir='ltr'>ξύλον</span> <span class='ocrx_word' id='word_1_291' title='bbox 1661 599 1808 633; x_wconf 80' lang='grc' dir='ltr'>σωτήριον,</span> 
     </span>
    </p>
   </div>
   <div class='ocr_carea' id='block_1_43' title="bbox 1027 642 1810 678">
    <p class='ocr_par' dir='ltr' id='par_1_43' title="bbox 1027 642 1810 678">
     <span class='ocr_line' id='line_1_43' title="bbox 1027 642 1810 678; baseline 0 -9"><span class='ocrx_word' id='word_1_292' title='bbox 1027 642 1168 678; x_wconf 82' lang='grc' dir='ltr'>σκῆπτρον</span> <span class='ocrx_word' id='word_1_293' title='bbox 1188 642 1333 677; x_wconf 84' lang='grc' dir='ltr'>βασίλειον,</span> <span class='ocrx_word' id='word_1_294' title='bbox 1351 642 1424 669; x_wconf 82' lang='grc' dir='ltr'>θεῖον</span> <span class='ocrx_word' id='word_1_295' title='bbox 1441 643 1502 669; x_wconf 76' lang='grc' dir='ltr'>κατ’</span> <span class='ocrx_word' id='word_1_296' title='bbox 1516 644 1622 678; x_wconf 80' lang='grc' dir='ltr'><strong>ἐχθρῶν</strong></span> <span class='ocrx_word' id='word_1_297' title='bbox 1642 644 1750 677; x_wconf 62' lang='grc' dir='ltr'>θρατῶν</span> <span class='ocrx_word' id='word_1_298' title='bbox 1763 644 1810 670; x_wconf 78' lang='grc' dir='ltr'>καὶ</span> 
     </span>
    </p>
   </div>
   <div class='ocr_carea' id='block_1_44' title="bbox 1025 685 1809 722">
    <p class='ocr_par' dir='ltr' id='par_1_44' title="bbox 1025 685 1809 722">
     <span class='ocr_line' id='line_1_44' title="bbox 1025 685 1809 722; baseline 0.005 -11"><span class='ocrx_word' id='word_1_299' title='bbox 1025 685 1151 719; x_wconf 77' lang='grc' dir='ltr'><strong>ἀοράτων</strong></span> <span class='ocrx_word' id='word_1_300' title='bbox 1165 686 1309 720; x_wconf 87' lang='grc' dir='ltr'>τρόπαιον.</span> <span class='ocrx_word' id='word_1_301' title='bbox 1338 687 1390 712; x_wconf 81' lang='grc' dir='ltr'>κᾶν</span> <span class='ocrx_word' id='word_1_302' title='bbox 1417 687 1564 720; x_wconf 84' lang='grc' dir='ltr'>αἱρετικῶν</span> <span class='ocrx_word' id='word_1_303' title='bbox 1586 689 1680 719; x_wconf 84' lang='grc' dir='ltr'>παῖδες</span> <span class='ocrx_word' id='word_1_304' title='bbox 1704 688 1809 722; x_wconf 77' lang='grc' dir='ltr'>ἀπαρέ-</span> 
     </span>
    </p>
   </div>
   <div class='ocr_carea' id='block_1_45' title="bbox 1026 731 1809 767">
    <p class='ocr_par' dir='ltr' id='par_1_45' title="bbox 1026 731 1809 767">
     <span class='ocr_line' id='line_1_45' title="bbox 1026 731 1809 767; baseline 0.003 -11"><span class='ocrx_word' id='word_1_305' title='bbox 1026 739 1145 757; x_wconf 86' lang='grc' dir='ltr'>σκωνται</span> <span class='ocrx_word' id='word_1_306' title='bbox 1168 731 1362 766; x_wconf 83' lang='grc' dir='ltr'>φρενοϐλαϐῶς</span> <span class='ocrx_word' id='word_1_307' title='bbox 1375 739 1382 747; x_wconf 89' lang='grc'>·</span> <span class='ocrx_word' id='word_1_308' title='bbox 1398 732 1429 758; x_wconf 82' lang='grc' dir='ltr'>οὐ</span> <span class='ocrx_word' id='word_1_309' title='bbox 1445 732 1499 766; x_wconf 84' lang='grc' dir='ltr'><strong>γὰρ</strong></span> <span class='ocrx_word' id='word_1_310' title='bbox 1514 733 1647 767; x_wconf 76' lang='grc' dir='ltr'><strong>ἐπέτυχον</strong></span> <span class='ocrx_word' id='word_1_311' title='bbox 1674 733 1725 766; x_wconf 88' lang='grc' dir='ltr'>τῆς</span> <span class='ocrx_word' id='word_1_312' title='bbox 1739 733 1809 759; x_wconf 80' lang='grc' dir='ltr'>ἀπο-</span> 
     </span>
    </p>
   </div>
   <div class='ocr_carea' id='block_1_46' title="bbox 1026 776 1807 812">
    <p class='ocr_par' dir='ltr' id='par_1_46' title="bbox 1026 776 1807 812">
     <span class='ocr_line' id='line_1_46' title="bbox 1026 776 1807 812; baseline 0.004 -11"><span class='ocrx_word' id='word_1_313' title='bbox 1026 776 1152 809; x_wconf 83' lang='grc' dir='ltr'>στολικῆς</span> <span class='ocrx_word' id='word_1_314' title='bbox 1170 776 1264 811; x_wconf 79' lang='grc' dir='ltr'>εὐχῆς,</span> <span class='ocrx_word' id='word_1_315' title='bbox 1290 777 1333 803; x_wconf 80' lang='grc' dir='ltr'><strong>ἴνα</strong></span> <span class='ocrx_word' id='word_1_316' title='bbox 1357 776 1519 812; x_wconf 78' lang='grc' dir='ltr'>ὲξισχύσωσι</span> <span class='ocrx_word' id='word_1_317' title='bbox 1539 778 1741 806; x_wconf 79' lang='grc' dir='ltr'>καταλαϐέσθαι</span> <span class='ocrx_word' id='word_1_318' title='bbox 1759 779 1807 804; x_wconf 76' lang='grc' dir='ltr'><strong>σὺν</strong></span> 
     </span>
    </p>
   </div>
   <div class='ocr_carea' id='block_1_47' title="bbox 1025 821 1807 859">
    <p class='ocr_par' dir='ltr' id='par_1_47' title="bbox 1025 821 1807 859">
     <span class='ocr_line' id='line_1_47' title="bbox 1025 821 1807 859; baseline 0.004 -11"><span class='ocrx_word' id='word_1_319' title='bbox 1025 821 1093 849; x_wconf 81' lang='grc' dir='ltr'>πᾶσι</span> <span class='ocrx_word' id='word_1_320' title='bbox 1111 823 1168 853; x_wconf 83' lang='grc' dir='ltr'>τοϊς</span> <span class='ocrx_word' id='word_1_321' title='bbox 1187 822 1286 857; x_wconf 80' lang='grc' dir='ltr'>ἁγίοις,</span> <span class='ocrx_word' id='word_1_322' title='bbox 1309 823 1336 850; x_wconf 88' lang='grc' dir='ltr'><strong>τί</strong></span> <span class='ocrx_word' id='word_1_323' title='bbox 1349 824 1379 850; x_wconf 77' lang='grc' dir='ltr'><strong>τὸ</strong></span> <span class='ocrx_word' id='word_1_324' title='bbox 1388 824 1490 855; x_wconf 82' lang='grc' dir='ltr'>πλάτος</span> <span class='ocrx_word' id='word_1_325' title='bbox 1503 826 1551 852; x_wconf 82' lang='grc' dir='ltr'>καὶ</span> <span class='ocrx_word' id='word_1_326' title='bbox 1568 825 1654 859; x_wconf 81' lang='grc' dir='ltr'>μῆκος</span> <span class='ocrx_word' id='word_1_327' title='bbox 1674 826 1723 852; x_wconf 74' lang='grc' dir='ltr'><strong>καὶ</strong></span> <span class='ocrx_word' id='word_1_328' title='bbox 1737 825 1807 859; x_wconf 57' lang='lat' dir='ltr'><strong>ﬁda-2;</strong></span> 
     </span>
    </p>
   </div>
   <div class='ocr_carea' id='block_1_48' title="bbox 1024 868 1805 904">
    <p class='ocr_par' dir='ltr' id='par_1_48' title="bbox 1024 868 1805 904">
     <span class='ocr_line' id='line_1_48' title="bbox 1024 868 1805 904; baseline 0.005 -11"><span class='ocrx_word' id='word_1_329' title='bbox 1024 868 1072 894; x_wconf 73' lang='grc' dir='ltr'><strong>καὶ</strong></span> <span class='ocrx_word' id='word_1_330' title='bbox 1086 868 1168 903; x_wconf 81' lang='grc' dir='ltr'>βάθος</span> <span class='ocrx_word' id='word_1_331' title='bbox 1181 876 1188 884; x_wconf 89' lang='grc'><strong>·</strong></span> <span class='ocrx_word' id='word_1_332' title='bbox 1204 869 1243 895; x_wconf 81' lang='grc' dir='ltr'>ὅτι</span> <span class='ocrx_word' id='word_1_333' title='bbox 1259 869 1272 895; x_wconf 80' lang='grc' dir='ltr'><em>ὁ</em></span> <span class='ocrx_word' id='word_1_334' title='bbox 1289 869 1336 895; x_wconf 80' lang='grc' dir='ltr'><strong>τοῦ</strong></span> <span class='ocrx_word' id='word_1_335' title='bbox 1358 870 1464 904; x_wconf 81' lang='grc' dir='ltr'>Κυρίου</span> <span class='ocrx_word' id='word_1_336' title='bbox 1491 871 1608 904; x_wconf 87' lang='grc' dir='ltr'>σταυρός</span> <span class='ocrx_word' id='word_1_337' title='bbox 1635 871 1693 897; x_wconf 80' lang='grc' dir='ltr'>ἐστι</span> <span class='ocrx_word' id='word_1_338' title='bbox 1713 871 1805 897; x_wconf 85' lang='grc' dir='ltr'>πᾶσαν</span> 
     </span>
    </p>
   </div>
   <div class='ocr_carea' id='block_1_49' title="bbox 1023 913 1807 950">
    <p class='ocr_par' dir='ltr' id='par_1_49' title="bbox 1023 913 1807 950">
     <span class='ocr_line' id='line_1_49' title="bbox 1023 913 1807 950; baseline 0.004 -12"><span class='ocrx_word' id='word_1_339' title='bbox 1023 913 1161 948; x_wconf 73' lang='grc' dir='ltr'>ἔμφαίιων</span> <span class='ocrx_word' id='word_1_340' title='bbox 1180 913 1229 948; x_wconf 78' lang='grc' dir='ltr'>τῆς</span> <span class='ocrx_word' id='word_1_341' title='bbox 1254 915 1283 941; x_wconf 81' lang='grc' dir='ltr'>ὲν</span> <span class='ocrx_word' id='word_1_342' title='bbox 1300 915 1382 950; x_wconf 80' lang='grc' dir='ltr'>σαρκὶ</span> <span class='ocrx_word' id='word_1_343' title='bbox 1403 914 1499 941; x_wconf 85' lang='grc' dir='ltr'>τούτου</span> <span class='ocrx_word' id='word_1_344' title='bbox 1528 916 1682 948; x_wconf 76' lang='grc' dir='ltr'>παρουσίας</span> <span class='ocrx_word' id='word_1_345' title='bbox 1698 916 1749 950; x_wconf 83' lang='grc' dir='ltr'>τὴν</span> <span class='ocrx_word' id='word_1_346' title='bbox 1765 916 1807 942; x_wconf 85' lang='lat' dir='ltr'><strong>ol-</strong></span> 
     </span>
    </p>
   </div>
   <div class='ocr_carea' id='block_1_50' title="bbox 1023 958 1806 996">
    <p class='ocr_par' dir='ltr' id='par_1_50' title="bbox 1023 958 1806 996">
     <span class='ocr_line' id='line_1_50' title="bbox 1023 958 1806 996; baseline 0.004 -12"><span class='ocrx_word' id='word_1_347' title='bbox 1023 958 1166 994; x_wconf 85' lang='grc' dir='ltr'>κονομίαν,</span> <span class='ocrx_word' id='word_1_348' title='bbox 1184 959 1232 985; x_wconf 71' lang='grc' dir='ltr'>καὶ</span> <span class='ocrx_word' id='word_1_349' title='bbox 1255 959 1287 986; x_wconf 62' lang='grc' dir='ltr'><strong>τ),</strong></span> <span class='ocrx_word' id='word_1_350' title='bbox 1317 959 1380 986; x_wconf 77' lang='grc' dir='ltr'>κατ’</span> <span class='ocrx_word' id='word_1_351' title='bbox 1408 960 1495 995; x_wconf 80' lang='grc' dir='ltr'>αὐτὴν</span> <span class='ocrx_word' id='word_1_352' title='bbox 1528 960 1601 987; x_wconf 77' lang='grc' dir='ltr'>ἅπαν</span> <span class='ocrx_word' id='word_1_353' title='bbox 1628 961 1806 996; x_wconf 72' lang='grc' dir='ltr'>ἐμπεριέχων</span> 
     </span>
    </p>
   </div>
   <div class='ocr_carea' id='block_1_51' title="bbox 1023 1004 1806 1043">
    <p class='ocr_par' dir='ltr' id='par_1_51' title="bbox 1023 1004 1806 1043">
     <span class='ocr_line' id='line_1_51' title="bbox 1023 1004 1806 1043; baseline 0.005 -13"><span class='ocrx_word' id='word_1_354' title='bbox 1023 1004 1185 1039; x_wconf 80' lang='grc' dir='ltr'>μυστήριον,</span> <span class='ocrx_word' id='word_1_355' title='bbox 1205 1005 1253 1031; x_wconf 78' lang='grc' dir='ltr'>καὶ</span> <span class='ocrx_word' id='word_1_356' title='bbox 1282 1005 1350 1040; x_wconf 81' lang='grc' dir='ltr'>πρὸς</span> <span class='ocrx_word' id='word_1_357' title='bbox 1376 1006 1466 1032; x_wconf 74' lang='grc' dir='ltr'>πάντα</span> <span class='ocrx_word' id='word_1_358' title='bbox 1497 1006 1593 1033; x_wconf 81' lang='grc' dir='ltr'>τείνων</span> <span class='ocrx_word' id='word_1_359' title='bbox 1618 1007 1652 1033; x_wconf 77' lang='grc' dir='ltr'><strong>τὰ</strong></span> <span class='ocrx_word' id='word_1_360' title='bbox 1684 1009 1806 1043; x_wconf 78' lang='grc' dir='ltr'>πέρατα,</span> 
     </span>
    </p>
   </div>
   <div class='ocr_carea' id='block_1_52' title="bbox 1021 1049 1806 1087">
    <p class='ocr_par' dir='ltr' id='par_1_52' title="bbox 1021 1049 1806 1087">
     <span class='ocr_line' id='line_1_52' title="bbox 1021 1049 1806 1087; baseline 0.006 -11"><span class='ocrx_word' id='word_1_361' title='bbox 1021 1049 1069 1076; x_wconf 82' lang='grc' dir='ltr'>καὶ</span> <span class='ocrx_word' id='word_1_362' title='bbox 1098 1050 1187 1077; x_wconf 80' lang='grc' dir='ltr'>πάντα</span> <span class='ocrx_word' id='word_1_363' title='bbox 1207 1050 1434 1086; x_wconf 80' lang='grc' dir='ltr'>περιλαμϐάνων,</span> <span class='ocrx_word' id='word_1_364' title='bbox 1461 1051 1495 1078; x_wconf 87' lang='grc' dir='ltr'>τὰ</span> <span class='ocrx_word' id='word_1_365' title='bbox 1515 1052 1583 1085; x_wconf 79' lang='grc' dir='ltr'>ἄνω,</span> <span class='ocrx_word' id='word_1_366' title='bbox 1604 1053 1639 1079; x_wconf 86' lang='grc' dir='ltr'>τὰ</span> <span class='ocrx_word' id='word_1_367' title='bbox 1665 1054 1753 1087; x_wconf 79' lang='grc' dir='ltr'>κάτω,</span> <span class='ocrx_word' id='word_1_368' title='bbox 1769 1056 1806 1081; x_wconf 78' lang='grc' dir='ltr'>τὰ</span> 
     </span>
    </p>
   </div>
   <div class='ocr_carea' id='block_1_53' title="bbox 1021 1094 1804 1134">
    <p class='ocr_par' dir='ltr' id='par_1_53' title="bbox 1021 1094 1804 1134">
     <span class='ocr_line' id='line_1_53' title="bbox 1021 1094 1804 1134; baseline 0.008 -14"><span class='ocrx_word' id='word_1_369' title='bbox 1021 1094 1112 1130; x_wconf 81' lang='grc' dir='ltr'>πέριξ,</span> <span class='ocrx_word' id='word_1_370' title='bbox 1131 1095 1165 1122; x_wconf 73' lang='grc' dir='ltr'><strong>τὰ</strong></span> <span class='ocrx_word' id='word_1_371' title='bbox 1180 1095 1294 1130; x_wconf 83' lang='grc' dir='ltr'>μεταξύ.</span> <span class='ocrx_word' id='word_1_372' title='bbox 1320 1097 1539 1132; x_wconf 79' lang='grc' dir='ltr'>Προϐαλλόμενοι</span> <span class='ocrx_word' id='word_1_373' title='bbox 1554 1098 1583 1125; x_wconf 70' lang='grc' dir='ltr'><strong>δέ</strong></span> <span class='ocrx_word' id='word_1_374' title='bbox 1612 1107 1674 1125; x_wconf 81' lang='grc' dir='ltr'>τινα</span> <span class='ocrx_word' id='word_1_375' title='bbox 1696 1100 1804 1134; x_wconf 78' lang='grc' dir='ltr'>πρόφα-</span> 
     </span>
    </p>
   </div>
   <div class='ocr_carea' id='block_1_54' title="bbox 1021 1142 1805 1180">
    <p class='ocr_par' dir='ltr' id='par_1_54' title="bbox 1021 1142 1805 1180">
     <span class='ocr_line' id='line_1_54' title="bbox 1021 1142 1805 1180; baseline 0.006 -12"><span class='ocrx_word' id='word_1_376' title='bbox 1021 1149 1074 1173; x_wconf 83' lang='grc' dir='ltr'>σιν,</span> <span class='ocrx_word' id='word_1_377' title='bbox 1087 1142 1121 1169; x_wconf 85' lang='grc' dir='ltr'>δι’</span> <span class='ocrx_word' id='word_1_378' title='bbox 1138 1142 1171 1178; x_wconf 80' lang='grc' dir='ltr'>ἢν</span> <span class='ocrx_word' id='word_1_379' title='bbox 1187 1143 1234 1170; x_wconf 75' lang='grc' dir='ltr'>καὶ</span> <span class='ocrx_word' id='word_1_380' title='bbox 1256 1143 1356 1175; x_wconf 77' lang='grc' dir='ltr'>αὐτοὺς</span> <span class='ocrx_word' id='word_1_381' title='bbox 1375 1144 1428 1172; x_wconf 75' lang='grc' dir='ltr'>ἔδει</span> <span class='ocrx_word' id='word_1_382' title='bbox 1449 1144 1510 1179; x_wconf 82' lang='grc' dir='ltr'>μεθ’</span> <span class='ocrx_word' id='word_1_383' title='bbox 1526 1145 1618 1179; x_wconf 79' lang='grc' dir='ltr'>ήμῶν,</span> <span class='ocrx_word' id='word_1_384' title='bbox 1643 1145 1726 1180; x_wconf 70' lang='grc' dir='ltr'>είπερ</span> <span class='ocrx_word' id='word_1_385' title='bbox 1742 1144 1805 1172; x_wconf 77' lang='grc' dir='ltr'>νοῦν</span> 
     </span>
    </p>
   </div>
   <div class='ocr_carea' id='block_1_55' title="bbox 1019 1185 1805 1227">
    <p class='ocr_par' dir='ltr' id='par_1_55' title="bbox 1019 1185 1805 1227">
     <span class='ocr_line' id='line_1_55' title="bbox 1019 1185 1805 1227; baseline 0.008 -14"><span class='ocrx_word' id='word_1_386' title='bbox 1019 1185 1103 1222; x_wconf 72' lang='grc' dir='ltr'>εἶχον,</span> <span class='ocrx_word' id='word_1_387' title='bbox 1120 1189 1285 1222; x_wconf 83' lang='grc' dir='ltr'>προσκυνεῖν</span> <span class='ocrx_word' id='word_1_388' title='bbox 1306 1189 1398 1221; x_wconf 76' lang='grc' dir='ltr'>αὑτὸν,</span> <span class='ocrx_word' id='word_1_389' title='bbox 1424 1191 1674 1225; x_wconf 78' lang='grc' dir='ltr'>ἀποτροπιὰζονται</span> <span class='ocrx_word' id='word_1_390' title='bbox 1698 1192 1745 1218; x_wconf 88' lang='grc' dir='ltr'>τοῦ</span> <span class='ocrx_word' id='word_1_391' title='bbox 1757 1193 1805 1227; x_wconf 62' lang='grc' dir='ltr'><strong>βαι</strong></span> 
     </span>
    </p>
   </div>
   <div class='ocr_carea' id='block_1_56' title="bbox 1021 1233 1804 1274">
    <p class='ocr_par' dir='ltr' id='par_1_56' title="bbox 1021 1233 1804 1274">
     <span class='ocr_line' id='line_1_56' title="bbox 1021 1233 1804 1274; baseline 0.008 -15"><span class='ocrx_word' id='word_1_392' title='bbox 1021 1233 1117 1265; x_wconf 79' lang='grc' dir='ltr'>σιλέως</span> <span class='ocrx_word' id='word_1_393' title='bbox 1128 1233 1178 1267; x_wconf 85' lang='grc' dir='ltr'>τῆς</span> <span class='ocrx_word' id='word_1_394' title='bbox 1194 1234 1274 1268; x_wconf 80' lang='grc' dir='ltr'><strong>δόξης</strong></span> <span class='ocrx_word' id='word_1_395' title='bbox 1287 1235 1316 1260; x_wconf 72' lang='grc' dir='ltr'><strong>τὸ</strong></span> <span class='ocrx_word' id='word_1_396' title='bbox 1333 1235 1478 1269; x_wconf 79' lang='grc' dir='ltr'>σύμσολον,</span> <span class='ocrx_word' id='word_1_397' title='bbox 1500 1236 1515 1262; x_wconf 76' lang='grc' dir='ltr'>ὂ</span> <span class='ocrx_word' id='word_1_398' title='bbox 1527 1237 1574 1263; x_wconf 76' lang='grc' dir='ltr'>καὶ</span> <span class='ocrx_word' id='word_1_399' title='bbox 1586 1238 1666 1268; x_wconf 66' lang='grc' dir='ltr'>αὐτὸς</span> <span class='ocrx_word' id='word_1_400' title='bbox 1678 1239 1804 1274; x_wconf 68' lang='grc' dir='ltr'>φανερῶς</span> 
     </span>
    </p>
   </div>
   <div class='ocr_carea' id='block_1_57' title="bbox 1018 1278 1803 1317">
    <p class='ocr_par' dir='ltr' id='par_1_57' title="bbox 1018 1278 1803 1317">
     <span class='ocr_line' id='line_1_57' title="bbox 1018 1278 1803 1317; baseline 0.006 -12"><span class='ocrx_word' id='word_1_401' title='bbox 1018 1279 1033 1305; x_wconf 83' lang='grc' dir='ltr'><strong><em>ὁ</em></strong></span> <span class='ocrx_word' id='word_1_402' title='bbox 1053 1278 1153 1313; x_wconf 80' lang='grc' dir='ltr'>Κύριος</span> <span class='ocrx_word' id='word_1_403' title='bbox 1169 1278 1237 1314; x_wconf 71' lang='grc' dir='ltr'>ὕψος</span> <span class='ocrx_word' id='word_1_404' title='bbox 1255 1279 1305 1313; x_wconf 80' lang='grc' dir='ltr'><strong>μὲν</strong></span> <span class='ocrx_word' id='word_1_405' title='bbox 1324 1280 1372 1307; x_wconf 82' lang='grc' dir='ltr'>καὶ</span> <span class='ocrx_word' id='word_1_406' title='bbox 1384 1280 1463 1312; x_wconf 67' lang='grc' dir='ltr'>δὸξαν</span> <span class='ocrx_word' id='word_1_407' title='bbox 1477 1281 1575 1308; x_wconf 82' lang='grc' dir='ltr'>ἑαυτοῦ</span> <span class='ocrx_word' id='word_1_408' title='bbox 1587 1282 1676 1314; x_wconf 82' lang='grc' dir='ltr'>καλεῖ,</span> <span class='ocrx_word' id='word_1_409' title='bbox 1694 1284 1803 1317; x_wconf 84' lang='grc' dir='ltr'>μέλλων</span> 
     </span>
    </p>
   </div>
   <div class='ocr_carea' id='block_1_58' title="bbox 1018 1325 1802 1364">
    <p class='ocr_par' dir='ltr' id='par_1_58' title="bbox 1018 1325 1802 1364">
     <span class='ocr_line' id='line_1_58' title="bbox 1018 1325 1802 1364; baseline 0.01 -14"><span class='ocrx_word' id='word_1_410' title='bbox 1018 1325 1175 1351; x_wconf 81' lang='grc' dir='ltr'>ἀναϐαίνειν</span> <span class='ocrx_word' id='word_1_411' title='bbox 1201 1325 1245 1352; x_wconf 80' lang='grc' dir='ltr'><strong>ὲπ¹</strong></span> <span class='ocrx_word' id='word_1_412' title='bbox 1260 1326 1328 1353; x_wconf 79' lang='grc' dir='ltr'>αὑτό</span> <span class='ocrx_word' id='word_1_413' title='bbox 1342 1334 1349 1342; x_wconf 90' lang='grc'><strong>·</strong></span> <span class='ocrx_word' id='word_1_414' title='bbox 1377 1327 1450 1354; x_wconf 86' lang='grc' dir='ltr'>κατὰ</span> <span class='ocrx_word' id='word_1_415' title='bbox 1467 1327 1496 1355; x_wconf 75' lang='grc' dir='ltr'><strong>δὲ</strong></span> <span class='ocrx_word' id='word_1_416' title='bbox 1518 1328 1568 1364; x_wconf 85' lang='grc' dir='ltr'>τὴν</span> <span class='ocrx_word' id='word_1_417' title='bbox 1587 1330 1739 1364; x_wconf 82' lang='grc' dir='ltr'>μέλλουσαν</span> <span class='ocrx_word' id='word_1_418' title='bbox 1751 1331 1802 1358; x_wconf 78' lang='grc' dir='ltr'><strong>αὐ-</strong></span> 
     </span>
    </p>
   </div>
   <div class='ocr_carea' id='block_1_59' title="bbox 1018 1369 1803 1412">
    <p class='ocr_par' dir='ltr' id='par_1_59' title="bbox 1018 1369 1803 1412">
     <span class='ocr_line' id='line_1_59' title="bbox 1018 1369 1803 1412; baseline 0.01 -16"><span class='ocrx_word' id='word_1_419' title='bbox 1018 1369 1065 1396; x_wconf 82' lang='grc' dir='ltr'>τοῦ</span> <span class='ocrx_word' id='word_1_420' title='bbox 1083 1371 1239 1406; x_wconf 75' lang='grc' dir='ltr'>παρουσίαν</span> <span class='ocrx_word' id='word_1_421' title='bbox 1255 1373 1303 1398; x_wconf 71' lang='grc' dir='ltr'>καὶ</span> <span class='ocrx_word' id='word_1_422' title='bbox 1321 1374 1487 1407; x_wconf 69' lang='grc' dir='ltr'>ἐπιφάνειαν</span> <span class='ocrx_word' id='word_1_423' title='bbox 1510 1375 1669 1403; x_wconf 73' lang='grc' dir='ltr'>ἐλεύσεσθαι</span> <span class='ocrx_word' id='word_1_424' title='bbox 1695 1386 1803 1412; x_wconf 72' lang='grc' dir='ltr'>προκα-</span> 
     </span>
    </p>
   </div>
   <div class='ocr_carea' id='block_1_60' title="bbox 1018 1416 1803 1457">
    <p class='ocr_par' dir='ltr' id='par_1_60' title="bbox 1018 1416 1803 1457">
     <span class='ocr_line' id='line_1_60' title="bbox 1018 1416 1803 1457; baseline 0.01 -15"><span class='ocrx_word' id='word_1_425' title='bbox 1018 1416 1163 1450; x_wconf 79' lang='grc' dir='ltr'>ταγγέλλει</span> <span class='ocrx_word' id='word_1_426' title='bbox 1177 1417 1208 1443; x_wconf 69' lang='grc' dir='ltr'><strong>τὸ</strong></span> <span class='ocrx_word' id='word_1_427' title='bbox 1219 1419 1334 1452; x_wconf 86' lang='grc' dir='ltr'>σημεῖον</span> <span class='ocrx_word' id='word_1_428' title='bbox 1352 1419 1433 1445; x_wconf 84' lang='grc' dir='ltr'>τοῦτο</span> <span class='ocrx_word' id='word_1_429' title='bbox 1448 1420 1495 1446; x_wconf 85' lang='grc' dir='ltr'>τοῦ</span> <span class='ocrx_word' id='word_1_430' title='bbox 1511 1420 1575 1447; x_wconf 84' lang='grc' dir='ltr'><strong>Υίοῦ</strong></span> <span class='ocrx_word' id='word_1_431' title='bbox 1595 1421 1644 1448; x_wconf 83' lang='grc' dir='ltr'>τοῦ</span> <span class='ocrx_word' id='word_1_432' title='bbox 1657 1422 1803 1457; x_wconf 80' lang='grc' dir='ltr'>ἀνθρώπου</span> 
     </span>
    </p>
   </div>
   <div class='ocr_carea' id='block_1_61' title="bbox 1019 1461 1801 1504">
    <p class='ocr_par' dir='ltr' id='par_1_61' title="bbox 1019 1461 1801 1504">
     <span class='ocr_line' id='line_1_61' title="bbox 1019 1461 1801 1504; baseline 0.01 -17"><span class='ocrx_word' id='word_1_433' title='bbox 1019 1462 1091 1496; x_wconf 76' lang='grc' dir='ltr'>μετὰ</span> <span class='ocrx_word' id='word_1_434' title='bbox 1105 1461 1246 1496; x_wconf 73' lang='grc' dir='ltr'>δυνάμεως</span> <span class='ocrx_word' id='word_1_435' title='bbox 1267 1463 1312 1489; x_wconf 70' lang='grc' dir='ltr'>καὶ</span> <span class='ocrx_word' id='word_1_436' title='bbox 1337 1464 1416 1499; x_wconf 71' lang='grc' dir='ltr'>δόξης</span> <span class='ocrx_word' id='word_1_437' title='bbox 1440 1465 1557 1500; x_wconf 72' lang='grc' dir='ltr'>πολλῆς*</span> <span class='ocrx_word' id='word_1_438' title='bbox 1586 1467 1644 1493; x_wconf 82' lang='grc' dir='ltr'>ἀλλ’</span> <span class='ocrx_word' id='word_1_439' title='bbox 1667 1468 1696 1494; x_wconf 79' lang='grc' dir='ltr'>ἑν</span> <span class='ocrx_word' id='word_1_440' title='bbox 1714 1469 1801 1504; x_wconf 81' lang='grc' dir='ltr'>αὐτῷ,</span> 
     </span>
    </p>
   </div>
   <div class='ocr_carea' id='block_1_62' title="bbox 181 1504 920 1546">
    <p class='ocr_par' dir='ltr' id='par_1_62' title="bbox 181 1504 910 1539">
     <span class='ocr_line' id='line_1_62' title="bbox 181 1504 910 1539; baseline -0.001 -6"><span class='ocrx_word' id='word_1_441' title='bbox 181 1506 307 1534; x_wconf 82' lang='lat' dir='ltr'><strong>Christus</strong></span> <span class='ocrx_word' id='word_1_442' title='bbox 324 1506 349 1533; x_wconf 94' lang='lat' dir='ltr'><strong>in</strong></span> <span class='ocrx_word' id='word_1_443' title='bbox 361 1513 396 1533; x_wconf 91' lang='lat' dir='ltr'><strong>eo</strong></span> <span class='ocrx_word' id='word_1_444' title='bbox 412 1505 533 1532; x_wconf 70' lang='lat' dir='ltr'><strong>conlisus</strong></span> <span class='ocrx_word' id='word_1_445' title='bbox 547 1504 684 1537; x_wconf 85' lang='lat' dir='ltr'><strong>occubuit,</strong></span> <span class='ocrx_word' id='word_1_446' title='bbox 701 1510 842 1539; x_wconf 89' lang='lat' dir='ltr'><strong>propterea</strong></span> <span class='ocrx_word' id='word_1_447' title='bbox 859 1511 910 1532; x_wconf 89' lang='lat' dir='ltr'><strong>nec</strong></span> 
     </span>
    </p>
   </div>
   <div class='ocr_carea' id='block_1_63' title="bbox 1063 1504 1802 1546">
    <p class='ocr_par' dir='ltr' id='par_1_63' title="bbox 1063 1508 1802 1546">
     <span class='ocr_line' id='line_1_63' title="bbox 1063 1508 1802 1546; baseline 0.011 -12"><span class='ocrx_word' id='word_1_448' title='bbox 1063 1508 1110 1540; x_wconf 68' lang='lat' dir='ltr'><strong>xlv,</strong></span> <span class='ocrx_word' id='word_1_449' title='bbox 1126 1509 1139 1535; x_wconf 81' lang='grc' dir='ltr'><strong>ὀ</strong></span> <span class='ocrx_word' id='word_1_450' title='bbox 1155 1509 1274 1543; x_wconf 75' lang='grc' dir='ltr'>Χριστὸς</span> <span class='ocrx_word' id='word_1_451' title='bbox 1300 1510 1493 1545; x_wconf 79' lang='grc' dir='ltr'>προσηλωθεὶς</span> <span class='ocrx_word' id='word_1_452' title='bbox 1519 1512 1651 1546; x_wconf 81' lang='grc' dir='ltr'>ἀπέθανε,</span> <span class='ocrx_word' id='word_1_453' title='bbox 1680 1515 1728 1541; x_wconf 75' lang='grc' dir='ltr'>καὶ</span> <span class='ocrx_word' id='word_1_454' title='bbox 1757 1516 1802 1542; x_wconf 72' lang='grc' dir='ltr'><strong>διὰ</strong></span> 
     </span>
    </p>
   </div>
   <div class='ocr_carea' id='block_1_64' title="bbox 181 1551 966 1586">
    <p class='ocr_par' dir='ltr' id='par_1_64' title="bbox 181 1551 966 1586">
     <span class='ocr_line' id='line_1_64' title="bbox 181 1551 966 1586; baseline -0.005 -6"><span class='ocrx_word' id='word_1_455' title='bbox 181 1553 245 1580; x_wconf 83' lang='lat' dir='ltr'><strong>dere</strong></span> <span class='ocrx_word' id='word_1_456' title='bbox 260 1552 378 1586; x_wconf 84' lang='lat' dir='ltr'><strong>patimur</strong></span> <span class='ocrx_word' id='word_1_457' title='bbox 393 1552 601 1578; x_wconf 84' lang='lat' dir='ltr'><strong>instrumentum</strong></span> <span class='ocrx_word' id='word_1_458' title='bbox 630 1555 657 1578; x_wconf 87' lang='lat' dir='ltr'><strong>et</strong></span> <span class='ocrx_word' id='word_1_459' title='bbox 688 1551 798 1584; x_wconf 71' lang='lat' dir='ltr'><strong>lignum,</strong></span> <span class='ocrx_word' id='word_1_460' title='bbox 815 1559 897 1586; x_wconf 85' lang='lat' dir='ltr'><strong>super</strong></span> <span class='ocrx_word' id='word_1_461' title='bbox 913 1559 966 1586; x_wconf 80' lang='lat' dir='ltr'><strong>quo</strong></span> 
     </span>
    </p>
   </div>
   <div class='ocr_carea' id='block_1_65' title="bbox 181 1598 964 1632">
    <p class='ocr_par' dir='ltr' id='par_1_65' title="bbox 181 1598 964 1632">
     <span class='ocr_line' id='line_1_65' title="bbox 181 1598 964 1632; baseline -0.001 -6"><span class='ocrx_word' id='word_1_462' title='bbox 181 1600 288 1626; x_wconf 71' lang='lat' dir='ltr'><strong>occisus</strong></span> <span class='ocrx_word' id='word_1_463' title='bbox 306 1604 358 1626; x_wconf 86' lang='lat' dir='ltr'><strong>est.</strong></span> <span class='ocrx_word' id='word_1_464' title='bbox 389 1598 607 1632; x_wconf 85' lang='lat' dir='ltr'><strong>Chirographum</strong></span> <span class='ocrx_word' id='word_1_465' title='bbox 624 1603 713 1624; x_wconf 86' lang='lat' dir='ltr'><strong>autem</strong></span> <span class='ocrx_word' id='word_1_466' title='bbox 728 1599 806 1625; x_wconf 84' lang='lat' dir='ltr'><strong>nobis</strong></span> <span class='ocrx_word' id='word_1_467' title='bbox 822 1599 964 1626; x_wconf 86' lang='lat' dir='ltr'><strong>adversmn</strong></span> 
     </span>
    </p>
   </div>
   <div class='ocr_carea' id='block_1_66' title="bbox 182 1643 967 1678">
    <p class='ocr_par' dir='ltr' id='par_1_66' title="bbox 182 1643 967 1678">
     <span class='ocr_line' id='line_1_66' title="bbox 182 1643 967 1678; baseline -0.004 -6"><span class='ocrx_word' id='word_1_468' title='bbox 182 1646 251 1678; x_wconf 82' lang='lat' dir='ltr'><strong>quod</strong></span> <span class='ocrx_word' id='word_1_469' title='bbox 264 1645 343 1671; x_wconf 85' lang='lat' dir='ltr'><strong>nobis</strong></span> <span class='ocrx_word' id='word_1_470' title='bbox 356 1643 516 1678; x_wconf 69' lang='lat' dir='ltr'><strong>conscripsit</strong></span> <span class='ocrx_word' id='word_1_471' title='bbox 531 1650 579 1677; x_wconf 89' lang='lat' dir='ltr'><strong>per</strong></span> <span class='ocrx_word' id='word_1_472' title='bbox 598 1643 656 1678; x_wconf 83' lang='lat' dir='ltr'><strong>ejus</strong></span> <span class='ocrx_word' id='word_1_473' title='bbox 675 1643 701 1670; x_wconf 91' lang='lat' dir='ltr'><strong>iu</strong></span> <span class='ocrx_word' id='word_1_474' title='bbox 721 1643 794 1678; x_wconf 75' lang='lat' dir='ltr'><strong>ligno</strong></span> <span class='ocrx_word' id='word_1_475' title='bbox 808 1644 967 1671; x_wconf 87' lang='lat' dir='ltr'><strong>iuohedieu-</strong></span> 
     </span>
    </p>
   </div>
   <div class='ocr_carea' id='block_1_67' title="bbox 183 1688 966 1723">
    <p class='ocr_par' dir='ltr' id='par_1_67' title="bbox 183 1688 966 1723">
     <span class='ocr_line' id='line_1_67' title="bbox 183 1688 966 1723; baseline -0.003 -6"><span class='ocrx_word' id='word_1_476' title='bbox 183 1690 247 1718; x_wconf 85' lang='lat' dir='ltr'><strong>liam</strong></span> <span class='ocrx_word' id='word_1_477' title='bbox 281 1697 376 1717; x_wconf 86' lang='lat' dir='ltr'><strong>manus</strong></span> <span class='ocrx_word' id='word_1_478' title='bbox 411 1688 488 1722; x_wconf 88' lang='lat' dir='ltr'><strong>primi</strong></span> <span class='ocrx_word' id='word_1_479' title='bbox 507 1689 636 1723; x_wconf 79' lang='lat' dir='ltr'><strong>parentis,</strong></span> <span class='ocrx_word' id='word_1_480' title='bbox 654 1689 679 1715; x_wconf 93' lang='lat' dir='ltr'><strong>in</strong></span> <span class='ocrx_word' id='word_1_481' title='bbox 703 1696 755 1723; x_wconf 90' lang='lat' dir='ltr'><strong>quo</strong></span> <span class='ocrx_word' id='word_1_482' title='bbox 783 1689 877 1716; x_wconf 77' lang='lat' dir='ltr'><strong>allixus</strong></span> <span class='ocrx_word' id='word_1_483' title='bbox 895 1688 966 1716; x_wconf 77' lang='lat' dir='ltr'><strong>fuit?</strong></span> 
     </span>
    </p>
   </div>
   <div class='ocr_carea' id='block_1_68' title="bbox 181 1734 966 1771">
    <p class='ocr_par' dir='ltr' id='par_1_68' title="bbox 181 1734 966 1771">
     <span class='ocr_line' id='line_1_68' title="bbox 181 1734 966 1771; baseline -0.001 -9"><span class='ocrx_word' id='word_1_484' title='bbox 181 1737 318 1771; x_wconf 84' lang='lat' dir='ltr'><strong>quomodo</strong></span> <span class='ocrx_word' id='word_1_485' title='bbox 331 1744 346 1762; x_wconf 89' lang='lat' dir='ltr'><strong>e</strong></span> <span class='ocrx_word' id='word_1_486' title='bbox 357 1736 444 1762; x_wconf 90' lang='lat' dir='ltr'><strong>medio</strong></span> <span class='ocrx_word' id='word_1_487' title='bbox 458 1735 564 1762; x_wconf 85' lang='lat' dir='ltr'><strong>ablatus</strong></span> <span class='ocrx_word' id='word_1_488' title='bbox 577 1740 629 1766; x_wconf 86' lang='lat' dir='ltr'><strong>est,</strong></span> <span class='ocrx_word' id='word_1_489' title='bbox 646 1735 681 1761; x_wconf 86' lang='lat' dir='ltr'><strong>ita</strong></span> <span class='ocrx_word' id='word_1_490' title='bbox 696 1739 723 1761; x_wconf 95' lang='lat' dir='ltr'><strong>ul</strong></span> <span class='ocrx_word' id='word_1_491' title='bbox 741 1742 835 1762; x_wconf 88' lang='lat' dir='ltr'><strong>rursus</strong></span> <span class='ocrx_word' id='word_1_492' title='bbox 846 1734 872 1761; x_wconf 93' lang='lat' dir='ltr'><strong>in</strong></span> <span class='ocrx_word' id='word_1_493' title='bbox 885 1735 966 1762; x_wconf 84' lang='lat' dir='ltr'><strong>bene-</strong></span> 
     </span>
    </p>
   </div>
   <div class='ocr_carea' id='block_1_69' title="bbox 181 1780 966 1816">
    <p class='ocr_par' dir='ltr' id='par_1_69' title="bbox 181 1780 966 1816">
     <span class='ocr_line' id='line_1_69' title="bbox 181 1780 966 1816; baseline 0.001 -9"><span class='ocrx_word' id='word_1_494' title='bbox 181 1781 325 1808; x_wconf 75' lang='lat' dir='ltr'><strong>dictionem</strong></span> <span class='ocrx_word' id='word_1_495' title='bbox 344 1781 412 1815; x_wconf 81' lang='lat' dir='ltr'><strong>apud</strong></span> <span class='ocrx_word' id='word_1_496' title='bbox 429 1780 514 1808; x_wconf 89' lang='lat' dir='ltr'><strong>Deum</strong></span> <span class='ocrx_word' id='word_1_497' title='bbox 531 1781 710 1808; x_wconf 81' lang='lat' dir='ltr'><strong>redierimus?</strong></span> <span class='ocrx_word' id='word_1_498' title='bbox 724 1781 752 1809; x_wconf 92' lang='lat' dir='ltr'><strong>In</strong></span> <span class='ocrx_word' id='word_1_499' title='bbox 764 1788 818 1816; x_wconf 86' lang='lat' dir='ltr'><strong>quo</strong></span> <span class='ocrx_word' id='word_1_500' title='bbox 833 1781 966 1816; x_wconf 82' lang='lat' dir='ltr'><strong>principa-</strong></span> 
     </span>
    </p>
   </div>
   <div class='ocr_carea' id='block_1_70' title="bbox 182 1827 965 1863">
    <p class='ocr_par' dir='ltr' id='par_1_70' title="bbox 182 1827 965 1863">
     <span class='ocr_line' id='line_1_70' title="bbox 182 1827 965 1863; baseline 0.001 -9"><span class='ocrx_word' id='word_1_501' title='bbox 182 1832 226 1854; x_wconf 87' lang='lat' dir='ltr'><strong>tus</strong></span> <span class='ocrx_word' id='word_1_502' title='bbox 242 1831 269 1854; x_wconf 89' lang='lat' dir='ltr'><strong>ct</strong></span> <span class='ocrx_word' id='word_1_503' title='bbox 291 1831 438 1861; x_wconf 61' lang='lat' dir='ltr'><strong>potestates</strong></span> <span class='ocrx_word' id='word_1_504' title='bbox 461 1827 606 1861; x_wconf 86' lang='lat' dir='ltr'><strong>spirituum</strong></span> <span class='ocrx_word' id='word_1_505' title='bbox 636 1827 743 1855; x_wconf 57' lang='lat' dir='ltr'><strong>malitia;</strong></span> <span class='ocrx_word' id='word_1_506' title='bbox 763 1828 811 1863; x_wconf 87' lang='lat' dir='ltr'><strong>qui</strong></span> <span class='ocrx_word' id='word_1_507' title='bbox 835 1827 965 1855; x_wconf 84' lang='lat' dir='ltr'><strong>adversus</strong></span> 
     </span>
    </p>
   </div>
   <div class='ocr_carea' id='block_1_71' title="bbox 181 1873 965 1909">
    <p class='ocr_par' dir='ltr' id='par_1_71' title="bbox 181 1873 965 1909">
     <span class='ocr_line' id='line_1_71' title="bbox 181 1873 965 1909; baseline 0 -9"><span class='ocrx_word' id='word_1_508' title='bbox 181 1880 301 1901; x_wconf 85' lang='lat' dir='ltr'><strong>nostram</strong></span> <span class='ocrx_word' id='word_1_509' title='bbox 325 1879 448 1901; x_wconf 84' lang='lat' dir='ltr'><strong>naturam</strong></span> <span class='ocrx_word' id='word_1_510' title='bbox 466 1881 498 1901; x_wconf 78' lang='lat' dir='ltr'><strong>ex</strong></span> <span class='ocrx_word' id='word_1_511' title='bbox 516 1873 587 1907; x_wconf 81' lang='lat' dir='ltr'><strong>ligno</strong></span> <span class='ocrx_word' id='word_1_512' title='bbox 609 1873 797 1901; x_wconf 68' lang='lat' dir='ltr'><strong>inobedientiaa</strong></span> <span class='ocrx_word' id='word_1_513' title='bbox 813 1880 965 1909; x_wconf 80' lang='lat' dir='ltr'><strong>occupave-</strong></span> 
     </span>
    </p>
   </div>
   <div class='ocr_carea' id='block_1_72' title="bbox 180 1919 966 1954">
    <p class='ocr_par' dir='ltr' id='par_1_72' title="bbox 180 1919 966 1954">
     <span class='ocr_line' id='line_1_72' title="bbox 180 1919 966 1954; baseline 0.001 -8"><span class='ocrx_word' id='word_1_514' title='bbox 180 1924 244 1946; x_wconf 92' lang='lat' dir='ltr'><strong>runt</strong></span> <span class='ocrx_word' id='word_1_515' title='bbox 261 1919 359 1952; x_wconf 90' lang='lat' dir='ltr'><strong>locum,</strong></span> <span class='ocrx_word' id='word_1_516' title='bbox 381 1919 461 1954; x_wconf 87' lang='lat' dir='ltr'><strong>ejecit</strong></span> <span class='ocrx_word' id='word_1_517' title='bbox 479 1919 606 1947; x_wconf 87' lang='lat' dir='ltr'><strong>Christus</strong></span> <span class='ocrx_word' id='word_1_518' title='bbox 630 1923 657 1947; x_wconf 88' lang='lat' dir='ltr'><strong>et</strong></span> <span class='ocrx_word' id='word_1_519' title='bbox 682 1920 788 1954; x_wconf 83' lang='lat' dir='ltr'><strong>penitus</strong></span> <span class='ocrx_word' id='word_1_520' title='bbox 803 1921 916 1951; x_wconf 83' lang='lat' dir='ltr'><strong>amovit,</strong></span> <span class='ocrx_word' id='word_1_521' title='bbox 939 1924 966 1948; x_wconf 89' lang='lat' dir='ltr'><strong>et</strong></span> 
     </span>
    </p>
   </div>
   <div class='ocr_carea' id='block_1_73' title="bbox 181 1965 967 2000">
    <p class='ocr_par' dir='ltr' id='par_1_73' title="bbox 181 1965 967 2000">
     <span class='ocr_line' id='line_1_73' title="bbox 181 1965 967 2000; baseline 0.003 -8"><span class='ocrx_word' id='word_1_522' title='bbox 181 1967 349 2000; x_wconf 78' lang='lat' dir='ltr'><strong>triumphans</strong></span> <span class='ocrx_word' id='word_1_523' title='bbox 364 1965 498 1997; x_wconf 81' lang='lat' dir='ltr'><strong>confudit,</strong></span> <span class='ocrx_word' id='word_1_524' title='bbox 517 1966 588 1993; x_wconf 90' lang='lat' dir='ltr'><strong>unde</strong></span> <span class='ocrx_word' id='word_1_525' title='bbox 606 1971 634 1993; x_wconf 86' lang='lat' dir='ltr'><strong>et</strong></span> <span class='ocrx_word' id='word_1_526' title='bbox 650 1973 701 1993; x_wconf 85' lang='lat' dir='ltr'><strong>nos</strong></span> <span class='ocrx_word' id='word_1_527' title='bbox 721 1965 872 1993; x_wconf 85' lang='lat' dir='ltr'><strong>libertatem</strong></span> <span class='ocrx_word' id='word_1_528' title='bbox 889 1973 967 1994; x_wconf 83' lang='lat' dir='ltr'><strong>acce-</strong></span> 
     </span>
    </p>
   </div>
   <div class='ocr_carea' id='block_1_74' title="bbox 182 2010 963 2045">
    <p class='ocr_par' dir='ltr' id='par_1_74' title="bbox 182 2010 963 2045">
     <span class='ocr_line' id='line_1_74' title="bbox 182 2010 963 2045; baseline 0.003 -9"><span class='ocrx_word' id='word_1_529' title='bbox 182 2011 286 2045; x_wconf 73' lang='lat' dir='ltr'><strong>pimus?</strong></span> <span class='ocrx_word' id='word_1_530' title='bbox 300 2011 328 2037; x_wconf 87' lang='lat' dir='ltr'><strong>lu</strong></span> <span class='ocrx_word' id='word_1_531' title='bbox 343 2018 395 2045; x_wconf 84' lang='lat' dir='ltr'><strong>quo</strong></span> <span class='ocrx_word' id='word_1_532' title='bbox 411 2011 542 2037; x_wconf 87' lang='lat' dir='ltr'><strong>maceries</strong></span> <span class='ocrx_word' id='word_1_533' title='bbox 557 2011 736 2045; x_wconf 81' lang='lat' dir='ltr'><strong>separationis</strong></span> <span class='ocrx_word' id='word_1_534' title='bbox 750 2010 801 2037; x_wconf 83' lang='lat' dir='ltr'><strong>fuit</strong></span> <span class='ocrx_word' id='word_1_535' title='bbox 816 2011 963 2044; x_wconf 85' lang='lat' dir='ltr'><strong>destructa,</strong></span> 
     </span>
    </p>
   </div>
   <div class='ocr_carea' id='block_1_75' title="bbox 181 2055 966 2090">
    <p class='ocr_par' dir='ltr' id='par_1_75' title="bbox 181 2055 966 2090">
     <span class='ocr_line' id='line_1_75' title="bbox 181 2055 966 2090; baseline -0.001 -7"><span class='ocrx_word' id='word_1_536' title='bbox 181 2056 325 2083; x_wconf 83' lang='lat' dir='ltr'><strong>inimicitia</strong></span> <span class='ocrx_word' id='word_1_537' title='bbox 356 2055 401 2083; x_wconf 82' lang='lat' dir='ltr'><strong>Dei</strong></span> <span class='ocrx_word' id='word_1_538' title='bbox 432 2055 532 2083; x_wconf 80' lang='lat' dir='ltr'><strong>abolita</strong></span> <span class='ocrx_word' id='word_1_539' title='bbox 558 2060 584 2082; x_wconf 88' lang='lat' dir='ltr'><strong>et</strong></span> <span class='ocrx_word' id='word_1_540' title='bbox 612 2060 761 2090; x_wconf 79' lang='lat' dir='ltr'><strong>perempta,</strong></span> <span class='ocrx_word' id='word_1_541' title='bbox 788 2056 814 2083; x_wconf 92' lang='lat' dir='ltr'><strong>in</strong></span> <span class='ocrx_word' id='word_1_542' title='bbox 841 2063 895 2090; x_wconf 93' lang='lat' dir='ltr'><strong>quo</strong></span> <span class='ocrx_word' id='word_1_543' title='bbox 924 2064 966 2083; x_wconf 89' lang='lat' dir='ltr'><strong>re-</strong></span> 
     </span>
    </p>
   </div>
   <div class='ocr_carea' id='block_1_76' title="bbox 182 2101 966 2136">
    <p class='ocr_par' dir='ltr' id='par_1_76' title="bbox 182 2101 966 2136">
     <span class='ocr_line' id='line_1_76' title="bbox 182 2101 966 2136; baseline 0.001 -8"><span class='ocrx_word' id='word_1_544' title='bbox 182 2102 318 2129; x_wconf 80' lang='lat' dir='ltr'><strong>conciliati</strong></span> <span class='ocrx_word' id='word_1_545' title='bbox 334 2109 429 2129; x_wconf 87' lang='lat' dir='ltr'><strong>sumus</strong></span> <span class='ocrx_word' id='word_1_546' title='bbox 448 2109 508 2128; x_wconf 90' lang='lat' dir='ltr'><strong>eum</strong></span> <span class='ocrx_word' id='word_1_547' title='bbox 524 2101 589 2132; x_wconf 82' lang='lat' dir='ltr'><strong>Deo.</strong></span> <span class='ocrx_word' id='word_1_548' title='bbox 606 2104 633 2128; x_wconf 84' lang='lat' dir='ltr'><strong>et</strong></span> <span class='ocrx_word' id='word_1_549' title='bbox 658 2109 750 2135; x_wconf 82' lang='lat' dir='ltr'><strong>pacem</strong></span> <span class='ocrx_word' id='word_1_550' title='bbox 766 2109 826 2128; x_wconf 88' lang='lat' dir='ltr'><strong>cum</strong></span> <span class='ocrx_word' id='word_1_551' title='bbox 844 2102 902 2136; x_wconf 90' lang='lat' dir='ltr'><strong>ipso</strong></span> <span class='ocrx_word' id='word_1_552' title='bbox 917 2109 966 2136; x_wconf 88' lang='lat' dir='ltr'><strong>per</strong></span> 
     </span>
    </p>
   </div>
   <div class='ocr_carea' id='block_1_77' title="bbox 178 2145 964 2181">
    <p class='ocr_par' dir='ltr' id='par_1_77' title="bbox 178 2145 964 2181">
     <span class='ocr_line' id='line_1_77' title="bbox 178 2145 964 2181; baseline -0.001 -7"><span class='ocrx_word' id='word_1_553' title='bbox 178 2147 356 2181; x_wconf 71' lang='lat' dir='ltr'><strong>Evangelinm</strong></span> <span class='ocrx_word' id='word_1_554' title='bbox 374 2145 606 2180; x_wconf 83' lang='lat' dir='ltr'><strong>recuperavimus?</strong></span> <span class='ocrx_word' id='word_1_555' title='bbox 618 2145 710 2172; x_wconf 88' lang='lat' dir='ltr'><strong>Nonne</strong></span> <span class='ocrx_word' id='word_1_556' title='bbox 731 2146 757 2173; x_wconf 92' lang='lat' dir='ltr'><strong>in</strong></span> <span class='ocrx_word' id='word_1_557' title='bbox 774 2153 866 2178; x_wconf 87' lang='lat' dir='ltr'><strong>cruce,</strong></span> <span class='ocrx_word' id='word_1_558' title='bbox 879 2152 904 2173; x_wconf 87' lang='lat' dir='ltr'><strong>et</strong></span> <span class='ocrx_word' id='word_1_559' title='bbox 917 2154 964 2181; x_wconf 87' lang='lat' dir='ltr'><strong>per</strong></span> 
     </span>
    </p>
   </div>
   <div class='ocr_carea' id='block_1_78' title="bbox 1018 1553 1802 1593">
    <p class='ocr_par' dir='ltr' id='par_1_78' title="bbox 1018 1553 1802 1593">
     <span class='ocr_line' id='line_1_78' title="bbox 1018 1553 1802 1593; baseline 0.009 -13"><span class='ocrx_word' id='word_1_560' title='bbox 1018 1553 1097 1581; x_wconf 85' lang='grc' dir='ltr'>τοῦτο</span> <span class='ocrx_word' id='word_1_561' title='bbox 1111 1555 1165 1581; x_wconf 85' lang='grc' dir='ltr'>οὐδ’</span> <span class='ocrx_word' id='word_1_562' title='bbox 1182 1556 1249 1590; x_wconf 79' lang='grc' dir='ltr'>ὁρᾷν</span> <span class='ocrx_word' id='word_1_563' title='bbox 1261 1556 1414 1591; x_wconf 77' lang='grc' dir='ltr'>ἀνεχόμεθα</span> <span class='ocrx_word' id='word_1_564' title='bbox 1432 1557 1463 1583; x_wconf 83' lang='grc' dir='ltr'><strong>τὸ</strong></span> <span class='ocrx_word' id='word_1_565' title='bbox 1488 1557 1584 1593; x_wconf 83' lang='grc' dir='ltr'>σχῆμα</span> <span class='ocrx_word' id='word_1_566' title='bbox 1603 1560 1650 1585; x_wconf 71' lang='grc' dir='ltr'>καὶ</span> <span class='ocrx_word' id='word_1_567' title='bbox 1669 1560 1699 1586; x_wconf 85' lang='grc' dir='ltr'><strong>τὺ</strong></span> <span class='ocrx_word' id='word_1_568' title='bbox 1724 1561 1802 1592; x_wconf 81' lang='grc' dir='ltr'>ξύλον</span> 
     </span>
    </p>
   </div>
   <div class='ocr_carea' id='block_1_79' title="bbox 1017 1597 1800 1641">
    <p class='ocr_par' dir='ltr' id='par_1_79' title="bbox 1017 1597 1800 1641">
     <span class='ocr_line' id='line_1_79' title="bbox 1017 1597 1800 1641; baseline 0.006 -14"><span class='ocrx_word' id='word_1_569' title='bbox 1017 1601 1046 1627; x_wconf 73' lang='grc' dir='ltr'>ἐν</span> <span class='ocrx_word' id='word_1_570' title='bbox 1059 1597 1081 1634; x_wconf 83' lang='grc' dir='ltr'><strong>ᾧ</strong></span> <span class='ocrx_word' id='word_1_571' title='bbox 1095 1601 1292 1629; x_wconf 80' lang='grc' dir='ltr'>τεθανάτωται,</span> <span class='ocrx_word' id='word_1_572' title='bbox 1309 1602 1346 1629; x_wconf 85' lang='grc' dir='ltr'><strong>Τδ</strong></span> <span class='ocrx_word' id='word_1_573' title='bbox 1366 1602 1394 1629; x_wconf 82' lang='grc' dir='ltr'><strong>δὲ</strong></span> <span class='ocrx_word' id='word_1_574' title='bbox 1410 1603 1472 1629; x_wconf 80' lang='grc' dir='ltr'>καθ’</span> <span class='ocrx_word' id='word_1_575' title='bbox 1499 1604 1578 1638; x_wconf 77' lang='grc' dir='ltr'>ἡμῶν</span> <span class='ocrx_word' id='word_1_576' title='bbox 1604 1606 1800 1641; x_wconf 62' lang='grc' dir='ltr'>χειρόγραφον,</span> 
     </span>
    </p>
   </div>
   <div class='ocr_carea' id='block_1_80' title="bbox 1015 1647 1798 1685">
    <p class='ocr_par' dir='ltr' id='par_1_80' title="bbox 1015 1647 1798 1685">
     <span class='ocr_line' id='line_1_80' title="bbox 1015 1647 1798 1685; baseline 0.006 -12"><span class='ocrx_word' id='word_1_577' title='bbox 1015 1647 1156 1681; x_wconf 76' lang='grc' dir='ltr'>ὃγέγονεν</span> <span class='ocrx_word' id='word_1_578' title='bbox 1184 1648 1251 1681; x_wconf 85' lang='grc' dir='ltr'><strong>ἡμῖν</strong></span> <span class='ocrx_word' id='word_1_579' title='bbox 1270 1647 1314 1676; x_wconf 74' lang='grc' dir='ltr'><strong>διὰ</strong></span> <span class='ocrx_word' id='word_1_580' title='bbox 1328 1648 1378 1683; x_wconf 82' lang='grc' dir='ltr'>τῆς</span> <span class='ocrx_word' id='word_1_581' title='bbox 1408 1649 1455 1674; x_wconf 74' lang='grc' dir='ltr'><strong>ἐπὶ</strong></span> <span class='ocrx_word' id='word_1_582' title='bbox 1483 1648 1514 1675; x_wconf 69' lang='grc' dir='ltr'>τὸ</span> <span class='ocrx_word' id='word_1_583' title='bbox 1541 1648 1619 1681; x_wconf 81' lang='grc' dir='ltr'>ξύλον</span> <span class='ocrx_word' id='word_1_584' title='bbox 1644 1652 1798 1685; x_wconf 77' lang='grc' dir='ltr'>παρακοῆς,</span> 
     </span>
    </p>
   </div>
   <div class='ocr_carea' id='block_1_81' title="bbox 1016 1692 1800 1729">
    <p class='ocr_par' dir='ltr' id='par_1_81' title="bbox 1016 1692 1800 1729">
     <span class='ocr_line' id='line_1_81' title="bbox 1016 1692 1800 1729; baseline 0.005 -11"><span class='ocrx_word' id='word_1_585' title='bbox 1016 1693 1201 1727; x_wconf 81' lang='grc' dir='ltr'>ὲκτεταμένης</span> <span class='ocrx_word' id='word_1_586' title='bbox 1229 1692 1279 1726; x_wconf 82' lang='grc' dir='ltr'>τῆς</span> <span class='ocrx_word' id='word_1_587' title='bbox 1302 1692 1348 1719; x_wconf 87' lang='grc' dir='ltr'>τοῦ</span> <span class='ocrx_word' id='word_1_588' title='bbox 1379 1693 1553 1728; x_wconf 80' lang='grc' dir='ltr'>προπάτορος</span> <span class='ocrx_word' id='word_1_589' title='bbox 1576 1695 1676 1729; x_wconf 76' lang='grc' dir='ltr'>χειρὸς,</span> <span class='ocrx_word' id='word_1_590' title='bbox 1693 1697 1722 1722; x_wconf 78' lang='grc' dir='ltr'>ὲν</span> <span class='ocrx_word' id='word_1_591' title='bbox 1747 1697 1800 1722; x_wconf 88' lang='grc' dir='ltr'>τίνι</span> 
     </span>
    </p>
   </div>
   <div class='ocr_carea' id='block_1_82' title="bbox 1017 1738 1801 1774">
    <p class='ocr_par' dir='ltr' id='par_1_82' title="bbox 1017 1738 1801 1774">
     <span class='ocr_line' id='line_1_82' title="bbox 1017 1738 1801 1774; baseline 0.006 -10"><span class='ocrx_word' id='word_1_592' title='bbox 1017 1738 1205 1773; x_wconf 64' lang='grc' dir='ltr'>προσηλώθνμ</span> <span class='ocrx_word' id='word_1_593' title='bbox 1230 1739 1282 1766; x_wconf 68' lang='grc' dir='ltr'><strong>Καὶ</strong></span> <span class='ocrx_word' id='word_1_594' title='bbox 1301 1738 1346 1765; x_wconf 81' lang='grc' dir='ltr'>διὰ</span> <span class='ocrx_word' id='word_1_595' title='bbox 1362 1738 1434 1769; x_wconf 91' lang='grc' dir='ltr'>τίνος</span> <span class='ocrx_word' id='word_1_596' title='bbox 1449 1740 1481 1766; x_wconf 72' lang='lat' dir='ltr'><strong>lx</strong></span> <span class='ocrx_word' id='word_1_597' title='bbox 1514 1739 1599 1773; x_wconf 71' lang='grc' dir='ltr'>μισου</span> <span class='ocrx_word' id='word_1_598' title='bbox 1625 1742 1722 1774; x_wconf 79' lang='grc' dir='ltr'>γέγονε</span> <span class='ocrx_word' id='word_1_599' title='bbox 1753 1743 1801 1769; x_wconf 79' lang='grc' dir='ltr'>καὶ</span> 
     </span>
    </p>
   </div>
   <div class='ocr_carea' id='block_1_83' title="bbox 1016 1784 1801 1819">
    <p class='ocr_par' dir='ltr' id='par_1_83' title="bbox 1016 1784 1801 1819">
     <span class='ocr_line' id='line_1_83' title="bbox 1016 1784 1801 1819; baseline 0.008 -10"><span class='ocrx_word' id='word_1_600' title='bbox 1016 1784 1165 1818; x_wconf 73' lang='grc' dir='ltr'>ἠφανίσθη,</span> <span class='ocrx_word' id='word_1_601' title='bbox 1184 1785 1231 1810; x_wconf 73' lang='grc' dir='ltr'>καὶ</span> <span class='ocrx_word' id='word_1_602' title='bbox 1245 1784 1316 1811; x_wconf 82' lang='grc' dir='ltr'>οὕτω</span> <span class='ocrx_word' id='word_1_603' title='bbox 1343 1784 1412 1819; x_wconf 68' lang='grc' dir='ltr'>πρὸς</span> <span class='ocrx_word' id='word_1_604' title='bbox 1426 1785 1477 1819; x_wconf 81' lang='grc' dir='ltr'>τὴν</span> <span class='ocrx_word' id='word_1_605' title='bbox 1493 1785 1547 1812; x_wconf 80' lang='grc' dir='ltr'><strong>ἀπὸ</strong></span> <span class='ocrx_word' id='word_1_606' title='bbox 1571 1786 1618 1812; x_wconf 83' lang='grc' dir='ltr'>τοῦ</span> <span class='ocrx_word' id='word_1_607' title='bbox 1639 1787 1707 1814; x_wconf 84' lang='grc' dir='ltr'><strong>Θεοῦ</strong></span> <span class='ocrx_word' id='word_1_608' title='bbox 1726 1789 1801 1817; x_wconf 76' lang='grc' dir='ltr'>εὐλο-</span> 
     </span>
    </p>
   </div>
   <div class='ocr_carea' id='block_1_84' title="bbox 1016 1830 1799 1866">
    <p class='ocr_par' dir='ltr' id='par_1_84' title="bbox 1016 1830 1799 1866">
     <span class='ocr_line' id='line_1_84' title="bbox 1016 1830 1799 1866; baseline 0.004 -10"><span class='ocrx_word' id='word_1_609' title='bbox 1016 1831 1079 1864; x_wconf 83' lang='grc' dir='ltr'>γίαν</span> <span class='ocrx_word' id='word_1_610' title='bbox 1096 1830 1299 1865; x_wconf 56' lang='lat' dir='ltr'><strong>summa;</strong></span> <span class='ocrx_word' id='word_1_611' title='bbox 1328 1830 1357 1856; x_wconf 80' lang='grc' dir='ltr'>ὲν</span> <span class='ocrx_word' id='word_1_612' title='bbox 1381 1830 1436 1857; x_wconf 91' lang='grc' dir='ltr'>τίνι</span> <span class='ocrx_word' id='word_1_613' title='bbox 1454 1830 1483 1857; x_wconf 87' lang='grc' dir='ltr'><strong>δὲ</strong></span> <span class='ocrx_word' id='word_1_614' title='bbox 1501 1831 1550 1862; x_wconf 83' lang='grc' dir='ltr'>τὰς</span> <span class='ocrx_word' id='word_1_615' title='bbox 1573 1831 1662 1865; x_wconf 78' lang='grc' dir='ltr'>ἀρχὰς</span> <span class='ocrx_word' id='word_1_616' title='bbox 1679 1833 1728 1860; x_wconf 78' lang='grc' dir='ltr'>καὶ</span> <span class='ocrx_word' id='word_1_617' title='bbox 1751 1833 1799 1866; x_wconf 77' lang='grc' dir='ltr'><strong>τὰς</strong></span> 
     </span>
    </p>
   </div>
   <div class='ocr_carea' id='block_1_85' title="bbox 1016 1874 1801 1910">
    <p class='ocr_par' dir='ltr' id='par_1_85' title="bbox 1016 1874 1801 1910">
     <span class='ocr_line' id='line_1_85' title="bbox 1016 1874 1801 1910; baseline 0.006 -10"><span class='ocrx_word' id='word_1_618' title='bbox 1016 1874 1142 1907; x_wconf 76' lang='grc' dir='ltr'>ἐξουσίας</span> <span class='ocrx_word' id='word_1_619' title='bbox 1157 1875 1211 1902; x_wconf 83' lang='grc' dir='ltr'><strong>τῶν</strong></span> <span class='ocrx_word' id='word_1_620' title='bbox 1235 1875 1401 1909; x_wconf 74' lang='grc' dir='ltr'>πνευμάτων</span> <span class='ocrx_word' id='word_1_621' title='bbox 1425 1875 1477 1909; x_wconf 83' lang='grc' dir='ltr'>τῆς</span> <span class='ocrx_word' id='word_1_622' title='bbox 1502 1876 1647 1910; x_wconf 75' lang='grc' dir='ltr'>πονηρίας,</span> <span class='ocrx_word' id='word_1_623' title='bbox 1677 1877 1706 1904; x_wconf 84' lang='grc' dir='ltr'>αἶ</span> <span class='ocrx_word' id='word_1_624' title='bbox 1729 1879 1801 1905; x_wconf 79' lang='grc' dir='ltr'>κατὰ</span> 
     </span>
    </p>
   </div>
   <div class='ocr_carea' id='block_1_86' title="bbox 1016 1920 1802 1958">
    <p class='ocr_par' dir='ltr' id='par_1_86' title="bbox 1016 1920 1802 1958">
     <span class='ocr_line' id='line_1_86' title="bbox 1016 1920 1802 1958; baseline 0.004 -12"><span class='ocrx_word' id='word_1_625' title='bbox 1016 1921 1065 1954; x_wconf 81' lang='grc' dir='ltr'>τῆς</span> <span class='ocrx_word' id='word_1_626' title='bbox 1078 1920 1216 1954; x_wconf 80' lang='grc' dir='ltr'>ἡμετέρας</span> <span class='ocrx_word' id='word_1_627' title='bbox 1230 1920 1336 1954; x_wconf 82' lang='grc' dir='ltr'>φύσεως</span> <span class='ocrx_word' id='word_1_628' title='bbox 1351 1921 1383 1946; x_wconf 81' lang='grc' dir='ltr'>ὲκ</span> <span class='ocrx_word' id='word_1_629' title='bbox 1408 1920 1456 1946; x_wconf 87' lang='grc' dir='ltr'><strong>τοῦ</strong></span> <span class='ocrx_word' id='word_1_630' title='bbox 1471 1920 1551 1953; x_wconf 87' lang='grc' dir='ltr'>ξύλου</span> <span class='ocrx_word' id='word_1_631' title='bbox 1580 1922 1630 1955; x_wconf 85' lang='grc' dir='ltr'>τῆς</span> <span class='ocrx_word' id='word_1_632' title='bbox 1654 1923 1802 1958; x_wconf 80' lang='grc' dir='ltr'>παρακοῆς</span> 
     </span>
    </p>
   </div>
   <div class='ocr_carea' id='block_1_87' title="bbox 1015 1965 1802 2001">
    <p class='ocr_par' dir='ltr' id='par_1_87' title="bbox 1015 1965 1802 2001">
     <span class='ocr_line' id='line_1_87' title="bbox 1015 1965 1802 2001; baseline 0.003 -9"><span class='ocrx_word' id='word_1_633' title='bbox 1015 1966 1108 2001; x_wconf 86' lang='grc' dir='ltr'>χώραν</span> <span class='ocrx_word' id='word_1_634' title='bbox 1125 1965 1234 1997; x_wconf 74' lang='grc' dir='ltr'>ἑλιϐον,</span> <span class='ocrx_word' id='word_1_635' title='bbox 1250 1966 1264 1992; x_wconf 79' lang='grc' dir='ltr'><strong><em>ὁ</em></strong></span> <span class='ocrx_word' id='word_1_636' title='bbox 1285 1966 1405 2001; x_wconf 76' lang='grc' dir='ltr'>Χριστὸς</span> <span class='ocrx_word' id='word_1_637' title='bbox 1421 1966 1617 1999; x_wconf 71' lang='grc' dir='ltr'>ἁπεξεδύσατο,</span> <span class='ocrx_word' id='word_1_638' title='bbox 1636 1970 1685 1994; x_wconf 69' lang='grc' dir='ltr'>καὶ</span> <span class='ocrx_word' id='word_1_639' title='bbox 1699 1969 1802 2000; x_wconf 77' lang='grc' dir='ltr'>τελέως</span> 
     </span>
    </p>
   </div>
   <div class='ocr_carea' id='block_1_88' title="bbox 1015 2010 1802 2047">
    <p class='ocr_par' dir='ltr' id='par_1_88' title="bbox 1015 2010 1802 2047">
     <span class='ocr_line' id='line_1_88' title="bbox 1015 2010 1802 2047; baseline 0.001 -9"><span class='ocrx_word' id='word_1_640' title='bbox 1015 2011 1157 2042; x_wconf 79' lang='grc' dir='ltr'>ἀπώσατο,</span> <span class='ocrx_word' id='word_1_641' title='bbox 1175 2011 1222 2039; x_wconf 76' lang='grc' dir='ltr'>καὶ</span> <span class='ocrx_word' id='word_1_642' title='bbox 1242 2010 1432 2046; x_wconf 84' lang='grc' dir='ltr'>θριαμϐεύσας</span> <span class='ocrx_word' id='word_1_643' title='bbox 1452 2012 1617 2047; x_wconf 80' lang='grc' dir='ltr'>κατῄσχυνε,</span> <span class='ocrx_word' id='word_1_644' title='bbox 1643 2013 1693 2039; x_wconf 75' lang='grc' dir='ltr'>καὶ</span> <span class='ocrx_word' id='word_1_645' title='bbox 1712 2013 1802 2045; x_wconf 79' lang='grc' dir='ltr'>οὕτως</span> 
     </span>
    </p>
   </div>
   <div class='ocr_carea' id='block_1_89' title="bbox 1016 2057 1802 2092">
    <p class='ocr_par' dir='ltr' id='par_1_89' title="bbox 1016 2057 1802 2092">
     <span class='ocr_line' id='line_1_89' title="bbox 1016 2057 1802 2092; baseline 0.005 -10"><span class='ocrx_word' id='word_1_646' title='bbox 1016 2058 1098 2092; x_wconf 72' lang='grc' dir='ltr'>ἡμεῖς</span> <span class='ocrx_word' id='word_1_647' title='bbox 1134 2057 1185 2091; x_wconf 78' lang='grc' dir='ltr'>τὴν</span> <span class='ocrx_word' id='word_1_648' title='bbox 1221 2057 1378 2092; x_wconf 67' lang='grc' dir='ltr'>ἐλευθερίαν</span> <span class='ocrx_word' id='word_1_649' title='bbox 1409 2057 1614 2091; x_wconf 77' lang='grc' dir='ltr'>ἀντελάϐομεν;</span> <span class='ocrx_word' id='word_1_650' title='bbox 1640 2059 1669 2084; x_wconf 75' lang='grc' dir='ltr'>ἐν</span> <span class='ocrx_word' id='word_1_651' title='bbox 1692 2059 1747 2086; x_wconf 87' lang='grc' dir='ltr'>τίνι</span> <span class='ocrx_word' id='word_1_652' title='bbox 1771 2060 1802 2086; x_wconf 73' lang='grc' dir='ltr'><strong>τὸ</strong></span> 
     </span>
    </p>
   </div>
   <div class='ocr_carea' id='block_1_90' title="bbox 1018 2101 1800 2139">
    <p class='ocr_par' dir='ltr' id='par_1_90' title="bbox 1018 2101 1800 2139">
     <span class='ocr_line' id='line_1_90' title="bbox 1018 2101 1800 2139; baseline 0.003 -10"><span class='ocrx_word' id='word_1_653' title='bbox 1018 2102 1175 2137; x_wconf 66' lang='grc' dir='ltr'>μεσότοιχον</span> <span class='ocrx_word' id='word_1_654' title='bbox 1185 2102 1232 2128; x_wconf 83' lang='grc' dir='ltr'>τοῦ</span> <span class='ocrx_word' id='word_1_655' title='bbox 1243 2102 1372 2136; x_wconf 74' lang='grc' dir='ltr'>φραγμοῦ</span> <span class='ocrx_word' id='word_1_656' title='bbox 1386 2101 1504 2133; x_wconf 70' lang='grc' dir='ltr'>λέλυται,</span> <span class='ocrx_word' id='word_1_657' title='bbox 1518 2102 1565 2128; x_wconf 80' lang='grc' dir='ltr'>καὶ</span> <span class='ocrx_word' id='word_1_658' title='bbox 1577 2103 1593 2137; x_wconf 86' lang='grc' dir='ltr'><strong>ή</strong></span> <span class='ocrx_word' id='word_1_659' title='bbox 1609 2103 1676 2138; x_wconf 61' lang='grc' dir='ltr'>πρὶς</span> <span class='ocrx_word' id='word_1_660' title='bbox 1689 2104 1744 2139; x_wconf 73' lang='grc'><strong>62</strong></span> <span class='ocrx_word' id='word_1_661' title='bbox 1755 2105 1800 2131; x_wconf 72' lang='grc' dir='ltr'>τὸν</span> 
     </span>
    </p>
   </div>
   <div class='ocr_carea' id='block_1_91' title="bbox 1016 2146 1800 2182">
    <p class='ocr_par' dir='ltr' id='par_1_91' title="bbox 1016 2146 1800 2182">
     <span class='ocr_line' id='line_1_91' title="bbox 1016 2146 1800 2182; baseline 0.004 -9"><span class='ocrx_word' id='word_1_662' title='bbox 1016 2147 1082 2173; x_wconf 82' lang='grc' dir='ltr'>Θεὸν</span> <span class='ocrx_word' id='word_1_663' title='bbox 1099 2147 1177 2181; x_wconf 85' lang='grc' dir='ltr'>ήμῶν</span> <span class='ocrx_word' id='word_1_664' title='bbox 1190 2146 1274 2181; x_wconf 74' lang='grc' dir='ltr'>ἔχθρα</span> <span class='ocrx_word' id='word_1_665' title='bbox 1290 2148 1462 2181; x_wconf 82' lang='grc' dir='ltr'>κατήργηται</span> <span class='ocrx_word' id='word_1_666' title='bbox 1473 2147 1520 2173; x_wconf 79' lang='grc' dir='ltr'>καὶ</span> <span class='ocrx_word' id='word_1_667' title='bbox 1532 2147 1721 2176; x_wconf 82' lang='grc' dir='ltr'>τεθανάτωται</span> <span class='ocrx_word' id='word_1_668' title='bbox 1734 2158 1742 2182; x_wconf 90' lang='lat'><strong>;</strong></span> <span class='ocrx_word' id='word_1_669' title='bbox 1753 2150 1800 2176; x_wconf 77' lang='grc' dir='ltr'>καὶ</span> 
     </span>
    </p>
   </div>
   <div class='ocr_carea' id='block_1_92' title="bbox 178 2184 917 2227">
    <p class='ocr_par' dir='ltr' id='par_1_92' title="bbox 178 2190 917 2224">
     <span class='ocr_line' id='line_1_92' title="bbox 178 2190 917 2224; baseline -0.003 -5"><span class='ocrx_word' id='word_1_670' title='bbox 178 2192 306 2220; x_wconf 85' lang='lat' dir='ltr'><strong>crucem?</strong></span> <span class='ocrx_word' id='word_1_671' title='bbox 322 2190 438 2216; x_wconf 77' lang='lat' dir='ltr'><strong>Andium</strong></span> <span class='ocrx_word' id='word_1_672' title='bbox 453 2190 610 2224; x_wconf 78' lang='lat' dir='ltr'><strong>Apustolum</strong></span> <span class='ocrx_word' id='word_1_673' title='bbox 629 2190 662 2215; x_wconf 79' lang='lat' dir='ltr'><strong>ad</strong></span> <span class='ocrx_word' id='word_1_674' title='bbox 689 2190 818 2224; x_wconf 86' lang='lat' dir='ltr'><strong>Ephesios</strong></span> <span class='ocrx_word' id='word_1_675' title='bbox 839 2191 917 2217; x_wconf 76' lang='lat' dir='ltr'><strong>St‘l&#39;illl</strong></span> 
     </span>
    </p>
   </div>
   <div class='ocr_carea' id='block_1_93' title="bbox 1058 2184 1797 2227">
    <p class='ocr_par' dir='ltr' id='par_1_93' title="bbox 1073 2192 1797 2227">
     <span class='ocr_line' id='line_1_93' title="bbox 1073 2192 1797 2227; baseline 0.006 -9"><span class='ocrx_word' id='word_1_676' title='bbox 1073 2193 1145 2224; x_wconf 82' lang='grc' dir='ltr'>τίνος</span> <span class='ocrx_word' id='word_1_677' title='bbox 1159 2192 1427 2227; x_wconf 76' lang='grc' dir='ltr'>ἀποκατηλλάγημεν</span> <span class='ocrx_word' id='word_1_678' title='bbox 1456 2193 1526 2227; x_wconf 79' lang='grc' dir='ltr'>πρὸς</span> <span class='ocrx_word' id='word_1_679' title='bbox 1560 2193 1606 2220; x_wconf 81' lang='grc' dir='ltr'><strong>τὸν</strong></span> <span class='ocrx_word' id='word_1_680' title='bbox 1639 2194 1718 2225; x_wconf 83' lang='grc' dir='ltr'>Θεὸν,</span> <span class='ocrx_word' id='word_1_681' title='bbox 1749 2197 1797 2222; x_wconf 71' lang='grc' dir='ltr'>καὶ</span> 
     </span>
    </p>
   </div>
   <div class='ocr_carea' id='block_1_94' title="bbox 179 2235 964 2270">
    <p class='ocr_par' dir='ltr' id='par_1_94' title="bbox 179 2235 964 2270">
     <span class='ocr_line' id='line_1_94' title="bbox 179 2235 964 2270; baseline 0.001 -8"><span class='ocrx_word' id='word_1_682' title='bbox 179 2243 255 2264; x_wconf 85' lang='lat' dir='ltr'><strong>tem:</strong></span> <span class='ocrx_word' id='word_1_683' title='bbox 277 2245 286 2262; x_wconf 85' lang='lat' dir='ltr'><strong>t</strong></span> <span class='ocrx_word' id='word_1_684' title='bbox 308 2235 431 2264; x_wconf 78' lang='lat' dir='ltr'><strong>Christus</strong></span> <span class='ocrx_word' id='word_1_685' title='bbox 452 2239 494 2262; x_wconf 80' lang='lat' dir='ltr'><strong>est</strong></span> <span class='ocrx_word' id='word_1_686' title='bbox 508 2243 559 2270; x_wconf 79' lang='lat' dir='ltr'><strong>pax</strong></span> <span class='ocrx_word' id='word_1_687' title='bbox 584 2240 685 2267; x_wconf 71' lang='lat' dir='ltr'><strong>nostra,</strong></span> <span class='ocrx_word' id='word_1_688' title='bbox 709 2237 754 2270; x_wconf 86' lang='lat' dir='ltr'><strong>qui</strong></span> <span class='ocrx_word' id='word_1_689' title='bbox 769 2235 834 2262; x_wconf 69' lang='lat' dir='ltr'><strong>fucit</strong></span> <span class='ocrx_word' id='word_1_690' title='bbox 851 2241 964 2270; x_wconf 87' lang='lat' dir='ltr'><strong>utraque</strong></span> 
     </span>
    </p>
   </div>
   <div class='ocr_carea' id='block_1_95' title="bbox 178 2281 964 2315">
    <p class='ocr_par' dir='ltr' id='par_1_95' title="bbox 178 2281 964 2315">
     <span class='ocr_line' id='line_1_95' title="bbox 178 2281 964 2315; baseline -0.003 -4"><span class='ocrx_word' id='word_1_691' title='bbox 178 2291 263 2311; x_wconf 92' lang='lat' dir='ltr'><strong>unum</strong></span> <span class='ocrx_word' id='word_1_692' title='bbox 273 2288 299 2310; x_wconf 91' lang='lat' dir='ltr'><strong>et</strong></span> <span class='ocrx_word' id='word_1_693' title='bbox 314 2282 430 2309; x_wconf 88' lang='lat' dir='ltr'><strong>medium</strong></span> <span class='ocrx_word' id='word_1_694' title='bbox 445 2282 572 2315; x_wconf 87' lang='lat' dir='ltr'><strong>parietem</strong></span> <span class='ocrx_word' id='word_1_695' title='bbox 585 2281 707 2308; x_wconf 75' lang='lat' dir='ltr'><strong>tuaceriac</strong></span> <span class='ocrx_word' id='word_1_696' title='bbox 718 2281 834 2313; x_wconf 81' lang='lat' dir='ltr'><strong>solvens,</strong></span> <span class='ocrx_word' id='word_1_697' title='bbox 849 2282 964 2310; x_wconf 78' lang='lat' dir='ltr'><strong>inimici-</strong></span> 
     </span>
    </p>
   </div>
   <div class='ocr_carea' id='block_1_96' title="bbox 178 2322 961 2359">
    <p class='ocr_par' dir='ltr' id='par_1_96' title="bbox 178 2322 961 2359">
     <span class='ocr_line' id='line_1_96' title="bbox 178 2322 961 2359; baseline -0.004 -3"><span class='ocrx_word' id='word_1_698' title='bbox 178 2330 229 2356; x_wconf 90' lang='lat' dir='ltr'><strong>tias</strong></span> <span class='ocrx_word' id='word_1_699' title='bbox 242 2329 267 2355; x_wconf 90' lang='lat' dir='ltr'><strong>in</strong></span> <span class='ocrx_word' id='word_1_700' title='bbox 277 2334 358 2354; x_wconf 85' lang='lat' dir='ltr'><strong>carne</strong></span> <span class='ocrx_word' id='word_1_701' title='bbox 369 2331 464 2359; x_wconf 85' lang='lat' dir='ltr'><strong>sua,ut</strong></span> <span class='ocrx_word' id='word_1_702' title='bbox 473 2327 539 2354; x_wconf 83' lang='lat' dir='ltr'><strong>duos</strong></span> <span class='ocrx_word' id='word_1_703' title='bbox 547 2322 681 2353; x_wconf 84' lang='lat' dir='ltr'><strong>condatin</strong></span> <span class='ocrx_word' id='word_1_704' title='bbox 691 2326 834 2359; x_wconf 83' lang='lat' dir='ltr'><strong>semetipso</strong></span> <span class='ocrx_word' id='word_1_705' title='bbox 844 2327 867 2352; x_wconf 94' lang='lat' dir='ltr'><strong>iu</strong></span> <span class='ocrx_word' id='word_1_706' title='bbox 879 2335 961 2353; x_wconf 86' lang='lat' dir='ltr'><strong>unum</strong></span> 
     </span>
    </p>
   </div>
   <div class='ocr_carea' id='block_1_97' title="bbox 177 2372 961 2406">
    <p class='ocr_par' dir='ltr' id='par_1_97' title="bbox 177 2372 961 2406">
     <span class='ocr_line' id='line_1_97' title="bbox 177 2372 961 2406; baseline -0.004 -4"><span class='ocrx_word' id='word_1_707' title='bbox 177 2382 276 2402; x_wconf 88' lang='lat' dir='ltr'><strong>novum</strong></span> <span class='ocrx_word' id='word_1_708' title='bbox 294 2373 442 2406; x_wconf 82' lang='lat' dir='ltr'><strong>hominem,</strong></span> <span class='ocrx_word' id='word_1_709' title='bbox 460 2372 560 2400; x_wconf 71' lang='lat' dir='ltr'><strong>faciens</strong></span> <span class='ocrx_word' id='word_1_710' title='bbox 576 2379 680 2405; x_wconf 79' lang='lat' dir='ltr'><strong>pacem,</strong></span> <span class='ocrx_word' id='word_1_711' title='bbox 695 2376 721 2398; x_wconf 89' lang='lat' dir='ltr'><strong>et</strong></span> <span class='ocrx_word' id='word_1_712' title='bbox 737 2373 890 2399; x_wconf 84' lang='lat' dir='ltr'><strong>reconciliet</strong></span> <span class='ocrx_word' id='word_1_713' title='bbox 902 2380 961 2399; x_wconf 87' lang='lat' dir='ltr'><strong>am-</strong></span> 
     </span>
    </p>
   </div>
   <div class='ocr_carea' id='block_1_98' title="bbox 177 2418 960 2454">
    <p class='ocr_par' dir='ltr' id='par_1_98' title="bbox 177 2418 960 2454">
     <span class='ocr_line' id='line_1_98' title="bbox 177 2418 960 2454; baseline -0.004 -5"><span class='ocrx_word' id='word_1_714' title='bbox 177 2422 227 2449; x_wconf 85' lang='lat' dir='ltr'><strong>bos</strong></span> <span class='ocrx_word' id='word_1_715' title='bbox 240 2422 265 2448; x_wconf 94' lang='lat' dir='ltr'><strong>in</strong></span> <span class='ocrx_word' id='word_1_716' title='bbox 284 2427 337 2447; x_wconf 88' lang='lat' dir='ltr'><strong>uno</strong></span> <span class='ocrx_word' id='word_1_717' title='bbox 350 2426 462 2453; x_wconf 89' lang='lat' dir='ltr'><strong>corpore</strong></span> <span class='ocrx_word' id='word_1_718' title='bbox 481 2418 533 2446; x_wconf 80' lang='lat' dir='ltr'><strong>Deo</strong></span> <span class='ocrx_word' id='word_1_719' title='bbox 547 2426 594 2454; x_wconf 88' lang='lat' dir='ltr'><strong>per</strong></span> <span class='ocrx_word' id='word_1_720' title='bbox 609 2426 716 2445; x_wconf 89' lang='lat' dir='ltr'><strong>crucem</strong></span> <span class='ocrx_word' id='word_1_721' title='bbox 730 2419 893 2446; x_wconf 81' lang='lat' dir='ltr'><strong>interﬁciens</strong></span> <span class='ocrx_word' id='word_1_722' title='bbox 909 2420 960 2446; x_wconf 77' lang='lat' dir='ltr'><strong>ini-</strong></span> 
     </span>
    </p>
   </div>
   <div class='ocr_carea' id='block_1_99' title="bbox 178 2463 962 2499">
    <p class='ocr_par' dir='ltr' id='par_1_99' title="bbox 178 2463 962 2499">
     <span class='ocr_line' id='line_1_99' title="bbox 178 2463 962 2499; baseline -0.003 -5"><span class='ocrx_word' id='word_1_723' title='bbox 178 2467 296 2494; x_wconf 81' lang='lat' dir='ltr'><strong>Inicitias</strong></span> <span class='ocrx_word' id='word_1_724' title='bbox 313 2466 340 2493; x_wconf 90' lang='lat' dir='ltr'><strong>in</strong></span> <span class='ocrx_word' id='word_1_725' title='bbox 361 2465 506 2499; x_wconf 84' lang='lat' dir='ltr'><strong>semetipso</strong></span> <span class='ocrx_word' id='word_1_726' title='bbox 519 2465 551 2492; x_wconf 87' lang='lat'><strong>&quot;.</strong></span> <span class='ocrx_word' id='word_1_727' title='bbox 566 2474 574 2490; x_wconf 79' lang='grc' dir='ltr'><strong>ι</strong></span> <span class='ocrx_word' id='word_1_728' title='bbox 591 2463 657 2497; x_wconf 88' lang='lat' dir='ltr'><strong>Vos,</strong></span> <span class='ocrx_word' id='word_1_729' title='bbox 670 2471 730 2491; x_wconf 87' lang='lat' dir='ltr'><strong>cum</strong></span> <span class='ocrx_word' id='word_1_730' title='bbox 747 2468 856 2497; x_wconf 88' lang='lat' dir='ltr'><strong>mortui,</strong></span> <span class='ocrx_word' id='word_1_731' title='bbox 867 2466 962 2493; x_wconf 81' lang='lat' dir='ltr'><strong>Colos-</strong></span> 
     </span>
    </p>
   </div>
   <div class='ocr_carea' id='block_1_100' title="bbox 177 2510 962 2546">
    <p class='ocr_par' dir='ltr' id='par_1_100' title="bbox 177 2510 962 2546">
     <span class='ocr_line' id='line_1_100' title="bbox 177 2510 962 2546; baseline 0 -6"><span class='ocrx_word' id='word_1_732' title='bbox 177 2513 304 2540; x_wconf 84' lang='lat' dir='ltr'><strong>sensibus</strong></span> <span class='ocrx_word' id='word_1_733' title='bbox 334 2511 442 2544; x_wconf 87' lang='lat' dir='ltr'><strong>scribit,</strong></span> <span class='ocrx_word' id='word_1_734' title='bbox 466 2510 564 2537; x_wconf 83' lang='lat' dir='ltr'><strong>essetis</strong></span> <span class='ocrx_word' id='word_1_735' title='bbox 589 2510 616 2537; x_wconf 88' lang='lat' dir='ltr'><strong>in</strong></span> <span class='ocrx_word' id='word_1_736' title='bbox 646 2510 752 2537; x_wconf 74' lang='lat' dir='ltr'><strong>delictis</strong></span> <span class='ocrx_word' id='word_1_737' title='bbox 780 2516 807 2538; x_wconf 89' lang='lat' dir='ltr'><strong>et</strong></span> <span class='ocrx_word' id='word_1_738' title='bbox 830 2514 962 2546; x_wconf 71' lang='lat' dir='ltr'><strong>prmputio</strong></span> 
     </span>
    </p>
   </div>
   <div class='ocr_carea' id='block_1_101' title="bbox 176 2555 958 2589">
    <p class='ocr_par' dir='ltr' id='par_1_101' title="bbox 176 2555 958 2589">
     <span class='ocr_line' id='line_1_101' title="bbox 176 2555 958 2589; baseline -0.003 -4"><span class='ocrx_word' id='word_1_739' title='bbox 176 2558 267 2585; x_wconf 78' lang='lat' dir='ltr'><strong>carnis</strong></span> <span class='ocrx_word' id='word_1_740' title='bbox 281 2561 387 2589; x_wconf 70' lang='lat' dir='ltr'><strong>vestrae,</strong></span> <span class='ocrx_word' id='word_1_741' title='bbox 404 2555 603 2583; x_wconf 83' lang='lat' dir='ltr'><strong>conviviﬂcavit</strong></span> <span class='ocrx_word' id='word_1_742' title='bbox 617 2563 678 2582; x_wconf 84' lang='lat' dir='ltr'><strong>cuin</strong></span> <span class='ocrx_word' id='word_1_743' title='bbox 696 2555 751 2589; x_wconf 87' lang='lat' dir='ltr'><strong>illo,</strong></span> <span class='ocrx_word' id='word_1_744' title='bbox 763 2556 869 2585; x_wconf 74' lang='lat' dir='ltr'><strong>donans</strong></span> <span class='ocrx_word' id='word_1_745' title='bbox 882 2558 958 2585; x_wconf 86' lang='lat' dir='ltr'><strong>nobis</strong></span> 
     </span>
    </p>
   </div>
   <div class='ocr_carea' id='block_1_102' title="bbox 176 2602 960 2636">
    <p class='ocr_par' dir='ltr' id='par_1_102' title="bbox 176 2602 960 2636">
     <span class='ocr_line' id='line_1_102' title="bbox 176 2602 960 2636; baseline -0.001 -5"><span class='ocrx_word' id='word_1_746' title='bbox 176 2605 266 2632; x_wconf 83' lang='lat' dir='ltr'><strong>omnia</strong></span> <span class='ocrx_word' id='word_1_747' title='bbox 285 2603 396 2634; x_wconf 82' lang='lat' dir='ltr'><strong>delicta,</strong></span> <span class='ocrx_word' id='word_1_748' title='bbox 412 2602 503 2629; x_wconf 85' lang='lat' dir='ltr'><strong>delens</strong></span> <span class='ocrx_word' id='word_1_749' title='bbox 517 2602 588 2636; x_wconf 88' lang='lat' dir='ltr'><strong>quod</strong></span> <span class='ocrx_word' id='word_1_750' title='bbox 605 2606 664 2629; x_wconf 90' lang='lat' dir='ltr'><strong>erat</strong></span> <span class='ocrx_word' id='word_1_751' title='bbox 681 2603 848 2630; x_wconf 80' lang='lat' dir='ltr'><strong>contrarium</strong></span> <span class='ocrx_word' id='word_1_752' title='bbox 870 2604 960 2635; x_wconf 84' lang='lat' dir='ltr'><strong>nobis.</strong></span> 
     </span>
    </p>
   </div>
   <div class='ocr_carea' id='block_1_103' title="bbox 174 2647 961 2683">
    <p class='ocr_par' dir='ltr' id='par_1_103' title="bbox 174 2647 961 2683">
     <span class='ocr_line' id='line_1_103' title="bbox 174 2647 961 2683; baseline -0.004 -6"><span class='ocrx_word' id='word_1_753' title='bbox 174 2655 201 2677; x_wconf 85' lang='lat' dir='ltr'><strong>et</strong></span> <span class='ocrx_word' id='word_1_754' title='bbox 216 2651 302 2683; x_wconf 86' lang='lat' dir='ltr'><strong>ipsum</strong></span> <span class='ocrx_word' id='word_1_755' title='bbox 331 2648 392 2675; x_wconf 88' lang='lat' dir='ltr'><strong>tulit</strong></span> <span class='ocrx_word' id='word_1_756' title='bbox 415 2648 449 2675; x_wconf 90' lang='lat' dir='ltr'><strong>de</strong></span> <span class='ocrx_word' id='word_1_757' title='bbox 476 2647 575 2679; x_wconf 88' lang='lat' dir='ltr'><strong>medio,</strong></span> <span class='ocrx_word' id='word_1_758' title='bbox 601 2647 711 2681; x_wconf 74' lang='lat' dir='ltr'><strong>aﬂigens</strong></span> <span class='ocrx_word' id='word_1_759' title='bbox 730 2647 795 2674; x_wconf 91' lang='lat' dir='ltr'><strong>illud</strong></span> <span class='ocrx_word' id='word_1_760' title='bbox 816 2649 915 2680; x_wconf 86' lang='lat' dir='ltr'><strong>crucis,</strong></span> <span class='ocrx_word' id='word_1_761' title='bbox 935 2653 961 2675; x_wconf 87' lang='lat' dir='ltr'><strong>et</strong></span> 
     </span>
    </p>
   </div>
   <div class='ocr_carea' id='block_1_104' title="bbox 175 2693 957 2727">
    <p class='ocr_par' dir='ltr' id='par_1_104' title="bbox 175 2693 957 2727">
     <span class='ocr_line' id='line_1_104' title="bbox 175 2693 957 2727; baseline -0.001 -6"><span class='ocrx_word' id='word_1_762' title='bbox 175 2693 330 2727; x_wconf 81' lang='lat' dir='ltr'><strong>exspolians</strong></span> <span class='ocrx_word' id='word_1_763' title='bbox 353 2693 520 2727; x_wconf 83' lang='lat' dir='ltr'><strong>principatus</strong></span> <span class='ocrx_word' id='word_1_764' title='bbox 533 2697 560 2719; x_wconf 87' lang='lat' dir='ltr'><strong>et</strong></span> <span class='ocrx_word' id='word_1_765' title='bbox 580 2697 739 2727; x_wconf 85' lang='lat' dir='ltr'><strong>potestates,</strong></span> <span class='ocrx_word' id='word_1_766' title='bbox 757 2693 875 2720; x_wconf 81' lang='lat' dir='ltr'><strong>traduxit</strong></span> <span class='ocrx_word' id='word_1_767' title='bbox 889 2701 957 2720; x_wconf 86' lang='lat' dir='ltr'><strong>con-</strong></span> 
     </span>
    </p>
   </div>
   <div class='ocr_carea' id='block_1_105' title="bbox 171 2738 953 2774">
    <p class='ocr_par' dir='ltr' id='par_1_105' title="bbox 171 2738 953 2774">
     <span class='ocr_line' id='line_1_105' title="bbox 171 2738 953 2774; baseline 0 -8"><span class='ocrx_word' id='word_1_768' title='bbox 171 2740 299 2771; x_wconf 86' lang='lat' dir='ltr'><strong>.lidcnter,</strong></span> <span class='ocrx_word' id='word_1_769' title='bbox 313 2738 402 2772; x_wconf 84' lang='lat' dir='ltr'><strong>palam</strong></span> <span class='ocrx_word' id='word_1_770' title='bbox 419 2738 588 2773; x_wconf 81' lang='lat' dir='ltr'><strong>triumphans</strong></span> <span class='ocrx_word' id='word_1_771' title='bbox 609 2739 667 2766; x_wconf 86' lang='lat' dir='ltr'><strong>illos</strong></span> <span class='ocrx_word' id='word_1_772' title='bbox 680 2739 706 2766; x_wconf 87' lang='lat' dir='ltr'><strong>in</strong></span> <span class='ocrx_word' id='word_1_773' title='bbox 722 2739 868 2774; x_wconf 85' lang='lat' dir='ltr'><strong>semetipso</strong></span> <span class='ocrx_word' id='word_1_774' title='bbox 890 2740 921 2766; x_wconf 77' lang='lat'><strong>“&#39;.</strong></span> <span class='ocrx_word' id='word_1_775' title='bbox 943 2749 953 2765; x_wconf 70' lang='grc' dir='ltr'><strong>ι</strong></span> 
     </span>
    </p>
   </div>
   <div class='ocr_carea' id='block_1_106' title="bbox 1012 2238 1798 2274">
    <p class='ocr_par' dir='ltr' id='par_1_106' title="bbox 1012 2238 1798 2274">
     <span class='ocr_line' id='line_1_106' title="bbox 1012 2238 1798 2274; baseline 0.005 -10"><span class='ocrx_word' id='word_1_776' title='bbox 1012 2239 1062 2274; x_wconf 80' lang='grc' dir='ltr'>τὴν</span> <span class='ocrx_word' id='word_1_777' title='bbox 1076 2239 1144 2273; x_wconf 63' lang='grc' dir='ltr'>προς</span> <span class='ocrx_word' id='word_1_778' title='bbox 1160 2239 1241 2265; x_wconf 67' lang='grc' dir='ltr'>αὐτὸν</span> <span class='ocrx_word' id='word_1_779' title='bbox 1272 2238 1384 2273; x_wconf 81' lang='grc' dir='ltr'>εἰρήνην</span> <span class='ocrx_word' id='word_1_780' title='bbox 1400 2239 1636 2274; x_wconf 68' lang='grc' dir='ltr'>εὐηγγελίσθημεν</span> <span class='ocrx_word' id='word_1_781' title='bbox 1651 2248 1658 2270; x_wconf 85' lang='lat'><strong>:</strong></span> <span class='ocrx_word' id='word_1_782' title='bbox 1691 2242 1744 2268; x_wconf 80' lang='grc' dir='ltr'><strong>οὐκ</strong></span> <span class='ocrx_word' id='word_1_783' title='bbox 1770 2243 1798 2268; x_wconf 69' lang='grc' dir='ltr'>ἐν</span> 
     </span>
    </p>
   </div>
   <div class='ocr_carea' id='block_1_107' title="bbox 1013 2283 1799 2320">
    <p class='ocr_par' dir='ltr' id='par_1_107' title="bbox 1013 2283 1799 2320">
     <span class='ocr_line' id='line_1_107' title="bbox 1013 2283 1799 2320; baseline 0.001 -9"><span class='ocrx_word' id='word_1_784' title='bbox 1013 2285 1057 2320; x_wconf 54' lang='lat' dir='ltr'><strong>sti),</strong></span> <span class='ocrx_word' id='word_1_785' title='bbox 1073 2284 1193 2318; x_wconf 81' lang='grc' dir='ltr'>σταυρῷ,</span> <span class='ocrx_word' id='word_1_786' title='bbox 1222 2284 1271 2309; x_wconf 77' lang='grc' dir='ltr'>καὶ</span> <span class='ocrx_word' id='word_1_787' title='bbox 1304 2283 1349 2309; x_wconf 85' lang='grc' dir='ltr'><strong>διὰ</strong></span> <span class='ocrx_word' id='word_1_788' title='bbox 1364 2283 1412 2310; x_wconf 83' lang='grc' dir='ltr'>τοῦ</span> <span class='ocrx_word' id='word_1_789' title='bbox 1443 2284 1580 2319; x_wconf 73' lang='grc' dir='ltr'>σταυροῦς</span> <span class='ocrx_word' id='word_1_790' title='bbox 1610 2285 1799 2313; x_wconf 81' lang='grc' dir='ltr'>’Δκουέτωσαν</span> 
     </span>
    </p>
   </div>
   <div class='ocr_carea' id='block_1_108' title="bbox 1013 2329 1797 2365">
    <p class='ocr_par' dir='ltr' id='par_1_108' title="bbox 1013 2329 1797 2365">
     <span class='ocr_line' id='line_1_108' title="bbox 1013 2329 1797 2365; baseline 0.001 -8"><span class='ocrx_word' id='word_1_791' title='bbox 1013 2331 1048 2357; x_wconf 78' lang='grc' dir='ltr'>τὰ</span> <span class='ocrx_word' id='word_1_792' title='bbox 1062 2331 1109 2356; x_wconf 75' lang='grc' dir='ltr'>τοῦ</span> <span class='ocrx_word' id='word_1_793' title='bbox 1129 2330 1157 2355; x_wconf 78' lang='grc' dir='ltr'><strong>’Δ</strong></span> <span class='ocrx_word' id='word_1_794' title='bbox 1164 2329 1289 2356; x_wconf 78' lang='grc' dir='ltr'>ποστόλου</span> <span class='ocrx_word' id='word_1_795' title='bbox 1299 2349 1306 2361; x_wconf 87' lang='grc'><strong>,</strong></span> <span class='ocrx_word' id='word_1_796' title='bbox 1322 2329 1379 2360; x_wconf 75' lang='grc' dir='ltr'>τοῖς</span> <span class='ocrx_word' id='word_1_797' title='bbox 1394 2329 1444 2364; x_wconf 79' lang='grc' dir='ltr'><strong>μὲν</strong></span> <span class='ocrx_word' id='word_1_798' title='bbox 1463 2330 1596 2363; x_wconf 77' lang='grc' dir='ltr'>Ἐφεσίοις</span> <span class='ocrx_word' id='word_1_799' title='bbox 1621 2330 1776 2365; x_wconf 81' lang='grc' dir='ltr'>γράφοντος</span> <span class='ocrx_word' id='word_1_800' title='bbox 1789 2339 1797 2348; x_wconf 75' lang='grc'>³</span> 
     </span>
    </p>
   </div>
   <div class='ocr_carea' id='block_1_109' title="bbox 1017 2373 1798 2410">
    <p class='ocr_par' dir='ltr' id='par_1_109' title="bbox 1017 2373 1798 2410">
     <span class='ocr_line' id='line_1_109' title="bbox 1017 2373 1798 2410; baseline 0.003 -9"><span class='ocrx_word' id='word_1_801' title='bbox 1017 2383 1027 2400; x_wconf 72' lang='grc' dir='ltr'><strong><em>ι</em></strong></span> <span class='ocrx_word' id='word_1_802' title='bbox 1048 2375 1078 2401; x_wconf 79' lang='grc' dir='ltr'><strong>Ὀ</strong></span> <span class='ocrx_word' id='word_1_803' title='bbox 1094 2373 1213 2409; x_wconf 85' lang='grc' dir='ltr'>Χριστός</span> <span class='ocrx_word' id='word_1_804' title='bbox 1231 2374 1305 2400; x_wconf 71' lang='grc' dir='ltr'>ἐστιν</span> <span class='ocrx_word' id='word_1_805' title='bbox 1320 2374 1337 2408; x_wconf 68' lang='grc' dir='ltr'>ἡ</span> <span class='ocrx_word' id='word_1_806' title='bbox 1354 2374 1450 2409; x_wconf 87' lang='grc' dir='ltr'>εῑρήνη</span> <span class='ocrx_word' id='word_1_807' title='bbox 1465 2374 1554 2409; x_wconf 83' lang='grc' dir='ltr'>ήμῶν,</span> <span class='ocrx_word' id='word_1_808' title='bbox 1572 2375 1586 2400; x_wconf 82' lang='grc' dir='ltr'><strong><em>ὁ</em></strong></span> <span class='ocrx_word' id='word_1_809' title='bbox 1614 2375 1645 2402; x_wconf 83' lang='grc' dir='ltr'>τὸ</span> <span class='ocrx_word' id='word_1_810' title='bbox 1673 2376 1798 2410; x_wconf 72' lang='grc' dir='ltr'>μεσότοι-</span> 
     </span>
    </p>
   </div>
   <div class='ocr_carea' id='block_1_110' title="bbox 1014 2418 1798 2457">
    <p class='ocr_par' dir='ltr' id='par_1_110' title="bbox 1014 2418 1798 2457">
     <span class='ocr_line' id='line_1_110' title="bbox 1014 2418 1798 2457; baseline 0.003 -12"><span class='ocrx_word' id='word_1_811' title='bbox 1014 2428 1061 2455; x_wconf 84' lang='grc' dir='ltr'><strong>χον</strong></span> <span class='ocrx_word' id='word_1_812' title='bbox 1077 2419 1123 2445; x_wconf 83' lang='grc' dir='ltr'>τοῦ</span> <span class='ocrx_word' id='word_1_813' title='bbox 1139 2418 1269 2454; x_wconf 75' lang='grc' dir='ltr'>φραγμοῦ</span> <span class='ocrx_word' id='word_1_814' title='bbox 1297 2418 1394 2451; x_wconf 80' lang='grc' dir='ltr'>λύσας,</span> <span class='ocrx_word' id='word_1_815' title='bbox 1421 2419 1465 2445; x_wconf 73' lang='grc' dir='ltr'>ἳνα</span> <span class='ocrx_word' id='word_1_816' title='bbox 1489 2419 1554 2451; x_wconf 81' lang='grc' dir='ltr'>τοὺς</span> <span class='ocrx_word' id='word_1_817' title='bbox 1582 2419 1629 2446; x_wconf 80' lang='grc' dir='ltr'><strong>δύο</strong></span> <span class='ocrx_word' id='word_1_818' title='bbox 1651 2421 1736 2457; x_wconf 81' lang='grc' dir='ltr'>κτίσῃ</span> <span class='ocrx_word' id='word_1_819' title='bbox 1768 2421 1798 2447; x_wconf 70' lang='grc' dir='ltr'>ἑν</span> 
     </span>
    </p>
   </div>
   <div class='ocr_carea' id='block_1_111' title="bbox 1013 2464 1796 2502">
    <p class='ocr_par' dir='ltr' id='par_1_111' title="bbox 1013 2464 1796 2502">
     <span class='ocr_line' id='line_1_111' title="bbox 1013 2464 1796 2502; baseline 0.003 -11"><span class='ocrx_word' id='word_1_820' title='bbox 1013 2464 1103 2500; x_wconf 83' lang='grc' dir='ltr'>ἑαυτῴ</span> <span class='ocrx_word' id='word_1_821' title='bbox 1131 2466 1171 2496; x_wconf 85' lang='grc' dir='ltr'><strong>είς</strong></span> <span class='ocrx_word' id='word_1_822' title='bbox 1199 2464 1247 2491; x_wconf 76' lang='grc' dir='ltr'>ἕνα</span> <span class='ocrx_word' id='word_1_823' title='bbox 1274 2465 1368 2492; x_wconf 80' lang='grc' dir='ltr'>καινὸν</span> <span class='ocrx_word' id='word_1_824' title='bbox 1385 2465 1539 2501; x_wconf 78' lang='grc' dir='ltr'>ἄνθρωπον,</span> <span class='ocrx_word' id='word_1_825' title='bbox 1562 2466 1647 2493; x_wconf 81' lang='grc' dir='ltr'>ποιῶν</span> <span class='ocrx_word' id='word_1_826' title='bbox 1671 2467 1796 2502; x_wconf 69' lang='grc' dir='ltr'>εἰρήνην,</span> 
     </span>
    </p>
   </div>
   <div class='ocr_carea' id='block_1_112' title="bbox 1012 2509 1795 2547">
    <p class='ocr_par' dir='ltr' id='par_1_112' title="bbox 1012 2509 1795 2547">
     <span class='ocr_line' id='line_1_112' title="bbox 1012 2509 1795 2547; baseline 0.003 -10"><span class='ocrx_word' id='word_1_827' title='bbox 1012 2511 1059 2537; x_wconf 76' lang='grc' dir='ltr'><strong>καὶ</strong></span> <span class='ocrx_word' id='word_1_828' title='bbox 1072 2509 1283 2545; x_wconf 77' lang='grc' dir='ltr'>ἀποκαταλλάξῃ</span> <span class='ocrx_word' id='word_1_829' title='bbox 1309 2511 1373 2542; x_wconf 75' lang='grc' dir='ltr'>τοὺς</span> <span class='ocrx_word' id='word_1_830' title='bbox 1391 2511 1565 2546; x_wconf 77' lang='grc' dir='ltr'>ἀμφοτέρους</span> <span class='ocrx_word' id='word_1_831' title='bbox 1580 2513 1609 2538; x_wconf 80' lang='grc' dir='ltr'>ἐν</span> <span class='ocrx_word' id='word_1_832' title='bbox 1634 2512 1676 2541; x_wconf 74' lang='grc' dir='ltr'><strong>ἑνὶ</strong></span> <span class='ocrx_word' id='word_1_833' title='bbox 1689 2513 1795 2547; x_wconf 80' lang='grc' dir='ltr'>σώματι</span> 
     </span>
    </p>
   </div>
   <div class='ocr_carea' id='block_1_113' title="bbox 1011 2555 1795 2593">
    <p class='ocr_par' dir='ltr' id='par_1_113' title="bbox 1011 2555 1795 2593">
     <span class='ocr_line' id='line_1_113' title="bbox 1011 2555 1795 2593; baseline 0.005 -12"><span class='ocrx_word' id='word_1_834' title='bbox 1011 2556 1050 2591; x_wconf 84' lang='grc' dir='ltr'>τῷ</span> <span class='ocrx_word' id='word_1_835' title='bbox 1062 2556 1121 2590; x_wconf 84' lang='grc' dir='ltr'><strong>Θεῷ</strong></span> <span class='ocrx_word' id='word_1_836' title='bbox 1136 2555 1181 2582; x_wconf 82' lang='grc' dir='ltr'>διὰ</span> <span class='ocrx_word' id='word_1_837' title='bbox 1195 2555 1242 2582; x_wconf 83' lang='grc' dir='ltr'>τοῦ</span> <span class='ocrx_word' id='word_1_838' title='bbox 1274 2555 1404 2592; x_wconf 79' lang='grc' dir='ltr'>σταυροῦ,</span> <span class='ocrx_word' id='word_1_839' title='bbox 1425 2557 1590 2588; x_wconf 81' lang='grc' dir='ltr'>ἀποκτείνας</span> <span class='ocrx_word' id='word_1_840' title='bbox 1622 2559 1674 2593; x_wconf 83' lang='grc' dir='ltr'><strong>τὴν</strong></span> <span class='ocrx_word' id='word_1_841' title='bbox 1693 2559 1795 2593; x_wconf 78' lang='grc' dir='ltr'>ἔχθραν</span> 
     </span>
    </p>
   </div>
   <div class='ocr_carea' id='block_1_114' title="bbox 1010 2600 1794 2635">
    <p class='ocr_par' dir='ltr' id='par_1_114' title="bbox 1010 2600 1794 2635">
     <span class='ocr_line' id='line_1_114' title="bbox 1010 2600 1794 2635; baseline 0.003 -8"><span class='ocrx_word' id='word_1_842' title='bbox 1010 2602 1040 2628; x_wconf 81' lang='grc' dir='ltr'>ὲν</span> <span class='ocrx_word' id='word_1_843' title='bbox 1054 2600 1129 2635; x_wconf 87' lang='grc' dir='ltr'>αὐτῷ</span> <span class='ocrx_word' id='word_1_844' title='bbox 1141 2608 1149 2617; x_wconf 84' lang='grc'><em>’</em></span> <span class='ocrx_word' id='word_1_845' title='bbox 1166 2610 1176 2627; x_wconf 76' lang='grc' dir='ltr'><strong>ι</strong></span> <span class='ocrx_word' id='word_1_846' title='bbox 1204 2600 1392 2627; x_wconf 80' lang='grc' dir='ltr'>Κολοσσαεῦσι</span> <span class='ocrx_word' id='word_1_847' title='bbox 1412 2601 1450 2634; x_wconf 70' lang='grc' dir='ltr'><strong>δὲ,</strong></span> <span class='ocrx_word' id='word_1_848' title='bbox 1479 2610 1488 2626; x_wconf 77' lang='lat' dir='ltr'><strong>t</strong></span> <span class='ocrx_word' id='word_1_849' title='bbox 1505 2602 1630 2635; x_wconf 83' lang='grc' dir='ltr'>Νεκροὺς</span> <span class='ocrx_word' id='word_1_850' title='bbox 1645 2603 1726 2634; x_wconf 73' lang='grc' dir='ltr'>ὕντας</span> <span class='ocrx_word' id='word_1_851' title='bbox 1738 2604 1794 2634; x_wconf 81' lang='grc' dir='ltr'>τοῖς</span> 
     </span>
    </p>
   </div>
   <div class='ocr_carea' id='block_1_115' title="bbox 1010 2646 1792 2683">
    <p class='ocr_par' dir='ltr' id='par_1_115' title="bbox 1010 2646 1792 2683">
     <span class='ocr_line' id='line_1_115' title="bbox 1010 2646 1792 2683; baseline 0 -9"><span class='ocrx_word' id='word_1_852' title='bbox 1010 2646 1220 2682; x_wconf 84' lang='grc' dir='ltr'>παραπτώμασι</span> <span class='ocrx_word' id='word_1_853' title='bbox 1246 2647 1293 2673; x_wconf 83' lang='grc' dir='ltr'>καὶ</span> <span class='ocrx_word' id='word_1_854' title='bbox 1306 2647 1338 2681; x_wconf 82' lang='grc' dir='ltr'><strong>τῇ</strong></span> <span class='ocrx_word' id='word_1_855' title='bbox 1351 2646 1521 2682; x_wconf 79' lang='grc' dir='ltr'>ἀκροϐυστίᾳ</span> <span class='ocrx_word' id='word_1_856' title='bbox 1535 2648 1585 2682; x_wconf 78' lang='grc' dir='ltr'>τῆς</span> <span class='ocrx_word' id='word_1_857' title='bbox 1600 2648 1703 2682; x_wconf 78' lang='grc' dir='ltr'>σαρκὸς</span> <span class='ocrx_word' id='word_1_858' title='bbox 1714 2649 1792 2683; x_wconf 83' lang='grc' dir='ltr'>ἡμῶν</span> 
     </span>
    </p>
   </div>
   <div class='ocr_carea' id='block_1_116' title="bbox 1010 2693 1794 2729">
    <p class='ocr_par' dir='ltr' id='par_1_116' title="bbox 1010 2693 1794 2729">
     <span class='ocr_line' id='line_1_116' title="bbox 1010 2693 1794 2729; baseline 0.001 -9"><span class='ocrx_word' id='word_1_859' title='bbox 1010 2693 1245 2728; x_wconf 76' lang='grc' dir='ltr'>συνεζωοποίησεν</span> <span class='ocrx_word' id='word_1_860' title='bbox 1265 2693 1340 2727; x_wconf 75' lang='grc' dir='ltr'>ἡμᾶς</span> <span class='ocrx_word' id='word_1_861' title='bbox 1359 2693 1388 2719; x_wconf 80' lang='grc' dir='ltr'>ὲν</span> <span class='ocrx_word' id='word_1_862' title='bbox 1411 2693 1495 2728; x_wconf 82' lang='grc' dir='ltr'>αὐτῷ,</span> <span class='ocrx_word' id='word_1_863' title='bbox 1514 2695 1699 2728; x_wconf 83' lang='grc' dir='ltr'>χαρισάμενος</span> <span class='ocrx_word' id='word_1_864' title='bbox 1727 2695 1794 2729; x_wconf 79' lang='grc' dir='ltr'>ἡμῖν</span> 
     </span>
    </p>
   </div>
   <div class='ocr_carea' id='block_1_117' title="bbox 1010 2739 1792 2777">
    <p class='ocr_par' dir='ltr' id='par_1_117' title="bbox 1010 2739 1792 2777">
     <span class='ocr_line' id='line_1_117' title="bbox 1010 2739 1792 2777; baseline 0 -10"><span class='ocrx_word' id='word_1_865' title='bbox 1010 2741 1099 2767; x_wconf 80' lang='grc' dir='ltr'>πάντα</span> <span class='ocrx_word' id='word_1_866' title='bbox 1111 2739 1146 2766; x_wconf 80' lang='grc' dir='ltr'><strong>τὰ</strong></span> <span class='ocrx_word' id='word_1_867' title='bbox 1169 2739 1396 2775; x_wconf 84' lang='grc' dir='ltr'>παραπτώματα,</span> <span class='ocrx_word' id='word_1_868' title='bbox 1424 2739 1570 2776; x_wconf 72' lang='grc' dir='ltr'>ἐξαλείψας</span> <span class='ocrx_word' id='word_1_869' title='bbox 1588 2740 1618 2768; x_wconf 76' lang='grc' dir='ltr'>τὸ</span> <span class='ocrx_word' id='word_1_870' title='bbox 1632 2740 1695 2768; x_wconf 78' lang='grc' dir='ltr'>καθ’</span> <span class='ocrx_word' id='word_1_871' title='bbox 1713 2740 1792 2777; x_wconf 83' lang='grc' dir='ltr'>ήμῶν</span> 
     </span>
    </p>
   </div>
   <div class='ocr_carea' id='block_1_118' title="bbox 216 2809 955 2870">
    <p class='ocr_par' dir='ltr' id='par_1_118' title="bbox 216 2830 952 2870">
     <span class='ocr_line' id='line_1_118' title="bbox 216 2830 952 2870; baseline 0.001 -10"><span class='ocrx_word' id='word_1_872' title='bbox 216 2832 238 2846; x_wconf 83' lang='grc'><strong>⁶⁶</strong></span> <span class='ocrx_word' id='word_1_873' title='bbox 251 2830 348 2866; x_wconf 75' lang='lat' dir='ltr'><strong>Ephes.</strong></span> <span class='ocrx_word' id='word_1_874' title='bbox 360 2834 454 2867; x_wconf 68' lang='lat'><strong>&quot;1,18.</strong></span> <span class='ocrx_word' id='word_1_875' title='bbox 491 2836 512 2852; x_wconf 87' lang='lat'><strong>&quot;</strong></span> <span class='ocrx_word' id='word_1_876' title='bbox 533 2835 628 2870; x_wconf 81' lang='lat' dir='ltr'><strong>Ephcs.</strong></span> <span class='ocrx_word' id='word_1_877' title='bbox 643 2842 672 2865; x_wconf 87' lang='grc' dir='ltr'>ιι.</span> <span class='ocrx_word' id='word_1_878' title='bbox 687 2834 728 2861; x_wconf 77' lang='grc' dir='ltr'><strong>Η.</strong></span> <span class='ocrx_word' id='word_1_879' title='bbox 748 2833 790 2861; x_wconf 75' lang='lat' dir='ltr'><strong>l5.</strong></span> <span class='ocrx_word' id='word_1_880' title='bbox 827 2833 848 2849; x_wconf 82' lang='grc'><strong>⁸⁸</strong></span> <span class='ocrx_word' id='word_1_881' title='bbox 872 2834 952 2862; x_wconf 82' lang='lat' dir='ltr'><strong>Colos</strong></span> 
     </span>
    </p>
   </div>
   <div class='ocr_carea' id='block_1_119' title="bbox 425 2809 1164 2870">
    <p class='ocr_par' dir='ltr' id='par_1_119' title="bbox 427 2833 1145 2870">
     <span class='ocr_line' id='line_1_119' title="bbox 427 2833 1145 2870; baseline 0 -8"><span class='ocrx_word' id='word_1_882' title='bbox 427 2835 454 2862; x_wconf 83' lang='lat'><strong>3.</strong></span> <span class='ocrx_word' id='word_1_883' title='bbox 491 2836 512 2852; x_wconf 86' lang='lat'><strong>&quot;</strong></span> <span class='ocrx_word' id='word_1_884' title='bbox 533 2835 628 2870; x_wconf 76' lang='lat' dir='ltr'><strong>Epiros.</strong></span> <span class='ocrx_word' id='word_1_885' title='bbox 643 2842 672 2865; x_wconf 90' lang='lat' dir='ltr'><strong>lt,</strong></span> <span class='ocrx_word' id='word_1_886' title='bbox 687 2834 728 2861; x_wconf 76' lang='grc' dir='ltr'><strong>Η.</strong></span> <span class='ocrx_word' id='word_1_887' title='bbox 748 2833 790 2861; x_wconf 74' lang='lat' dir='ltr'><strong>I5.</strong></span> <span class='ocrx_word' id='word_1_888' title='bbox 827 2833 848 2849; x_wconf 81' lang='grc'><strong>⁸⁸</strong></span> <span class='ocrx_word' id='word_1_889' title='bbox 872 2834 978 2862; x_wconf 81' lang='lat' dir='ltr'><strong>Coloss.</strong></span> <span class='ocrx_word' id='word_1_890' title='bbox 992 2841 1022 2867; x_wconf 87' lang='lat' dir='ltr'><strong>tl,</strong></span> <span class='ocrx_word' id='word_1_891' title='bbox 1043 2835 1086 2867; x_wconf 66' lang='grc'><strong>14,</strong></span> <span class='ocrx_word' id='word_1_892' title='bbox 1103 2835 1145 2864; x_wconf 74' lang='grc'><strong>15.</strong></span> 
     </span>
    </p>
   </div>
   <div class='ocr_carea' id='block_1_120' title="bbox 226 2943 276 2960">
    <p class='ocr_par' dir='ltr' id='par_1_120' title="bbox 226 2943 276 2960">
     <span class='ocr_line' id='line_1_120' title="bbox 226 2943 276 2960; baseline 0 0"><span class='ocrx_word' id='word_1_893' title='bbox 226 2943 276 2960; x_wconf 45' lang='grc' dir='ltr'><strong>ίιιι.</strong></span> 
     </span>
    </p>
   </div>
  </div>
