1873 3076
157 93 208 126 147

769 96 791 125 G
798 96 960 126 REGORiI
981 97 1027 126 PA
1033 97 1144 128 LAM/E

1729 99 1778 132 148

157 153 185 180 in
202 151 325 179 o'ratinne
340 155 366 179 et
378 151 483 187 jejunio
506 152 540 180 θ’.
567 161 575 178 ι
595 152 659 180 ideo
676 153 748 181 illico
766 159 825 188 post
841 156 943 183 oratio-

1037 156 1046 181 3
1062 155 1214 190 δαιμονίου,
1229 157 1270 183 ὅτι
1291 156 1387 191 Ἡμεῖς
1401 156 1451 184 οὐκ
1468 157 1639 192 ἠδυνήθημεν
1651 158 1778 186 ἐκϐαλεῖν

152 207 215 228 nem
232 200 258 226 in
275 203 365 227 ntonte
379 204 407 227 et
422 199 504 226 divini
520 200 612 228 vultus
631 201 874 229 manifestationem
890 203 938 229 de-

153 247 286 274 scendens
303 245 376 273 vadit
389 246 422 273 ad
436 245 524 274 locum
542 247 584 274 ubi
601 252 659 275 erat
678 248 759 275 homo
774 249 807 275 ab
825 247 872 276 illo
887 249 939 276 da:-

152 299 233 319 m0ne
255 296 379 319 vexatus.
399 290 465 319 Nam
487 292 588 320 eiectos
600 293 756 327 discipulos,
766 299 795 321 ut
808 294 938 329 scriptum

151 343 194 365 est
207 338 241 369 ⁷⁸,
260 345 412 370 assumens,
434 338 555 366 ascendit
570 339 595 366 in
614 344 732 367 montem
750 348 838 372 orare,
856 345 883 367 et
898 349 941 368 rc-

152 383 289 418 splenduit
304 383 374 410 sicut
398 383 449 410 sol.
472 383 505 411 Et
522 391 585 411 ecce
601 392 784 419 apparuerunt
799 394 860 413 cum
880 384 939 421 ip‘so

152 429 294 462 loquentes
317 429 423 466 MOyscs
441 433 469 456 et
490 431 577 464 Eiias,
593 431 637 464 qui
655 431 740 459 ferme
757 439 789 459 ex
813 433 939 458 omnibus

152 474 306 502 hominibus
317 476 517 504 studiosissime
528 476 638 504 exerciti
656 475 761 510 jejunio
778 482 805 503 et
816 477 939 504 oratione

151 522 301 550 ostendunt
324 523 352 550 in
372 531 403 550 eo
425 524 496 558 quod
518 531 564 558 per
579 524 726 551 oralionem
742 524 840 551 adsunt
855 531 940 558 quan-

152 571 208 594 tum
226 568 296 595 inter
311 575 341 596 se
355 570 522 597 conveniunt
542 575 568 597 et
593 574 744 597 consonant
766 569 898 604 jejunium
912 574 940 597 et

124 625 132 634 κ
151 613 249 645 oratio,
265 614 333 641 adeo
346 618 376 641 ut
389 622 449 641 cttm
464 616 586 642 oratione
603 622 661 648 quae
674 619 702 641 et
723 615 779 648 ipsa
794 615 945 642 Dominum.

152 659 260 690 aﬂ'atur,
289 660 404 694 colloqui
437 661 560 687 videatur
582 660 726 695 jejunium.
751 659 779 687 Si
800 662 871 688 enim
887 670 938 690 vox

151 704 292 737 sanguinis
317 705 400 732 occisi
418 706 483 732 Abel
510 708 610 732 clamat
637 706 668 732 ad
701 706 841 733 Dominum
859 711 939 742 prout

152 749 220 783 ipse,
247 754 314 777 teste
339 750 439 785 Moyse,
456 751 488 777 ad
515 751 582 778 Cain
601 751 669 778 dixit
692 752 725 783 ",
738 757 840 786 quanto
855 753 940 786 magis

150 802 245 822 omnes
261 796 383 831 corporis
404 801 504 831 partes,
520 797 610 824 omnia
628 798 748 825 membra
773 797 878 833 jejunio
897 799 935 825 la-

151 839 275 866 borantia
288 840 443 868 clamabunt
460 842 492 868 ad
506 841 660 874 Dominum,
676 847 702 869 et
715 841 863 877 jejunantis
879 850 940 870 ora-

151 883 219 911 tioni
236 885 424 912 convenientia
450 893 497 913 seu
515 886 606 921 aliquo
629 887 708 914 modo
723 892 750 914 et
768 888 824 922 ipsa
842 888 940 922 depre-

151 928 252 957 cantis.
268 929 363 956 merito
382 937 440 957 eam
455 930 645 965 jucundiorem
663 932 778 959 reddent
798 937 825 959 et
840 932 947 967 proba-'

152 973 220 1000 bunt
237 974 350 1002 libenter
377 975 521 1003 toleratam
546 977 643 1012 jejunii
663 977 857 1013 fatigationem.
878 977 941 1006 Ideo

153 1023 294 1053 postquam
313 1024 418 1048 orasset
445 1025 473 1048 et
498 1021 630 1049 divinitus
653 1022 879 1057 resplenduisset,
893 1023 940 1051 de-

152 1066 286 1093 scendens
300 1073 315 1094 e
331 1072 422 1094 monte
435 1067 566 1096 Dominus
580 1068 612 1095 ad
632 1069 737 1096 turbam
752 1073 777 1096 et
794 1069 942 1104 discipulos

152 1114 251 1148 pergit,
270 1114 369 1147 quibus
384 1114 482 1143 allatus
513 1120 555 1143 est
572 1115 617 1143 ille
647 1116 809 1144 daemonium
828 1117 940 1150 habens,

153 1164 182 1185 ut
197 1160 268 1187 sicut
288 1160 314 1187 in
332 1161 379 1189 illo
393 1166 485 1189 monte
501 1166 700 1190 monstraverat
719 1163 813 1197 jejuuii
831 1167 858 1191 et
875 1171 940 1190 ora-

155 1204 237 1231 tionis
256 1205 382 1232 bravium
403 1213 456 1232 non
475 1206 555 1233 modo
571 1215 696 1242 magnum
724 1208 770 1235 sed
785 1216 866 1243 quam
884 1216 942 1236 ma-

152 1249 254 1276 ximum
269 1250 399 1284 (ostendit
409 1251 481 1278 enim
503 1259 596 1278 eorum
610 1252 733 1279 bravium
751 1260 810 1281 esse
823 1253 941 1280 divinum

153 1295 347 1329 splendorem).
383 1296 421 1324 ita
448 1296 619 1324 descendens
643 1302 807 1326 monstraret
833 1298 940 1327 illorum

155 1339 306 1366 mercedem
320 1347 380 1367 esse
393 1345 554 1374 potestatem
571 1341 701 1368 adversus
714 1341 861 1370 daemones.
873 1342 941 1370 Cum

154 1385 236 1418 igitur
256 1385 281 1412 in
298 1386 422 1419 praesenti
452 1393 591 1413 sacrorum
614 1386 779 1422 jejuniorum
801 1388 941 1417 Dominica

156 1430 292 1458 soleamus
309 1430 334 1457 in
355 1430 476 1458 Ecclesia
502 1430 585 1465 hujus
609 1432 731 1459 miraculi
758 1434 940 1468 evangelicam

991 202 1068 234 αὐτο,
1086 202 1155 236 πρὸς
1180 202 1277 234 αὐτοὺς
1292 203 1306 229 6
1324 204 1425 238 Κυριος
1442 203 1502 238 ἔφη·
1523 212 1532 228 t
1550 203 1636 229 Τοῦτο
1651 204 1682 230 τὸ
1701 204 1779 236 γένος

992 249 1245 283 οὐχ’ὲκπορεύεται,
1261 249 1335 284 εἰμὴ
1356 250 1385 276 ἐν
1403 251 1542 285 προσευχῇ
1563 250 1610 276 καὶ
1627 250 1750 285 νηστείᾳ.
1767 260 1777 276 ι

992 295 1046 320 Kal.
1063 295 1134 329 τάχα
1152 295 1196 321 διὰ
1211 295 1290 322 τοῦτο
1306 295 1377 330 μετὰ
1392 295 1444 330 τὴν
1465 295 1507 321 ἐπ’
1527 295 1608 330 ὅρους
1621 297 1780 331 προσευχὴν

992 342 1038 367 καὶ
1054 341 1103 375 τὴν
1121 341 1182 367 κατ’
1206 341 1290 376 αὐτὴν
1315 341 1468 376 ἐμφάνειαν
1489 341 1538 376 τῆς
1564 341 1657 375 θεῖκῆς
1678 342 1778 375 αὐγῆς,

991 386 1114 418 καταϐὰς
1131 386 1212 417 εὐθὺς
1230 387 1277 413 ἐπὶ
1304 387 1349 413 τὸν
1368 386 1449 413 τόπον
1473 386 1583 421 ἔρχεται
1611 386 1676 412 ἔνθα
1703 387 1717 412 6
1741 387 1779 420 τῷ

990 433 1097 467 δαίμονι
1117 432 1213 468 ἐκείνῳ
1229 432 1343 467 κάτοχος
1360 431 1405 466 ἦν.
1435 442 1445 458 α
1462 432 1532 464 Τοὺς
1549 431 1604 466 γὰρ
1629 432 1777 466 ὲγκρίτους

991 479 1046 505 τῶν
1062 478 1203 513 μαθητῶν,
1222 481 1298 513 φησὶ,
1317 478 1484 513 παραλαϐὼν
1504 478 1589 512 ἀνέση
1603 478 1644 509 εἰς
1670 478 1701 504 τὸ
1715 478 1779 512 ὅρος

992 524 1203 560 προσεύξασθαι.
1219 526 1267 552 καὶ
1291 524 1413 559 ἔλαμψεν
1440 524 1479 554 ὡς
1504 524 1519 551 6
1543 524 1637 558 ἥλιος·
1659 525 1705 549 καὶ
1722 523 1778 550 [Boii

991 570 1121 605 ὤφθησαν
1137 570 1211 604 αὑτῷ
1224 570 1419 601 συλλαλοῦντες
1433 569 1553 604 Μωῦσῆς
1568 569 1614 595 καὶ
1638 568 1731 599 Ἠλίας
1741 588 1749 598 ,
1765 577 1775 594 ι

991 618 1014 644 oi
1032 618 1150 652 μάλιστα
1164 616 1255 650 σχεδὸν
1271 616 1380 643 πάντων
1391 614 1544 650 ἀνθρώπων
1558 614 1607 648 τὴν
1622 613 1780 648 προσευχὴν

991 663 1038 692 καὶ
1054 663 1103 697 τὴν
1125 662 1252 697 νηστείαν
1278 662 1469 696 ἀσκήσαντες·
1498 660 1637 686 δεικνύντι
1664 659 1712 685 καὶ
1736 658 1780 685 διὰ

990 706 1040 740 τῆς
1050 706 1078 742 ὲν
1089 707 1120 740 τῇ
1134 706 1272 740 προσευχῇ
1286 705 1440 739 παρουσίας
1455 704 1544 730 αὐτῶν
1558 703 1588 730 τὸ
1602 703 1651 738 τῆς
1664 711 1782 738 προσευ-

991 749 1043 785 χῆς
1059 750 1107 776 καὶ
1121 750 1171 784 τῆς
1187 750 1315 784 νηστείας
1332 750 1450 784 συνῳδὸν
1474 750 1522 776 καὶ
1551 749 1726 784 φιλάλληλον,
1743 749 1782 780 ὡς

991 797 1040 823 καὶ
1055 796 1196 823 συλλαλεϊν
1211 793 1268 823 οἷον
1291 797 1324 830 τῇ
1347 796 1486 830 προσευχῇ
1505 795 1555 830 τὴν
1571 795 1701 828 νηστείαν
1717 795 1781 829 ὀμι-

990 842 1074 878 λοΰσῃ
1090 842 1158 877 πρὸς
1172 843 1284 877 Κύριον.
1303 842 1334 868 El
1351 842 1405 876 γὰρ
1419 841 1496 875 φωνὴ
1515 841 1630 874 αἵματος
1647 839 1782 871 παθόντος

993 887 1076 914 Ἅϐελ
1089 887 1139 923 βοᾷ
1151 887 1220 922 πρὸς
1244 887 1356 921 Κύριον,
1386 887 1514 921 καθάπερ
1541 885 1622 917 αὐτὸς
1648 884 1720 920 πρδς
1736 885 1782 911 τον

992 933 1063 961 Κάῐν
1079 933 1174 968 φησὶν,
1189 933 1228 964 ὡς
1243 932 1286 960 διὰ
1298 932 1420 964 Μωσέως
1433 933 1584 966 ἐμάθομεν,
1601 932 1711 962 πάντως
1735 931 1782 957 καὶ

990 978 1025 1006 τὰ
1043 978 1091 1005 τοῦ
1110 978 1237 1013 σώματος
1261 979 1333 1013 μέρη
1353 979 1399 1004 καὶ
1425 977 1492 1011 μέλη
1507 977 1598 1004 πάντα
1615 978 1648 1012 τῇ
1664 976 1780 1011 νηστείᾳ

991 1024 1203 1052 κακοπαθοῦντα
1215 1024 1308 1059 βοήσει
1321 1024 1390 1059 πρὸς
1402 1023 1515 1058 Κύριον,
1527 1023 1576 1049 καὶ
1589 1024 1621 1057 τῇ
1637 1023 1779 1057 προσευχῇ

992 1071 1197 1103 συλλαλήσαντα
1210 1069 1258 1096 τοῦ
1273 1069 1463 1104 νηστεύοντος.
1477 1068 1526 1095 καὶ
1537 1066 1594 1095 οἷον
1605 1076 1782 1102 συμπροσευ-

992 1117 1108 1152 ξάμενα,
1125 1116 1237 1148 δικαίως
1255 1115 1525 1150 εὑπροσδεκτοτέραν
1546 1114 1648 1149 ταύτην
1664 1114 1781 1149 ἐργάσε-

991 1172 1047 1193 ται.
1066 1163 1113 1190 καὶ
1137 1162 1277 1190 δικαιώσει
1294 1162 1340 1189 τον
1365 1162 1499 1192 ἑκουσίως
1526 1161 1712 1195 ὑφιστάμενον
1733 1162 1783 1194 τῆς

992 1211 1117 1245 νηστείας
1133 1210 1179 1236 τὸν
1204 1210 1296 1237 πόνον.
1321 1208 1399 1235 Μετὰ
1413 1208 1444 1243 δὴ
1461 1207 1491 1234 τὺ
1507 1207 1712 1242 προσεύξιτθειι
1732 1207 1779 1233 καὶ

992 1255 1098 1291 λάμψαι
1120 1255 1208 1287 θείως,
1240 1254 1365 1286 καταϐὰς
1393 1254 1425 1280 ἐκ
1450 1254 1498 1280 τοῦ
1526 1253 1609 1286 ὅρους
1632 1253 1646 1278 6
1664 1252 1779 1287 Κύριος,

993 1303 1102 1337 ἔρχεται
1132 1301 1199 1335 πρὸς
1228 1301 1273 1327 τὸν
1301 1300 1379 1335 ὖχλον
1407 1300 1454 1326 καὶ
1484 1300 1548 1330 τοὺς
1575 1298 1712 1333 μαθητὰς,
1743 1295 1782 1329 οἷς

993 1347 1166 1382 προσηνέχθη
1182 1347 1196 1372 6
1212 1347 1241 1372 τὸ
1255 1346 1394 1379 δαιμόνιον
1409 1345 1479 1380 ἔχων
1497 1345 1611 1377 ἐκεῖνος,
1637 1343 1671 1369 ἵν’
1686 1343 1782 1378 ὥσπερ

992 1393 1091 1425 ἔδειξεν
1119 1392 1162 1418 ἐπ’
1180 1391 1260 1427 ὅρους
1290 1391 1380 1417 ἐκεῖνο
1407 1391 1536 1426 νηστείας
1563 1391 1608 1416 καὶ
1625 1390 1784 1424 προσευχῆς

993 1437 1116 1472 ὑπάρχον
1143 1436 1280 1471 βραῦετον,
1307 1436 1337 1461 οὐ
1358 1435 1428 1469 μέγα
1446 1434 1537 1469 μόνον,
1556 1434 1623 1460 ἀλλὰ
1644 1436 1691 1461 καὶ
1712 1434 1784 1469 ὑπὲρ

156 1476 314 1504 relationem
333 1476 466 1509 lectitare,
485 1484 544 1512 age,
561 1477 641 1504 istam
659 1478 843 1506 narrationem
860 1480 942 1509 altius

1040 1483 1112 1516 μέγα
1125 1490 1132 1496 θ
1147 1482 1195 1507 καὶ
1215 1482 1269 1516 γὰρ
1288 1480 1389 1513 ἔδειξεν
1408 1478 1488 1507 ἆθλον
1505 1478 1589 1505 οὖσαν
1602 1478 1706 1505 τούτων
1732 1479 1785 1512 τὴν

154 1528 335 1550 resumamus.

999 1529 1076 1555 θείαν
1092 1527 1283 1563 λαμπρότηταο
1303 1526 1374 1553 οὕτω
1392 1525 1516 1556 κατασὰς
1531 1524 1660 1557 ἐπιδείξει
1680 1523 1786 1550 τούτων

153 1569 271 1605 επαθλον
289 1567 372 1595 οὖσαν
388 1568 435 1595 καὶ
451 1569 500 1603 τὴν
514 1570 582 1597 κατὰ
601 1570 738 1605 δαιμόνων
757 1571 844 1607 ίσχύν.
863 1573 933 1600 Ἀλλ’
953 1575 1015 1603 ἐπεὶ
1030 1574 1101 1602 κατὰ
1134 1574 1184 1610 τὴν
1218 1573 1361 1609 παροῦσαν
1385 1571 1440 1598 τῶν
1468 1570 1550 1605 ιερῶν
1578 1569 1712 1604 νηστειῶν
1733 1577 1788 1595 κυ-

155 1613 290 1648 ριώνυμον
316 1614 423 1648 ἡμέραν
447 1614 491 1640 ἐπ’
508 1614 658 1650 ἐκκλησίας
673 1615 734 1647 ἔθος
747 1615 782 1642 τὰ
801 1618 865 1652 περὶ
893 1619 940 1646 τοῦ
961 1620 1100 1655 θαύματος
1128 1618 1364 1654 ἀναγινώσκεσθαι
1400 1618 1509 1649 τούτου,
1538 1615 1605 1650 φέρε
1624 1615 1673 1650 τὴν
1719 1616 1788 1643 αὐτὸ

154 1661 396 1694 καταγγέλλουσαν
419 1662 602 1695 εὐαγγελικὴν
627 1663 707 1699 ῥῆσιν
730 1665 835 1692 ἄνωθεν
858 1665 1017 1700 ἐπέλθωμεν
1030 1667 1151 1694 ἃπασαν.

189 1708 326 1742 Scriptum
344 1713 385 1737 est
397 1710 470 1746 enim
486 1718 494 1737 ι
512 1709 646 1738 Veniente
663 1710 726 1739 Jesu
744 1712 776 1739 ad
796 1712 943 1747 discipulos

154 1759 180 1781 et
198 1755 229 1780 ad
243 1755 348 1782 turbam
361 1755 583 1783 circumstantem
609 1761 637 1784 et
662 1757 858 1793 interrogante,
883 1758 944 1793 quis

155 1805 229 1827 esset
243 1808 334 1828 sermo
353 1801 385 1828 ad
402 1802 527 1834 invicem,
543 1803 713 1838 respondens
737 1811 809 1831 unus
822 1804 853 1831 de
865 1804 942 1831 turba

156 1847 224 1874 dixit
239 1854 247 1873 :
268 1855 278 1872 ι
296 1846 433 1881 Magister,
451 1849 529 1876 attuli
543 1849 627 1875 iiliutn
643 1856 731 1876 meum
748 1849 780 1876 ad
795 1854 820 1876 te
839 1850 943 1876 haben-

157 1897 209 1919 tem
224 1893 348 1927 spiritum
361 1899 478 1927 mutum,
493 1894 538 1929 qui
552 1895 707 1929 ubicunque
719 1902 780 1922 eum
795 1895 942 1929 apprehen-

156 1939 225 1966 derit
241 1939 327 1966 allidit
346 1946 406 1967 eum
432 1944 459 1968 et
482 1944 590 1975 spumat
613 1943 640 1967 et
664 1941 758 1968 stridet
774 1940 901 1967 dentibus
917 1944 945 1967 et

157 1983 255 2012 atescit
266 1985 317 2013 η.»
331 1984 387 2012 Cur
398 1992 462 2021 ergo
479 1986 622 2019 spumabat
634 1986 678 2012 ille
690 1990 717 2012 et
732 1986 863 2013 stridebat
879 1986 944 2012 den—

156 2030 230 2057 tibus
240 2035 267 2057 et
282 2031 533 2066 arescebat‘LQuem
545 2032 709 2066 corripuerit
721 2031 844 2058 diabolus
856 2032 942 2064 primo

156 2082 180 2103 et
199 2077 284 2112 magis
297 2085 378 2112 quam
393 2083 489 2106 caetera
505 2079 629 2112 corporis
653 2078 773 2106 metubra
791 2078 849 2112 ejus
874 2078 946 2104 do'et

157 2124 311 2156 cerebrum,
325 2131 386 2151 nam
410 2125 464 2152 isto
479 2125 555 2160 quasi
581 2124 643 2152 inde
667 2129 796 2152 nascatur
817 2124 944 2151 animalis

1037 1714 1157 1741 Ἐλθόντι
1173 1714 1250 1747 γοῦν,
1268 1714 1346 1749 φησὶ,
1362 1713 1401 1748 τῷ
1420 1713 1509 1748 Ἰησοῦ
1520 1713 1590 1748 πρὸς
1606 1712 1671 1743 τοὺς
1693 1711 1788 1746 μαθη·

993 1759 1042 1791 τὰς
1056 1759 1178 1791 καὶτοὺς
1195 1759 1288 1791 αὐτοῖς
1304 1760 1513 1794 συμπαρόντας,
1532 1759 1580 1785 καὶ
1597 1757 1785 1793 ὲρωτήσαντι.

994 1804 1035 1835 τίς
1050 1806 1063 1831 6
1078 1804 1146 1839 πρὸς
1158 1804 1289 1839 ἀλλήλους
1300 1805 1388 1838 λόγος,
1402 1803 1565 1839 ἀποκριθεὶς
1638 1800 1678 1834 εἷς
1689 1803 1721 1828 ὲκ
1737 1802 1787 1828 τοῦ

993 1849 1074 1885 ὄχλου
1089 1848 1159 1876 εἶπε·
1177 1859 1186 1876 t
1206 1850 1364 1882 Διδάσκαλε,
1384 1850 1487 1885 ἤνεγκα
1502 1849 1548 1875 τὸν
1565 1849 1624 1875 υἱόν
1642 1857 1694 1882 μου
1715 1848 1788 1882 πρὸς

996 1896 1025 1922 σὲ
1042 1895 1137 1931 ἔχοντα
1154 1895 1262 1930 πνεῦμα
1278 1896 1387 1928 ἄλαλον,
1404 1895 1452 1922 καὶ¹
1465 1895 1531 1921 ὅπου
1548 1894 1581 1921 ἂν
1595 1894 1677 1920 αὑτὸν
1696 1902 1786 1920 κατα-

994 1941 1075 1977 λάσῃ,
1093 1943 1190 1976 ρήσσει
1215 1942 1297 1968 αὑτὸν
1322 1941 1369 1968 καὶ
1396 1942 1507 1976 ἀφρίζει
1533 1941 1580 1967 καὶ
1606 1941 1695 1975 τρίζει
1721 1941 1787 1971 τοὺς

995 1987 1104 2017 ὀδόντας
1127 1986 1210 2014 αὑτοῦ
1227 1987 1273 2013 καὶ
1300 1986 1471 2021 ξηραίνεται.
1489 1995 1498 2012 ι
1526 1985 1586 2016 Πῶς
1606 1983 1652 2012 οὖν
1667 1985 1788 2020 ἦφριζεν

996 2028 1072 2062 οὗτος
1086 2031 1133 2058 καὶ
1150 2031 1240 2066 Ξτριζε
1257 2031 1320 2061 τοὺς
1333 2031 1444 2062 ὸδῦντας
1470 2032 1517 2057 καὶ
1533 2031 1713 2065 ὲξηραίνετο;
1731 2030 1786 2056 Τοῦ

997 2077 1180 2112 δαιμονῶντος
1199 2077 1306 2110 πρῶτόν
1322 2085 1351 2102 τε
1363 2077 1409 2102 καὶ
1426 2076 1527 2109 μᾶλλον
1545 2076 1600 2102 τῶν
1626 2075 1716 2101 ἄλλων
1735 2083 1786 2110 μο-

1000 2123 1064 2158 ρίων
1082 2121 1128 2149 τοῦ
1152 2122 1277 2156 σώματος
1294 2123 1307 2148 6
1320 2122 1472 2156 ἐγκέφαλος
1488 2122 1600 2155 πάσχει·
1619 2120 1658 2155 τῷ
1674 2121 1730 2154 γὰρ
1756 2122 1786 2146 ὲν

158 2170 280 2204 spiritus,
299 2175 424 2205 tanquam
441 2179 522 2198 curru
541 2171 624 2197 utitur
639 2170 743 2197 daemon
760 2175 786 2196 et
800 2178 834 2197 ex
849 2178 881 2197 eo
895 2177 942 2197 ve-

1037 2171 1084 2203 3τῳ
1099 2169 1208 2203 ψυχικῷ
1225 2168 1362 2203 πνεύματι
1382 2168 1419 2199 ὡς
1434 2169 1556 2203 ὀχήματι
1573 2168 1676 2203 χρῆται
1696 2168 1709 2194 6
1727 2167 1787 2193 δαί-

159 2218 199 2246 ιιιι
217 2224 248 2244 ex
269 2223 331 2244 arce
347 2217 396 2244 toti
420 2218 539 2244 minatur
562 2216 681 2249 corpori.
704 2214 816 2242 Dolente
838 2216 952 2243 cerebro

160 2263 268 2296 quidam
290 2263 351 2290 inde
364 2262 453 2289 ﬂuxus
471 2261 561 2296 prodit
576 2260 697 2288 inﬂatilis
713 2265 739 2288 et
753 2261 909 2294 pituitosos,
924 2261 951 2288 in

160 2315 258 2335 nervos
284 2315 311 2335 et
339 2308 495 2342 corporales
522 2312 607 2339 artus,
634 2307 766 2336 obturatis
793 2306 951 2333 animalium

161 2354 305 2388 spirituum
328 2355 499 2382 transitibus.
517 2352 585 2380 Hinc
604 2358 677 2380 motu
691 2372 698 2384 ,
712 2353 826 2384 laniatu,
847 2353 949 2386 impetu

161 2400 344 2427 involuntario
358 2399 447 2426 omnia
469 2399 590 2425 membra
609 2399 706 2432 quibus
722 2400 837 2432 imperat
854 2399 951 2424 volun-

160 2450 212 2478 tas,
222 2437 424 2478 ailiciuntur,et
437 2445 464 2472 in
478 2445 573 2479 primis
590 2444 704 2471 maxiilm
718 2452 778 2478 qute
792 2444 902 2478 propius
916 2443 949 2469 ad

161 2491 310 2518 membrum
329 2490 405 2524 prius
420 2490 576 2518 dolorosum
597 2490 740 2517 inhaerent.
757 2490 810 2517 Sed
836 2491 950 2516 humore

162 2539 248 2564 tuulto
266 2538 351 2572 magis
368 2545 399 2564 ac
413 2537 499 2572 magis
523 2537 549 2564 iu
569 2544 682 2571 corpore
698 2537 822 2571 irrignto,
839 2540 948 2569 propter

163 2583 308 2610 humoruui
326 2583 426 2610 ﬂuxum
443 2588 468 2609 et
484 2583 587 2610 cerebri
606 2583 805 2616 prosiluit-atem
818 2601 826 2611 .
843 2589 903 2608 cum
922 2581 946 2607 vi

163 2636 326 2663 organorum
342 2628 496 2655 immediate
512 2625 708 2655 commotorum
726 2635 797 2661 ψει-ν
815 2627 949 2653 anhelitus

164 2676 415 2708 spirat-cumquest,
439 2675 486 2701 sed
508 2680 603 2702 contra
630 2674 752 2701 humoris
779 2673 950 2700 multitudine

165 2719 265 2746 rnistitu
285 2714 390 2751 perfusa
415 2721 614 2755 a‘g-otautibus
631 2720 750 2747 nascitur
767 2711 872 2753 spuma.
891 2717 953 2744 little

201 2809 222 2824 ”
237 2808 316 2838 lL-tiit
343 2817 407 2840 xm,
425 2811 455 2836 is
488 2811 526 2836 if‘.
558 2811 578 2823 ⁷⁰
597 2810 684 2836 ii'i:!.l
704 2816 779 2842 seqq.

819 2808 839 2822 ”
858 2806 924 2835 Gen.
941 2814 976 2838 tv,
992 2814 1020 2839 Χ,
1035 2813 1112 2841 seqq.

1003 2222 1071 2248 μων,
1093 2215 1139 2240 καὶ
1154 2214 1207 2239 ἀπὸ
1219 2213 1328 2246 τούτου,
1342 2213 1468 2249 καθάπερ
1482 2213 1511 2245 ἐξ
1525 2213 1703 2248 ἀκροπόλεώς
1715 2221 1788 2243 τινος

1001 2259 1231 2285 καταδυναστεύει
1250 2258 1349 2289 παντὸς
1364 2258 1411 2285 τοῦ
1430 2258 1575 2293 σώματος·
1592 2257 1639 2284 τοῦ
1656 2258 1684 2284 δὲ
1709 2259 1792 2291 ὲγκε-

1002 2305 1086 2340 φάλου
1101 2305 1266 2339 πάσχοντος,
1285 2305 1400 2340 σύρῤοιά
1416 2313 1456 2336 τις
1474 2304 1579 2331 ἐκεῖθεν
1593 2303 1703 2337 ἀφίεται
1720 2311 1790 2337 φυσ-

1003 2349 1090 2384 σὼδης
1105 2349 1174 2384 ὁμοῦ
1199 2349 1247 2375 καὶ
1274 2349 1472 2384 φλεγματώδης
1498 2349 1544 2375 ἐπὶ
1573 2348 1607 2375 τὰ
1634 2347 1719 2383 νεῦρα
1743 2348 1791 2374 καὶ

1003 2396 1067 2427 τοὺς
1084 2396 1154 2430 μῦας
1179 2396 1226 2422 τοῦ
1255 2396 1391 2430 σώματος,
1417 2394 1465 2422 τοῦ
1492 2394 1607 2429 ψυχικοῦ
1633 2394 1791 2427 πνεύματος

1002 2440 1051 2472 τὰς
1068 2440 1201 2472 διεξόδους
1219 2441 1438 2476 ὲμφρὰττουσαο
1466 2441 1513 2467 καὶ
1540 2440 1634 2470 κλόνος
1663 2439 1790 2465 ἐντεῦθεν

1001 2487 1048 2513 καὶ
1069 2488 1145 2522 ῥῆξις
1163 2487 1209 2513 καὶ
1227 2488 1334 2521 κίνησις
1349 2485 1534 2521 ἀπροαίρετος
1553 2486 1620 2512 πᾶσι
1644 2486 1703 2516 τοῖς
1721 2492 1791 2518 προ-

1000 2535 1150 2567 αιρετικοῖς
1169 2534 1273 2567 μορίοις
1289 2532 1439 2567 ἐγγίνεται,
1468 2532 1584 2566 μάλιστα
1601 2531 1629 2558 δὲ
1647 2533 1707 2562 ταῖς
1722 2531 1789 2565 γνά-

999 2579 1067 2610 θοις,
1095 2579 1133 2611 ὠς
1160 2579 1278 2613 μάλιστα
1304 2578 1521 2613 πλησιαζούσαις
1544 2577 1583 2612 τῷ
1607 2576 1791 2612 πρωτοπαοὴ-

1003 2635 1080 2653 σαντι
1097 2626 1194 2661 μορίῳ.
1221 2625 1322 2652 Πολλοῦ
1340 2625 1367 2650 δὲ
1391 2624 1439 2650 τοῦ
1463 2623 1548 2659 ὑγροῦ
1568 2623 1668 2658 μᾶλλον
1691 2623 1737 2648 ἐπὶ
1760 2621 1790 2648 τὸ

1005 2672 1091 2706 στόμα
1111 2669 1336 2704 καταφερομένου
1348 2668 1393 2695 διά
1408 2677 1437 2694 τε
1451 2670 1480 2694 τὸ
1496 2669 1615 2703 χώρημα
1626 2667 1681 2693 τῶν
1697 2667 1789 2701 πόρων

1008 2718 1056 2744 καὶ
1083 2717 1132 2751 τὴν
1162 2716 1231 2751 πρὸς
1257 2715 1301 2741 τὴν
1329 2714 1480 2749 ἐγκέφαλον
1508 2713 1659 2748 ἐγγύτητα,
1684 2713 1734 2747 τῆς
1760 2719 1790 2738 τε

1169 2805 1191 2820 ⁷⁷
1208 2804 1290 2831 .‘intc.
1305 2812 1340 2835 tv,
1361 2803 1400 2835 l‘i,
1423 2803 1464 2831 l7.
