1882 3073
209 113 263 144 Iba

841 116 1032 147 GREGORH
1052 117 1213 146 PALAlll/E

1787 113 1835 144 156

210 169 240 195 lit
257 168 362 202 dignus.
383 169 446 196 lxleo
463 177 571 196 rursum
594 170 740 205 Apostolus
767 179 816 198 nos
833 172 957 199 hortatur
972 181 985 199 ιι

1089 173 1216 208 πονηρῶν
1238 172 1307 207 αὕτη
1326 171 1466 206 λογισμῶν
1494 171 1578 207 γέμῃ,
1604 170 1655 205 τῆς
1673 170 1748 202 θείας
1770 171 1834 197 ἀπ’

209 214 268 241 sine
284 215 334 246 ira,
355 215 414 241 sine
432 216 501 241 mala
533 215 711 243 blateratione
738 216 820 243 Deum
843 225 997 251 precemur.

209 261 243 287 Et
260 261 389 287 Dominus
402 268 450 287 nos
461 262 562 288 docens
577 266 606 288 ut
621 262 653 288 ad
667 262 738 289 illam
751 263 921 296 spiritualetn
936 272 998 291 cor-

209 305 251 332 dEs
269 305 505 332 circumcisioneut
521 310 578 333 toto
596 306 687 333 animo
709 307 909 340 incumbamus,
928 308 994 335 bea-

210 356 250 377 tos
264 351 391 384 prurdicat
402 352 516 378 mundos
525 352 618 384 corde,
627 356 654 379 et
670 360 805 387 pauperes
819 353 914 388 spiritu
926 362 934 386 ;
948 362 998 381 cu-

207 395 252 428 jus
269 395 408 422 munditia:
423 397 576 424 mercedem
592 397 638 424 Dei
663 399 922 433 contemplationem
938 407 1000 433 pro-

210 442 302 474 mittit,
323 443 492 477 paupertatis
508 451 573 471 vero
592 444 709 478 pretium
733 453 845 480 regnum
863 446 998 473 ctelorum

208 488 363 514 annuntiat.
383 487 523 522 Pauperes
544 488 613 516 dixit
625 490 671 524 qui
685 490 777 524 inopia
793 494 819 517 et
835 491 999 518 necessitate

209 538 376 566 premuntur.
395 534 468 567 Quos
485 542 538 562 non
554 543 649 562 omnes
667 535 762 564 beatos
776 535 853 569 dicit,
871 537 917 564 sed
934 544 999 571 pau-

208 586 285 611 peres
303 580 412 613 spiritu,
435 581 460 608 id
476 586 518 608 est
530 581 576 616 qui
592 586 705 609 externa
720 583 790 610 bon
805 583 840 610 ita
858 583 998 617 perinter-

208 631 269 650 nam
283 625 373 652 cordis
387 625 567 654 humilitatem
583 632 610 654 et
626 633 728 655 rectam
743 628 925 655 intentionem
939 629 997 656 dis-

208 674 322 703 ponunt.
337 670 394 698 Non
415 674 516 699 caedem
533 673 617 700 solam
636 678 664 700 et
678 673 746 700 iram
765 674 902 707 prohibet,
922 673 998 709 jubet

207 722 255 740 nos
269 714 408 742 dimittere
423 721 450 742 et
467 720 525 743 toto
540 717 622 744 corde
639 725 687 744 nos
705 717 905 745 olIendentibus
919 726 967 746 nec
981 726 997 746 a

206 761 284 787 nobis
302 761 421 788 oblatum
441 762 540 796 accipit
563 763 676 796 donum,
695 763 748 790 nisi
765 769 846 791 antea
875 765 998 793 reconci-

205 803 302 833 liemur
322 806 445 842 iramque
465 808 644 842 deponamus.
839 808 841 810 ’

206 853 298 886 μῦνον,
316 853 384 881 ἀλλά
401 855 447 882 καὶ
474 855 524 890 τὴν
546 857 643 892 ὀργὴν,
670 859 718 884 καὶ
748 858 859 893 ἀφιέναι
883 861 940 891 τοῖς
956 860 995 892 είς
1015 860 1090 895 ἡμᾶς
1114 861 1258 888 πταίουσιν
1273 860 1327 887 ἀπὸ
1359 861 1414 887 τῶν
1437 859 1557 895 καρδιῶν
1593 859 1771 894 προστάττει,
1792 867 1827 884 κα

1053 219 1174 253 στροφῆς
1191 219 1264 250 ἄξιος
1278 220 1290 245 6
1305 218 1450 253 ἄνθρωπος
1476 218 1580 252 γίνεται
1597 218 1712 247 ἐκεῖνος.
1728 217 1771 242 Arb
1789 218 1834 242 καί

1051 264 1133 291 πάλιν
1148 266 1162 291 6
1186 264 1346 295 ’Λπόστολος
1364 265 1493 299 παραινεῖ
1507 263 1591 298 χωρὶς
1607 262 1695 297 ὀργῆς
1713 263 1759 289 καὶ
1781 263 1834 289 δια-

1050 309 1190 344 λογισμῶν
1203 310 1276 344 ἡμᾶς
1293 309 1431 335 ποιεῖσθαι
1446 308 1494 340 τὰς
1511 308 1602 343 εὐχάς.
1628 308 1793 339 Σπουδάζειν
1808 307 1834 333 δὲ

1051 355 1123 389 ἡμᾶ,
1138 356 1152 381 ὁ
1166 355 1270 389 Κύριος
1282 355 1417 381 διδάσκων
1433 354 1472 385 εἰς
1481 354 1587 389 67τὴν
1596 354 1624 379 ἐν
1637 353 1774 387 πνεύματι
1790 353 1836 385 τῆς

1050 401 1163 435 καρδίας
1181 401 1347 436 περιτομὴν,
1368 400 1516 436 μακαρίζει
1542 400 1592 435 μὲν
1618 400 1681 430 τοὺς
1700 399 1835 433 καθαροὺς

1050 447 1083 480 τῇ
1100 446 1214 480 καρδίᾳ,
1232 446 1358 477 καὶτοὺς
1384 446 1512 479 πτωχοὺς
1541 445 1580 480 τῷ
1609 445 1757 478 πνεύματι.
1784 445 1836 470 Κῖὶ

1049 492 1102 526 τῆς
1120 491 1170 525 μὲν
1189 491 1377 527 καθαρότητος
1389 491 1492 524 ταύτης
1507 490 1557 525 τὴν
1577 490 1707 516 θεοπτίαν
1720 490 1835 516 ἔπαθλον

1049 535 1120 563 εἶναι
1136 537 1313 568 διατείνεται,
1330 537 1387 568 τοῖς
1402 536 1431 563 δὲ
1446 537 1565 571 πτωχοῖς
1580 535 1629 569 τὴν
1644 535 1700 562 τῶν
1715 535 1835 569 οὐρανῶν

1050 581 1189 615 βασιλείαν
1206 582 1407 616 ἐπαγγέλλεται
1423 589 1430 596 '
1446 580 1574 615 πτωχοὺς
1588 581 1618 606 δέ
1639 588 1707 614 φησι
1729 580 1792 610 τοὺς
1810 581 1834 603 ὲν

1049 628 1139 662 ἐνδείᾳ
1157 628 1205 654 καὶ
1221 628 1348 663 εὐτελείᾳ
1376 627 1492 659 ζῶντας.
1517 628 1573 662 Οὐχ
1601 627 1694 657 ἁπλῶς
1723 626 1751 653 δὲ
1774 625 1835 656 τοὺς

1049 674 1190 705 τοιούτους
1209 674 1369 709 μακαρίζει,
1387 673 1454 700 ἀλλὰ
1472 673 1535 704 τοὺς
1551 674 1581 699 ὲν
1595 672 1733 705 πνεύματι
1747 672 1833 697 ’τοιού-

1048 729 1121 752 τους,
1136 721 1261 748 τουτέστι
1273 721 1337 752 τοὺς
1349 720 1393 747 διὰ
1407 720 1458 755 τὴν
1471 719 1546 746 ἔνδον
1558 719 1647 745 αὐτῶν
1663 719 1710 745 καὶ
1725 719 1753 744 ἐν
1770 727 1837 752 καρ-

1047 767 1092 802 δίᾳ
1107 767 1271 794 ταπείνωσιν
1294 766 1342 793 καὶ
1360 766 1466 800 ἀγαθὴν
1491 764 1674 800 προαίρεσιν,“
1691 763 1765 790 οὕτω
1790 764 1837 789 καὶ

1048 813 1084 838 τά
1111 812 1163 846 ἔξω
1188 812 1342 844 διαθέντας.
1362 811 1541 846 ’Δπαγορεύει
1566 811 1595 837 δὲ
1623 811 1654 837 οὐ
1682 810 1729 870 τὸν
1759 811 1837 870 φόνοῖ

204 901 234 926 οὐ
251 901 281 927 τὸ
295 901 361 936 παρ’
375 902 454 937 ὴμῶν
468 905 691 939 προσφερόμενον
704 906 810 941 δέχεται
825 906 923 941 δῶρον,
938 907 986 934 ἐὰν
1008 908 1045 942 μὴ
1059 908 1315 944 προδιαλλαγῶμεν,
1332 909 1378 935 καὶ
1391 909 1442 943 τὴν
1454 908 1540 943 ὀργὴν
1556 906 1683 941 ἀφῶμεν.

239 945 277 973 ita
302 948 383 974 etiam
415 948 449 975 de
480 949 587 977 lasoivis
620 951 786 979 libidinibus.
819 952 1028 984 PulcltriorisB

204 993 297 1021 formas
316 994 486 1022 intuitionem
514 1001 541 1023 et
570 998 818 1033 concupiscentiam
848 1007 882 1026 ex
906 1007 938 1027 ea
967 1001 994 1027 in

203 1041 285 1067 corde
304 1045 427 1067 exortam
462 1041 575 1070 damnat
610 1047 738 1078 tanquam
770 1044 944 1072 adulterium.
963 1046 995 1074 Et

203 1086 355 1117 peneralius
371 1087 459 1114 adhuc
474 1088 630 1117 discurrens
647 1090 704 1118 lure
717 1091 783 1118 dicit
803 1100 809 1118 :
827 1101 837 1117 ί
855 1092 883 1119 Si
903 1094 993 1120 lnrnen

202 1131 274 1164 quod
287 1131 367 1159 estin
396 1136 431 1164 te,
452 1133 556 1162 scilicet
576 1142 654 1163 mens
669 1138 701 1163 et
714 1137 856 1171 cogitatio,
876 1137 995 1166 tenebrae

203 1179 279 1207 sunt,
306 1176 486 1210 caligantibus
504 1179 545 1214 eis
566 1187 626 1214 quae
641 1181 811 1210 obscuritate
835 1183 993 1211 universum

203 1221 334 1255 dirigunt,
349 1227 451 1256 quanto
471 1225 556 1259 magis
571 1231 599 1252 et
613 1225 677 1260 ipsa:
689 1228 820 1260 tenebrae,
838 1229 863 1255 id
881 1233 995 1256 estcor-

204 1274 256 1300 pus
265 1271 295 1293 et
309 1274 418 1301 sensus,
431 1276 490 1303 qua:
507 1277 540 1296 ex
553 1272 709 1305 semetipsis
725 1272 892 1307 spiritualem
907 1274 993 1302 lucem

205 1319 258 1338 Ion
288 1313 388 1339 habent
416 1322 469 1348 qua
493 1317 632 1343 enascitur
659 1318 761 1346 veritas
793 1323 820 1346 et
842 1321 995 1354 acquiritur

206 1358 304 1385 anima:
324 1360 517 1392 tranquillitas.
537 1361 566 1389 Si
582 1368 672 1390 autem
698 1364 788 1392 lumen
814 1367 887 1400 quod
904 1372 946 1394 est
966 1367 992 1394 in

190 1408 232 1430 ~te
249 1409 291 1431 est
305 1406 444 1438 mundum,
466 1408 622 1436 carnalibus
638 1417 692 1436 non
708 1411 885 1439 obscuratum
904 1413 994 1447 phan-

206 1451 294 1483 tasiis,
322 1452 426 1480 lucidus
448 1454 504 1482 eris
524 1455 550 1482 in
569 1456 659 1483 anima
676 1461 758 1490 totus,
777 1459 900 1493 quandiu
927 1460 993 1488 facis

205 1497 285 1524 istius
307 1498 452 1532 splendore
475 1500 683 1530 illuminaberis.
708 1503 771 1531 Haec
793 1510 835 1532 est
857 1506 947 1533 cordis
965 1506 992 1534 in

203 1541 302 1574 spiritu
316 1543 503 1577 circumcisio,
517 1554 565 1580 pPl'
580 1554 662 1580 quam
684 1548 813 1576 Dominus
830 1550 943 1584 periecit
955 1552 992 1579 le-

203 1587 290 1619 galem
302 1589 327 1615 in
338 1591 419 1629 corde
429 1591 677 1627 circumcisionem,
685 1602 745 1628 qum
757 1595 818 1621 data
829 1601 869 1622 cst
880 1593 990 1629 Judreis,

205 1638 233 1659 ιιι
252 1635 368 1667 priorem
384 1636 561 1670 signiﬁr-aret.
577 1639 631 1666 Illis
645 1645 736 1667 autem
754 1641 833 1668 istam
856 1643 990 1677 consequi

205 1688 257 1706 non
270 1682 450 1716 studentibus,
468 1684 640 1712 circumcisio
655 1693 762 1718 eorum,
784 1692 811 1714 ut
824 1688 909 1721 inquit
922 1688 992 1716 Pan-

204 1725 245 1753 lus
256 1727 290 1758 ",
301 1730 460 1763 praeputium
481 1730 551 1758 facta
570 1737 622 1763 est,
640 1736 667 1759 et
684 1731 793 1759 alienati
812 1737 875 1760 sunt
892 1741 906 1760 ιι
923 1733 990 1767 Deo,

203 1773 248 1806 qui
266 1781 318 1801 non
338 1775 363 1802 in
378 1775 486 1809 facienti.
499 1777 525 1804 id
538 1783 580 1804 est
595 1778 621 1804 in
633 1782 761 1805 externas
777 1786 807 1805 ra
818 1780 873 1806 ruis
891 1780 992 1814 justili-

202 1820 389 1853 rationes,sed
402 1822 428 1849 in
439 1830 486 1850 cor
497 1823 627 1856 intuetur,
639 1832 686 1859 seu
701 1824 726 1850 in
739 1823 890 1854 invisibiles
902 1831 929 1854 et
943 1834 992 1854 no-

201 1865 245 1897 Ms
264 1866 374 1896 intinms
388 1869 586 1903 cogitationum
602 1875 704 1898 motus.

237 2005 409 2034 lntendamns
421 2013 485 2042 ergo
500 2012 527 2035 et
546 2016 605 2041 nos,
622 2009 747 2042 obsecro,
764 2011 798 2038 ab
815 2011 889 2039 ontni
911 2014 991 2042 sorde

199 2051 283 2078 corda
295 2056 384 2079 nostra
397 2061 553 2088 purgemus.
563 2063 595 2082 ne
605 2063 666 2082 cum
680 2057 803 2091 reprobis
814 2057 867 2085 illis
879 2066 992 2085 corrua-

204 2106 272 2125 mus.
288 2098 315 2125 Si
332 2100 403 2126 enim
420 2101 465 2134 qui
479 2109 526 2134 per
543 2101 652 2136 Moysen
673 2102 763 2130 dictus
793 2108 835 2130 est
846 2111 938 2131 sermo
954 2104 993 2131 ίι-

201 2149 261 2171 ctus
272 2149 313 2171 est
330 2145 432 2176 ﬁrmus,
444 2151 471 2171 et
482 2147 571 2174 omnis
582 2148 771 2180 prmvaricalio
787 2154 813 2175 et
830 2149 990 2176 inubcdien-

202 2190 246 2217 the
266 2192 368 2224 accepit
394 2191 494 2224 justam
514 2193 648 2220 mercedis
672 2194 880 2222 retributionem
893 2215 900 2226 ,
921 2203 986 2229 quo-

202 2236 283 2262 modo
298 2244 346 2263 rtus
363 2236 562 2271 ciftrgietnus,si
579 2242 684 2265 tantum
703 2240 900 2274 neglexerimns
914 2242 987 2269 saltt-

1083 955 1221 987 Ὧσαύτως
1236 956 1265 982 δὲ
1286 955 1332 982 καὶ
1349 954 1396 981 ἐπὶ
1410 953 1466 980 τῶν
1494 952 1633 988 πορνικῶν
1648 951 1744 979 παθῶν
1756 960 1763 966 ·
1792 944 1838 978 καὶ

1046 1002 1132 1038 αὐτὴν
1148 1002 1202 1037 γὰρ
1216 1002 1266 1037 τὴν
1276 1002 1308 1028 ὲκ
1321 1001 1471 1036 περιέργου
1487 999 1550 1026 θέαν
1568 999 1614 1025 καὶ
1626 999 1677 1033 τὴν
1689 998 1719 1030 ἐξ
1754 998 1836 1032 αὐτῆς

1046 1047 1197 1082 ἐπιθυμίαν
1214 1048 1243 1073 ὲν
1273 1046 1375 1081 καρδίᾳ
1394 1044 1521 1080 μοιχείαν
1549 1043 1632 1070 οὖσαν
1659 1044 1835 1078 ἀπεφήνατο·

1046 1094 1094 1121 καὶ
1109 1094 1324 1128 καθολικώτερον
1343 1093 1396 1126 δέτι
1421 1092 1484 1127 περὶ
1513 1091 1616 1118 τούτων
1644 1091 1837 1126 διαλαμῦἀνων

1046 1141 1145 1175 φησίν·
1171 1150 1179 1166 ι
1197 1141 1228 1167 Εἰ
1238 1139 1269 1167 τὸ
1289 1139 1347 1174 φῶς
1357 1139 1386 1166 τδ
1406 1140 1434 1166 ὲν
1455 1139 1507 1168 σοὶ.
1523 1138 1664 1164 τουτέστιν
1676 1138 1690 1164 6
1702 1138 1766 1168 νοῦς
1792 1138 1836 1163 καὶ

1046 1187 1190 1222 ἡδιάνοια,
1205 1186 1301 1217 σκότος
1326 1186 1395 1217 ἐστὶ,
1422 1185 1478 1211 τῶν
1505 1184 1642 1217 ἀλαμπῶν
1679 1184 1837 1218 προσὸολῶν

1045 1234 1099 1259 τῶν
1113 1233 1252 1267 ἀρχόντων
1266 1231 1310 1259 τοῦ
1325 1231 1439 1263 σκότους
1455 1231 1587 1265 γέμοντα,
1604 1230 1680 1265 πόσῳ
1698 1231 1798 1265 μᾶλλον
1810 1230 1837 1256 τὸ

1047 1277 1161 1309 σκότοςς
1183 1287 1192 1303 ›
1210 1276 1310 1311 δηλαδὴ
1323 1276 1354 1302 τὸ
1366 1276 1446 1310 σῶμα
1474 1276 1521 1302 καὶ
1536 1276 1553 1310 ἡ
1578 1275 1721 1309 αἴσθησις,
1760 1275 1837 1302 ἅτινα

1045 1325 1112 1358 παρ’
1125 1324 1230 1350 ἑαυτῶν
1246 1324 1296 1350 οὐκ
1313 1323 1372 1358 ἔχει
1388 1323 1490 1357 φέγγος
1507 1322 1612 1357 νοερὸν,
1631 1322 1794 1357 γεννητικὸν
1806 1324 1836 1349 ἁ-

1045 1369 1158 1404 ληθείας
1173 1378 1202 1395 τε
1218 1369 1266 1396 καὶ
1282 1369 1430 1401 ἀπαθείας.
1450 1368 1512 1395 Ἐὰν
1528 1368 1555 1395 δὲ
1567 1369 1598 1394 τδ
1611 1369 1639 1395 ὲν
1660 1369 1702 1395 σοὶ
1719 1369 1779 1403 φῶς
1790 1377 1838 1394 κα-

1045 1414 1126 1448 θαρδν
1141 1413 1169 1451 ᾗ.
1202 1415 1258 1442 τῶν
1278 1415 1417 1448 σαρκικῶν
1444 1414 1630 1448 φρονημάτων
1647 1414 1698 1441 οὐκ
1722 1415 1836 1441 ἐπισκο-

1044 1461 1173 1494 τούντων,
1188 1461 1238 1496 ἔσῃ
1255 1463 1387 1496 φωτεινὸς
1399 1461 1470 1488 κατὰ
1485 1461 1575 1496 ψυχὴν
1604 1462 1686 1494 ὅλως,
1701 1461 1740 1493 ὼς
1775 1462 1837 1488 ὅταν

1045 1509 1059 1534 6
1071 1507 1166 1541 λύχνος
1180 1509 1213 1542 τῇ
1231 1508 1359 1543 ἀστραπῇ
1394 1508 1501 1543 φωτίζῃ
1515 1516 1556 1535 σε.
1591 1507 1715 1542 Τοιαύτη
1749 1508 1767 1542 ἠ
1788 1507 1838 1542 τῆς

1045 1553 1159 1587 καρδίας
1174 1554 1203 1579 ὲν
1217 1553 1357 1588 πνεύματι
1384 1554 1532 1588 περιτομὴ,
1561 1553 1596 1580 δι’
1619 1551 1653 1590 ἧς
1677 1553 1837 1590 ἐπλήρωσεν

1044 1600 1058 1625 6
1069 1599 1171 1634 Κύριος
1185 1599 1234 1634 τὴν
1250 1600 1320 1626 κατά
1335 1600 1418 1634 νόμον
1432 1600 1461 1626 ὲν
1475 1600 1559 1635 σαρκὶ
1582 1600 1748 1636 περιτομὴν,
1778 1601 1837 1635 ἣτις

1044 1644 1123 1679 ἐδόθη
1135 1646 1190 1677 τοῖς
1213 1645 1351 1676 Ἰουδαίοις
1365 1645 1404 1677 ὡς
1441 1646 1550 1681 εκείνην
1578 1647 1762 1681 σημαίνουσα,
1791 1648 1837 1673 καὶ

1044 1691 1112 1725 πρὸς
1127 1691 1235 1725 εκείνην
1251 1691 1396 1724 ὲνάγουσα,
1427 1692 1465 1726 μὴ
1492 1692 1648 1727 κτήσασθαι
1682 1693 1712 1719 δὲ
1735 1692 1837 1727 ταύτην

1044 1736 1267 1769 σπουδασάντων,
1293 1737 1310 1772 ὴ
1339 1737 1489 1773 περιτομὴ,
1519 1737 1592 1765 καθά
1621 1747 1690 1774 φησι
1718 1739 1835 1772 Παῦλος,

1042 1780 1132 1808 αὐτῶν
1150 1782 1318 1817 ἀκροϐυστία
1346 1782 1461 1817 γέγονε,
1493 1784 1539 1810 καὶ
1568 1783 1834 1820 ἀπηλλοτριώθησαν

1042 1827 1089 1855 τοῦ
1106 1827 1144 1864 μὴ
1161 1827 1305 1863 βλέποντος
1318 1829 1358 1860 είς
1372 1829 1519 1864 πρόσωπον
1544 1829 1623 1863 Θεοῦ,
1642 1829 1784 1856 τουτέστιν
1798 1831 1836 1861 εἰς

1041 1874 1077 1903 ci
1094 1877 1198 1911 φανερὰ
1216 1875 1265 1910 τῆς
1280 1875 1382 1911 σαρκὸς
1405 1875 1590 1910 δικαιώματα,
1622 1875 1693 1902 ἀλλά
1718 1876 1759 1907 εις
1786 1876 1836 1912 τὴν

1042 1923 1156 1957 καρδίαν
1168 1922 1287 1957 ὁρῶντος
1303 1942 1311 1955 ,
1328 1922 1369 1953 εις
1381 1921 1416 1948 τά
1429 1921 1522 1957 ἀφανῆ
1537 1921 1638 1957 δηλαδὴ
1665 1922 1714 1948 καὶ
1732 1923 1834 1957 ὲνήμῐν

1041 1969 1096 1996 τῶν
1107 1969 1248 2004 λογισμῶν
1258 1969 1408 2003 κινήματα.

1078 2015 1259 2050 Προσέχωμεν
1273 2014 1319 2041 οὖν
1333 2014 1380 2041 καὶ
1394 2014 1485 2050 ἡμεῖς,
1515 2014 1637 2048 ἀδελφοὶ,
1670 2015 1834 2050 παρακαλῶ,

1041 2061 1088 2087 καὶ
1102 2061 1268 2096 καθάρωμεν
1279 2060 1332 2087 ἀπὸ
1348 2061 1451 2092 παντὸς
1483 2059 1624 2096 μολυσμοῦ
1655 2063 1705 2092 τὰς
1729 2061 1833 2087 ἑαυτῶν

1040 2107 1164 2142 καρδίας,
1183 2107 1228 2134 ἵνα
1244 2107 1282 2142 μὴ
1298 2108 1355 2139 τοῖς
1371 2106 1580 2142 κατακριθετσιν
1609 2105 1728 2138 ἐκείνοις
1760 2115 1832 2141 συμ-

1040 2153 1262 2188 παραρῤυῶμεν·
1279 2153 1304 2180 εί
1320 2153 1374 2188 γὰρ
1387 2154 1401 2180 6
1415 2153 1459 2180 διὰ
1488 2153 1612 2184 Μωσέως
1639 2152 1770 2186 λαληθεὶς
1792 2153 1834 2178 νό-

1041 2208 1091 2234 μος
1102 2199 1209 2233 ἐγένετο
1222 2199 1341 2234 βέϐαιος,
1356 2199 1403 2226 και
1417 2199 1494 2225 πᾶσα
1524 2198 1681 2234 παράϐασις
1710 2199 1757 2225 καὶ
1781 2206 1832 2224 πα-

1042 2245 1127 2279 ρακοὴ
1141 2245 1236 2271 ἔλασεν
1251 2245 1356 2271 ενδ-κον
1375 2244 1602 2279 μισθαποδοσίαν,
1614 2244 1674 2275 πῶς
1689 2244 1771 2280 ἡμεῖς
1786 2245 1832 2271 ικ-

201 2285 273 2310 tem?
289 2283 354 2315 Quae
373 2291 433 2310 cum
447 2284 554 2310 initium
569 2285 721 2319 accepisset
738 2288 861 2314 enarrari
878 2296 926 2322 per
937 2289 985 2316 Do-

1080 2291 1204 2325 δρόμεθα,
1218 2291 1267 2325 τῆς
1292 2291 1431 2326 ἡμετέρας
1458 2290 1649 2326 ἀμελήσαντες
1680 2289 1830 2325 σωτηρίας,

201 2331 304 2356 minum
322 2330 356 2356 ab
370 2330 409 2356 cis
426 2331 470 2364 qui
487 2331 642 2364 audierunt,
657 2331 684 2359 in
697 2339 746 2360 nos
758 2334 919 2362 conﬁrmata
931 2340 984 2368 est,

201 2379 371 2401 contestante
394 2375 448 2402 Deo
465 2376 548 2410 signis
566 2381 592 2403 et
613 2378 747 2412 portentis
760 2384 786 2406 el
801 2380 885 2407 variis
900 2381 988 2409 virtu-

201 2421 272 2446 tibus
288 2425 315 2446 et
335 2420 450 2454 Spiritus
468 2422 554 2449 sancti
572 2423 813 2452 distributionibus
822 2426 858 2453 ιθ.
875 2425 986 2455 Timea-

201 2473 261 2491 mus
274 2473 340 2500 ergo
365 2466 488 2493 cor-dium
515 2475 665 2504 rennmque
690 2474 883 2504 scrutatorem,
911 2473 988 2501 nobis

200 2513 346 2546 pmpitium
365 2513 508 2541 reddamus
519 2515 652 2543 ullionum
668 2517 823 2549 Dominum.
837 2519 988 2548 inhabitare

201 2560 333 2586 faciunus
350 2560 375 2586 in
394 2560 472 2587 nobis
497 2568 602 2594 parem,
621 2563 865 2591 sanctiﬁcationem
880 2570 906 2592 et
921 2574 985 2594 ora-

201 2606 302 2632 tionem
317 2606 520 2639 t'ompunctioni
544 2607 701 2641 admistam,
723 2609 820 2643 quibus
835 2609 987 2638 deﬁcienti-

201 2652 262 2684 lvus,
290 2659 371 2678 nemo
386 2652 487 2679 videbit
514 2653 674 2688 Dominum;
692 2655 880 2683 desideremus
895 2658 920 2684 in
939 2658 984 2685 ﬁr-

200 2698 296 2725 mitate
307 2698 363 2732 spei
372 2699 504 2726 visionem
517 2700 589 2727 illam
599 2701 760 2734 promissam
773 2703 880 2730 mundis
890 2704 983 2735 corde.

199 2748 226 2769 et
242 2742 335 2770 omnia
350 2743 385 2771 ita
399 2743 604 2779 ﬁuctitemus,ut
616 2746 689 2774 illam
706 2755 907 2781 consequamur
917 2757 979 2777 cutn

238 2835 259 2850 ⁷⁷
280 2835 357 2861 lium.
378 2844 406 2869 ll,
426 2836 470 2864 ‘23:.

509 2837 533 2854 ⁸⁰
549 2836 632 2865 llcbr.
662 2837 720 2870 ΠΛ.

1036 2337 1098 2373 ἥτις
1112 2337 1200 2372 ἀρχὴν
1216 2336 1337 2364 λαϐοῦσα
1350 2336 1492 2363 λαλεῖσθαι
1510 2336 1585 2371 παρά
1598 2335 1645 2362 τοῦ
1658 2335 1775 2371 Κυρίου,
1788 2335 1831 2362 διὰ

1035 2384 1090 2409 τῶν
1104 2383 1281 2410 ἀκουσάντων
1297 2383 1366 2417 πρὸς
1381 2383 1456 2417 ἡμᾶς
1478 2381 1643 2416 ὲὸεΰαιώθη,
1657 2389 1830 2416 συνεπιμαρ-

1035 2428 1236 2463 τυροῦντοςτοῦ
1256 2427 1324 2454 Θεοῦ
1337 2427 1462 2462 σημείοις
1494 2427 1542 2456 καὶ
1570 2426 1668 2461 τέρασι
1689 2428 1742 2452 καὶ
1770 2435 1831 2452 ποι-

1037 2473 1126 2505 κίλιιις
1137 2473 1280 2507 δυνάμεσι,
1295 2473 1341 2500 καὶ
1365 2472 1524 2507 Πνεύματος
1550 2472 1628 2506 ἁγίου
1662 2472 1829 2506 μερισμοτςς

1038 2519 1204 2554 Φοὸηθῶμεν
1218 2520 1265 2546 οὖν
1276 2519 1321 2545 τὸν
1339 2518 1472 2551 ἐτάζοντα
1485 2518 1599 2553 καρδίας
1613 2519 1660 2545 καὶ
1690 2518 1810 2551 νεφρούς
1821 2524 1828 2531 '

1038 2565 1249 2599 ἑξιλεωσώμεθα
1262 2566 1308 2591 τὸν
1324 2565 1378 2591 τῶν
1393 2564 1562 2599 ὲκδικήσεων
1589 2563 1693 2598 Κύριον
1703 2572 1710 2579 ⁸
1734 2562 1831 2589 ἐνοικί-

1039 2620 1131 2646 σωμεν
1144 2612 1208 2645 ἡμῖν
1224 2611 1318 2642 αὐτοῖς
1333 2611 1384 2645 τὴν
1397 2611 1521 2646 είρήνην,
1540 2609 1585 2636 τὸν
1603 2609 1751 2643 ἀγιασμὸν,
1781 2608 1830 2643 τὴν

1037 2658 1068 2683 ὲν
1081 2657 1225 2689 κατανύξει
1241 2657 1408 2692 προσευχὴν,
1422 2654 1460 2683 ὧν
1495 2655 1580 2691 χωρὶς
1616 2655 1704 2686 οὐδεὶς
1733 2654 1830 2688 ὄψεται

1038 2703 1084 2730 τὶν
1100 2703 1202 2738 Κύριον
1215 2711 1223 2720 ⁸
1245 2703 1409 2738 ποθήσωμεν
1425 2703 1453 2728 ἐν
1465 2701 1637 2736 πληροφορίᾳ
1648 2701 1764 2730 πίστεως
1781 2698 1829 2732 τὴν

1039 2749 1252 2784 ἐπηγγελμένην
1267 2749 1376 2783 ἐκείνην
1393 2748 1456 2775 θέαν
1472 2748 1528 2780 τοῖς
1546 2747 1676 2781 καθαροῖς
1694 2745 1742 2779 τὴν
1756 2752 1828 2780 καρο
