1882 3073
171 137 223 171 1ῢῖ

789 134 978 164 GREGORII
996 135 1040 164 PA
1049 133 1159 164 [ΑΜΕ

1744 130 1786 162 164

170 200 196 222 et
209 194 320 222 anteibit
337 193 430 221 faciem
451 197 523 220 tuam
537 192 640 228 iustitia
657 198 714 224 tua,
727 198 753 220 et
770 192 854 228 gloria
871 192 958 220 Domi.

1031 187 1166 228 ιῇνμὰτων,
1187 191 1276 219 πᾶσαν
1299 189 1460 225 συγγραφὴν
1482 189 1575 217 ἄδικον
1590 188 1709 216 διάσπα·
1733 189 1786 214 τότε

171 241 198 267 ni
216 241 323 275 colliget
341 239 407 267 te".
426 249 436 266 ι

207 374 284 408 Quod
300 375 321 401 si
338 375 370 401 de
389 375 454 407 tuis,
468 379 494 401 et
517 373 626 408 quidem
647 371 801 407 superfluis,
817 373 889 407 inopi
906 380 958 400 non

174 421 292 450 dederis.
308 420 361 446 noli
377 419 471 445 saltem
491 419 542 445 ista
564 417 704 451 possidere
722 419 748 444 in
769 417 959 444 detrimentum

175 465 278 499 inopis;
293 465 342 490 hos
365 464 473 497 quidem
498 463 618 489 omnium
649 462 779 490 Dominus
807 461 959 488 Christusa

175 511 293 536 sinistris
309 514 411 536 stantes
427 509 452 535 iu
481 509 568 542 ignem
590 509 698 535 mittens
713 507 862 542 iisdemque
876 507 961 534 mule-

175 555 280 586 dicens,
296 558 389 581 nonut
406 559 529 588 raptores
543 553 664 585 damnat,
681 553 726 579 scd
736 553 796 587 quia
813 553 883 580 b0na
894 560 961 587 pau-

176 600 233 636 peri
248 607 300 627 non
318 600 526 626 communicant.
542 598 676 632 Raptores
693 606 758 632 ergo
767 603 793 625 et
808 598 891 632 iniqui
909 605 962 625 non

176 649 317 679 resurgent
330 645 356 672 in
366 645 468 679 judicio
477 649 503 672 et
517 644 679 673 vadimonio.
690 644 736 671 sed
752 644 778 670 in
793 644 925 671 sententia
937 648 965 671 et

176 692 359 722 damnatione,
375 698 436 717 cum
467 691 547 717 etiam
570 690 597 717 in
624 690 666 716 his
690 690 769 717 terris
787 690 828 715 isti
856 697 888 716 ex
909 694 964 716 tota

176 736 341 764 auima'Deo
369 744 421 762 non
446 736 592 768 astiterint,
606 740 635 762 ut
650 735 775 763 videtur:
791 744 801 760 ‹
820 734 871 767 Qui
893 735 965 762 enim

178 782 309 810 devorant
323 781 429 816 plebem
450 789 548 814 meam,
565 782 637 808 sicut
651 788 740 808 escam
768 782 858 815 panis,
876 781 967 808 Domi-

135 829 139 833 ”
178 834 242 854 num
255 834 308 853 non
322 827 526 854 invocaverunt.
545 836 554 852 ι
571 827 753 861 Dires,cnjus
773 833 836 861 ager
859 827 966 859 fertilis,

1008 239 1158 273 ῥαγήσεται
1171 237 1296 272 πρώῖμον
1311 236 1341 262 τὸ
1354 236 1411 270 φῶς
1430 243 1489 266 σου,
1502 234 1549 260 καὶ
1564 234 1599 260 τὰ
1627 233 1733 268 ἰάματὰ
1746 241 1787 260 σου

1006 283 1076 318 ταχὺ
1090 283 1226 315 ἀνατελεῖ,
1242 283 1289 309 καὶ
1305 281 1470 317 πορεύσεται
1484 279 1642 315 ἔμπροσθεν
1664 279 1682 315 ἡ
1692 279 1789 306 δικαιο-

1009 330 1076 364 σύνη
1093 329 1242 364 σου,καὶὴ
1267 328 1330 360 δόξα
1355 327 1402 354 τοῦ
1430 326 1498 353 Θεοῦ
1528 325 1688 360 περιστελεϊ
1720 333 1760 352 σε.
1778 333 1787 350 ι

1044 376 1075 402 El
1091 375 1129 410 μὴ
1144 375 1222 405 δίδως
1237 374 1326 400 τοίνυν
1337 374 1369 399 ἐκ
1386 372 1440 399 τῶν
1457 372 1512 399 σῶν
1531 372 1639 406 πένητι,
1654 371 1703 397 καὶ
1732 370 1791 396 ταῦ-

1009 430 1042 447 τα
1052 419 1189 455 περιττῶν
1211 419 1307 451 ὄντων,
1340 418 1392 446 κᾶν
1408 417 1446 452 μὴ
1460 417 1517 444 κτῶ
1544 417 1631 443 ταῦτα
1650 416 1722 442 κατὰ
1749 414 1791 440 τοῦ

1010 466 1125 500 πένητος
1139 465 1238 492 ’καίτοι
1250 466 1264 491 6
1278 464 1389 491 πάντων
1417 464 1551 498 δεσπότης
1584 462 1706 496 Χριστὸς
1733 460 1792 489 τοὺς

1010 511 1059 545 τῆς
1078 510 1225 545 ἀριστερᾶς
1243 509 1351 544 μερίδος
1377 508 1416 539 εις
1430 507 1460 534 τὸ
1472 507 1527 542 πῦρ
1552 506 1728 540 ἀποπέμπων
1752 507 1794 530 καί

1011 556 1216 591 καταρώμενος,
1231 555 1261 580 οὐ
1280 554 1456 585 καταδικάζει
1471 552 1583 584 τούτους
1600 551 1638 582 ὡς
1659 551 1793 586 ἅρπαγας.

1012 602 1069 629 ἀλλ’
1084 600 1121 632 ὡς
1132 600 1170 635 μὴ
1186 600 1349 635 μεταδόντας
1363 598 1403 634 τῷ
1421 598 1552 633 δεομένῳ.
1583 596 1689 624 υῦκοῦν
1700 596 1725 622 οι
1753 595 1797 629 ἆρ-
1830 631 1831 635 η

1013 655 1102 681 παγίς
1116 646 1168 673 καὶ
1183 646 1207 672 οι
1219 646 1305 672 ἄδικοι
1317 645 1376 671 οὐδὲ
1388 644 1586 678 ἀναστήσονται
1602 643 1642 673 είς
1655 640 1796 675 παράσται

1015 701 1057 719 σιν
1070 691 1117 717 καὶ
1136 691 1237 726 κρίσιν,
1253 690 1311 717 ἀλλ’
1327 691 1366 721 εις
1399 690 1550 722 καταδίκην
1578 687 1659 717 εὐθὺς
1687 685 1798 720 μείζονα

1015 737 1061 764 καὶ
1075 736 1239 772 κατάκρισιν
1252 743 1259 752 ’
1276 736 1336 761 ἐπεὶ
1347 734 1475 761 κάνταῦθ’
1488 734 1526 765 ὡς
1538 734 1627 759 ἔοικεν
1656 728 1732 758 οὗτοι
1758 730 1799 756 οὑ-

1016 783 1113 809 δέποτε
1125 782 1192 813 ὅλως
1218 782 1250 808 ἐκ
1268 780 1356 816 ψυχῆς
1371 779 1409 814 τῷ
1428 779 1488 812 Θεῷ
1513 778 1687 814 παρέστησαν
1697 784 1710 798 ἰ
1730 785 1741 803 ι
1771 776 1799 802 0i

1017 828 1071 863 γὰρ
1083 828 1231 859 ἐσθίοντες,
1248 827 1325 862 φησι,
1341 826 1386 852 τον
1401 826 1462 852 λαόν
1479 834 1529 860 μου
1543 827 1571 851 ὲν
1589 823 1689 859 βρώσει
1705 822 1798 857 ἄρτου,

179 873 260 906 hys”
268 876 294 899 ει
306 878 425 906 Purpura
440 871 560 904 ίηάυίυει
575 871 684 898 minimc
699 871 761 905 (ιυῑει
777 871 912 898 εοιιιιιιῖεῖῐ
926 871 966 896 ίιι-
978 867 1003 896 Β
1015 875 1061 901 τὸν
1076 873 1142 900 Θεὸν
1155 865 1208 899 οὐκί
1219 873 1434 899 ἐπεκαλέσαντο.
1452 880 1461 896 ι
1481 871 1511 897 ὐ
1532 869 1661 900 πλούσιος
1671 865 1702 895 οὗ
1720 867 1800 900 εὖφό·

178 918 321 953 justitiaut,
332 917 378 944 sed
393 917 457 951 quia
485 924 609 951 possessa
628 924 681 943 nou
712 917 813 949 divisit,
826 916 888 951 jure
902 923 966 942 cou-

181 963 342 994 rleutuatnr;
363 968 520 988 communes
539 961 610 988 enim
639 965 702 988 sunt
729 968 763 988 ex
779 961 967 988 communibus

183 1007 288 1035 horreis
316 1007 363 1034 Dei
390 1007 524 1034 bonorum
550 1007 679 1034 thesauri.
709 1006 851 1040 Quomodo
882 1007 966 1041 igitur

181 1060 280 1081 avarus
299 1060 432 1086 usurpans
444 1053 606 1085 communia,
617 1053 670 1079 etsi
693 1060 745 1079 non
763 1057 791 1079 ιιι
806 1052 849 1080 ille
862 1059 892 1079 ea
909 1059 969 1086 quae

184 1103 258 1134 patet
284 1099 395 1126 alterius
423 1106 484 1126 esse
503 1098 634 1133 occupet?
650 1098 824 1132 lgitur~alter
848 1098 967 1133 quidem,

182 1144 253 1171 sicut
274 1151 368 1172 servus
388 1152 503 1179 nequam
527 1145 701 1180 eiectionem,
717 1144 786 1171 heul
804 1142 968 1170 horrendam

183 1191 312 1224 patietur,
329 1190 398 1217 alter
420 1197 484 1217 vero
498 1190 587 1224 pejora
611 1194 638 1217 et
653 1189 815 1216 terribiliora
833 1188 970 1221 tolerabit,

184 1234 336 1267 horumque
346 1238 443 1261 neuter
461 1241 567 1268 poenam
578 1234 671 1268 fugere
684 1233 792 1267 poterit,
804 1232 856 1260 nisi
872 1239 972 1267 paupe-

185 1286 230 1306 res
248 1279 405 1313 excipiant;
420 1285 490 1306 unus
518 1279 625 1312 quidem
649 1278 750 1313 optime
774 1277 973 1305 administrabit

183 1325 332 1351 commissa
345 1324 396 1351 sibi
406 1332 419 1351 a
433 1323 499 1357 Deo,
511 1325 579 1352 alter
593 1331 657 1351 vero
674 1323 814 1358 dissipabit
828 1323 898 1350 male
908 1330 973 1350 con-

182 1375 307 1404 gregata.
323 1369 435 1404 Magnus
447 1369 547 1397 Paulus
561 1368 850 1396 Thessalonicensibus
863 1368 973 1403 proavis

188 1415 291 1442 nostris
304 1415 427 1442 scribens
440 1415 472 1442 de
482 1415 650 1442 fraternitate
664 1414 746 1442 dixit:
766 1423 776 1440 ι
790 1413 848 1440 Non
862 1420 975 1442 necesse

185 1462 321 1489 habemus
341 1462 459 1489 scribere
473 1462 551 1489 vobis
577 1471 583 1488 :
603 1461 654 1496 ipsi
670 1461 742 1487 enim
756 1467 802 1488 ros
818 1467 832 1487 a
849 1460 903 1488 Deo
919 1468 976 1489 mo-

194 1507 244 1534 niti
263 1508 329 1534 estis
349 1511 377 1533 ut
394 1506 511 1541 diligatis
532 1505 690 1534 invicem“.
708 1515 717 1532 ι

1018 927 1100 954 ρησεν
1113 919 1130 954 ἠ
1143 917 1230 953 χώρα,
1245 920 1292 944 καὶ
1305 919 1319 944 6
1336 917 1481 952 πορφύραν
1500 915 1548 942 καὶ
1573 915 1673 950 βύσσον
1695 914 1798 940 ἐνδεδυ-

1018 965 1111 1000 μένος,
1129 965 1179 1000 οῦχ
1192 964 1229 995 ὡς
1245 963 1424 999 ἀδικήσαντες
1447 971 1518 996 τινα,
1536 962 1594 989 ἀλλ’
1609 961 1647 992 ὡς
1665 961 1701 994 μὴ
1721 968 1803 994 μετα-

1017 1009 1106 1040 δόντες
1120 1008 1175 1034 τῶν
1195 1008 1310 1039 ἐκείνοις
1330 1007 1486 1043 κτηθέντων
1511 1007 1625 1037 δικαίως
1652 1004 1803 1032 καταδικά-

1019 1053 1111 1085 ζονται
1127 1060 1135 1068 ·
1153 1052 1232 1080 κοινὰ
1257 1054 1311 1087 γὰρ
1336 1053 1369 1079 ὲκ
1400 1052 1496 1079 κοινῶν
1523 1051 1642 1087 ταμείων
1672 1049 1728 1076 τῶν
1756 1048 1802 1075 τοῦ

1019 1099 1086 1126 Θεοῦ
1113 1098 1272 1133 κτισμάτων
1301 1098 1335 1124 τὰ
1355 1097 1582 1134 θηταυρίσματα,
1612 1096 1673 1128 Πῶς
1700 1095 1748 1122 οὖν
1774 1094 1803 1121 οὐ

1021 1143 1183 1179 πλεονέκτης
1207 1145 1221 1171 6
1251 1143 1432 1179 ἑξιδιοῦμενος
1449 1144 1484 1170 τὰ
1512 1143 1600 1175 κοινὰ,
1628 1142 1679 1169 κᾶν
1702 1142 1752 1176 οὐχ
1768 1141 1803 1172 ὡς

1021 1190 1122 1221 ἐκεῖνος
1134 1191 1148 1217 6
1159 1189 1326 1225 τὰτφανερῶς
1340 1190 1468 1225 ἀλλότρια
1478 1188 1704 1224 σφετεριζόμενος
1718 1196 1726 1220 ;
1739 1187 1805 1214 05x-

1022 1235 1077 1262 οῦν.
1096 1235 1110 1261 6
1127 1235 1176 1270 μὲν
1193 1235 1230 1266 ὡς
1249 1235 1333 1267 κακὸς
1352 1235 1445 1266 δοῦλος
1462 1235 1645 1270 ὕποστήσεται
1671 1233 1723 1268 φεῦ
1735 1233 1742 1259 l
1756 1233 1807 1267 τὴν

1024 1279 1147 1315 φρικώδη
1163 1280 1333 1316 διχοτομίαν,
1350 1282 1363 1308 6
1377 1281 1406 1308 δὲ
1417 1280 1451 1307 τὰ
1465 1281 1603 1315 δεινότερα
1627 1279 1673 1306 καὶ
1704 1287 1808 1318 φρικῶ-

1023 1327 1135 1362 δέστερα
1150 1327 1282 1359 πείσεται,
1299 1328 1346 1354 καὶ
1363 1327 1418 1354 οὐδ’
1431 1328 1522 1363 ἕτερος
1545 1326 1636 1354 αὐτῶν
1663 1325 1808 1361 δυνήσεταί

1025 1381 1091 1399 ποτε
1109 1373 1195 1400 ταῦτα
1209 1374 1361 1409 διαφυγεῖν,
1372 1373 1404 1401 ἂν
1423 1374 1461 1409 μὴ
1485 1374 1548 1404 τοὺς
1564 1373 1688 1408 πτωχοὺς
1714 1372 1809 1404 δεξιώ-

1027 1427 1127 1446 σωνται
1139 1427 1147 1436 ο
1162 1421 1208 1453 κα).
1223 1420 1236 1446 ὁ
1248 1420 1296 1455 μὲν
1311 1420 1400 1452 καλῶς
1424 1420 1596 1454 οἰκονομήσει
1613 1419 1646 1445 τὰ
1658 1426 1810 1444 πεπιστευ-

1028 1464 1095 1499 μένα
1109 1465 1195 1500 τούτῳ
1211 1465 1285 1500 παρὰ
1312 1465 1390 1498 Θεοῦ,
1404 1465 1418 1491 6
1435 1465 1464 1492 δὲ
1491 1465 1581 1496 καλῶς
1603 1464 1748 1499 σκορπίσει
1774 1465 1810 1491 τὰ

1028 1510 1122 1543 κακῶς
1139 1512 1316 1547 συναχθέντα.
1330 1511 1435 1543 Παῦλος
1449 1512 1463 1538 6
1477 1511 1563 1546 μέγας
1579 1509 1811 1538 Θεσσαλονικεῦσι

190 1553 242 1589 71
257 1553 371 1588 γράφων
400 1554 456 1584 τοῖς
488 1552 566 1586 ἡμῶν
579 1553 688 1583 πάντως
707 1551 860 1587 προγόνοις.
884 1551 949 1588 περὶ
963 1553 1014 1589 τῆς
1033 1557 1207 1591 φιλαδελφίας
1219 1558 1301 1593 φησίν
1314 1565 1321 1573 ’
1340 1567 1350 1584 ‹
1368 1556 1406 1584 Οὐ
1418 1557 1511 1593 χρείαν
1525 1556 1601 1592 ἔχετε
1614 1556 1728 1592 γράφειν
1747 1557 1813 1591 ὑμῖν

190 1599 268 1626 αὐτοὶ
280 1599 334 1633 γὰρ
345 1597 509 1625 θεοδίδακτοί
522 1600 583 1624 tota
595 1598 634 1629 είς
645 1598 674 1624 τὸ
684 1598 797 1633 ἀγαπᾷν
808 1597 949 1632 ἀλλήλους.
965 1607 975 1624 ι

228 1645 309 1679 lgitttr
319 1651 382 1671 cum
398 1643 528 1670 Dominus
542 1643 576 1670 ad
590 1643 718 1676 quosdam
730 1642 847 1670 dixerit:
864 1650 874 1668 t
890 1643 919 1669 Si
932 1642 958 1670 fil

1068 1645 1122 1672 Τοῦ
1149 1645 1252 1680 Κυρίου
1269 1644 1359 1672 τοίνυν
1378 1644 1446 1680 πρός
1473 1652 1548 1675 τινας
1574 1644 1733 1678 εἰρηκότος·
1753 1653 1762 1670 t
1779 1637 1813 1670 Εί

192 1691 327 1717 Abraham
340 1690 507 1724 estis,opera
517 1688 653 1715 Abraham
667 1687 789 1720 facite",
810 1697 819 1714 ι
835 1689 978 1716 timeamus

194 1741 223 1763 et
238 1743 286 1762 uos
301 1736 374 1761 illum
391 1741 484 1761 vocem
501 1741 554 1761 non
572 1739 635 1761 tunc
655 1734 762 1767 quidem
778 1734 811 1761 ad
830 1740 879 1760 nos
893 1734 980 1768 prola-

193 1785 262 1813 tam,
279 1780 324 1807 sed
340 1779 366 1805 in
377 1779 524 1810 horrenda,
539 1778 609 1812 quod
623 1782 727 1805 avertat
742 1778 822 1810 Deus,
832 1778 874 1806 die
889 1786 983 1812 expro—

195 1825 334 1855 mendam.
345 1824 451 1859 quando
466 1824 554 1858 potius
570 1831 602 1850 ex
620 1822 808 1851 conformitate
817 1831 929 1857 operum
939 1823 982 1857 ju-

194 1871 331 1899 dicahitur
362 1871 561 1905 propinquitas,
582 1869 688 1904 quando
725 1877 829 1903 omnes,
853 1875 908 1897 tum
936 1870 982 1904 qui

195 1921 382 1951 paupertatem
395 1923 441 1943 seu
453 1916 548 1943 saltem
564 1923 695 1950 pauperes
710 1915 735 1942 iu
753 1915 861 1943 Christo
874 1922 983 1943 amave-

196 1963 261 1994 riut,
277 1967 334 1989 tum
353 1962 446 1996 gloria:
476 1967 690 1996 contemptores,
722 1966 778 1988 tum
801 1961 984 1995 temperantiae

197 2013 346 2037 amatores.
362 2014 457 2035 omnes
481 2007 598 2041 denique
626 2007 670 2040 qui
695 2006 851 2041 evangelica
871 2007 982 2033 Oracula

196 2060 250 2080 non
262 2052 415 2080 audiverint
430 2056 546 2084 tantum,
555 2052 601 2079 sed
613 2052 694 2079 etiam
707 2051 828 2082 fecerint,
838 2052 984 2078 secundum

196 2099 331 2126 orationis
347 2098 502 2126 communis
520 2097 607 2125 Patris
637 2098 716 2124 modo
745 2097 873 2131 singulari
902 2104 984 2124 unum

196 2151 290 2178 erunt;
303 2145 339 2171 ait
355 2145 444 2171 enim:
460 2153 469 2170 (
485 2143 522 2170 Da
538 2147 568 2171 ut
582 2150 677 2170 omnes
690 2150 772 2169 unum
790 2142 858 2176 sint,
875 2143 946 2170 sicut
960 2147 987 2170 et

200 2197 249 2217 nos
261 2198 343 2216 tinum
359 2198 453 2217 sutnus
461 2189 502 2222 “;
520 2198 529 2214 ι
546 2189 653 2222 quando
665 2187 837 2215 acutissimus
849 2190 923 2215 ensis
933 2187 986 2222 spi-

201 2235 271 2262 ritus
285 2234 422 2268 separabit
439 2234 574 2261 hominem
591 2241 605 2259 a
621 2238 708 2267 patre,
725 2233 806 2260 tiliam
821 2240 835 2260 a
854 2238 949 2266 matre,
962 2238 989 2260 ct

201 2280 305 2306 alienos
330 2279 408 2305 faciet
434 2279 553 2306 moribus
566 2279 752 2312 discrepantes
768 2286 775 2311 ;
792 2278 815 2305 si
838 2279 910 2305 enim
932 2279 987 2313 jam

204 2325 246 2351 his
261 2325 286 2350 iu
306 2324 388 2359 terris
403 2324 452 2350 ista
468 2324 544 2356 fiunt,
556 2311 663 2357 quanto?
673 2323 759 2358 magis
771 2323 807 2350 ibi
823 2323 868 2350 ubi
882 2311 989 2358 quiscit
1004 2311 1028 2341 ί)

203 2370 293 2396 omnia
308 2370 359 2396 sibi
374 2370 471 2396 virtute
487 2376 539 2395 non
555 2369 741 2396 couformatos
755 2369 866 2404 negabit
880 2369 988 2395 dicens:

206 2425 215 2441 t
234 2415 330 2442 Nescio
349 2423 404 2441 vos.
425 2423 434 2440 ι
455 2414 521 2442 Nam
537 2423 589 2442 nou
604 2415 752 2447 habent,ut
766 2415 881 2447 videtur,
897 2415 992 2448 imagi-

206 2470 266 2490 nem
287 2461 373 2488 Patris
391 2462 511 2488 cmlestts
526 2470 533 2488 :
551 2468 604 2488 non
621 2461 728 2488 fuerunt
748 2461 948 2493 misericordes,
965 2465 993 2487 ut

206 2507 288 2534 Pater
314 2507 477 2540 communis,
496 2507 565 2534 bona
593 2507 736 2542 egentibus
759 2506 913 2534 communia
940 2514 993 2533 nou

206 2554 337 2586 fecerunt,
347 2554 418 2580 sicut
428 2554 473 2580 ille
483 2561 576 2581 omnes
589 2554 718 2580 bonorum
726 2561 835 2580 suorutn
847 2553 992 2587 participes

206 2597 285 2629 fecit;
299 2597 428 2631 proximis
447 2604 499 2623 u0u
516 2597 624 2624 fuerunt
638 2597 761 2629 ofﬁciosi,
773 2604 820 2624 eos
828 2597 872 2630 qui
888 2604 903 2623 a
916 2597 994 2630 longe

207 2642 316 2669 stabunt
332 2643 497 2677 propinquos
514 2649 562 2676 per
577 2643 773 2669 humanitatem
789 2650 841 2669 non
858 2642 994 2673 fet-erunt.

208 2687 287 2720 cujus
300 2687 486 2721 discrepantia
496 2695 576 2715 causa
590 2687 706 2715 necillos
718 2688 769 2714 scit
781 2694 830 2714 nec
842 2687 868 2714 in
881 2686 992 2713 domum

208 2732 357 2760 introducit
385 2733 513 2767 optimus.
530 2733 605 2767 Quod
629 2733 651 2760 si
683 2733 734 2760 iste
758 2733 832 2765 talis,
847 2740 909 2759 cum
936 2733 995 2767 ipso

244 2825 267 2842 "
284 2824 332 2852 lsa.
348 2832 422 2859 Lrut,
437 2826 492 2854 5.8.
531 2826 554 2842 ”
569 2825 577 2852 Ι
598 2825 692 2853 Thess.
708 2832 744 2856 tv,
756 2824 783 2851 9.
821 2821 931 2849 "Joan.
945 2829 1003 2854 vui,
1019 2821 1062 2848 39.

1031 1691 1078 1718 τοῦ
1100 1691 1225 1726 Ἀῦραὰμ
1242 1688 1303 1726 ἦτε,
1321 1690 1354 1716 τὰ
1379 1689 1448 1725 ἔργα
1464 1688 1511 1715 τοῦ
1541 1688 1667 1723 Ἀϐραὰμ.
1693 1691 1814 1715 ἐποιεῖτε

1032 1737 1082 1764 ἄν·
1098 1747 1107 1763 ι
1127 1737 1290 1771 φοϐηθῶμεν
1303 1736 1350 1763 καὶ
1364 1736 1442 1762 αὐτοὶ
1465 1735 1510 1761 τὸν
1527 1735 1605 1770 λόγον
1631 1734 1736 1768 τοῦτον,
1763 1735 1814 1762 οὔκ

1033 1783 1152 1809 ἐνταῦθα
1180 1782 1231 1816 μὲν
1253 1780 1320 1816 πρὸς
1347 1781 1420 1816 ἡμᾶς
1445 1780 1600 1815 λεγόμενον,
1624 1779 1739 1806 ἀλλ’ὲπὶ
1765 1780 1815 1814 τῆς

1033 1830 1160 1864 φρικτῆς,
1177 1827 1192 1854 δ
1206 1827 1244 1863 μὴ
1268 1827 1383 1861 γένοιτο,
1399 1825 1586 1862 ῥηθησόμενον
1601 1825 1716 1861 ἡμέρας,
1733 1826 1815 1860 ἡνίκα

1035 1874 1136 1909 μᾶλλον
1161 1874 1214 1900 ἀπὸ
1238 1873 1290 1906 τῆς
1314 1872 1473 1908 ὁμοιότητος
1500 1871 1555 1899 τῶν
1578 1872 1781 1907 πεπραγμένων
1797 1872 1815 1905 ὴ

1035 1920 1180 1953 συγγένεια
1201 1919 1336 1953 κρίνεται,
1358 1918 1440 1952 ἡνίκα
1465 1917 1566 1949 πάντες
1581 1918 1605 1944 ot
1623 1917 1670 1952 τὴν
1695 1918 1724 1943 ὲν
1749 1916 1817 1951 Χρι-

1036 1965 1092 1999 στῷ
1110 1963 1259 1999 πτωχείαν,
1275 1963 1300 1989 ει
1320 1962 1343 1989 δ’
1358 1962 1404 1989 οὖν
1416 1962 1483 1989 ἀλλὰ
1507 1963 1569 1994 τοὺς
1598 1961 1721 1997 πτωχοὺς
1749 1961 1816 1995 γοῦν

1035 2008 1221 2044 ἠγαπηκότες,
1254 2008 1279 2034 οἱ
1308 2007 1514 2042 καταφρονηταὶ
1528 2007 1578 2042 τῆς
1604 2007 1692 2042 δόξης,
1716 2009 1741 2034 οί
1766 2007 1818 2041 τῆς

1035 2054 1199 2089 ἐγκρατείας
1214 2053 1338 2088 ἐρασταὶ,
1352 2054 1376 2079 ol
1386 2053 1441 2079 τῶν
1460 2052 1647 2086 εὐαγγελικῶν
1664 2052 1819 2088 θεσπισμά-

1036 2109 1089 2127 των
1111 2101 1161 2126 οὖκ
1188 2099 1321 2135 ἀκροαταὶ
1348 2098 1440 2133 μόνον,
1462 2097 1529 2124 ἀλλὰ.
1546 2098 1593 2124 καὶ
1610 2098 1731 2131 ποιηταὶ,
1746 2098 1819 2124 κατὰ

1037 2148 1085 2180 τὴν
1110 2145 1156 2172 τοῦ
1178 2144 1271 2171 κοινοῦ
1294 2143 1386 2179 χάριτι
1402 2144 1510 2179 Πατρδς
1528 2143 1611 2178 εὐχὴν
1624 2142 1771 2176 ὑπερφυῶς
1788 2144 1819 2170 ἓν

1037 2191 1158 2217 ἔσονται·
1183 2190 1253 2221 (Δὸς
1278 2189 1344 2224 γὰρ,
1366 2190 1459 2224 φησὶν,
1488 2189 1578 2220 αὐτοῖς
1604 2187 1647 2214 ῐνα
1668 2189 1769 2220 πάντες
1789 2189 1821 2216 ἓν

1037 2234 1099 2269 ὦσι,
1117 2236 1208 2266 καθὼς
1238 2236 1320 2270 ἡμεῖς
1346 2234 1375 2260 ἓν
1399 2235 1483 2268 ισμεν
1499 2242 1507 2250 ⁸
1521 2243 1530 2259 ι
1549 2234 1631 2269 ἡνίκα
1661 2235 1786 2270 φανερῶς
1801 2237 1817 2268 ἡ

1040 2282 1225 2317 κριτικωτάτη
1247 2282 1371 2316 μάχαιρα
1397 2279 1445 2306 τοῦ
1464 2280 1622 2315 Πνεύματος
1646 2279 1753 2314 διχάσει
1775 2280 1822 2307 ἆν-

1041 2328 1148 2362 ορωπον
1163 2327 1232 2353 κατὰ
1258 2326 1305 2352 τοῦ
1327 2326 1440 2360 πατρὸς,
1454 2326 1501 2352 καὶ
1524 2324 1662 2359 θυγατέρα
1685 2325 1757 2351 κατὰ
1773 2325 1821 2358 τῆς

1041 2372 1154 2406 μητρὸς,
1172 2372 1220 2397 καὶ
1237 2370 1394 2404 ἀλλοτρίους
1410 2371 1518 2404 ποιήσει
1531 2370 1596 2400 τοὺς
1605 2369 1750 2403 ἀνομοίους
1766 2371 1822 2400 τοῖς

1040 2417 1166 2452 τρόποις·
1183 2417 1206 2442 εί
1224 2417 1277 2450 γὰρ
1292 2415 1418 2444 ἐνταῦθα.
1436 2415 1512 2450 πόσῳ
1536 2414 1636 2449 μᾶλλον
1663 2415 1731 2447 ἐκεῖ,
1757 2415 1821 2441 ὅπου

1041 2464 1089 2489 καὶ
1115 2463 1129 2489 6
1156 2462 1245 2488 πάντα
1273 2461 1350 2492 εἰδὼς
1377 2461 1444 2495 πρὸς
1477 2461 1541 2492 τοὺς
1572 2460 1609 2495 μὴ
1635 2460 1695 2486 κατ’
1722 2460 1823 2496 ἀρετὴν

1042 2507 1246 2541 ὠμοιωμένους,
1259 2515 1268 2531 t
1282 2507 1337 2532 Οὐκ
1347 2504 1404 2532 οἶδα
1413 2507 1511 2541 Ouk,»
1525 2506 1716 2540 ἀποφαίνεται;
1724 2507 1761 2532 Οὺ
1771 2507 1824 2540 γὰρ

1044 2553 1210 2588 ἐχουσιν.ὡς
1227 2553 1310 2584 ἔοικε,
1328 2553 1378 2586 τὴν
1398 2552 1490 2578 εῑκόνα
1514 2552 1560 2578 τοῦ
1577 2551 1759 2587 ἐπουρανίου·
1775 2551 1825 2578 οὐκ

1044 2599 1169 2632 ἐγένοντο
1183 2598 1356 2632 οίκτίρμονες
1379 2597 1415 2628 ὡς
1430 2598 1443 2623 6
1463 2598 1551 2629 κοινὸς
1569 2597 1663 2632 Πατήρ
1676 2605 1682 2612 ·
1700 2597 1732 2622 οῦ
1750 2598 1826 2623 κοινά

1045 2645 1080 2670 τὰ
1092 2644 1156 2670 ὂντα
1171 2645 1228 2673 τοῖς
1241 2644 1377 2678 δεομένοις
1391 2644 1566 2678 ἐποιήσαντο,
1580 2643 1706 2678 καθάπερ
1721 2643 1825 2672 ἐκεῖνος

1046 2689 1102 2714 τῶν
1118 2688 1226 2714 οἰκείων
1243 2688 1355 2721 ἁγαοῶν
1371 2688 1474 2723 δωρεὰν
1491 2687 1643 2723 μετέδωκεν
1661 2688 1765 2714 ἅπασιν
1776 2695 1784 2702 ·
1795 2686 1825 2712 σὺ

1045 2736 1100 2765 τοῖς
1114 2734 1225 2768 πλησίον
1242 2734 1366 2767 ἐγένοντο
1386 2734 1509 2769 χρηστοὶ,
1525 2734 1554 2759 οῦ
1573 2734 1634 2764 τοὺς
1657 2733 1768 2768 μακρὰν
1782 2732 1826 2758 διὰ

1108 2821 1129 2836 ⁸⁵
1142 2821 1220 2849 .luau.
1235 2829 1301 2852 svtt,
1319 2820 1365 2849 ἓξ.
