  <div class='ocr_page' id='page_1' title='image "/cluster/home/n/w/nwhite01/storage/ocr_20150623/151/njp.32101077773198/105.png"; bbox 0 0 1882 3073; ppageno 0'>
   <div class='ocr_carea' id='block_1_1' title="bbox 209 107 263 138">
    <p class='ocr_par' dir='ltr' id='par_1_1' title="bbox 209 107 263 138">
     <span class='ocr_line' id='line_1_1' title="bbox 209 107 263 138; baseline 0 0"><span class='ocrx_word' id='word_1_1' title='bbox 209 107 263 138; x_wconf 73' lang='lat'><strong>15:)</strong></span> 
     </span>
    </p>
   </div>
   <div class='ocr_carea' id='block_1_2' title="bbox 841 111 1214 142">
    <p class='ocr_par' dir='ltr' id='par_1_2' title="bbox 841 111 1214 142">
     <span class='ocr_line' id='line_1_2' title="bbox 841 111 1214 142; baseline 0.008 -3"><span class='ocrx_word' id='word_1_2' title='bbox 841 111 1033 142; x_wconf 81' lang='lat' dir='ltr'><strong>GREGORH</strong></span> <span class='ocrx_word' id='word_1_3' title='bbox 1053 112 1214 142; x_wconf 72' lang='lat' dir='ltr'><strong>PALAM/E</strong></span> 
     </span>
    </p>
   </div>
   <div class='ocr_carea' id='block_1_3' title="bbox 1788 108 1832 140">
    <p class='ocr_par' dir='ltr' id='par_1_3' title="bbox 1788 108 1832 140">
     <span class='ocr_line' id='line_1_3' title="bbox 1788 108 1832 140; baseline 0 0"><span class='ocrx_word' id='word_1_4' title='bbox 1788 108 1832 140; x_wconf 77' lang='grc'><strong>156</strong></span> 
     </span>
    </p>
   </div>
   <div class='ocr_carea' id='block_1_4' title="bbox 210 162 982 204">
    <p class='ocr_par' dir='ltr' id='par_1_4' title="bbox 210 162 981 200">
     <span class='ocr_line' id='line_1_4' title="bbox 210 162 981 200; baseline 0.006 -11"><span class='ocrx_word' id='word_1_5' title='bbox 210 163 240 189; x_wconf 84' lang='lat' dir='ltr'><strong>ﬁt</strong></span> <span class='ocrx_word' id='word_1_6' title='bbox 257 162 362 196; x_wconf 78' lang='lat' dir='ltr'><strong>dignus.</strong></span> <span class='ocrx_word' id='word_1_7' title='bbox 383 163 446 190; x_wconf 85' lang='lat' dir='ltr'><strong>ldeo</strong></span> <span class='ocrx_word' id='word_1_8' title='bbox 463 171 572 190; x_wconf 84' lang='lat' dir='ltr'><strong>rursum</strong></span> <span class='ocrx_word' id='word_1_9' title='bbox 594 165 740 200; x_wconf 75' lang='lat' dir='ltr'><strong>Apostolus</strong></span> <span class='ocrx_word' id='word_1_10' title='bbox 767 174 816 193; x_wconf 83' lang='lat' dir='ltr'><strong>nus</strong></span> <span class='ocrx_word' id='word_1_11' title='bbox 833 167 957 194; x_wconf 85' lang='lat' dir='ltr'><strong>hortatur</strong></span> <span class='ocrx_word' id='word_1_12' title='bbox 971 176 981 194; x_wconf 80' lang='grc' dir='ltr'><strong>ι</strong></span> 
     </span>
    </p>
   </div>
   <div class='ocr_carea' id='block_1_5' title="bbox 1065 162 1832 204">
    <p class='ocr_par' dir='ltr' id='par_1_5' title="bbox 1065 165 1832 203">
     <span class='ocr_line' id='line_1_5' title="bbox 1065 165 1832 203; baseline -0.003 -9"><span class='ocrx_word' id='word_1_13' title='bbox 1065 168 1071 202; x_wconf 66' lang='grc' dir='ltr'>ὶ</span> <span class='ocrx_word' id='word_1_14' title='bbox 1089 168 1216 203; x_wconf 78' lang='grc' dir='ltr'>πονηρῶν</span> <span class='ocrx_word' id='word_1_15' title='bbox 1239 167 1308 202; x_wconf 74' lang='grc' dir='ltr'>αὕτη</span> <span class='ocrx_word' id='word_1_16' title='bbox 1326 167 1466 202; x_wconf 77' lang='grc' dir='ltr'><strong>λογισμῶν</strong></span> <span class='ocrx_word' id='word_1_17' title='bbox 1495 167 1578 202; x_wconf 84' lang='grc' dir='ltr'>γέμῃ,</span> <span class='ocrx_word' id='word_1_18' title='bbox 1604 165 1655 200; x_wconf 84' lang='grc' dir='ltr'>τῆς</span> <span class='ocrx_word' id='word_1_19' title='bbox 1672 165 1749 197; x_wconf 85' lang='grc' dir='ltr'>θείας</span> <span class='ocrx_word' id='word_1_20' title='bbox 1771 167 1832 193; x_wconf 83' lang='grc' dir='ltr'>ἀπο-</span> 
     </span>
    </p>
   </div>
   <div class='ocr_carea' id='block_1_6' title="bbox 209 209 997 246">
    <p class='ocr_par' dir='ltr' id='par_1_6' title="bbox 209 209 997 246">
     <span class='ocr_line' id='line_1_6' title="bbox 209 209 997 246; baseline 0.008 -12"><span class='ocrx_word' id='word_1_21' title='bbox 209 209 268 235; x_wconf 90' lang='lat' dir='ltr'><strong>sine</strong></span> <span class='ocrx_word' id='word_1_22' title='bbox 284 209 334 241; x_wconf 84' lang='lat' dir='ltr'><strong>ira,</strong></span> <span class='ocrx_word' id='word_1_23' title='bbox 355 209 414 235; x_wconf 84' lang='lat' dir='ltr'><strong>sine</strong></span> <span class='ocrx_word' id='word_1_24' title='bbox 432 209 501 236; x_wconf 77' lang='lat' dir='ltr'><strong>mala</strong></span> <span class='ocrx_word' id='word_1_25' title='bbox 533 209 711 238; x_wconf 81' lang='lat' dir='ltr'><strong>blaternlione</strong></span> <span class='ocrx_word' id='word_1_26' title='bbox 738 211 820 238; x_wconf 80' lang='lat' dir='ltr'><strong>Deum</strong></span> <span class='ocrx_word' id='word_1_27' title='bbox 844 220 997 246; x_wconf 84' lang='lat' dir='ltr'><strong>precemur.</strong></span> 
     </span>
    </p>
   </div>
   <div class='ocr_carea' id='block_1_7' title="bbox 209 254 999 291">
    <p class='ocr_par' dir='ltr' id='par_1_7' title="bbox 209 254 999 291">
     <span class='ocr_line' id='line_1_7' title="bbox 209 254 999 291; baseline 0.008 -11"><span class='ocrx_word' id='word_1_28' title='bbox 209 255 242 281; x_wconf 81' lang='lat' dir='ltr'><strong>Et</strong></span> <span class='ocrx_word' id='word_1_29' title='bbox 259 254 389 281; x_wconf 87' lang='lat' dir='ltr'><strong>Dominus</strong></span> <span class='ocrx_word' id='word_1_30' title='bbox 401 263 449 281; x_wconf 86' lang='lat' dir='ltr'><strong>nos</strong></span> <span class='ocrx_word' id='word_1_31' title='bbox 461 257 562 282; x_wconf 84' lang='lat' dir='ltr'><strong>docens</strong></span> <span class='ocrx_word' id='word_1_32' title='bbox 577 260 606 283; x_wconf 95' lang='lat' dir='ltr'><strong>ut</strong></span> <span class='ocrx_word' id='word_1_33' title='bbox 620 257 653 283; x_wconf 79' lang='lat' dir='ltr'><strong>ad</strong></span> <span class='ocrx_word' id='word_1_34' title='bbox 667 257 738 284; x_wconf 86' lang='lat' dir='ltr'><strong>illam</strong></span> <span class='ocrx_word' id='word_1_35' title='bbox 751 258 920 291; x_wconf 84' lang='lat' dir='ltr'><strong>spiritualem</strong></span> <span class='ocrx_word' id='word_1_36' title='bbox 936 267 999 286; x_wconf 84' lang='lat' dir='ltr'><strong>cor-</strong></span> 
     </span>
    </p>
   </div>
   <div class='ocr_carea' id='block_1_8' title="bbox 209 299 994 335">
    <p class='ocr_par' dir='ltr' id='par_1_8' title="bbox 209 299 994 335">
     <span class='ocr_line' id='line_1_8' title="bbox 209 299 994 335; baseline 0.006 -10"><span class='ocrx_word' id='word_1_37' title='bbox 209 299 251 326; x_wconf 65' lang='lat' dir='ltr'><strong>dis</strong></span> <span class='ocrx_word' id='word_1_38' title='bbox 269 299 505 326; x_wconf 86' lang='lat' dir='ltr'><strong>circumcisionem</strong></span> <span class='ocrx_word' id='word_1_39' title='bbox 521 305 578 327; x_wconf 91' lang='lat' dir='ltr'><strong>toto</strong></span> <span class='ocrx_word' id='word_1_40' title='bbox 596 301 687 328; x_wconf 89' lang='lat' dir='ltr'><strong>animo</strong></span> <span class='ocrx_word' id='word_1_41' title='bbox 709 302 910 335; x_wconf 84' lang='lat' dir='ltr'><strong>incumbamus,</strong></span> <span class='ocrx_word' id='word_1_42' title='bbox 928 303 994 330; x_wconf 79' lang='lat' dir='ltr'><strong>bea-</strong></span> 
     </span>
    </p>
   </div>
   <div class='ocr_carea' id='block_1_9' title="bbox 210 345 998 383">
    <p class='ocr_par' dir='ltr' id='par_1_9' title="bbox 210 345 998 383">
     <span class='ocr_line' id='line_1_9' title="bbox 210 345 998 383; baseline 0.008 -13"><span class='ocrx_word' id='word_1_43' title='bbox 210 350 249 371; x_wconf 88' lang='lat' dir='ltr'><strong>tos</strong></span> <span class='ocrx_word' id='word_1_44' title='bbox 263 345 391 378; x_wconf 69' lang='lat' dir='ltr'><strong>prmdicat</strong></span> <span class='ocrx_word' id='word_1_45' title='bbox 402 346 515 373; x_wconf 90' lang='lat' dir='ltr'><strong>mundos</strong></span> <span class='ocrx_word' id='word_1_46' title='bbox 525 346 617 379; x_wconf 69' lang='lat' dir='ltr'><strong>cordo,</strong></span> <span class='ocrx_word' id='word_1_47' title='bbox 627 351 654 374; x_wconf 86' lang='lat' dir='ltr'><strong>et</strong></span> <span class='ocrx_word' id='word_1_48' title='bbox 670 355 805 382; x_wconf 76' lang='lat' dir='ltr'><strong>pauperes</strong></span> <span class='ocrx_word' id='word_1_49' title='bbox 819 348 914 383; x_wconf 85' lang='lat' dir='ltr'><strong>spiritu</strong></span> <span class='ocrx_word' id='word_1_50' title='bbox 926 357 934 381; x_wconf 87' lang='lat'>;</span> <span class='ocrx_word' id='word_1_51' title='bbox 948 357 998 376; x_wconf 91' lang='lat' dir='ltr'><strong>cu-</strong></span> 
     </span>
    </p>
   </div>
   <div class='ocr_carea' id='block_1_10' title="bbox 206 389 1000 428">
    <p class='ocr_par' dir='ltr' id='par_1_10' title="bbox 206 389 1000 428">
     <span class='ocr_line' id='line_1_10' title="bbox 206 389 1000 428; baseline 0.008 -13"><span class='ocrx_word' id='word_1_52' title='bbox 206 389 251 422; x_wconf 80' lang='lat' dir='ltr'><strong>jus</strong></span> <span class='ocrx_word' id='word_1_53' title='bbox 268 390 408 416; x_wconf 70' lang='lat' dir='ltr'><strong>munditia:</strong></span> <span class='ocrx_word' id='word_1_54' title='bbox 423 391 576 418; x_wconf 78' lang='lat' dir='ltr'><strong>mercedem</strong></span> <span class='ocrx_word' id='word_1_55' title='bbox 592 392 638 418; x_wconf 89' lang='lat' dir='ltr'><strong>Dei</strong></span> <span class='ocrx_word' id='word_1_56' title='bbox 663 394 922 427; x_wconf 80' lang='lat' dir='ltr'><strong>contemplationem</strong></span> <span class='ocrx_word' id='word_1_57' title='bbox 938 402 1000 428; x_wconf 90' lang='lat' dir='ltr'><strong>pro-</strong></span> 
     </span>
    </p>
   </div>
   <div class='ocr_carea' id='block_1_11' title="bbox 209 437 998 475">
    <p class='ocr_par' dir='ltr' id='par_1_11' title="bbox 209 437 998 475">
     <span class='ocr_line' id='line_1_11' title="bbox 209 437 998 475; baseline 0.009 -14"><span class='ocrx_word' id='word_1_58' title='bbox 209 437 301 468; x_wconf 79' lang='lat' dir='ltr'><strong>mittit,</strong></span> <span class='ocrx_word' id='word_1_59' title='bbox 322 437 491 471; x_wconf 83' lang='lat' dir='ltr'><strong>paupertatis</strong></span> <span class='ocrx_word' id='word_1_60' title='bbox 508 445 573 466; x_wconf 81' lang='lat' dir='ltr'><strong>vero</strong></span> <span class='ocrx_word' id='word_1_61' title='bbox 592 439 710 472; x_wconf 92' lang='lat' dir='ltr'><strong>pretium</strong></span> <span class='ocrx_word' id='word_1_62' title='bbox 733 447 844 475; x_wconf 73' lang='lat' dir='ltr'><strong>regnum</strong></span> <span class='ocrx_word' id='word_1_63' title='bbox 864 441 998 468; x_wconf 74' lang='lat' dir='ltr'><strong>ctelorum</strong></span> 
     </span>
    </p>
   </div>
   <div class='ocr_carea' id='block_1_12' title="bbox 207 481 998 519">
    <p class='ocr_par' dir='ltr' id='par_1_12' title="bbox 207 481 998 519">
     <span class='ocr_line' id='line_1_12' title="bbox 207 481 998 519; baseline 0.009 -13"><span class='ocrx_word' id='word_1_64' title='bbox 207 482 363 508; x_wconf 75' lang='lat' dir='ltr'><strong>annuntiat.</strong></span> <span class='ocrx_word' id='word_1_65' title='bbox 383 481 523 516; x_wconf 81' lang='lat' dir='ltr'><strong>Pauperes</strong></span> <span class='ocrx_word' id='word_1_66' title='bbox 543 483 612 510; x_wconf 78' lang='lat' dir='ltr'><strong>dixit</strong></span> <span class='ocrx_word' id='word_1_67' title='bbox 625 485 670 518; x_wconf 85' lang='lat' dir='ltr'><strong>qui</strong></span> <span class='ocrx_word' id='word_1_68' title='bbox 685 485 777 519; x_wconf 87' lang='lat' dir='ltr'><strong>inopia</strong></span> <span class='ocrx_word' id='word_1_69' title='bbox 792 489 819 512; x_wconf 88' lang='lat' dir='ltr'><strong>et</strong></span> <span class='ocrx_word' id='word_1_70' title='bbox 835 486 998 513; x_wconf 69' lang='lat' dir='ltr'><strong>necessitate</strong></span> 
     </span>
    </p>
   </div>
   <div class='ocr_carea' id='block_1_13' title="bbox 208 528 999 566">
    <p class='ocr_par' dir='ltr' id='par_1_13' title="bbox 208 528 999 566">
     <span class='ocr_line' id='line_1_13' title="bbox 208 528 999 566; baseline 0.008 -14"><span class='ocrx_word' id='word_1_71' title='bbox 208 532 375 560; x_wconf 86' lang='lat' dir='ltr'><strong>premuntur.</strong></span> <span class='ocrx_word' id='word_1_72' title='bbox 394 528 468 561; x_wconf 83' lang='lat' dir='ltr'><strong>Quos</strong></span> <span class='ocrx_word' id='word_1_73' title='bbox 485 536 537 556; x_wconf 91' lang='lat' dir='ltr'><strong>non</strong></span> <span class='ocrx_word' id='word_1_74' title='bbox 553 537 649 557; x_wconf 76' lang='lat' dir='ltr'><strong>omnes</strong></span> <span class='ocrx_word' id='word_1_75' title='bbox 666 530 761 558; x_wconf 82' lang='lat' dir='ltr'><strong>beatos</strong></span> <span class='ocrx_word' id='word_1_76' title='bbox 776 530 852 563; x_wconf 88' lang='lat' dir='ltr'><strong>dicit,</strong></span> <span class='ocrx_word' id='word_1_77' title='bbox 870 532 917 559; x_wconf 87' lang='lat' dir='ltr'><strong>sed</strong></span> <span class='ocrx_word' id='word_1_78' title='bbox 933 539 999 566; x_wconf 84' lang='lat' dir='ltr'><strong>pau-</strong></span> 
     </span>
    </p>
   </div>
   <div class='ocr_carea' id='block_1_14' title="bbox 208 574 998 612">
    <p class='ocr_par' dir='ltr' id='par_1_14' title="bbox 208 574 998 612">
     <span class='ocr_line' id='line_1_14' title="bbox 208 574 998 612; baseline 0.01 -15"><span class='ocrx_word' id='word_1_79' title='bbox 208 580 284 605; x_wconf 74' lang='lat' dir='ltr'><strong>peres</strong></span> <span class='ocrx_word' id='word_1_80' title='bbox 303 574 412 608; x_wconf 89' lang='lat' dir='ltr'><strong>spiritu,</strong></span> <span class='ocrx_word' id='word_1_81' title='bbox 435 575 460 602; x_wconf 87' lang='lat' dir='ltr'><strong>id</strong></span> <span class='ocrx_word' id='word_1_82' title='bbox 475 580 517 602; x_wconf 85' lang='lat' dir='ltr'><strong>est</strong></span> <span class='ocrx_word' id='word_1_83' title='bbox 529 576 576 610; x_wconf 90' lang='lat' dir='ltr'><strong>qui</strong></span> <span class='ocrx_word' id='word_1_84' title='bbox 592 581 704 604; x_wconf 77' lang='lat' dir='ltr'><strong>externa</strong></span> <span class='ocrx_word' id='word_1_85' title='bbox 719 577 790 604; x_wconf 80' lang='lat' dir='ltr'><strong>bona</strong></span> <span class='ocrx_word' id='word_1_86' title='bbox 804 577 840 604; x_wconf 90' lang='lat' dir='ltr'><strong>ita</strong></span> <span class='ocrx_word' id='word_1_87' title='bbox 857 578 998 612; x_wconf 89' lang='lat' dir='ltr'><strong>perinter-</strong></span> 
     </span>
    </p>
   </div>
   <div class='ocr_carea' id='block_1_15' title="bbox 207 619 997 651">
    <p class='ocr_par' dir='ltr' id='par_1_15' title="bbox 207 619 997 651">
     <span class='ocr_line' id='line_1_15' title="bbox 207 619 997 651; baseline 0.01 -8"><span class='ocrx_word' id='word_1_88' title='bbox 207 625 269 644; x_wconf 76' lang='lat' dir='ltr'><strong>nam</strong></span> <span class='ocrx_word' id='word_1_89' title='bbox 283 619 372 646; x_wconf 85' lang='lat' dir='ltr'><strong>cordis</strong></span> <span class='ocrx_word' id='word_1_90' title='bbox 386 619 567 648; x_wconf 81' lang='lat' dir='ltr'><strong>humilitatem</strong></span> <span class='ocrx_word' id='word_1_91' title='bbox 582 626 609 649; x_wconf 88' lang='lat' dir='ltr'><strong>et</strong></span> <span class='ocrx_word' id='word_1_92' title='bbox 625 627 727 649; x_wconf 87' lang='lat' dir='ltr'><strong>rectam</strong></span> <span class='ocrx_word' id='word_1_93' title='bbox 743 623 925 650; x_wconf 82' lang='lat' dir='ltr'><strong>intentionem</strong></span> <span class='ocrx_word' id='word_1_94' title='bbox 939 623 997 651; x_wconf 51' lang='lat' dir='ltr'><strong>dis’</strong></span> 
     </span>
    </p>
   </div>
   <div class='ocr_carea' id='block_1_16' title="bbox 207 664 997 703">
    <p class='ocr_par' dir='ltr' id='par_1_16' title="bbox 207 664 997 703">
     <span class='ocr_line' id='line_1_16' title="bbox 207 664 997 703; baseline 0.01 -15"><span class='ocrx_word' id='word_1_95' title='bbox 207 668 321 697; x_wconf 81' lang='lat' dir='ltr'><strong>ponunt.</strong></span> <span class='ocrx_word' id='word_1_96' title='bbox 337 664 394 692; x_wconf 84' lang='lat' dir='ltr'><strong>Non</strong></span> <span class='ocrx_word' id='word_1_97' title='bbox 414 668 516 694; x_wconf 70' lang='lat' dir='ltr'><strong>caedem</strong></span> <span class='ocrx_word' id='word_1_98' title='bbox 532 667 616 694; x_wconf 80' lang='lat' dir='ltr'><strong>solani</strong></span> <span class='ocrx_word' id='word_1_99' title='bbox 635 673 663 694; x_wconf 85' lang='lat' dir='ltr'><strong>et</strong></span> <span class='ocrx_word' id='word_1_100' title='bbox 677 668 745 695; x_wconf 83' lang='lat' dir='ltr'><strong>iram</strong></span> <span class='ocrx_word' id='word_1_101' title='bbox 765 668 901 702; x_wconf 84' lang='lat' dir='ltr'><strong>prohibet,</strong></span> <span class='ocrx_word' id='word_1_102' title='bbox 921 668 997 703; x_wconf 81' lang='lat' dir='ltr'><strong>jubet</strong></span> 
     </span>
    </p>
   </div>
   <div class='ocr_carea' id='block_1_17' title="bbox 206 708 996 741">
    <p class='ocr_par' dir='ltr' id='par_1_17' title="bbox 206 708 996 741">
     <span class='ocr_line' id='line_1_17' title="bbox 206 708 996 741; baseline 0.01 -9"><span class='ocrx_word' id='word_1_103' title='bbox 206 716 255 734; x_wconf 77' lang='lat' dir='ltr'><strong>nus</strong></span> <span class='ocrx_word' id='word_1_104' title='bbox 268 708 407 736; x_wconf 80' lang='lat' dir='ltr'><strong>dimittere</strong></span> <span class='ocrx_word' id='word_1_105' title='bbox 422 715 449 737; x_wconf 87' lang='lat' dir='ltr'><strong>et</strong></span> <span class='ocrx_word' id='word_1_106' title='bbox 466 714 523 737; x_wconf 86' lang='lat' dir='ltr'><strong>toto</strong></span> <span class='ocrx_word' id='word_1_107' title='bbox 539 712 622 738; x_wconf 84' lang='lat' dir='ltr'><strong>corde</strong></span> <span class='ocrx_word' id='word_1_108' title='bbox 638 719 686 739; x_wconf 87' lang='lat' dir='ltr'><strong>nos</strong></span> <span class='ocrx_word' id='word_1_109' title='bbox 704 712 904 740; x_wconf 73' lang='lat' dir='ltr'><strong>oﬂ‘endeutibus</strong></span> <span class='ocrx_word' id='word_1_110' title='bbox 918 721 967 740; x_wconf 89' lang='lat' dir='ltr'><strong>nec</strong></span> <span class='ocrx_word' id='word_1_111' title='bbox 981 721 996 741; x_wconf 89' lang='lat' dir='ltr'><strong>a</strong></span> 
     </span>
    </p>
   </div>
   <div class='ocr_carea' id='block_1_18' title="bbox 205 755 997 791">
    <p class='ocr_par' dir='ltr' id='par_1_18' title="bbox 205 755 997 791">
     <span class='ocr_line' id='line_1_18' title="bbox 205 755 997 791; baseline 0.01 -11"><span class='ocrx_word' id='word_1_112' title='bbox 205 755 283 782; x_wconf 85' lang='lat' dir='ltr'><strong>nobis</strong></span> <span class='ocrx_word' id='word_1_113' title='bbox 301 755 420 783; x_wconf 87' lang='lat' dir='ltr'><strong>oblatum</strong></span> <span class='ocrx_word' id='word_1_114' title='bbox 441 757 539 791; x_wconf 84' lang='lat' dir='ltr'><strong>accipit</strong></span> <span class='ocrx_word' id='word_1_115' title='bbox 562 758 676 790; x_wconf 86' lang='lat' dir='ltr'><strong>donum,</strong></span> <span class='ocrx_word' id='word_1_116' title='bbox 694 758 747 786; x_wconf 82' lang='lat' dir='ltr'><strong>nisi</strong></span> <span class='ocrx_word' id='word_1_117' title='bbox 764 765 845 787; x_wconf 84' lang='lat' dir='ltr'><strong>antea</strong></span> <span class='ocrx_word' id='word_1_118' title='bbox 874 760 997 788; x_wconf 83' lang='lat' dir='ltr'><strong>reconci-</strong></span> 
     </span>
    </p>
   </div>
   <div class='ocr_carea' id='block_1_19' title="bbox 204 797 840 836">
    <p class='ocr_par' dir='ltr' id='par_1_19' title="bbox 204 797 840 836">
     <span class='ocr_line' id='line_1_19' title="bbox 204 797 840 836; baseline 0.013 -11"><span class='ocrx_word' id='word_1_119' title='bbox 204 797 301 826; x_wconf 88' lang='lat' dir='ltr'><strong>liemur</strong></span> <span class='ocrx_word' id='word_1_120' title='bbox 321 800 443 836; x_wconf 79' lang='lat' dir='ltr'><strong>iramque</strong></span> <span class='ocrx_word' id='word_1_121' title='bbox 463 802 643 836; x_wconf 80' lang='lat' dir='ltr'><strong>deponantus.</strong></span> <span class='ocrx_word' id='word_1_122' title='bbox 838 803 840 806; x_wconf 75' lang='grc'><em>’</em></span> 
     </span>
    </p>
   </div>
   <div class='ocr_carea' id='block_1_20' title="bbox 205 847 1825 890">
    <p class='ocr_par' dir='ltr' id='par_1_20' title="bbox 205 847 1825 890">
     <span class='ocr_line' id='line_1_20' title="bbox 205 847 1825 890; baseline 0.004 -17"><span class='ocrx_word' id='word_1_123' title='bbox 205 847 297 880; x_wconf 69' lang='grc' dir='ltr'>μῦνον,</span> <span class='ocrx_word' id='word_1_124' title='bbox 315 848 384 875; x_wconf 80' lang='grc' dir='ltr'>ἀλλὰ</span> <span class='ocrx_word' id='word_1_125' title='bbox 400 849 447 875; x_wconf 80' lang='grc' dir='ltr'>καὶ</span> <span class='ocrx_word' id='word_1_126' title='bbox 473 850 523 884; x_wconf 80' lang='grc' dir='ltr'>τὴν</span> <span class='ocrx_word' id='word_1_127' title='bbox 545 850 642 886; x_wconf 81' lang='grc' dir='ltr'>ὀργὴν,</span> <span class='ocrx_word' id='word_1_128' title='bbox 670 853 717 879; x_wconf 80' lang='grc' dir='ltr'>καὶ</span> <span class='ocrx_word' id='word_1_129' title='bbox 748 853 859 887; x_wconf 77' lang='grc' dir='ltr'><strong>ἀφιέναι</strong></span> <span class='ocrx_word' id='word_1_130' title='bbox 882 855 939 886; x_wconf 80' lang='grc' dir='ltr'>τοῖς</span> <span class='ocrx_word' id='word_1_131' title='bbox 955 855 994 887; x_wconf 85' lang='grc' dir='ltr'><strong>είς</strong></span> <span class='ocrx_word' id='word_1_132' title='bbox 1015 855 1088 890; x_wconf 80' lang='grc' dir='ltr'>ἡμᾶς</span> <span class='ocrx_word' id='word_1_133' title='bbox 1113 856 1257 882; x_wconf 74' lang='grc' dir='ltr'><strong>πταίουσιν</strong></span> <span class='ocrx_word' id='word_1_134' title='bbox 1272 856 1326 883; x_wconf 81' lang='grc' dir='ltr'><strong>ἀπὸ</strong></span> <span class='ocrx_word' id='word_1_135' title='bbox 1358 856 1413 882; x_wconf 83' lang='grc' dir='ltr'><strong>τῶν</strong></span> <span class='ocrx_word' id='word_1_136' title='bbox 1436 855 1556 890; x_wconf 78' lang='grc' dir='ltr'>καρδιῶν</span> <span class='ocrx_word' id='word_1_137' title='bbox 1591 855 1770 889; x_wconf 75' lang='grc' dir='ltr'><strong>προστάττει,</strong></span> <span class='ocrx_word' id='word_1_138' title='bbox 1792 863 1825 880; x_wconf 75' lang='grc' dir='ltr'><strong>κα</strong></span> 
     </span>
    </p>
   </div>
   <div class='ocr_carea' id='block_1_21' title="bbox 1053 213 1832 248">
    <p class='ocr_par' dir='ltr' id='par_1_21' title="bbox 1053 213 1832 248">
     <span class='ocr_line' id='line_1_21' title="bbox 1053 213 1832 248; baseline -0.003 -8"><span class='ocrx_word' id='word_1_139' title='bbox 1053 214 1175 248; x_wconf 81' lang='grc' dir='ltr'><strong>στροφῆς</strong></span> <span class='ocrx_word' id='word_1_140' title='bbox 1191 214 1264 246; x_wconf 70' lang='grc' dir='ltr'>ἄξιος</span> <span class='ocrx_word' id='word_1_141' title='bbox 1278 215 1291 240; x_wconf 84' lang='grc' dir='ltr'>ὁ</span> <span class='ocrx_word' id='word_1_142' title='bbox 1305 214 1450 248; x_wconf 75' lang='grc' dir='ltr'>ἄνθρωπος</span> <span class='ocrx_word' id='word_1_143' title='bbox 1476 213 1580 247; x_wconf 86' lang='grc' dir='ltr'>γίνεται</span> <span class='ocrx_word' id='word_1_144' title='bbox 1597 213 1713 243; x_wconf 79' lang='grc' dir='ltr'>ἐκεῖνος.</span> <span class='ocrx_word' id='word_1_145' title='bbox 1728 213 1772 238; x_wconf 78' lang='grc' dir='ltr'><strong>Διὸ</strong></span> <span class='ocrx_word' id='word_1_146' title='bbox 1791 213 1832 238; x_wconf 84' lang='grc' dir='ltr'>καὶ</span> 
     </span>
    </p>
   </div>
   <div class='ocr_carea' id='block_1_22' title="bbox 1051 258 1832 294">
    <p class='ocr_par' dir='ltr' id='par_1_22' title="bbox 1051 258 1832 294">
     <span class='ocr_line' id='line_1_22' title="bbox 1051 258 1832 294; baseline -0.001 -9"><span class='ocrx_word' id='word_1_147' title='bbox 1051 259 1134 286; x_wconf 75' lang='grc' dir='ltr'>πάλιν</span> <span class='ocrx_word' id='word_1_148' title='bbox 1148 261 1162 286; x_wconf 83' lang='grc' dir='ltr'><strong><em>ὁ</em></strong></span> <span class='ocrx_word' id='word_1_149' title='bbox 1186 260 1346 290; x_wconf 79' lang='grc' dir='ltr'>’Ᾱπόστολος</span> <span class='ocrx_word' id='word_1_150' title='bbox 1364 260 1493 294; x_wconf 82' lang='grc' dir='ltr'>παραινεῖ</span> <span class='ocrx_word' id='word_1_151' title='bbox 1507 259 1592 294; x_wconf 77' lang='grc' dir='ltr'>χωρὶς</span> <span class='ocrx_word' id='word_1_152' title='bbox 1607 258 1694 293; x_wconf 77' lang='grc' dir='ltr'>ὀργῆς</span> <span class='ocrx_word' id='word_1_153' title='bbox 1713 259 1760 285; x_wconf 69' lang='grc' dir='ltr'><strong>καὶ</strong></span> <span class='ocrx_word' id='word_1_154' title='bbox 1782 259 1832 284; x_wconf 70' lang='grc' dir='ltr'>δια-</span> 
     </span>
    </p>
   </div>
   <div class='ocr_carea' id='block_1_23' title="bbox 1051 303 1831 339">
    <p class='ocr_par' dir='ltr' id='par_1_23' title="bbox 1051 303 1831 339">
     <span class='ocr_line' id='line_1_23' title="bbox 1051 303 1831 339; baseline -0.004 -8"><span class='ocrx_word' id='word_1_155' title='bbox 1051 304 1190 339; x_wconf 79' lang='grc' dir='ltr'><strong>λογισμῶν</strong></span> <span class='ocrx_word' id='word_1_156' title='bbox 1203 305 1276 339; x_wconf 83' lang='grc' dir='ltr'><strong>ήμᾶς</strong></span> <span class='ocrx_word' id='word_1_157' title='bbox 1293 305 1431 331; x_wconf 85' lang='grc' dir='ltr'>ποιεῖσθαι</span> <span class='ocrx_word' id='word_1_158' title='bbox 1446 304 1493 335; x_wconf 69' lang='grc' dir='ltr'><strong>τὰς</strong></span> <span class='ocrx_word' id='word_1_159' title='bbox 1511 304 1602 338; x_wconf 81' lang='grc' dir='ltr'>εὐχάς.</span> <span class='ocrx_word' id='word_1_160' title='bbox 1627 303 1794 335; x_wconf 77' lang='grc' dir='ltr'>Σπουδάξειν</span> <span class='ocrx_word' id='word_1_161' title='bbox 1808 303 1831 329; x_wconf 70' lang='grc' dir='ltr'>δὲ</span> 
     </span>
    </p>
   </div>
   <div class='ocr_carea' id='block_1_24' title="bbox 1050 349 1833 385">
    <p class='ocr_par' dir='ltr' id='par_1_24' title="bbox 1050 349 1833 385">
     <span class='ocr_line' id='line_1_24' title="bbox 1050 349 1833 385; baseline -0.004 -9"><span class='ocrx_word' id='word_1_162' title='bbox 1050 350 1123 385; x_wconf 62' lang='lat' dir='ltr'><strong>qna,</strong></span> <span class='ocrx_word' id='word_1_163' title='bbox 1138 352 1152 376; x_wconf 86' lang='grc' dir='ltr'><strong>ὀ</strong></span> <span class='ocrx_word' id='word_1_164' title='bbox 1167 350 1270 384; x_wconf 73' lang='grc' dir='ltr'>Κύριος</span> <span class='ocrx_word' id='word_1_165' title='bbox 1282 350 1417 376; x_wconf 77' lang='grc' dir='ltr'><strong>διδάσκων</strong></span> <span class='ocrx_word' id='word_1_166' title='bbox 1433 350 1472 381; x_wconf 81' lang='grc' dir='ltr'>εἰς</span> <span class='ocrx_word' id='word_1_167' title='bbox 1481 349 1586 385; x_wconf 74' lang='grc' dir='ltr'>6⁷τὴν</span> <span class='ocrx_word' id='word_1_168' title='bbox 1596 350 1623 375; x_wconf 86' lang='grc' dir='ltr'>ἐν</span> <span class='ocrx_word' id='word_1_169' title='bbox 1636 349 1775 382; x_wconf 75' lang='grc' dir='ltr'>πνεύματι</span> <span class='ocrx_word' id='word_1_170' title='bbox 1791 349 1833 381; x_wconf 69' lang='grc' dir='ltr'>τῆς</span> 
     </span>
    </p>
   </div>
   <div class='ocr_carea' id='block_1_25' title="bbox 1050 395 1832 432">
    <p class='ocr_par' dir='ltr' id='par_1_25' title="bbox 1050 395 1832 432">
     <span class='ocr_line' id='line_1_25' title="bbox 1050 395 1832 432; baseline -0.003 -10"><span class='ocrx_word' id='word_1_171' title='bbox 1050 396 1163 430; x_wconf 83' lang='grc' dir='ltr'>καρδίας</span> <span class='ocrx_word' id='word_1_172' title='bbox 1180 396 1347 431; x_wconf 82' lang='grc' dir='ltr'>περιτομὴν,</span> <span class='ocrx_word' id='word_1_173' title='bbox 1368 396 1515 432; x_wconf 77' lang='grc' dir='ltr'>μακαρίζει</span> <span class='ocrx_word' id='word_1_174' title='bbox 1542 396 1592 430; x_wconf 81' lang='grc' dir='ltr'>μὲν</span> <span class='ocrx_word' id='word_1_175' title='bbox 1617 396 1680 426; x_wconf 82' lang='grc' dir='ltr'>τοὺς</span> <span class='ocrx_word' id='word_1_176' title='bbox 1699 395 1832 428; x_wconf 70' lang='grc' dir='ltr'>καθαροὺς</span> 
     </span>
    </p>
   </div>
   <div class='ocr_carea' id='block_1_26' title="bbox 1049 441 1832 475">
    <p class='ocr_par' dir='ltr' id='par_1_26' title="bbox 1049 441 1832 475">
     <span class='ocr_line' id='line_1_26' title="bbox 1049 441 1832 475; baseline -0.001 -9"><span class='ocrx_word' id='word_1_177' title='bbox 1049 442 1083 475; x_wconf 85' lang='grc' dir='ltr'>τῇ</span> <span class='ocrx_word' id='word_1_178' title='bbox 1100 441 1213 475; x_wconf 79' lang='grc' dir='ltr'><strong>καρδίᾳ,</strong></span> <span class='ocrx_word' id='word_1_179' title='bbox 1232 441 1278 467; x_wconf 87' lang='grc' dir='ltr'>καὶ</span> <span class='ocrx_word' id='word_1_180' title='bbox 1296 442 1358 473; x_wconf 84' lang='grc' dir='ltr'>τοὺς</span> <span class='ocrx_word' id='word_1_181' title='bbox 1384 441 1512 475; x_wconf 80' lang='grc' dir='ltr'>πτωχοὺς</span> <span class='ocrx_word' id='word_1_182' title='bbox 1540 441 1580 475; x_wconf 79' lang='grc' dir='ltr'>τῷ</span> <span class='ocrx_word' id='word_1_183' title='bbox 1608 441 1756 474; x_wconf 78' lang='grc' dir='ltr'>πνεύματι.</span> <span class='ocrx_word' id='word_1_184' title='bbox 1785 441 1832 466; x_wconf 71' lang='lat' dir='ltr'><strong>Kz‘:</strong></span> 
     </span>
    </p>
   </div>
   <div class='ocr_carea' id='block_1_27' title="bbox 1049 485 1832 522">
    <p class='ocr_par' dir='ltr' id='par_1_27' title="bbox 1049 485 1832 522">
     <span class='ocr_line' id='line_1_27' title="bbox 1049 485 1832 522; baseline -0.004 -9"><span class='ocrx_word' id='word_1_185' title='bbox 1049 487 1101 521; x_wconf 78' lang='grc' dir='ltr'>τῆς</span> <span class='ocrx_word' id='word_1_186' title='bbox 1120 486 1170 520; x_wconf 75' lang='grc' dir='ltr'>μὲν</span> <span class='ocrx_word' id='word_1_187' title='bbox 1188 486 1376 522; x_wconf 85' lang='grc' dir='ltr'>καθαρότητος</span> <span class='ocrx_word' id='word_1_188' title='bbox 1389 487 1492 520; x_wconf 82' lang='grc' dir='ltr'><strong>ταύτης</strong></span> <span class='ocrx_word' id='word_1_189' title='bbox 1507 486 1556 520; x_wconf 86' lang='grc' dir='ltr'>τὴν</span> <span class='ocrx_word' id='word_1_190' title='bbox 1576 486 1706 512; x_wconf 84' lang='grc' dir='ltr'>θεοπτίαν</span> <span class='ocrx_word' id='word_1_191' title='bbox 1720 485 1832 511; x_wconf 65' lang='grc' dir='ltr'>ἔπαθλον</span> 
     </span>
    </p>
   </div>
   <div class='ocr_carea' id='block_1_28' title="bbox 1048 530 1832 567">
    <p class='ocr_par' dir='ltr' id='par_1_28' title="bbox 1048 530 1832 567">
     <span class='ocr_line' id='line_1_28' title="bbox 1048 530 1832 567; baseline -0.003 -10"><span class='ocrx_word' id='word_1_192' title='bbox 1048 530 1120 558; x_wconf 86' lang='grc' dir='ltr'>εἶναι</span> <span class='ocrx_word' id='word_1_193' title='bbox 1135 532 1312 564; x_wconf 83' lang='grc' dir='ltr'>διατείνεται,</span> <span class='ocrx_word' id='word_1_194' title='bbox 1330 533 1387 563; x_wconf 82' lang='grc' dir='ltr'>τοῖς</span> <span class='ocrx_word' id='word_1_195' title='bbox 1401 531 1430 559; x_wconf 78' lang='grc' dir='ltr'>δὲ</span> <span class='ocrx_word' id='word_1_196' title='bbox 1445 533 1564 567; x_wconf 80' lang='grc' dir='ltr'>πτωχοῖς</span> <span class='ocrx_word' id='word_1_197' title='bbox 1579 531 1628 565; x_wconf 83' lang='grc' dir='ltr'>τὴν</span> <span class='ocrx_word' id='word_1_198' title='bbox 1644 531 1699 557; x_wconf 90' lang='grc' dir='ltr'><strong>τῶν</strong></span> <span class='ocrx_word' id='word_1_199' title='bbox 1714 530 1832 564; x_wconf 72' lang='grc' dir='ltr'>οὐρανῶν</span> 
     </span>
    </p>
   </div>
   <div class='ocr_carea' id='block_1_29' title="bbox 1049 575 1832 612">
    <p class='ocr_par' dir='ltr' id='par_1_29' title="bbox 1049 575 1832 612">
     <span class='ocr_line' id='line_1_29' title="bbox 1049 575 1832 612; baseline -0.004 -10"><span class='ocrx_word' id='word_1_200' title='bbox 1049 576 1188 610; x_wconf 84' lang='grc' dir='ltr'>βασιλείαν</span> <span class='ocrx_word' id='word_1_201' title='bbox 1205 577 1406 612; x_wconf 68' lang='grc' dir='ltr'>ἐπαγγέλλεται</span> <span class='ocrx_word' id='word_1_202' title='bbox 1422 585 1429 592; x_wconf 95' lang='grc'><strong>·</strong></span> <span class='ocrx_word' id='word_1_203' title='bbox 1446 576 1574 611; x_wconf 76' lang='grc' dir='ltr'>πτωχοὺς</span> <span class='ocrx_word' id='word_1_204' title='bbox 1588 576 1617 602; x_wconf 80' lang='grc' dir='ltr'>δέ</span> <span class='ocrx_word' id='word_1_205' title='bbox 1638 584 1706 610; x_wconf 85' lang='grc' dir='ltr'>φησι</span> <span class='ocrx_word' id='word_1_206' title='bbox 1729 575 1792 605; x_wconf 71' lang='grc' dir='ltr'>τοὺς</span> <span class='ocrx_word' id='word_1_207' title='bbox 1808 576 1832 599; x_wconf 69' lang='grc' dir='ltr'>ἐν</span> 
     </span>
    </p>
   </div>
   <div class='ocr_carea' id='block_1_30' title="bbox 1049 621 1833 659">
    <p class='ocr_par' dir='ltr' id='par_1_30' title="bbox 1049 621 1833 659">
     <span class='ocr_line' id='line_1_30' title="bbox 1049 621 1833 659; baseline -0.003 -11"><span class='ocrx_word' id='word_1_208' title='bbox 1049 623 1138 658; x_wconf 76' lang='grc' dir='ltr'>ἐνδείᾳ</span> <span class='ocrx_word' id='word_1_209' title='bbox 1157 624 1204 649; x_wconf 82' lang='grc' dir='ltr'>καὶ</span> <span class='ocrx_word' id='word_1_210' title='bbox 1221 623 1348 659; x_wconf 77' lang='grc' dir='ltr'>εὐτελείᾳ</span> <span class='ocrx_word' id='word_1_211' title='bbox 1376 623 1492 655; x_wconf 81' lang='grc' dir='ltr'>ζῶντας.</span> <span class='ocrx_word' id='word_1_212' title='bbox 1516 624 1572 658; x_wconf 87' lang='grc' dir='ltr'><strong>Οὺχ</strong></span> <span class='ocrx_word' id='word_1_213' title='bbox 1600 623 1693 653; x_wconf 77' lang='grc' dir='ltr'>ἁπλῶς</span> <span class='ocrx_word' id='word_1_214' title='bbox 1722 622 1751 648; x_wconf 84' lang='grc' dir='ltr'>δὲ</span> <span class='ocrx_word' id='word_1_215' title='bbox 1775 621 1833 652; x_wconf 69' lang='grc' dir='ltr'>τοὺς</span> 
     </span>
    </p>
   </div>
   <div class='ocr_carea' id='block_1_31' title="bbox 1048 667 1830 705">
    <p class='ocr_par' dir='ltr' id='par_1_31' title="bbox 1048 667 1830 705">
     <span class='ocr_line' id='line_1_31' title="bbox 1048 667 1830 705; baseline -0.003 -10"><span class='ocrx_word' id='word_1_216' title='bbox 1048 669 1189 701; x_wconf 83' lang='grc' dir='ltr'><strong>τοιούτους</strong></span> <span class='ocrx_word' id='word_1_217' title='bbox 1208 670 1369 705; x_wconf 75' lang='grc' dir='ltr'><strong>μακαρίζει,</strong></span> <span class='ocrx_word' id='word_1_218' title='bbox 1386 669 1454 696; x_wconf 77' lang='grc' dir='ltr'>ἀλλὰ</span> <span class='ocrx_word' id='word_1_219' title='bbox 1471 669 1535 700; x_wconf 79' lang='grc' dir='ltr'>τοὺς</span> <span class='ocrx_word' id='word_1_220' title='bbox 1549 669 1580 695; x_wconf 83' lang='grc' dir='ltr'>ὲν</span> <span class='ocrx_word' id='word_1_221' title='bbox 1595 668 1733 701; x_wconf 77' lang='grc' dir='ltr'>πνεύματι</span> <span class='ocrx_word' id='word_1_222' title='bbox 1746 667 1830 693; x_wconf 71' lang='grc' dir='ltr'>τοιού-</span> 
     </span>
    </p>
   </div>
   <div class='ocr_carea' id='block_1_32' title="bbox 1047 714 1834 750">
    <p class='ocr_par' dir='ltr' id='par_1_32' title="bbox 1047 714 1834 750">
     <span class='ocr_line' id='line_1_32' title="bbox 1047 714 1834 750; baseline -0.005 -8"><span class='ocrx_word' id='word_1_223' title='bbox 1047 725 1121 748; x_wconf 89' lang='grc' dir='ltr'>τους,</span> <span class='ocrx_word' id='word_1_224' title='bbox 1135 717 1260 743; x_wconf 80' lang='grc' dir='ltr'><strong>τουτέστι</strong></span> <span class='ocrx_word' id='word_1_225' title='bbox 1272 717 1336 747; x_wconf 76' lang='grc' dir='ltr'>τοὺς</span> <span class='ocrx_word' id='word_1_226' title='bbox 1349 716 1392 742; x_wconf 85' lang='grc' dir='ltr'><strong>διὰ</strong></span> <span class='ocrx_word' id='word_1_227' title='bbox 1407 715 1457 750; x_wconf 89' lang='grc' dir='ltr'>τὴν</span> <span class='ocrx_word' id='word_1_228' title='bbox 1471 715 1545 742; x_wconf 78' lang='grc' dir='ltr'>ἔνδον</span> <span class='ocrx_word' id='word_1_229' title='bbox 1557 714 1647 741; x_wconf 78' lang='grc' dir='ltr'>αὐτῶν</span> <span class='ocrx_word' id='word_1_230' title='bbox 1662 715 1709 740; x_wconf 75' lang='grc' dir='ltr'><strong>καὶ</strong></span> <span class='ocrx_word' id='word_1_231' title='bbox 1723 715 1753 740; x_wconf 79' lang='grc' dir='ltr'>ὲν</span> <span class='ocrx_word' id='word_1_232' title='bbox 1770 722 1834 747; x_wconf 71' lang='grc' dir='ltr'>κτρ-</span> 
     </span>
    </p>
   </div>
   <div class='ocr_carea' id='block_1_33' title="bbox 1047 758 1834 797">
    <p class='ocr_par' dir='ltr' id='par_1_33' title="bbox 1047 758 1834 797">
     <span class='ocr_line' id='line_1_33' title="bbox 1047 758 1834 797; baseline -0.004 -10"><span class='ocrx_word' id='word_1_233' title='bbox 1047 762 1092 797; x_wconf 78' lang='grc' dir='ltr'><strong>δίᾳ</strong></span> <span class='ocrx_word' id='word_1_234' title='bbox 1106 762 1271 789; x_wconf 80' lang='grc' dir='ltr'>ταπείνωσιν</span> <span class='ocrx_word' id='word_1_235' title='bbox 1294 762 1342 788; x_wconf 81' lang='grc' dir='ltr'>καὶ</span> <span class='ocrx_word' id='word_1_236' title='bbox 1359 761 1466 796; x_wconf 79' lang='grc' dir='ltr'>ἀγαθὴν</span> <span class='ocrx_word' id='word_1_237' title='bbox 1490 759 1673 796; x_wconf 82' lang='grc' dir='ltr'>προαίρεσιν,”</span> <span class='ocrx_word' id='word_1_238' title='bbox 1691 758 1764 785; x_wconf 76' lang='grc' dir='ltr'>οὕτω</span> <span class='ocrx_word' id='word_1_239' title='bbox 1791 759 1834 784; x_wconf 70' lang='grc' dir='ltr'><strong>καὶ</strong></span> 
     </span>
    </p>
   </div>
   <div class='ocr_carea' id='block_1_34' title="bbox 1047 806 1834 866">
    <p class='ocr_par' dir='ltr' id='par_1_34' title="bbox 1047 806 1834 866">
     <span class='ocr_line' id='line_1_34' title="bbox 1047 806 1834 866; baseline -0.003 -33"><span class='ocrx_word' id='word_1_240' title='bbox 1047 808 1083 834; x_wconf 74' lang='grc' dir='ltr'><strong>τὰ</strong></span> <span class='ocrx_word' id='word_1_241' title='bbox 1110 807 1162 841; x_wconf 75' lang='grc' dir='ltr'><strong>ἔξω</strong></span> <span class='ocrx_word' id='word_1_242' title='bbox 1187 808 1341 839; x_wconf 85' lang='grc' dir='ltr'>διαθέντας.</span> <span class='ocrx_word' id='word_1_243' title='bbox 1361 807 1540 842; x_wconf 82' lang='grc' dir='ltr'>Ἀπαγορεύει</span> <span class='ocrx_word' id='word_1_244' title='bbox 1565 807 1594 833; x_wconf 73' lang='grc' dir='ltr'>δὲ</span> <span class='ocrx_word' id='word_1_245' title='bbox 1622 806 1653 833; x_wconf 89' lang='grc' dir='ltr'>οὺ</span> <span class='ocrx_word' id='word_1_246' title='bbox 1681 806 1727 866; x_wconf 57' lang='grc' dir='ltr'>τὸν</span> <span class='ocrx_word' id='word_1_247' title='bbox 1759 807 1834 866; x_wconf 76' lang='grc' dir='ltr'><strong>φόνοῖ</strong></span> 
     </span>
    </p>
   </div>
   <div class='ocr_carea' id='block_1_35' title="bbox 203 895 1682 939">
    <p class='ocr_par' dir='ltr' id='par_1_35' title="bbox 203 895 1682 939">
     <span class='ocr_line' id='line_1_35' title="bbox 203 895 1682 939; baseline 0.007 -19"><span class='ocrx_word' id='word_1_248' title='bbox 203 895 233 921; x_wconf 85' lang='grc' dir='ltr'>οὺ</span> <span class='ocrx_word' id='word_1_249' title='bbox 250 895 280 921; x_wconf 81' lang='grc' dir='ltr'><strong>τὺ</strong></span> <span class='ocrx_word' id='word_1_250' title='bbox 293 895 360 930; x_wconf 88' lang='grc' dir='ltr'>παρ’</span> <span class='ocrx_word' id='word_1_251' title='bbox 374 896 453 932; x_wconf 71' lang='grc' dir='ltr'>ἡμῶν</span> <span class='ocrx_word' id='word_1_252' title='bbox 467 899 690 933; x_wconf 77' lang='grc' dir='ltr'>προσφερόμενον</span> <span class='ocrx_word' id='word_1_253' title='bbox 703 900 809 935; x_wconf 76' lang='grc' dir='ltr'>δέχεται</span> <span class='ocrx_word' id='word_1_254' title='bbox 825 901 922 936; x_wconf 86' lang='grc' dir='ltr'>δῶρον,</span> <span class='ocrx_word' id='word_1_255' title='bbox 937 903 986 929; x_wconf 75' lang='grc' dir='ltr'>ἐὰν</span> <span class='ocrx_word' id='word_1_256' title='bbox 1007 903 1044 938; x_wconf 83' lang='grc' dir='ltr'>μὴ</span> <span class='ocrx_word' id='word_1_257' title='bbox 1058 903 1314 939; x_wconf 77' lang='grc' dir='ltr'>προδιαλλαγῶμεν,</span> <span class='ocrx_word' id='word_1_258' title='bbox 1331 903 1378 931; x_wconf 65' lang='grc' dir='ltr'><strong>καὶ</strong></span> <span class='ocrx_word' id='word_1_259' title='bbox 1390 903 1441 938; x_wconf 82' lang='grc' dir='ltr'>τὴν</span> <span class='ocrx_word' id='word_1_260' title='bbox 1453 903 1539 938; x_wconf 78' lang='grc' dir='ltr'>ὀργὴν</span> <span class='ocrx_word' id='word_1_261' title='bbox 1555 902 1682 936; x_wconf 72' lang='grc' dir='ltr'>ἀφῶμεν.</span> 
     </span>
    </p>
   </div>
   <div class='ocr_carea' id='block_1_36' title="bbox 238 939 1027 979">
    <p class='ocr_par' dir='ltr' id='par_1_36' title="bbox 238 939 1027 979">
     <span class='ocr_line' id='line_1_36' title="bbox 238 939 1027 979; baseline 0.013 -13"><span class='ocrx_word' id='word_1_262' title='bbox 238 939 276 967; x_wconf 80' lang='lat' dir='ltr'><strong>lta</strong></span> <span class='ocrx_word' id='word_1_263' title='bbox 301 942 382 968; x_wconf 79' lang='lat' dir='ltr'><strong>etiam</strong></span> <span class='ocrx_word' id='word_1_264' title='bbox 414 942 448 970; x_wconf 89' lang='lat' dir='ltr'><strong>de</strong></span> <span class='ocrx_word' id='word_1_265' title='bbox 479 943 586 972; x_wconf 70' lang='lat' dir='ltr'><strong>Iasdvis</strong></span> <span class='ocrx_word' id='word_1_266' title='bbox 619 945 785 974; x_wconf 82' lang='lat' dir='ltr'><strong>libidinibus.</strong></span> <span class='ocrx_word' id='word_1_267' title='bbox 819 947 987 976; x_wconf 82' lang='lat' dir='ltr'><strong>Pulcltrioris</strong></span> <span class='ocrx_word' id='word_1_268' title='bbox 1006 952 1027 979; x_wconf 88' lang='grc' dir='ltr'><strong>Β</strong></span> 
     </span>
    </p>
   </div>
   <div class='ocr_carea' id='block_1_37' title="bbox 203 987 994 1027">
    <p class='ocr_par' dir='ltr' id='par_1_37' title="bbox 203 987 994 1027">
     <span class='ocr_line' id='line_1_37' title="bbox 203 987 994 1027; baseline 0.011 -14"><span class='ocrx_word' id='word_1_269' title='bbox 203 987 296 1015; x_wconf 60' lang='lat' dir='ltr'><strong>forma:</strong></span> <span class='ocrx_word' id='word_1_270' title='bbox 315 988 485 1016; x_wconf 86' lang='lat' dir='ltr'><strong>intuitionem</strong></span> <span class='ocrx_word' id='word_1_271' title='bbox 513 995 540 1017; x_wconf 87' lang='lat' dir='ltr'><strong>et</strong></span> <span class='ocrx_word' id='word_1_272' title='bbox 569 992 817 1027; x_wconf 85' lang='lat' dir='ltr'><strong>concupiscentiam</strong></span> <span class='ocrx_word' id='word_1_273' title='bbox 847 1001 881 1022; x_wconf 79' lang='lat' dir='ltr'><strong>ex</strong></span> <span class='ocrx_word' id='word_1_274' title='bbox 905 1002 937 1022; x_wconf 87' lang='lat' dir='ltr'><strong>ea</strong></span> <span class='ocrx_word' id='word_1_275' title='bbox 967 995 994 1022; x_wconf 92' lang='lat' dir='ltr'><strong>in</strong></span> 
     </span>
    </p>
   </div>
   <div class='ocr_carea' id='block_1_38' title="bbox 201 1035 994 1073">
    <p class='ocr_par' dir='ltr' id='par_1_38' title="bbox 201 1035 994 1073">
     <span class='ocr_line' id='line_1_38' title="bbox 201 1035 994 1073; baseline 0.01 -13"><span class='ocrx_word' id='word_1_276' title='bbox 201 1035 284 1061; x_wconf 87' lang='lat' dir='ltr'><strong>corde</strong></span> <span class='ocrx_word' id='word_1_277' title='bbox 302 1039 426 1061; x_wconf 81' lang='lat' dir='ltr'><strong>exortam</strong></span> <span class='ocrx_word' id='word_1_278' title='bbox 461 1035 574 1064; x_wconf 80' lang='lat' dir='ltr'><strong>damnat</strong></span> <span class='ocrx_word' id='word_1_279' title='bbox 609 1042 736 1073; x_wconf 84' lang='lat' dir='ltr'><strong>tanquam</strong></span> <span class='ocrx_word' id='word_1_280' title='bbox 768 1039 944 1068; x_wconf 82' lang='lat' dir='ltr'><strong>adulterium.</strong></span> <span class='ocrx_word' id='word_1_281' title='bbox 962 1042 994 1068; x_wconf 87' lang='lat' dir='ltr'><strong>Et</strong></span> 
     </span>
    </p>
   </div>
   <div class='ocr_carea' id='block_1_39' title="bbox 201 1080 992 1115">
    <p class='ocr_par' dir='ltr' id='par_1_39' title="bbox 201 1080 992 1115">
     <span class='ocr_line' id='line_1_39' title="bbox 201 1080 992 1115; baseline 0.013 -10"><span class='ocrx_word' id='word_1_282' title='bbox 201 1080 354 1111; x_wconf 65' lang='lat' dir='ltr'><strong>generatim</strong></span> <span class='ocrx_word' id='word_1_283' title='bbox 370 1081 458 1109; x_wconf 85' lang='lat' dir='ltr'><strong>adhuc</strong></span> <span class='ocrx_word' id='word_1_284' title='bbox 472 1082 629 1112; x_wconf 81' lang='lat' dir='ltr'><strong>discurrens</strong></span> <span class='ocrx_word' id='word_1_285' title='bbox 646 1085 703 1112; x_wconf 72' lang='lat' dir='ltr'><strong>lnrc</strong></span> <span class='ocrx_word' id='word_1_286' title='bbox 716 1086 782 1113; x_wconf 86' lang='lat' dir='ltr'><strong>dicit</strong></span> <span class='ocrx_word' id='word_1_287' title='bbox 801 1095 809 1113; x_wconf 91' lang='lat'><strong>:</strong></span> <span class='ocrx_word' id='word_1_288' title='bbox 826 1095 835 1112; x_wconf 71' lang='grc' dir='ltr'><strong>ι</strong></span> <span class='ocrx_word' id='word_1_289' title='bbox 854 1086 882 1114; x_wconf 90' lang='lat' dir='ltr'><strong>Si</strong></span> <span class='ocrx_word' id='word_1_290' title='bbox 902 1089 992 1115; x_wconf 86' lang='lat' dir='ltr'><strong>lumen</strong></span> 
     </span>
    </p>
   </div>
   <div class='ocr_carea' id='block_1_40' title="bbox 201 1125 994 1166">
    <p class='ocr_par' dir='ltr' id='par_1_40' title="bbox 201 1125 994 1166">
     <span class='ocr_line' id='line_1_40' title="bbox 201 1125 994 1166; baseline 0.013 -16"><span class='ocrx_word' id='word_1_291' title='bbox 201 1125 273 1158; x_wconf 90' lang='lat' dir='ltr'><strong>quod</strong></span> <span class='ocrx_word' id='word_1_292' title='bbox 285 1126 366 1152; x_wconf 78' lang='lat' dir='ltr'><strong>estin</strong></span> <span class='ocrx_word' id='word_1_293' title='bbox 394 1131 430 1159; x_wconf 86' lang='lat' dir='ltr'><strong>te.</strong></span> <span class='ocrx_word' id='word_1_294' title='bbox 451 1128 556 1157; x_wconf 82' lang='lat' dir='ltr'><strong>scilicet</strong></span> <span class='ocrx_word' id='word_1_295' title='bbox 575 1137 653 1158; x_wconf 83' lang='lat' dir='ltr'><strong>mens</strong></span> <span class='ocrx_word' id='word_1_296' title='bbox 668 1132 699 1157; x_wconf 87' lang='lat' dir='ltr'><strong>ct&#39;</strong></span> <span class='ocrx_word' id='word_1_297' title='bbox 713 1132 854 1166; x_wconf 78' lang='lat' dir='ltr'><strong>cogitatio,</strong></span> <span class='ocrx_word' id='word_1_298' title='bbox 875 1133 994 1161; x_wconf 63' lang='lat' dir='ltr'><strong>tenebrae</strong></span> 
     </span>
    </p>
   </div>
   <div class='ocr_carea' id='block_1_41' title="bbox 202 1170 992 1208">
    <p class='ocr_par' dir='ltr' id='par_1_41' title="bbox 202 1170 992 1208">
     <span class='ocr_line' id='line_1_41' title="bbox 202 1170 992 1208; baseline 0.011 -12"><span class='ocrx_word' id='word_1_299' title='bbox 202 1173 277 1201; x_wconf 79' lang='lat' dir='ltr'><strong>sunt,</strong></span> <span class='ocrx_word' id='word_1_300' title='bbox 305 1170 485 1205; x_wconf 77' lang='lat' dir='ltr'><strong>caligantibus</strong></span> <span class='ocrx_word' id='word_1_301' title='bbox 503 1173 544 1208; x_wconf 82' lang='lat' dir='ltr'><strong>eis</strong></span> <span class='ocrx_word' id='word_1_302' title='bbox 564 1182 624 1208; x_wconf 69' lang='lat' dir='ltr'><strong>qua:</strong></span> <span class='ocrx_word' id='word_1_303' title='bbox 640 1176 810 1204; x_wconf 82' lang='lat' dir='ltr'><strong>obscuritate</strong></span> <span class='ocrx_word' id='word_1_304' title='bbox 834 1178 992 1206; x_wconf 77' lang='lat' dir='ltr'><strong>universum</strong></span> 
     </span>
    </p>
   </div>
   <div class='ocr_carea' id='block_1_42' title="bbox 201 1215 994 1255">
    <p class='ocr_par' dir='ltr' id='par_1_42' title="bbox 201 1215 994 1255">
     <span class='ocr_line' id='line_1_42' title="bbox 201 1215 994 1255; baseline 0.014 -15"><span class='ocrx_word' id='word_1_305' title='bbox 201 1215 332 1249; x_wconf 74' lang='lat' dir='ltr'><strong>dirigunt,</strong></span> <span class='ocrx_word' id='word_1_306' title='bbox 347 1221 450 1250; x_wconf 89' lang='lat' dir='ltr'><strong>quanto</strong></span> <span class='ocrx_word' id='word_1_307' title='bbox 470 1219 554 1253; x_wconf 80' lang='lat' dir='ltr'><strong>magis</strong></span> <span class='ocrx_word' id='word_1_308' title='bbox 570 1225 597 1247; x_wconf 91' lang='lat' dir='ltr'><strong>et</strong></span> <span class='ocrx_word' id='word_1_309' title='bbox 612 1220 676 1255; x_wconf 71' lang='lat' dir='ltr'><strong>ipsa:</strong></span> <span class='ocrx_word' id='word_1_310' title='bbox 687 1223 818 1254; x_wconf 65' lang='lat' dir='ltr'><strong>tenebrae,</strong></span> <span class='ocrx_word' id='word_1_311' title='bbox 837 1223 862 1249; x_wconf 90' lang='lat' dir='ltr'><strong>id</strong></span> <span class='ocrx_word' id='word_1_312' title='bbox 879 1228 922 1250; x_wconf 72' lang='lat' dir='ltr'><strong>est</strong></span> <span class='ocrx_word' id='word_1_313' title='bbox 932 1232 994 1251; x_wconf 89' lang='lat' dir='ltr'><strong>cor-</strong></span> 
     </span>
    </p>
   </div>
   <div class='ocr_carea' id='block_1_43' title="bbox 202 1265 992 1301">
    <p class='ocr_par' dir='ltr' id='par_1_43' title="bbox 202 1265 992 1301">
     <span class='ocr_line' id='line_1_43' title="bbox 202 1265 992 1301; baseline 0.014 -16"><span class='ocrx_word' id='word_1_314' title='bbox 202 1268 254 1294; x_wconf 78' lang='lat' dir='ltr'><strong>pus</strong></span> <span class='ocrx_word' id='word_1_315' title='bbox 264 1265 293 1287; x_wconf 89' lang='lat' dir='ltr'><strong>et</strong></span> <span class='ocrx_word' id='word_1_316' title='bbox 307 1268 416 1296; x_wconf 81' lang='lat' dir='ltr'><strong>sensus,</strong></span> <span class='ocrx_word' id='word_1_317' title='bbox 429 1271 489 1298; x_wconf 72' lang='lat' dir='ltr'><strong>qua:</strong></span> <span class='ocrx_word' id='word_1_318' title='bbox 506 1271 538 1291; x_wconf 81' lang='lat' dir='ltr'><strong>ex</strong></span> <span class='ocrx_word' id='word_1_319' title='bbox 552 1266 707 1300; x_wconf 83' lang='lat' dir='ltr'><strong>semetipsis</strong></span> <span class='ocrx_word' id='word_1_320' title='bbox 723 1267 891 1301; x_wconf 81' lang='lat' dir='ltr'><strong>spiritualem</strong></span> <span class='ocrx_word' id='word_1_321' title='bbox 905 1269 992 1296; x_wconf 86' lang='lat' dir='ltr'><strong>lucem</strong></span> 
     </span>
    </p>
   </div>
   <div class='ocr_carea' id='block_1_44' title="bbox 203 1307 994 1349">
    <p class='ocr_par' dir='ltr' id='par_1_44' title="bbox 203 1307 994 1349">
     <span class='ocr_line' id='line_1_44' title="bbox 203 1307 994 1349; baseline 0.015 -19"><span class='ocrx_word' id='word_1_322' title='bbox 203 1313 256 1332; x_wconf 70' lang='lat' dir='ltr'><strong>non</strong></span> <span class='ocrx_word' id='word_1_323' title='bbox 285 1307 386 1334; x_wconf 80' lang='lat' dir='ltr'><strong>habent</strong></span> <span class='ocrx_word' id='word_1_324' title='bbox 414 1316 468 1342; x_wconf 84' lang='lat' dir='ltr'><strong>qua</strong></span> <span class='ocrx_word' id='word_1_325' title='bbox 491 1312 630 1338; x_wconf 78' lang='lat' dir='ltr'><strong>enascitur</strong></span> <span class='ocrx_word' id='word_1_326' title='bbox 658 1313 759 1340; x_wconf 89' lang='lat' dir='ltr'><strong>veritas</strong></span> <span class='ocrx_word' id='word_1_327' title='bbox 791 1318 819 1340; x_wconf 83' lang='lat' dir='ltr'><strong>et</strong></span> <span class='ocrx_word' id='word_1_328' title='bbox 840 1315 994 1349; x_wconf 80' lang='lat' dir='ltr'><strong>acquiritur</strong></span> 
     </span>
    </p>
   </div>
   <div class='ocr_carea' id='block_1_45' title="bbox 204 1352 991 1394">
    <p class='ocr_par' dir='ltr' id='par_1_45' title="bbox 204 1352 991 1394">
     <span class='ocr_line' id='line_1_45' title="bbox 204 1352 991 1394; baseline 0.017 -18"><span class='ocrx_word' id='word_1_329' title='bbox 204 1352 302 1379; x_wconf 79' lang='lat' dir='ltr'><strong>animae</strong></span> <span class='ocrx_word' id='word_1_330' title='bbox 322 1355 516 1387; x_wconf 76' lang='lat' dir='ltr'><strong>tranquillitas.</strong></span> <span class='ocrx_word' id='word_1_331' title='bbox 536 1355 564 1384; x_wconf 91' lang='lat' dir='ltr'><strong>Si</strong></span> <span class='ocrx_word' id='word_1_332' title='bbox 580 1363 670 1385; x_wconf 82' lang='lat' dir='ltr'><strong>autent</strong></span> <span class='ocrx_word' id='word_1_333' title='bbox 696 1358 786 1386; x_wconf 88' lang='lat' dir='ltr'><strong>lumen</strong></span> <span class='ocrx_word' id='word_1_334' title='bbox 813 1361 885 1394; x_wconf 91' lang='lat' dir='ltr'><strong>quod</strong></span> <span class='ocrx_word' id='word_1_335' title='bbox 903 1367 945 1388; x_wconf 87' lang='lat' dir='ltr'><strong>est</strong></span> <span class='ocrx_word' id='word_1_336' title='bbox 965 1361 991 1388; x_wconf 91' lang='lat' dir='ltr'><strong>iu</strong></span> 
     </span>
    </p>
   </div>
   <div class='ocr_carea' id='block_1_46' title="bbox 190 1401 993 1442">
    <p class='ocr_par' dir='ltr' id='par_1_46' title="bbox 190 1401 993 1442">
     <span class='ocr_line' id='line_1_46' title="bbox 190 1401 993 1442; baseline 0.015 -19"><span class='ocrx_word' id='word_1_337' title='bbox 190 1402 230 1424; x_wconf 56' lang='grc' dir='ltr'><strong>»ιε</strong></span> <span class='ocrx_word' id='word_1_338' title='bbox 247 1403 289 1425; x_wconf 85' lang='lat' dir='ltr'><strong>est</strong></span> <span class='ocrx_word' id='word_1_339' title='bbox 303 1401 442 1432; x_wconf 86' lang='lat' dir='ltr'><strong>mundum,</strong></span> <span class='ocrx_word' id='word_1_340' title='bbox 464 1403 621 1431; x_wconf 86' lang='lat' dir='ltr'><strong>carnalibus</strong></span> <span class='ocrx_word' id='word_1_341' title='bbox 636 1412 690 1431; x_wconf 88' lang='lat' dir='ltr'><strong>non</strong></span> <span class='ocrx_word' id='word_1_342' title='bbox 707 1405 884 1434; x_wconf 90' lang='lat' dir='ltr'><strong>obscuratum</strong></span> <span class='ocrx_word' id='word_1_343' title='bbox 902 1408 993 1442; x_wconf 87' lang='lat' dir='ltr'><strong>phan-</strong></span> 
     </span>
    </p>
   </div>
   <div class='ocr_carea' id='block_1_47' title="bbox 204 1446 992 1487">
    <p class='ocr_par' dir='ltr' id='par_1_47' title="bbox 204 1446 992 1487">
     <span class='ocr_line' id='line_1_47' title="bbox 204 1446 992 1487; baseline 0.016 -18"><span class='ocrx_word' id='word_1_344' title='bbox 204 1446 293 1478; x_wconf 75' lang='lat' dir='ltr'><strong>tasiis,</strong></span> <span class='ocrx_word' id='word_1_345' title='bbox 320 1446 424 1475; x_wconf 78' lang='lat' dir='ltr'><strong>lucidus</strong></span> <span class='ocrx_word' id='word_1_346' title='bbox 446 1449 502 1476; x_wconf 87' lang='lat' dir='ltr'><strong>eris</strong></span> <span class='ocrx_word' id='word_1_347' title='bbox 523 1449 549 1477; x_wconf 90' lang='lat' dir='ltr'><strong>in</strong></span> <span class='ocrx_word' id='word_1_348' title='bbox 567 1450 658 1478; x_wconf 82' lang='lat' dir='ltr'><strong>anima</strong></span> <span class='ocrx_word' id='word_1_349' title='bbox 675 1456 757 1485; x_wconf 79' lang='lat' dir='ltr'><strong>totus,</strong></span> <span class='ocrx_word' id='word_1_350' title='bbox 776 1454 898 1487; x_wconf 88' lang='lat' dir='ltr'><strong>quandiu</strong></span> <span class='ocrx_word' id='word_1_351' title='bbox 925 1454 992 1483; x_wconf 81' lang='lat' dir='ltr'><strong>facis</strong></span> 
     </span>
    </p>
   </div>
   <div class='ocr_carea' id='block_1_48' title="bbox 203 1491 990 1528">
    <p class='ocr_par' dir='ltr' id='par_1_48' title="bbox 203 1491 990 1528">
     <span class='ocr_line' id='line_1_48' title="bbox 203 1491 990 1528; baseline 0.017 -13"><span class='ocrx_word' id='word_1_352' title='bbox 203 1491 283 1518; x_wconf 76' lang='lat' dir='ltr'><strong>istius</strong></span> <span class='ocrx_word' id='word_1_353' title='bbox 305 1493 450 1526; x_wconf 84' lang='lat' dir='ltr'><strong>splendore</strong></span> <span class='ocrx_word' id='word_1_354' title='bbox 473 1495 682 1524; x_wconf 84' lang='lat' dir='ltr'><strong>illuminaberis.</strong></span> <span class='ocrx_word' id='word_1_355' title='bbox 706 1497 769 1526; x_wconf 73' lang='lat' dir='ltr'><strong>Hzec</strong></span> <span class='ocrx_word' id='word_1_356' title='bbox 792 1505 833 1526; x_wconf 80' lang='lat' dir='ltr'><strong>est</strong></span> <span class='ocrx_word' id='word_1_357' title='bbox 855 1501 945 1528; x_wconf 87' lang='lat' dir='ltr'><strong>cordis</strong></span> <span class='ocrx_word' id='word_1_358' title='bbox 964 1501 990 1528; x_wconf 93' lang='lat' dir='ltr'><strong>in</strong></span> 
     </span>
    </p>
   </div>
   <div class='ocr_carea' id='block_1_49' title="bbox 201 1535 990 1578">
    <p class='ocr_par' dir='ltr' id='par_1_49' title="bbox 201 1535 990 1578">
     <span class='ocr_line' id='line_1_49' title="bbox 201 1535 990 1578; baseline 0.015 -17"><span class='ocrx_word' id='word_1_359' title='bbox 201 1535 301 1569; x_wconf 79' lang='lat' dir='ltr'><strong>spiritu</strong></span> <span class='ocrx_word' id='word_1_360' title='bbox 314 1537 501 1571; x_wconf 84' lang='lat' dir='ltr'><strong>circumcisio,</strong></span> <span class='ocrx_word' id='word_1_361' title='bbox 515 1549 563 1575; x_wconf 67' lang='lat' dir='ltr'><strong>per</strong></span> <span class='ocrx_word' id='word_1_362' title='bbox 578 1549 660 1574; x_wconf 85' lang='lat' dir='ltr'><strong>quam</strong></span> <span class='ocrx_word' id='word_1_363' title='bbox 681 1542 811 1570; x_wconf 81' lang='lat' dir='ltr'><strong>Dominus</strong></span> <span class='ocrx_word' id='word_1_364' title='bbox 828 1545 941 1578; x_wconf 84' lang='lat' dir='ltr'><strong>perlecit</strong></span> <span class='ocrx_word' id='word_1_365' title='bbox 953 1546 990 1574; x_wconf 90' lang='lat' dir='ltr'><strong>le-</strong></span> 
     </span>
    </p>
   </div>
   <div class='ocr_carea' id='block_1_50' title="bbox 201 1581 989 1624">
    <p class='ocr_par' dir='ltr' id='par_1_50' title="bbox 201 1581 989 1624">
     <span class='ocr_line' id='line_1_50' title="bbox 201 1581 989 1624; baseline 0.014 -17"><span class='ocrx_word' id='word_1_366' title='bbox 201 1581 289 1614; x_wconf 52' lang='lat' dir='ltr'><strong>galem</strong></span> <span class='ocrx_word' id='word_1_367' title='bbox 300 1583 325 1609; x_wconf 91' lang='lat' dir='ltr'><strong>in</strong></span> <span class='ocrx_word' id='word_1_368' title='bbox 337 1585 417 1623; x_wconf 81' lang='lat' dir='ltr'><strong>corde</strong></span> <span class='ocrx_word' id='word_1_369' title='bbox 428 1585 744 1622; x_wconf 52' lang='lat' dir='ltr'><strong>circumcisionemmuae</strong></span> <span class='ocrx_word' id='word_1_370' title='bbox 756 1590 816 1615; x_wconf 83' lang='lat' dir='ltr'><strong>data</strong></span> <span class='ocrx_word' id='word_1_371' title='bbox 828 1595 867 1616; x_wconf 79' lang='lat' dir='ltr'><strong>est</strong></span> <span class='ocrx_word' id='word_1_372' title='bbox 878 1588 989 1624; x_wconf 61' lang='lat' dir='ltr'><strong>ludatis,</strong></span> 
     </span>
    </p>
   </div>
   <div class='ocr_carea' id='block_1_51' title="bbox 203 1629 989 1671">
    <p class='ocr_par' dir='ltr' id='par_1_51' title="bbox 203 1629 989 1671">
     <span class='ocr_line' id='line_1_51' title="bbox 203 1629 989 1671; baseline 0.014 -18"><span class='ocrx_word' id='word_1_373' title='bbox 203 1633 231 1653; x_wconf 88' lang='lat' dir='ltr'><strong>ut</strong></span> <span class='ocrx_word' id='word_1_374' title='bbox 250 1629 366 1661; x_wconf 76' lang='lat' dir='ltr'><strong>priorem</strong></span> <span class='ocrx_word' id='word_1_375' title='bbox 382 1631 559 1665; x_wconf 75' lang='lat' dir='ltr'><strong>signiﬁcaret.</strong></span> <span class='ocrx_word' id='word_1_376' title='bbox 576 1633 629 1660; x_wconf 80' lang='lat' dir='ltr'><strong>Illis</strong></span> <span class='ocrx_word' id='word_1_377' title='bbox 644 1640 734 1661; x_wconf 85' lang='lat' dir='ltr'><strong>autem</strong></span> <span class='ocrx_word' id='word_1_378' title='bbox 751 1635 831 1662; x_wconf 88' lang='lat' dir='ltr'><strong>istam</strong></span> <span class='ocrx_word' id='word_1_379' title='bbox 854 1638 989 1671; x_wconf 83' lang='lat' dir='ltr'><strong>consequi</strong></span> 
     </span>
    </p>
   </div>
   <div class='ocr_carea' id='block_1_52' title="bbox 203 1676 990 1716">
    <p class='ocr_par' dir='ltr' id='par_1_52' title="bbox 203 1676 990 1716">
     <span class='ocr_line' id='line_1_52' title="bbox 203 1676 990 1716; baseline 0.014 -17"><span class='ocrx_word' id='word_1_380' title='bbox 203 1682 256 1700; x_wconf 89' lang='lat' dir='ltr'><strong>non</strong></span> <span class='ocrx_word' id='word_1_381' title='bbox 268 1676 449 1710; x_wconf 87' lang='lat' dir='ltr'><strong>studentibus,</strong></span> <span class='ocrx_word' id='word_1_382' title='bbox 466 1679 638 1706; x_wconf 83' lang='lat' dir='ltr'><strong>circumcisio</strong></span> <span class='ocrx_word' id='word_1_383' title='bbox 654 1687 760 1712; x_wconf 88' lang='lat' dir='ltr'><strong>eortttn,</strong></span> <span class='ocrx_word' id='word_1_384' title='bbox 781 1686 810 1708; x_wconf 92' lang='lat' dir='ltr'><strong>ut</strong></span> <span class='ocrx_word' id='word_1_385' title='bbox 821 1682 906 1716; x_wconf 91' lang='lat' dir='ltr'><strong>inquit</strong></span> <span class='ocrx_word' id='word_1_386' title='bbox 921 1683 990 1710; x_wconf 82' lang='lat' dir='ltr'><strong>Pati-</strong></span> 
     </span>
    </p>
   </div>
   <div class='ocr_carea' id='block_1_53' title="bbox 202 1720 988 1762">
    <p class='ocr_par' dir='ltr' id='par_1_53' title="bbox 202 1720 988 1762">
     <span class='ocr_line' id='line_1_53' title="bbox 202 1720 988 1762; baseline 0.011 -16"><span class='ocrx_word' id='word_1_387' title='bbox 202 1720 243 1747; x_wconf 87' lang='lat' dir='ltr'><strong>Ius</strong></span> <span class='ocrx_word' id='word_1_388' title='bbox 255 1722 288 1752; x_wconf 82' lang='lat'><strong>&quot;.</strong></span> <span class='ocrx_word' id='word_1_389' title='bbox 299 1724 458 1756; x_wconf 69' lang='lat' dir='ltr'><strong>praeputium</strong></span> <span class='ocrx_word' id='word_1_390' title='bbox 479 1724 550 1753; x_wconf 82' lang='lat' dir='ltr'><strong>facta</strong></span> <span class='ocrx_word' id='word_1_391' title='bbox 568 1731 621 1758; x_wconf 82' lang='lat' dir='ltr'><strong>est,</strong></span> <span class='ocrx_word' id='word_1_392' title='bbox 639 1730 665 1753; x_wconf 83' lang='lat' dir='ltr'><strong>et</strong></span> <span class='ocrx_word' id='word_1_393' title='bbox 682 1726 791 1753; x_wconf 81' lang='lat' dir='ltr'><strong>alienati</strong></span> <span class='ocrx_word' id='word_1_394' title='bbox 810 1732 873 1754; x_wconf 87' lang='lat' dir='ltr'><strong>sunt</strong></span> <span class='ocrx_word' id='word_1_395' title='bbox 890 1736 904 1754; x_wconf 84' lang='lat' dir='ltr'><strong>a</strong></span> <span class='ocrx_word' id='word_1_396' title='bbox 921 1728 988 1762; x_wconf 80' lang='lat' dir='ltr'><strong>Deo,</strong></span> 
     </span>
    </p>
   </div>
   <div class='ocr_carea' id='block_1_54' title="bbox 201 1767 990 1809">
    <p class='ocr_par' dir='ltr' id='par_1_54' title="bbox 201 1767 990 1809">
     <span class='ocr_line' id='line_1_54' title="bbox 201 1767 990 1809; baseline 0.013 -17"><span class='ocrx_word' id='word_1_397' title='bbox 201 1767 246 1800; x_wconf 75' lang='lat' dir='ltr'><strong>qui</strong></span> <span class='ocrx_word' id='word_1_398' title='bbox 264 1776 316 1795; x_wconf 91' lang='lat' dir='ltr'><strong>non</strong></span> <span class='ocrx_word' id='word_1_399' title='bbox 336 1769 361 1796; x_wconf 92' lang='lat' dir='ltr'><strong>in</strong></span> <span class='ocrx_word' id='word_1_400' title='bbox 376 1769 484 1803; x_wconf 79' lang='lat' dir='ltr'><strong>faciem,</strong></span> <span class='ocrx_word' id='word_1_401' title='bbox 497 1771 523 1797; x_wconf 92' lang='lat' dir='ltr'><strong>id</strong></span> <span class='ocrx_word' id='word_1_402' title='bbox 537 1777 578 1798; x_wconf 83' lang='lat' dir='ltr'><strong>est</strong></span> <span class='ocrx_word' id='word_1_403' title='bbox 593 1772 619 1798; x_wconf 90' lang='lat' dir='ltr'><strong>in</strong></span> <span class='ocrx_word' id='word_1_404' title='bbox 631 1776 758 1799; x_wconf 67' lang='lat' dir='ltr'><strong>externas</strong></span> <span class='ocrx_word' id='word_1_405' title='bbox 775 1781 804 1800; x_wconf 77' lang='lat' dir='ltr'><strong>ca</strong></span> <span class='ocrx_word' id='word_1_406' title='bbox 815 1775 871 1801; x_wconf 85' lang='lat' dir='ltr'><strong>ruis</strong></span> <span class='ocrx_word' id='word_1_407' title='bbox 889 1775 990 1809; x_wconf 81' lang='lat' dir='ltr'><strong>justiti—</strong></span> 
     </span>
    </p>
   </div>
   <div class='ocr_carea' id='block_1_55' title="bbox 200 1814 990 1850">
    <p class='ocr_par' dir='ltr' id='par_1_55' title="bbox 200 1814 990 1850">
     <span class='ocr_line' id='line_1_55' title="bbox 200 1814 990 1850; baseline 0.014 -12"><span class='ocrx_word' id='word_1_408' title='bbox 200 1814 387 1847; x_wconf 78' lang='lat' dir='ltr'><strong>rationes,scd</strong></span> <span class='ocrx_word' id='word_1_409' title='bbox 400 1816 426 1843; x_wconf 91' lang='lat' dir='ltr'><strong>iu</strong></span> <span class='ocrx_word' id='word_1_410' title='bbox 437 1825 484 1844; x_wconf 85' lang='lat' dir='ltr'><strong>cor</strong></span> <span class='ocrx_word' id='word_1_411' title='bbox 495 1817 626 1850; x_wconf 80' lang='lat' dir='ltr'><strong>intuetur,</strong></span> <span class='ocrx_word' id='word_1_412' title='bbox 638 1826 684 1845; x_wconf 84' lang='lat' dir='ltr'><strong>seu</strong></span> <span class='ocrx_word' id='word_1_413' title='bbox 699 1818 724 1844; x_wconf 90' lang='lat' dir='ltr'><strong>in</strong></span> <span class='ocrx_word' id='word_1_414' title='bbox 737 1818 888 1848; x_wconf 73' lang='lat' dir='ltr'><strong>invisbiles</strong></span> <span class='ocrx_word' id='word_1_415' title='bbox 900 1826 926 1848; x_wconf 79' lang='lat' dir='ltr'><strong>et</strong></span> <span class='ocrx_word' id='word_1_416' title='bbox 941 1829 990 1848; x_wconf 93' lang='lat' dir='ltr'><strong>no-</strong></span> 
     </span>
    </p>
   </div>
   <div class='ocr_carea' id='block_1_56' title="bbox 199 1859 702 1898">
    <p class='ocr_par' dir='ltr' id='par_1_56' title="bbox 199 1859 702 1898">
     <span class='ocr_line' id='line_1_56' title="bbox 199 1859 702 1898; baseline 0.012 -12"><span class='ocrx_word' id='word_1_417' title='bbox 199 1859 243 1890; x_wconf 61' lang='lat' dir='ltr'><strong>bis</strong></span> <span class='ocrx_word' id='word_1_418' title='bbox 263 1860 372 1890; x_wconf 80' lang='lat' dir='ltr'><strong>intimos</strong></span> <span class='ocrx_word' id='word_1_419' title='bbox 386 1863 584 1898; x_wconf 78' lang='lat' dir='ltr'><strong>cogitationum</strong></span> <span class='ocrx_word' id='word_1_420' title='bbox 600 1869 702 1892; x_wconf 90' lang='lat' dir='ltr'><strong>motus.</strong></span> 
     </span>
    </p>
   </div>
   <div class='ocr_carea' id='block_1_57' title="bbox 235 1999 989 2036">
    <p class='ocr_par' dir='ltr' id='par_1_57' title="bbox 235 1999 989 2036">
     <span class='ocr_line' id='line_1_57' title="bbox 235 1999 989 2036; baseline 0.013 -11"><span class='ocrx_word' id='word_1_421' title='bbox 235 1999 407 2027; x_wconf 84' lang='lat' dir='ltr'><strong>lnteudamus</strong></span> <span class='ocrx_word' id='word_1_422' title='bbox 419 2007 483 2036; x_wconf 74' lang='lat' dir='ltr'><strong>ergo</strong></span> <span class='ocrx_word' id='word_1_423' title='bbox 498 2006 525 2029; x_wconf 89' lang='lat' dir='ltr'><strong>et</strong></span> <span class='ocrx_word' id='word_1_424' title='bbox 544 2010 602 2036; x_wconf 80' lang='lat' dir='ltr'><strong>nos,</strong></span> <span class='ocrx_word' id='word_1_425' title='bbox 619 2003 745 2036; x_wconf 81' lang='lat' dir='ltr'><strong>obsecro,</strong></span> <span class='ocrx_word' id='word_1_426' title='bbox 762 2005 796 2032; x_wconf 85' lang='lat' dir='ltr'><strong>ab</strong></span> <span class='ocrx_word' id='word_1_427' title='bbox 812 2006 887 2034; x_wconf 90' lang='lat' dir='ltr'><strong>omni</strong></span> <span class='ocrx_word' id='word_1_428' title='bbox 908 2009 989 2036; x_wconf 82' lang='lat' dir='ltr'><strong>sorde</strong></span> 
     </span>
    </p>
   </div>
   <div class='ocr_carea' id='block_1_58' title="bbox 197 2045 989 2086">
    <p class='ocr_par' dir='ltr' id='par_1_58' title="bbox 197 2045 989 2086">
     <span class='ocr_line' id='line_1_58' title="bbox 197 2045 989 2086; baseline 0.011 -15"><span class='ocrx_word' id='word_1_429' title='bbox 197 2045 281 2072; x_wconf 80' lang='lat' dir='ltr'><strong>corda</strong></span> <span class='ocrx_word' id='word_1_430' title='bbox 293 2050 382 2073; x_wconf 83' lang='lat' dir='ltr'><strong>nostra</strong></span> <span class='ocrx_word' id='word_1_431' title='bbox 395 2055 551 2082; x_wconf 75' lang='lat' dir='ltr'><strong>purgemus.</strong></span> <span class='ocrx_word' id='word_1_432' title='bbox 561 2057 592 2076; x_wconf 90' lang='lat' dir='ltr'><strong>nc</strong></span> <span class='ocrx_word' id='word_1_433' title='bbox 603 2058 664 2077; x_wconf 83' lang='lat' dir='ltr'><strong>euut</strong></span> <span class='ocrx_word' id='word_1_434' title='bbox 678 2051 801 2086; x_wconf 83' lang='lat' dir='ltr'><strong>reprobis</strong></span> <span class='ocrx_word' id='word_1_435' title='bbox 812 2052 864 2080; x_wconf 87' lang='lat' dir='ltr'><strong>illis</strong></span> <span class='ocrx_word' id='word_1_436' title='bbox 877 2060 989 2080; x_wconf 89' lang='lat' dir='ltr'><strong>corrua-</strong></span> 
     </span>
    </p>
   </div>
   <div class='ocr_carea' id='block_1_59' title="bbox 201 2092 990 2131">
    <p class='ocr_par' dir='ltr' id='par_1_59' title="bbox 201 2092 990 2131">
     <span class='ocr_line' id='line_1_59' title="bbox 201 2092 990 2131; baseline 0.011 -14"><span class='ocrx_word' id='word_1_437' title='bbox 201 2099 270 2119; x_wconf 81' lang='lat' dir='ltr'><strong>mus.</strong></span> <span class='ocrx_word' id='word_1_438' title='bbox 285 2092 312 2120; x_wconf 83' lang='lat' dir='ltr'><strong>Si</strong></span> <span class='ocrx_word' id='word_1_439' title='bbox 329 2093 400 2120; x_wconf 89' lang='lat' dir='ltr'><strong>enim</strong></span> <span class='ocrx_word' id='word_1_440' title='bbox 418 2095 462 2128; x_wconf 89' lang='lat' dir='ltr'><strong>qui</strong></span> <span class='ocrx_word' id='word_1_441' title='bbox 477 2103 524 2128; x_wconf 78' lang='lat' dir='ltr'><strong>per</strong></span> <span class='ocrx_word' id='word_1_442' title='bbox 541 2095 649 2131; x_wconf 65' lang='lat' dir='ltr'><strong>Moysen</strong></span> <span class='ocrx_word' id='word_1_443' title='bbox 670 2096 761 2124; x_wconf 86' lang='lat' dir='ltr'><strong>dictus</strong></span> <span class='ocrx_word' id='word_1_444' title='bbox 790 2102 832 2124; x_wconf 89' lang='lat' dir='ltr'><strong>est</strong></span> <span class='ocrx_word' id='word_1_445' title='bbox 844 2106 935 2125; x_wconf 82' lang='lat' dir='ltr'><strong>sermo</strong></span> <span class='ocrx_word' id='word_1_446' title='bbox 951 2099 990 2126; x_wconf 69' lang='lat' dir='ltr'><strong>h-</strong></span> 
     </span>
    </p>
   </div>
   <div class='ocr_carea' id='block_1_60' title="bbox 199 2139 987 2175">
    <p class='ocr_par' dir='ltr' id='par_1_60' title="bbox 199 2139 987 2175">
     <span class='ocr_line' id='line_1_60' title="bbox 199 2139 987 2175; baseline 0.009 -11"><span class='ocrx_word' id='word_1_447' title='bbox 199 2143 259 2165; x_wconf 84' lang='lat' dir='ltr'><strong>ctus</strong></span> <span class='ocrx_word' id='word_1_448' title='bbox 270 2143 310 2165; x_wconf 77' lang='lat' dir='ltr'><strong>est</strong></span> <span class='ocrx_word' id='word_1_449' title='bbox 327 2139 429 2171; x_wconf 76' lang='lat' dir='ltr'><strong>tirnms,</strong></span> <span class='ocrx_word' id='word_1_450' title='bbox 441 2145 468 2166; x_wconf 66' lang='lat' dir='ltr'><strong>et</strong></span> <span class='ocrx_word' id='word_1_451' title='bbox 480 2141 569 2169; x_wconf 77' lang='lat' dir='ltr'><strong>omnis</strong></span> <span class='ocrx_word' id='word_1_452' title='bbox 580 2142 768 2175; x_wconf 72' lang='lat' dir='ltr'><strong>pnevaricatio</strong></span> <span class='ocrx_word' id='word_1_453' title='bbox 784 2148 811 2169; x_wconf 89' lang='lat' dir='ltr'><strong>et</strong></span> <span class='ocrx_word' id='word_1_454' title='bbox 828 2144 987 2171; x_wconf 79' lang='lat' dir='ltr'><strong>inubedien—</strong></span> 
     </span>
    </p>
   </div>
   <div class='ocr_carea' id='block_1_61' title="bbox 200 2184 984 2224">
    <p class='ocr_par' dir='ltr' id='par_1_61' title="bbox 200 2184 984 2224">
     <span class='ocr_line' id='line_1_61' title="bbox 200 2184 984 2224; baseline 0.009 -15"><span class='ocrx_word' id='word_1_455' title='bbox 200 2184 244 2210; x_wconf 71' lang='lat' dir='ltr'><strong>tia:</strong></span> <span class='ocrx_word' id='word_1_456' title='bbox 264 2186 366 2218; x_wconf 78' lang='lat' dir='ltr'><strong>arcepit</strong></span> <span class='ocrx_word' id='word_1_457' title='bbox 391 2185 492 2219; x_wconf 84' lang='lat' dir='ltr'><strong>justam</strong></span> <span class='ocrx_word' id='word_1_458' title='bbox 512 2188 645 2214; x_wconf 68' lang='lat' dir='ltr'><strong>mercedis</strong></span> <span class='ocrx_word' id='word_1_459' title='bbox 670 2188 897 2221; x_wconf 85' lang='lat' dir='ltr'><strong>retributionem,</strong></span> <span class='ocrx_word' id='word_1_460' title='bbox 918 2197 984 2224; x_wconf 89' lang='lat' dir='ltr'><strong>quo-</strong></span> 
     </span>
    </p>
   </div>
   <div class='ocr_carea' id='block_1_62' title="bbox 200 2230 984 2268">
    <p class='ocr_par' dir='ltr' id='par_1_62' title="bbox 200 2230 984 2268">
     <span class='ocr_line' id='line_1_62' title="bbox 200 2230 984 2268; baseline 0.009 -12"><span class='ocrx_word' id='word_1_461' title='bbox 200 2230 280 2256; x_wconf 89' lang='lat' dir='ltr'><strong>modo</strong></span> <span class='ocrx_word' id='word_1_462' title='bbox 295 2238 343 2256; x_wconf 83' lang='lat' dir='ltr'><strong>nos</strong></span> <span class='ocrx_word' id='word_1_463' title='bbox 360 2231 528 2266; x_wconf 65' lang='lat' dir='ltr'><strong>effugiemus,</strong></span> <span class='ocrx_word' id='word_1_464' title='bbox 539 2233 559 2259; x_wconf 60' lang='lat' dir='ltr'><strong>si</strong></span> <span class='ocrx_word' id='word_1_465' title='bbox 577 2236 681 2260; x_wconf 81' lang='lat' dir='ltr'><strong>tantum</strong></span> <span class='ocrx_word' id='word_1_466' title='bbox 701 2235 898 2268; x_wconf 73' lang='lat' dir='ltr'><strong>neglexeriuuts</strong></span> <span class='ocrx_word' id='word_1_467' title='bbox 911 2236 984 2263; x_wconf 78' lang='lat' dir='ltr'><strong>salu-</strong></span> 
     </span>
    </p>
   </div>
   <div class='ocr_carea' id='block_1_63' title="bbox 1082 940 1835 983">
    <p class='ocr_par' dir='ltr' id='par_1_63' title="bbox 1082 940 1835 983">
     <span class='ocr_line' id='line_1_63' title="bbox 1082 940 1835 983; baseline -0.007 -5"><span class='ocrx_word' id='word_1_468' title='bbox 1082 950 1220 982; x_wconf 83' lang='grc' dir='ltr'>Ὠσαὺτως</span> <span class='ocrx_word' id='word_1_469' title='bbox 1235 950 1264 977; x_wconf 80' lang='grc' dir='ltr'>δὲ</span> <span class='ocrx_word' id='word_1_470' title='bbox 1285 950 1331 977; x_wconf 81' lang='grc' dir='ltr'>καὶ</span> <span class='ocrx_word' id='word_1_471' title='bbox 1348 949 1395 976; x_wconf 74' lang='grc' dir='ltr'><strong>ἐπὶ</strong></span> <span class='ocrx_word' id='word_1_472' title='bbox 1409 949 1465 975; x_wconf 82' lang='grc' dir='ltr'><strong>τῶν</strong></span> <span class='ocrx_word' id='word_1_473' title='bbox 1493 948 1632 983; x_wconf 87' lang='grc' dir='ltr'>πορνικῶν</span> <span class='ocrx_word' id='word_1_474' title='bbox 1647 946 1742 974; x_wconf 85' lang='grc' dir='ltr'>παθῶν</span> <span class='ocrx_word' id='word_1_475' title='bbox 1754 955 1762 962; x_wconf 90' lang='grc'>·</span> <span class='ocrx_word' id='word_1_476' title='bbox 1792 940 1835 973; x_wconf 60' lang='grc' dir='ltr'>καὶ</span> 
     </span>
    </p>
   </div>
   <div class='ocr_carea' id='block_1_64' title="bbox 1045 993 1834 1033">
    <p class='ocr_par' dir='ltr' id='par_1_64' title="bbox 1045 993 1834 1033">
     <span class='ocr_line' id='line_1_64' title="bbox 1045 993 1834 1033; baseline -0.006 -9"><span class='ocrx_word' id='word_1_477' title='bbox 1045 997 1131 1033; x_wconf 80' lang='grc' dir='ltr'>αὐτὴν</span> <span class='ocrx_word' id='word_1_478' title='bbox 1147 997 1201 1032; x_wconf 80' lang='grc' dir='ltr'>γὰρ</span> <span class='ocrx_word' id='word_1_479' title='bbox 1215 997 1265 1032; x_wconf 85' lang='grc' dir='ltr'>τὴν</span> <span class='ocrx_word' id='word_1_480' title='bbox 1275 997 1307 1023; x_wconf 78' lang='grc' dir='ltr'>ὲκ</span> <span class='ocrx_word' id='word_1_481' title='bbox 1320 996 1470 1031; x_wconf 77' lang='grc' dir='ltr'>περιέργου</span> <span class='ocrx_word' id='word_1_482' title='bbox 1486 994 1550 1022; x_wconf 72' lang='grc' dir='ltr'>θέαν</span> <span class='ocrx_word' id='word_1_483' title='bbox 1567 995 1613 1021; x_wconf 72' lang='grc' dir='ltr'><strong>καὶ</strong></span> <span class='ocrx_word' id='word_1_484' title='bbox 1626 994 1675 1029; x_wconf 85' lang='grc' dir='ltr'>τὴν</span> <span class='ocrx_word' id='word_1_485' title='bbox 1688 993 1716 1025; x_wconf 80' lang='grc' dir='ltr'><strong>ἐξ</strong></span> <span class='ocrx_word' id='word_1_486' title='bbox 1752 993 1834 1028; x_wconf 81' lang='grc' dir='ltr'>αὐτῆς</span> 
     </span>
    </p>
   </div>
   <div class='ocr_carea' id='block_1_65' title="bbox 1045 1039 1833 1077">
    <p class='ocr_par' dir='ltr' id='par_1_65' title="bbox 1045 1039 1833 1077">
     <span class='ocr_line' id='line_1_65' title="bbox 1045 1039 1833 1077; baseline -0.008 -8"><span class='ocrx_word' id='word_1_487' title='bbox 1045 1042 1196 1077; x_wconf 75' lang='grc' dir='ltr'>ἐπιθυμίαν</span> <span class='ocrx_word' id='word_1_488' title='bbox 1213 1043 1242 1069; x_wconf 79' lang='grc' dir='ltr'>ὲν</span> <span class='ocrx_word' id='word_1_489' title='bbox 1272 1041 1374 1077; x_wconf 79' lang='grc' dir='ltr'>καρδίᾳ</span> <span class='ocrx_word' id='word_1_490' title='bbox 1394 1039 1519 1075; x_wconf 83' lang='grc' dir='ltr'>μοιχείαν</span> <span class='ocrx_word' id='word_1_491' title='bbox 1548 1039 1632 1066; x_wconf 81' lang='grc' dir='ltr'>οὖσαν</span> <span class='ocrx_word' id='word_1_492' title='bbox 1657 1039 1833 1073; x_wconf 50' lang='lat' dir='ltr'><strong>amoma-rw</strong></span> 
     </span>
    </p>
   </div>
   <div class='ocr_carea' id='block_1_66' title="bbox 1045 1086 1835 1124">
    <p class='ocr_par' dir='ltr' id='par_1_66' title="bbox 1045 1086 1835 1124">
     <span class='ocr_line' id='line_1_66' title="bbox 1045 1086 1835 1124; baseline -0.005 -8"><span class='ocrx_word' id='word_1_493' title='bbox 1045 1089 1092 1116; x_wconf 76' lang='grc' dir='ltr'>καὶ</span> <span class='ocrx_word' id='word_1_494' title='bbox 1107 1089 1322 1124; x_wconf 81' lang='grc' dir='ltr'>καθολικώτερον</span> <span class='ocrx_word' id='word_1_495' title='bbox 1342 1087 1395 1121; x_wconf 75' lang='grc' dir='ltr'>ίέτι</span> <span class='ocrx_word' id='word_1_496' title='bbox 1419 1087 1484 1122; x_wconf 75' lang='grc' dir='ltr'>περὶ</span> <span class='ocrx_word' id='word_1_497' title='bbox 1512 1086 1615 1114; x_wconf 83' lang='grc' dir='ltr'>τούτων</span> <span class='ocrx_word' id='word_1_498' title='bbox 1642 1086 1835 1122; x_wconf 71' lang='grc' dir='ltr'>διαλαμῆάνων</span> 
     </span>
    </p>
   </div>
   <div class='ocr_carea' id='block_1_67' title="bbox 1045 1133 1834 1170">
    <p class='ocr_par' dir='ltr' id='par_1_67' title="bbox 1045 1133 1834 1170">
     <span class='ocr_line' id='line_1_67' title="bbox 1045 1133 1834 1170; baseline -0.004 -8"><span class='ocrx_word' id='word_1_499' title='bbox 1045 1136 1127 1170; x_wconf 83' lang='grc' dir='ltr'>φησίν</span> <span class='ocrx_word' id='word_1_500' title='bbox 1138 1143 1144 1150; x_wconf 90' lang='grc'>·</span> <span class='ocrx_word' id='word_1_501' title='bbox 1170 1145 1178 1162; x_wconf 79' lang='grc' dir='ltr'><strong>ι</strong></span> <span class='ocrx_word' id='word_1_502' title='bbox 1195 1135 1226 1162; x_wconf 83' lang='grc' dir='ltr'><strong>Εἰ</strong></span> <span class='ocrx_word' id='word_1_503' title='bbox 1237 1135 1267 1162; x_wconf 82' lang='grc' dir='ltr'><strong>τὺ</strong></span> <span class='ocrx_word' id='word_1_504' title='bbox 1288 1135 1345 1169; x_wconf 79' lang='grc' dir='ltr'><strong>φῶς</strong></span> <span class='ocrx_word' id='word_1_505' title='bbox 1356 1134 1385 1161; x_wconf 86' lang='grc' dir='ltr'><strong>τὺ</strong></span> <span class='ocrx_word' id='word_1_506' title='bbox 1405 1135 1433 1161; x_wconf 84' lang='grc' dir='ltr'>ὲν</span> <span class='ocrx_word' id='word_1_507' title='bbox 1454 1134 1506 1163; x_wconf 76' lang='grc' dir='ltr'>σοὶ.</span> <span class='ocrx_word' id='word_1_508' title='bbox 1521 1134 1663 1160; x_wconf 82' lang='grc' dir='ltr'>τουτέστιν</span> <span class='ocrx_word' id='word_1_509' title='bbox 1675 1134 1689 1159; x_wconf 81' lang='grc' dir='ltr'><strong>ὁ</strong></span> <span class='ocrx_word' id='word_1_510' title='bbox 1700 1133 1764 1164; x_wconf 82' lang='grc' dir='ltr'>νοῦς</span> <span class='ocrx_word' id='word_1_511' title='bbox 1792 1133 1834 1159; x_wconf 71' lang='grc' dir='ltr'>καὶ</span> 
     </span>
    </p>
   </div>
   <div class='ocr_carea' id='block_1_68' title="bbox 1044 1179 1836 1216">
    <p class='ocr_par' dir='ltr' id='par_1_68' title="bbox 1044 1179 1836 1216">
     <span class='ocr_line' id='line_1_68' title="bbox 1044 1179 1836 1216; baseline -0.004 -8"><span class='ocrx_word' id='word_1_512' title='bbox 1044 1182 1189 1216; x_wconf 85' lang='grc' dir='ltr'>ήδιάνοια.</span> <span class='ocrx_word' id='word_1_513' title='bbox 1203 1181 1300 1211; x_wconf 83' lang='grc' dir='ltr'>σκότος</span> <span class='ocrx_word' id='word_1_514' title='bbox 1325 1181 1393 1212; x_wconf 76' lang='grc' dir='ltr'>ἐστὶ,</span> <span class='ocrx_word' id='word_1_515' title='bbox 1421 1180 1477 1206; x_wconf 86' lang='grc' dir='ltr'><strong>τῶν</strong></span> <span class='ocrx_word' id='word_1_516' title='bbox 1504 1179 1641 1213; x_wconf 81' lang='grc' dir='ltr'>ἀλαμπῶν</span> <span class='ocrx_word' id='word_1_517' title='bbox 1678 1179 1836 1214; x_wconf 83' lang='grc' dir='ltr'>προσὸολῶν</span> 
     </span>
    </p>
   </div>
   <div class='ocr_carea' id='block_1_69' title="bbox 1044 1225 1836 1261">
    <p class='ocr_par' dir='ltr' id='par_1_69' title="bbox 1044 1225 1836 1261">
     <span class='ocr_line' id='line_1_69' title="bbox 1044 1225 1836 1261; baseline -0.004 -7"><span class='ocrx_word' id='word_1_518' title='bbox 1044 1228 1098 1254; x_wconf 87' lang='grc' dir='ltr'><strong>τῶν</strong></span> <span class='ocrx_word' id='word_1_519' title='bbox 1112 1227 1251 1261; x_wconf 82' lang='grc' dir='ltr'>ἀρχόντων</span> <span class='ocrx_word' id='word_1_520' title='bbox 1265 1226 1309 1254; x_wconf 84' lang='grc' dir='ltr'>τοῦ</span> <span class='ocrx_word' id='word_1_521' title='bbox 1324 1226 1438 1258; x_wconf 78' lang='grc' dir='ltr'>σκότους</span> <span class='ocrx_word' id='word_1_522' title='bbox 1453 1226 1585 1260; x_wconf 83' lang='grc' dir='ltr'>γέμοντα,</span> <span class='ocrx_word' id='word_1_523' title='bbox 1603 1226 1678 1261; x_wconf 77' lang='grc' dir='ltr'>πόσῳ</span> <span class='ocrx_word' id='word_1_524' title='bbox 1696 1226 1798 1260; x_wconf 83' lang='grc' dir='ltr'>μᾶλλον</span> <span class='ocrx_word' id='word_1_525' title='bbox 1809 1225 1836 1252; x_wconf 77' lang='grc' dir='ltr'>τὸ</span> 
     </span>
    </p>
   </div>
   <div class='ocr_carea' id='block_1_70' title="bbox 1045 1270 1835 1306">
    <p class='ocr_par' dir='ltr' id='par_1_70' title="bbox 1045 1270 1835 1306">
     <span class='ocr_line' id='line_1_70' title="bbox 1045 1270 1835 1306; baseline -0.003 -8"><span class='ocrx_word' id='word_1_526' title='bbox 1045 1272 1160 1304; x_wconf 54' lang='lat' dir='ltr'><strong>cit/110;;</strong></span> <span class='ocrx_word' id='word_1_527' title='bbox 1181 1281 1190 1298; x_wconf 70' lang='grc' dir='ltr'><strong>ι</strong></span> <span class='ocrx_word' id='word_1_528' title='bbox 1208 1271 1309 1306; x_wconf 83' lang='grc' dir='ltr'>δηλαδὴ</span> <span class='ocrx_word' id='word_1_529' title='bbox 1322 1271 1352 1297; x_wconf 86' lang='grc' dir='ltr'>τὸ</span> <span class='ocrx_word' id='word_1_530' title='bbox 1364 1271 1445 1306; x_wconf 89' lang='grc' dir='ltr'>σῶμα</span> <span class='ocrx_word' id='word_1_531' title='bbox 1472 1271 1519 1297; x_wconf 80' lang='grc' dir='ltr'>καὶ</span> <span class='ocrx_word' id='word_1_532' title='bbox 1535 1271 1551 1306; x_wconf 84' lang='grc' dir='ltr'>ὴ</span> <span class='ocrx_word' id='word_1_533' title='bbox 1577 1270 1718 1305; x_wconf 77' lang='grc' dir='ltr'>αἴσθησις,</span> <span class='ocrx_word' id='word_1_534' title='bbox 1758 1270 1835 1297; x_wconf 65' lang='lat' dir='ltr'><strong>arma.</strong></span> 
     </span>
    </p>
   </div>
   <div class='ocr_carea' id='block_1_71' title="bbox 1045 1317 1835 1353">
    <p class='ocr_par' dir='ltr' id='par_1_71' title="bbox 1045 1317 1835 1353">
     <span class='ocr_line' id='line_1_71' title="bbox 1045 1317 1835 1353; baseline 0.001 -9"><span class='ocrx_word' id='word_1_535' title='bbox 1045 1319 1110 1352; x_wconf 80' lang='grc' dir='ltr'>παρ’</span> <span class='ocrx_word' id='word_1_536' title='bbox 1124 1318 1228 1345; x_wconf 80' lang='grc' dir='ltr'>ἑαυτῶν</span> <span class='ocrx_word' id='word_1_537' title='bbox 1244 1318 1295 1345; x_wconf 85' lang='grc' dir='ltr'>οὑκ</span> <span class='ocrx_word' id='word_1_538' title='bbox 1311 1318 1370 1353; x_wconf 75' lang='grc' dir='ltr'>ἔχει</span> <span class='ocrx_word' id='word_1_539' title='bbox 1387 1318 1489 1352; x_wconf 77' lang='grc' dir='ltr'>φέγγος</span> <span class='ocrx_word' id='word_1_540' title='bbox 1506 1317 1610 1352; x_wconf 75' lang='grc' dir='ltr'>νοερὸν,</span> <span class='ocrx_word' id='word_1_541' title='bbox 1630 1318 1794 1352; x_wconf 75' lang='grc' dir='ltr'>γεννητικὸν</span> <span class='ocrx_word' id='word_1_542' title='bbox 1806 1319 1835 1345; x_wconf 74' lang='grc' dir='ltr'><strong>ᾶ-</strong></span> 
     </span>
    </p>
   </div>
   <div class='ocr_carea' id='block_1_72' title="bbox 1043 1363 1836 1398">
    <p class='ocr_par' dir='ltr' id='par_1_72' title="bbox 1043 1363 1836 1398">
     <span class='ocr_line' id='line_1_72' title="bbox 1043 1363 1836 1398; baseline 0.001 -9"><span class='ocrx_word' id='word_1_543' title='bbox 1043 1363 1156 1398; x_wconf 82' lang='grc' dir='ltr'>ληθείας</span> <span class='ocrx_word' id='word_1_544' title='bbox 1171 1373 1201 1390; x_wconf 83' lang='grc' dir='ltr'><strong>τε</strong></span> <span class='ocrx_word' id='word_1_545' title='bbox 1216 1364 1264 1391; x_wconf 69' lang='grc' dir='ltr'><strong>κα)⁸</strong></span> <span class='ocrx_word' id='word_1_546' title='bbox 1280 1364 1428 1396; x_wconf 83' lang='grc' dir='ltr'>ἀπαθείας.</span> <span class='ocrx_word' id='word_1_547' title='bbox 1448 1363 1511 1390; x_wconf 79' lang='grc' dir='ltr'><strong>Ἐὰν</strong></span> <span class='ocrx_word' id='word_1_548' title='bbox 1526 1364 1596 1390; x_wconf 79' lang='grc' dir='ltr'>δὲτὸ</span> <span class='ocrx_word' id='word_1_549' title='bbox 1609 1365 1638 1390; x_wconf 84' lang='grc' dir='ltr'>ὲν</span> <span class='ocrx_word' id='word_1_550' title='bbox 1659 1365 1701 1390; x_wconf 79' lang='grc' dir='ltr'>σοὶ</span> <span class='ocrx_word' id='word_1_551' title='bbox 1717 1364 1778 1398; x_wconf 76' lang='grc' dir='ltr'>φῶς</span> <span class='ocrx_word' id='word_1_552' title='bbox 1789 1373 1836 1390; x_wconf 86' lang='grc' dir='ltr'>κα-</span> 
     </span>
    </p>
   </div>
   <div class='ocr_carea' id='block_1_73' title="bbox 1044 1408 1835 1446">
    <p class='ocr_par' dir='ltr' id='par_1_73' title="bbox 1044 1408 1835 1446">
     <span class='ocr_line' id='line_1_73' title="bbox 1044 1408 1835 1446; baseline 0.001 -11"><span class='ocrx_word' id='word_1_553' title='bbox 1044 1409 1125 1443; x_wconf 72' lang='grc' dir='ltr'>θαρδν</span> <span class='ocrx_word' id='word_1_554' title='bbox 1139 1408 1167 1446; x_wconf 85' lang='grc' dir='ltr'><strong>ᾗ.</strong></span> <span class='ocrx_word' id='word_1_555' title='bbox 1200 1410 1256 1436; x_wconf 84' lang='grc' dir='ltr'><strong>τῶν</strong></span> <span class='ocrx_word' id='word_1_556' title='bbox 1276 1410 1415 1443; x_wconf 82' lang='grc' dir='ltr'>σαρκικῶν</span> <span class='ocrx_word' id='word_1_557' title='bbox 1442 1410 1629 1443; x_wconf 80' lang='grc' dir='ltr'>φρονημάτων</span> <span class='ocrx_word' id='word_1_558' title='bbox 1645 1409 1696 1437; x_wconf 86' lang='grc' dir='ltr'>οὒκ</span> <span class='ocrx_word' id='word_1_559' title='bbox 1720 1410 1835 1437; x_wconf 76' lang='grc' dir='ltr'>ἐπισκο-</span> 
     </span>
    </p>
   </div>
   <div class='ocr_carea' id='block_1_74' title="bbox 1042 1456 1836 1491">
    <p class='ocr_par' dir='ltr' id='par_1_74' title="bbox 1042 1456 1836 1491">
     <span class='ocr_line' id='line_1_74' title="bbox 1042 1456 1836 1491; baseline 0.003 -9"><span class='ocrx_word' id='word_1_560' title='bbox 1042 1456 1171 1489; x_wconf 84' lang='grc' dir='ltr'>τούντων,</span> <span class='ocrx_word' id='word_1_561' title='bbox 1186 1456 1235 1491; x_wconf 75' lang='grc' dir='ltr'><strong>ἔσῃ</strong></span> <span class='ocrx_word' id='word_1_562' title='bbox 1253 1458 1386 1491; x_wconf 77' lang='grc' dir='ltr'>φωτεινὸς</span> <span class='ocrx_word' id='word_1_563' title='bbox 1397 1456 1469 1484; x_wconf 85' lang='grc' dir='ltr'><strong>κατά</strong></span> <span class='ocrx_word' id='word_1_564' title='bbox 1484 1457 1573 1491; x_wconf 81' lang='grc' dir='ltr'>ψυχὴν</span> <span class='ocrx_word' id='word_1_565' title='bbox 1603 1457 1684 1489; x_wconf 79' lang='grc' dir='ltr'>ὅλως,</span> <span class='ocrx_word' id='word_1_566' title='bbox 1700 1456 1737 1488; x_wconf 82' lang='grc' dir='ltr'>ὡς</span> <span class='ocrx_word' id='word_1_567' title='bbox 1773 1457 1836 1484; x_wconf 85' lang='grc' dir='ltr'>ὅταν</span> 
     </span>
    </p>
   </div>
   <div class='ocr_carea' id='block_1_75' title="bbox 1043 1501 1836 1538">
    <p class='ocr_par' dir='ltr' id='par_1_75' title="bbox 1043 1501 1836 1538">
     <span class='ocr_line' id='line_1_75' title="bbox 1043 1501 1836 1538; baseline -0.001 -9"><span class='ocrx_word' id='word_1_568' title='bbox 1043 1501 1163 1536; x_wconf 79' lang='grc' dir='ltr'>ὁλύχνος</span> <span class='ocrx_word' id='word_1_569' title='bbox 1178 1504 1211 1537; x_wconf 83' lang='grc' dir='ltr'>τῇ</span> <span class='ocrx_word' id='word_1_570' title='bbox 1229 1503 1357 1538; x_wconf 83' lang='grc' dir='ltr'>ἀστραπῇ</span> <span class='ocrx_word' id='word_1_571' title='bbox 1392 1503 1500 1538; x_wconf 78' lang='grc' dir='ltr'>φωτίζῃ</span> <span class='ocrx_word' id='word_1_572' title='bbox 1513 1511 1554 1530; x_wconf 92' lang='grc' dir='ltr'>σε.</span> <span class='ocrx_word' id='word_1_573' title='bbox 1590 1502 1713 1537; x_wconf 83' lang='grc' dir='ltr'>Τοιαύτη</span> <span class='ocrx_word' id='word_1_574' title='bbox 1747 1503 1764 1538; x_wconf 84' lang='grc' dir='ltr'>ἡ</span> <span class='ocrx_word' id='word_1_575' title='bbox 1787 1503 1836 1537; x_wconf 81' lang='grc' dir='ltr'>τῆς</span> 
     </span>
    </p>
   </div>
   <div class='ocr_carea' id='block_1_76' title="bbox 1043 1546 1836 1585">
    <p class='ocr_par' dir='ltr' id='par_1_76' title="bbox 1043 1546 1836 1585">
     <span class='ocr_line' id='line_1_76' title="bbox 1043 1546 1836 1585; baseline 0.001 -11"><span class='ocrx_word' id='word_1_576' title='bbox 1043 1548 1158 1582; x_wconf 83' lang='grc' dir='ltr'>καρδίας</span> <span class='ocrx_word' id='word_1_577' title='bbox 1172 1549 1200 1574; x_wconf 81' lang='grc' dir='ltr'>ὲν</span> <span class='ocrx_word' id='word_1_578' title='bbox 1215 1548 1355 1583; x_wconf 81' lang='grc' dir='ltr'>πνεύματι</span> <span class='ocrx_word' id='word_1_579' title='bbox 1383 1549 1531 1583; x_wconf 81' lang='grc' dir='ltr'>περιτομὴ,</span> <span class='ocrx_word' id='word_1_580' title='bbox 1559 1548 1594 1575; x_wconf 81' lang='grc' dir='ltr'>δι’</span> <span class='ocrx_word' id='word_1_581' title='bbox 1617 1546 1651 1585; x_wconf 83' lang='grc' dir='ltr'>ἧς</span> <span class='ocrx_word' id='word_1_582' title='bbox 1675 1549 1836 1585; x_wconf 71' lang='grc' dir='ltr'>ἐπλήρωσεν</span> 
     </span>
    </p>
   </div>
   <div class='ocr_carea' id='block_1_77' title="bbox 1042 1593 1836 1631">
    <p class='ocr_par' dir='ltr' id='par_1_77' title="bbox 1042 1593 1836 1631">
     <span class='ocr_line' id='line_1_77' title="bbox 1042 1593 1836 1631; baseline 0.003 -11"><span class='ocrx_word' id='word_1_583' title='bbox 1042 1595 1056 1620; x_wconf 82' lang='grc' dir='ltr'>ὀ</span> <span class='ocrx_word' id='word_1_584' title='bbox 1068 1594 1169 1629; x_wconf 80' lang='grc' dir='ltr'>Κύριος</span> <span class='ocrx_word' id='word_1_585' title='bbox 1183 1593 1232 1629; x_wconf 82' lang='grc' dir='ltr'>τὴν</span> <span class='ocrx_word' id='word_1_586' title='bbox 1248 1595 1318 1620; x_wconf 87' lang='grc' dir='ltr'><strong>κατά</strong></span> <span class='ocrx_word' id='word_1_587' title='bbox 1333 1595 1416 1629; x_wconf 89' lang='grc' dir='ltr'>νόμον</span> <span class='ocrx_word' id='word_1_588' title='bbox 1430 1596 1459 1621; x_wconf 78' lang='grc' dir='ltr'>ὲν</span> <span class='ocrx_word' id='word_1_589' title='bbox 1474 1596 1557 1630; x_wconf 80' lang='grc' dir='ltr'>σαρκὶ</span> <span class='ocrx_word' id='word_1_590' title='bbox 1581 1595 1745 1631; x_wconf 77' lang='grc' dir='ltr'>περιτομὴν,</span> <span class='ocrx_word' id='word_1_591' title='bbox 1776 1597 1836 1631; x_wconf 83' lang='grc' dir='ltr'>ἥτις</span> 
     </span>
    </p>
   </div>
   <div class='ocr_carea' id='block_1_78' title="bbox 1042 1639 1836 1676">
    <p class='ocr_par' dir='ltr' id='par_1_78' title="bbox 1042 1639 1836 1676">
     <span class='ocr_line' id='line_1_78' title="bbox 1042 1639 1836 1676; baseline 0.004 -10"><span class='ocrx_word' id='word_1_592' title='bbox 1042 1639 1121 1674; x_wconf 75' lang='grc' dir='ltr'>ἐδόθη</span> <span class='ocrx_word' id='word_1_593' title='bbox 1133 1641 1189 1671; x_wconf 81' lang='grc' dir='ltr'>τοῖς</span> <span class='ocrx_word' id='word_1_594' title='bbox 1211 1640 1349 1671; x_wconf 85' lang='grc' dir='ltr'>Ἰουδαίοις</span> <span class='ocrx_word' id='word_1_595' title='bbox 1363 1640 1402 1672; x_wconf 87' lang='grc' dir='ltr'><strong>ὡς</strong></span> <span class='ocrx_word' id='word_1_596' title='bbox 1439 1641 1548 1676; x_wconf 72' lang='grc' dir='ltr'>ἐκείνην</span> <span class='ocrx_word' id='word_1_597' title='bbox 1576 1642 1758 1676; x_wconf 84' lang='grc' dir='ltr'>σημαίνουσα,</span> <span class='ocrx_word' id='word_1_598' title='bbox 1789 1644 1836 1669; x_wconf 79' lang='grc' dir='ltr'>καὶ</span> 
     </span>
    </p>
   </div>
   <div class='ocr_carea' id='block_1_79' title="bbox 1042 1685 1836 1723">
    <p class='ocr_par' dir='ltr' id='par_1_79' title="bbox 1042 1685 1836 1723">
     <span class='ocr_line' id='line_1_79' title="bbox 1042 1685 1836 1723; baseline 0.004 -12"><span class='ocrx_word' id='word_1_599' title='bbox 1042 1685 1110 1720; x_wconf 68' lang='grc' dir='ltr'>προς</span> <span class='ocrx_word' id='word_1_600' title='bbox 1125 1685 1232 1720; x_wconf 84' lang='grc' dir='ltr'>ὲκείνην</span> <span class='ocrx_word' id='word_1_601' title='bbox 1249 1686 1394 1719; x_wconf 81' lang='grc' dir='ltr'>ἐνάγουσα,</span> <span class='ocrx_word' id='word_1_602' title='bbox 1425 1687 1463 1721; x_wconf 85' lang='grc' dir='ltr'>μὴ</span> <span class='ocrx_word' id='word_1_603' title='bbox 1489 1687 1646 1722; x_wconf 81' lang='grc' dir='ltr'>κτήσασθαι</span> <span class='ocrx_word' id='word_1_604' title='bbox 1680 1688 1710 1714; x_wconf 79' lang='grc' dir='ltr'>δὲ</span> <span class='ocrx_word' id='word_1_605' title='bbox 1733 1687 1836 1723; x_wconf 83' lang='grc' dir='ltr'>ταύτην</span> 
     </span>
    </p>
   </div>
   <div class='ocr_carea' id='block_1_80' title="bbox 1042 1731 1834 1769">
    <p class='ocr_par' dir='ltr' id='par_1_80' title="bbox 1042 1731 1834 1769">
     <span class='ocr_line' id='line_1_80' title="bbox 1042 1731 1834 1769; baseline 0.005 -12"><span class='ocrx_word' id='word_1_606' title='bbox 1042 1731 1265 1764; x_wconf 75' lang='grc' dir='ltr'>σπουδασάντων,</span> <span class='ocrx_word' id='word_1_607' title='bbox 1291 1732 1308 1767; x_wconf 86' lang='grc' dir='ltr'>ἡ</span> <span class='ocrx_word' id='word_1_608' title='bbox 1337 1732 1487 1768; x_wconf 79' lang='grc' dir='ltr'>περιτομὴ,</span> <span class='ocrx_word' id='word_1_609' title='bbox 1517 1733 1590 1760; x_wconf 76' lang='grc' dir='ltr'>καθά</span> <span class='ocrx_word' id='word_1_610' title='bbox 1619 1742 1688 1769; x_wconf 84' lang='grc' dir='ltr'>φησι</span> <span class='ocrx_word' id='word_1_611' title='bbox 1716 1734 1834 1767; x_wconf 79' lang='grc' dir='ltr'>Παῦλος,</span> 
     </span>
    </p>
   </div>
   <div class='ocr_carea' id='block_1_81' title="bbox 1040 1775 1833 1815">
    <p class='ocr_par' dir='ltr' id='par_1_81' title="bbox 1040 1775 1833 1815">
     <span class='ocr_line' id='line_1_81' title="bbox 1040 1775 1833 1815; baseline 0.004 -12"><span class='ocrx_word' id='word_1_612' title='bbox 1040 1775 1130 1803; x_wconf 72' lang='grc' dir='ltr'>αὐτῶν</span> <span class='ocrx_word' id='word_1_613' title='bbox 1147 1776 1316 1812; x_wconf 74' lang='grc' dir='ltr'>ἀκροϐυστία</span> <span class='ocrx_word' id='word_1_614' title='bbox 1344 1777 1459 1812; x_wconf 83' lang='grc' dir='ltr'>γέγονε,</span> <span class='ocrx_word' id='word_1_615' title='bbox 1491 1779 1537 1805; x_wconf 80' lang='grc' dir='ltr'>καὶ</span> <span class='ocrx_word' id='word_1_616' title='bbox 1566 1779 1833 1815; x_wconf 81' lang='grc' dir='ltr'>ἁπηλλοτριώθησαν</span> 
     </span>
    </p>
   </div>
   <div class='ocr_carea' id='block_1_82' title="bbox 1040 1821 1836 1859">
    <p class='ocr_par' dir='ltr' id='par_1_82' title="bbox 1040 1821 1836 1859">
     <span class='ocr_line' id='line_1_82' title="bbox 1040 1821 1836 1859; baseline 0.004 -10"><span class='ocrx_word' id='word_1_617' title='bbox 1040 1821 1088 1849; x_wconf 78' lang='grc' dir='ltr'><strong>τοῦ</strong></span> <span class='ocrx_word' id='word_1_618' title='bbox 1104 1822 1141 1858; x_wconf 82' lang='grc' dir='ltr'>μὴ</span> <span class='ocrx_word' id='word_1_619' title='bbox 1159 1822 1302 1858; x_wconf 75' lang='grc' dir='ltr'>βλέποντος</span> <span class='ocrx_word' id='word_1_620' title='bbox 1316 1823 1356 1855; x_wconf 86' lang='grc' dir='ltr'><strong>είς</strong></span> <span class='ocrx_word' id='word_1_621' title='bbox 1370 1824 1517 1859; x_wconf 81' lang='grc' dir='ltr'>πρόσωπον</span> <span class='ocrx_word' id='word_1_622' title='bbox 1541 1824 1621 1858; x_wconf 79' lang='grc' dir='ltr'>Θεοῦ,</span> <span class='ocrx_word' id='word_1_623' title='bbox 1640 1825 1781 1852; x_wconf 75' lang='grc' dir='ltr'>τουτέστιν</span> <span class='ocrx_word' id='word_1_624' title='bbox 1796 1827 1836 1857; x_wconf 85' lang='grc' dir='ltr'>εἰς</span> 
     </span>
    </p>
   </div>
   <div class='ocr_carea' id='block_1_83' title="bbox 1040 1869 1835 1907">
    <p class='ocr_par' dir='ltr' id='par_1_83' title="bbox 1040 1869 1835 1907">
     <span class='ocr_line' id='line_1_83' title="bbox 1040 1869 1835 1907; baseline 0.001 -11"><span class='ocrx_word' id='word_1_625' title='bbox 1040 1869 1075 1897; x_wconf 65' lang='grc' dir='ltr'><strong>τὰ</strong></span> <span class='ocrx_word' id='word_1_626' title='bbox 1092 1871 1196 1906; x_wconf 81' lang='grc' dir='ltr'>φανερά</span> <span class='ocrx_word' id='word_1_627' title='bbox 1214 1870 1262 1905; x_wconf 86' lang='grc' dir='ltr'>τῆς</span> <span class='ocrx_word' id='word_1_628' title='bbox 1277 1870 1380 1906; x_wconf 76' lang='grc' dir='ltr'>σαρκὸς</span> <span class='ocrx_word' id='word_1_629' title='bbox 1402 1870 1588 1906; x_wconf 84' lang='grc' dir='ltr'>δικαιώματα,</span> <span class='ocrx_word' id='word_1_630' title='bbox 1620 1871 1690 1897; x_wconf 83' lang='grc' dir='ltr'>ἀλλὰ</span> <span class='ocrx_word' id='word_1_631' title='bbox 1716 1872 1756 1902; x_wconf 82' lang='grc' dir='ltr'><strong>είς</strong></span> <span class='ocrx_word' id='word_1_632' title='bbox 1784 1872 1835 1907; x_wconf 80' lang='grc' dir='ltr'>τὴν</span> 
     </span>
    </p>
   </div>
   <div class='ocr_carea' id='block_1_84' title="bbox 1040 1917 1833 1953">
    <p class='ocr_par' dir='ltr' id='par_1_84' title="bbox 1040 1917 1833 1953">
     <span class='ocr_line' id='line_1_84' title="bbox 1040 1917 1833 1953; baseline -0.001 -9"><span class='ocrx_word' id='word_1_633' title='bbox 1040 1917 1153 1952; x_wconf 79' lang='grc' dir='ltr'>καρδίαν</span> <span class='ocrx_word' id='word_1_634' title='bbox 1166 1917 1285 1952; x_wconf 82' lang='grc' dir='ltr'>ὁρῶντος</span> <span class='ocrx_word' id='word_1_635' title='bbox 1301 1937 1309 1950; x_wconf 89' lang='grc'><strong>,</strong></span> <span class='ocrx_word' id='word_1_636' title='bbox 1326 1918 1366 1948; x_wconf 83' lang='grc' dir='ltr'><strong>είς</strong></span> <span class='ocrx_word' id='word_1_637' title='bbox 1379 1917 1414 1944; x_wconf 73' lang='grc' dir='ltr'><strong>τὰ</strong></span> <span class='ocrx_word' id='word_1_638' title='bbox 1427 1917 1519 1952; x_wconf 85' lang='grc' dir='ltr'>ἀφανῆ</span> <span class='ocrx_word' id='word_1_639' title='bbox 1535 1917 1636 1952; x_wconf 85' lang='grc' dir='ltr'>δηλαδὴ</span> <span class='ocrx_word' id='word_1_640' title='bbox 1663 1918 1712 1944; x_wconf 84' lang='grc' dir='ltr'>καὶ</span> <span class='ocrx_word' id='word_1_641' title='bbox 1729 1918 1833 1953; x_wconf 80' lang='grc' dir='ltr'>ὲνήμῐν</span> 
     </span>
    </p>
   </div>
   <div class='ocr_carea' id='block_1_85' title="bbox 1039 1964 1406 1998">
    <p class='ocr_par' dir='ltr' id='par_1_85' title="bbox 1039 1964 1406 1998">
     <span class='ocr_line' id='line_1_85' title="bbox 1039 1964 1406 1998; baseline 0 -8"><span class='ocrx_word' id='word_1_642' title='bbox 1039 1964 1093 1990; x_wconf 86' lang='grc' dir='ltr'><strong>τῶν</strong></span> <span class='ocrx_word' id='word_1_643' title='bbox 1105 1964 1245 1998; x_wconf 75' lang='grc' dir='ltr'>λογισμῶν</span> <span class='ocrx_word' id='word_1_644' title='bbox 1256 1964 1406 1998; x_wconf 81' lang='grc' dir='ltr'>κινήματα.</span> 
     </span>
    </p>
   </div>
   <div class='ocr_carea' id='block_1_86' title="bbox 1076 2009 1833 2045">
    <p class='ocr_par' dir='ltr' id='par_1_86' title="bbox 1076 2009 1833 2045">
     <span class='ocr_line' id='line_1_86' title="bbox 1076 2009 1833 2045; baseline 0 -9"><span class='ocrx_word' id='word_1_645' title='bbox 1076 2010 1256 2045; x_wconf 75' lang='grc' dir='ltr'>Προσέχωμεν</span> <span class='ocrx_word' id='word_1_646' title='bbox 1270 2009 1317 2036; x_wconf 78' lang='grc' dir='ltr'>οὖν</span> <span class='ocrx_word' id='word_1_647' title='bbox 1331 2009 1377 2036; x_wconf 76' lang='grc' dir='ltr'>καὶ</span> <span class='ocrx_word' id='word_1_648' title='bbox 1391 2009 1483 2044; x_wconf 80' lang='grc' dir='ltr'>ἡμεῖς,</span> <span class='ocrx_word' id='word_1_649' title='bbox 1513 2009 1635 2044; x_wconf 76' lang='grc' dir='ltr'>ἀδελφοὶ,</span> <span class='ocrx_word' id='word_1_650' title='bbox 1667 2010 1833 2045; x_wconf 80' lang='grc' dir='ltr'>παρακαλῶ,</span> 
     </span>
    </p>
   </div>
   <div class='ocr_carea' id='block_1_87' title="bbox 1039 2055 1832 2091">
    <p class='ocr_par' dir='ltr' id='par_1_87' title="bbox 1039 2055 1832 2091">
     <span class='ocr_line' id='line_1_87' title="bbox 1039 2055 1832 2091; baseline 0.001 -9"><span class='ocrx_word' id='word_1_651' title='bbox 1039 2056 1085 2082; x_wconf 78' lang='grc' dir='ltr'>καὶ</span> <span class='ocrx_word' id='word_1_652' title='bbox 1099 2055 1266 2090; x_wconf 86' lang='grc' dir='ltr'>καθάρωμεν</span> <span class='ocrx_word' id='word_1_653' title='bbox 1277 2056 1330 2082; x_wconf 74' lang='grc' dir='ltr'><strong>ἀπὺ</strong></span> <span class='ocrx_word' id='word_1_654' title='bbox 1346 2055 1449 2087; x_wconf 79' lang='grc' dir='ltr'>παντὸς</span> <span class='ocrx_word' id='word_1_655' title='bbox 1481 2055 1622 2091; x_wconf 83' lang='grc' dir='ltr'>μολυσμοῦ</span> <span class='ocrx_word' id='word_1_656' title='bbox 1652 2059 1702 2088; x_wconf 75' lang='grc' dir='ltr'>τὰς</span> <span class='ocrx_word' id='word_1_657' title='bbox 1726 2056 1832 2083; x_wconf 77' lang='grc' dir='ltr'>ἑαυτῶν</span> 
     </span>
    </p>
   </div>
   <div class='ocr_carea' id='block_1_88' title="bbox 1038 2101 1830 2137">
    <p class='ocr_par' dir='ltr' id='par_1_88' title="bbox 1038 2101 1830 2137">
     <span class='ocr_line' id='line_1_88' title="bbox 1038 2101 1830 2137; baseline 0.001 -10"><span class='ocrx_word' id='word_1_658' title='bbox 1038 2101 1162 2136; x_wconf 84' lang='grc' dir='ltr'>καρδίας,</span> <span class='ocrx_word' id='word_1_659' title='bbox 1180 2102 1226 2128; x_wconf 80' lang='grc' dir='ltr'><strong>ἵνα</strong></span> <span class='ocrx_word' id='word_1_660' title='bbox 1241 2101 1279 2137; x_wconf 86' lang='grc' dir='ltr'>μὴ</span> <span class='ocrx_word' id='word_1_661' title='bbox 1295 2102 1353 2134; x_wconf 84' lang='grc' dir='ltr'>τοῖς</span> <span class='ocrx_word' id='word_1_662' title='bbox 1368 2101 1578 2136; x_wconf 81' lang='grc' dir='ltr'>κατακριθεῖσιν</span> <span class='ocrx_word' id='word_1_663' title='bbox 1607 2101 1725 2134; x_wconf 73' lang='grc' dir='ltr'>ἐκείνοις</span> <span class='ocrx_word' id='word_1_664' title='bbox 1758 2110 1830 2137; x_wconf 86' lang='grc' dir='ltr'>συμ-</span> 
     </span>
    </p>
   </div>
   <div class='ocr_carea' id='block_1_89' title="bbox 1037 2147 1832 2184">
    <p class='ocr_par' dir='ltr' id='par_1_89' title="bbox 1037 2147 1832 2184">
     <span class='ocr_line' id='line_1_89' title="bbox 1037 2147 1832 2184; baseline -0.001 -10"><span class='ocrx_word' id='word_1_665' title='bbox 1037 2148 1260 2183; x_wconf 77' lang='grc' dir='ltr'>παραρρυῶμεν’</span> <span class='ocrx_word' id='word_1_666' title='bbox 1277 2149 1301 2175; x_wconf 80' lang='grc' dir='ltr'><strong>εί</strong></span> <span class='ocrx_word' id='word_1_667' title='bbox 1318 2149 1372 2184; x_wconf 74' lang='grc' dir='ltr'>γὰρ</span> <span class='ocrx_word' id='word_1_668' title='bbox 1385 2149 1398 2175; x_wconf 85' lang='grc' dir='ltr'><strong>ό</strong></span> <span class='ocrx_word' id='word_1_669' title='bbox 1413 2148 1457 2175; x_wconf 83' lang='grc' dir='ltr'><strong>διὰ</strong></span> <span class='ocrx_word' id='word_1_670' title='bbox 1487 2148 1610 2179; x_wconf 79' lang='grc' dir='ltr'>Μωσέως</span> <span class='ocrx_word' id='word_1_671' title='bbox 1637 2147 1767 2182; x_wconf 78' lang='grc' dir='ltr'>λαληθεὶς</span> <span class='ocrx_word' id='word_1_672' title='bbox 1788 2148 1832 2174; x_wconf 69' lang='grc' dir='ltr'><strong>νόο</strong></span> 
     </span>
    </p>
   </div>
   <div class='ocr_carea' id='block_1_90' title="bbox 1039 2193 1831 2230">
    <p class='ocr_par' dir='ltr' id='par_1_90' title="bbox 1039 2193 1831 2230">
     <span class='ocr_line' id='line_1_90' title="bbox 1039 2193 1831 2230; baseline 0 -11"><span class='ocrx_word' id='word_1_673' title='bbox 1039 2203 1088 2229; x_wconf 85' lang='grc' dir='ltr'><strong>μος</strong></span> <span class='ocrx_word' id='word_1_674' title='bbox 1099 2194 1207 2227; x_wconf 80' lang='grc' dir='ltr'>ἐγένετο</span> <span class='ocrx_word' id='word_1_675' title='bbox 1220 2194 1338 2229; x_wconf 75' lang='grc' dir='ltr'>βέϐαιος,</span> <span class='ocrx_word' id='word_1_676' title='bbox 1353 2195 1401 2221; x_wconf 72' lang='grc' dir='ltr'>καὶ</span> <span class='ocrx_word' id='word_1_677' title='bbox 1415 2195 1491 2221; x_wconf 79' lang='grc' dir='ltr'>πᾶσα</span> <span class='ocrx_word' id='word_1_678' title='bbox 1522 2193 1678 2230; x_wconf 73' lang='grc' dir='ltr'>παράϐασις</span> <span class='ocrx_word' id='word_1_679' title='bbox 1707 2195 1755 2221; x_wconf 80' lang='grc' dir='ltr'>καὶ</span> <span class='ocrx_word' id='word_1_680' title='bbox 1778 2202 1831 2220; x_wconf 77' lang='grc' dir='ltr'>πα-</span> 
     </span>
    </p>
   </div>
   <div class='ocr_carea' id='block_1_91' title="bbox 1040 2239 1831 2275">
    <p class='ocr_par' dir='ltr' id='par_1_91' title="bbox 1040 2239 1831 2275">
     <span class='ocr_line' id='line_1_91' title="bbox 1040 2239 1831 2275; baseline 0.001 -10"><span class='ocrx_word' id='word_1_681' title='bbox 1040 2239 1124 2274; x_wconf 77' lang='grc' dir='ltr'>ρακοὴ</span> <span class='ocrx_word' id='word_1_682' title='bbox 1139 2239 1233 2266; x_wconf 75' lang='grc' dir='ltr'>ἔλαϐεν</span> <span class='ocrx_word' id='word_1_683' title='bbox 1249 2240 1354 2267; x_wconf 78' lang='grc' dir='ltr'>ἔνδ·κον</span> <span class='ocrx_word' id='word_1_684' title='bbox 1373 2240 1599 2274; x_wconf 83' lang='grc' dir='ltr'>μισθαποδοσίαν,</span> <span class='ocrx_word' id='word_1_685' title='bbox 1612 2239 1672 2271; x_wconf 89' lang='grc' dir='ltr'><strong>πῶς</strong></span> <span class='ocrx_word' id='word_1_686' title='bbox 1686 2240 1768 2275; x_wconf 81' lang='grc' dir='ltr'>ἡμεῖς</span> <span class='ocrx_word' id='word_1_687' title='bbox 1782 2241 1831 2266; x_wconf 75' lang='grc' dir='ltr'><strong>ὲκ-</strong></span> 
     </span>
    </p>
   </div>
   <div class='ocr_carea' id='block_1_92' title="bbox 199 2277 982 2322">
    <p class='ocr_par' dir='ltr' id='par_1_92' title="bbox 199 2277 982 2317">
     <span class='ocr_line' id='line_1_92' title="bbox 199 2277 982 2317; baseline 0.011 -16"><span class='ocrx_word' id='word_1_688' title='bbox 199 2279 270 2304; x_wconf 74' lang='lat' dir='ltr'><strong>tem?</strong></span> <span class='ocrx_word' id='word_1_689' title='bbox 286 2277 350 2309; x_wconf 67' lang='lat' dir='ltr'><strong>Quae</strong></span> <span class='ocrx_word' id='word_1_690' title='bbox 371 2286 431 2305; x_wconf 85' lang='lat' dir='ltr'><strong>cum</strong></span> <span class='ocrx_word' id='word_1_691' title='bbox 445 2279 551 2306; x_wconf 89' lang='lat' dir='ltr'><strong>initium</strong></span> <span class='ocrx_word' id='word_1_692' title='bbox 566 2279 719 2314; x_wconf 83' lang='lat' dir='ltr'><strong>accepisset</strong></span> <span class='ocrx_word' id='word_1_693' title='bbox 735 2283 858 2309; x_wconf 83' lang='lat' dir='ltr'><strong>enarrari</strong></span> <span class='ocrx_word' id='word_1_694' title='bbox 876 2291 924 2317; x_wconf 86' lang='lat' dir='ltr'><strong>per</strong></span> <span class='ocrx_word' id='word_1_695' title='bbox 934 2283 982 2310; x_wconf 84' lang='lat' dir='ltr'><strong>Do-</strong></span> 
     </span>
    </p>
   </div>
   <div class='ocr_carea' id='block_1_93' title="bbox 1065 2277 1829 2322">
    <p class='ocr_par' dir='ltr' id='par_1_93' title="bbox 1065 2285 1829 2322">
     <span class='ocr_line' id='line_1_93' title="bbox 1065 2285 1829 2322; baseline 0 -11"><span class='ocrx_word' id='word_1_696' title='bbox 1065 2286 1201 2320; x_wconf 56' lang='grc' dir='ltr'>;υξόμεθα,</span> <span class='ocrx_word' id='word_1_697' title='bbox 1215 2286 1264 2321; x_wconf 84' lang='grc' dir='ltr'>τῆς</span> <span class='ocrx_word' id='word_1_698' title='bbox 1289 2286 1429 2322; x_wconf 77' lang='grc' dir='ltr'>ἡμετέρας</span> <span class='ocrx_word' id='word_1_699' title='bbox 1455 2286 1646 2321; x_wconf 80' lang='grc' dir='ltr'>ἀμελήσαντες</span> <span class='ocrx_word' id='word_1_700' title='bbox 1676 2285 1829 2320; x_wconf 81' lang='grc' dir='ltr'>σωτηρίας,</span> 
     </span>
    </p>
   </div>
   <div class='ocr_carea' id='block_1_94' title="bbox 199 2324 981 2363">
    <p class='ocr_par' dir='ltr' id='par_1_94' title="bbox 199 2324 981 2363">
     <span class='ocr_line' id='line_1_94' title="bbox 199 2324 981 2363; baseline 0.01 -14"><span class='ocrx_word' id='word_1_701' title='bbox 199 2324 301 2350; x_wconf 84' lang='lat' dir='ltr'><strong>minqu</strong></span> <span class='ocrx_word' id='word_1_702' title='bbox 320 2324 353 2351; x_wconf 83' lang='lat' dir='ltr'><strong>ab</strong></span> <span class='ocrx_word' id='word_1_703' title='bbox 367 2325 406 2351; x_wconf 81' lang='lat' dir='ltr'><strong>cis</strong></span> <span class='ocrx_word' id='word_1_704' title='bbox 423 2326 467 2359; x_wconf 87' lang='lat' dir='ltr'><strong>qui</strong></span> <span class='ocrx_word' id='word_1_705' title='bbox 484 2325 639 2359; x_wconf 87' lang='lat' dir='ltr'><strong>audierunt,</strong></span> <span class='ocrx_word' id='word_1_706' title='bbox 654 2326 681 2353; x_wconf 89' lang='lat' dir='ltr'><strong>in</strong></span> <span class='ocrx_word' id='word_1_707' title='bbox 695 2334 743 2355; x_wconf 84' lang='lat' dir='ltr'><strong>nos</strong></span> <span class='ocrx_word' id='word_1_708' title='bbox 755 2328 916 2356; x_wconf 79' lang='lat' dir='ltr'><strong>conﬁrmata</strong></span> <span class='ocrx_word' id='word_1_709' title='bbox 929 2335 981 2363; x_wconf 85' lang='lat' dir='ltr'><strong>est,</strong></span> 
     </span>
    </p>
   </div>
   <div class='ocr_carea' id='block_1_95' title="bbox 198 2370 986 2406">
    <p class='ocr_par' dir='ltr' id='par_1_95' title="bbox 198 2370 986 2406">
     <span class='ocr_line' id='line_1_95' title="bbox 198 2370 986 2406; baseline 0.01 -11"><span class='ocrx_word' id='word_1_710' title='bbox 198 2373 368 2396; x_wconf 78' lang='lat' dir='ltr'><strong>coittestante</strong></span> <span class='ocrx_word' id='word_1_711' title='bbox 391 2370 446 2398; x_wconf 78' lang='lat' dir='ltr'><strong>Deo</strong></span> <span class='ocrx_word' id='word_1_712' title='bbox 461 2371 545 2404; x_wconf 77' lang='lat' dir='ltr'><strong>signis</strong></span> <span class='ocrx_word' id='word_1_713' title='bbox 563 2375 590 2398; x_wconf 89' lang='lat' dir='ltr'><strong>et</strong></span> <span class='ocrx_word' id='word_1_714' title='bbox 610 2373 744 2406; x_wconf 90' lang='lat' dir='ltr'><strong>portentis</strong></span> <span class='ocrx_word' id='word_1_715' title='bbox 758 2378 783 2400; x_wconf 91' lang='lat' dir='ltr'><strong>et</strong></span> <span class='ocrx_word' id='word_1_716' title='bbox 799 2374 882 2401; x_wconf 88' lang='lat' dir='ltr'><strong>variis</strong></span> <span class='ocrx_word' id='word_1_717' title='bbox 898 2375 986 2403; x_wconf 85' lang='lat' dir='ltr'><strong>virtu-</strong></span> 
     </span>
    </p>
   </div>
   <div class='ocr_carea' id='block_1_96' title="bbox 198 2415 983 2450">
    <p class='ocr_par' dir='ltr' id='par_1_96' title="bbox 198 2415 983 2450">
     <span class='ocr_line' id='line_1_96' title="bbox 198 2415 983 2450; baseline 0.011 -11"><span class='ocrx_word' id='word_1_718' title='bbox 198 2415 269 2441; x_wconf 85' lang='lat' dir='ltr'><strong>tdms</strong></span> <span class='ocrx_word' id='word_1_719' title='bbox 285 2420 312 2441; x_wconf 85' lang='lat' dir='ltr'><strong>et</strong></span> <span class='ocrx_word' id='word_1_720' title='bbox 332 2415 447 2449; x_wconf 82' lang='lat' dir='ltr'><strong>Spiritus</strong></span> <span class='ocrx_word' id='word_1_721' title='bbox 465 2417 551 2443; x_wconf 84' lang='lat' dir='ltr'><strong>sancti</strong></span> <span class='ocrx_word' id='word_1_722' title='bbox 569 2417 810 2446; x_wconf 87' lang='lat' dir='ltr'><strong>distributionibus</strong></span> <span class='ocrx_word' id='word_1_723' title='bbox 820 2420 854 2447; x_wconf 72' lang='grc'><strong>⁸⁸.</strong></span> <span class='ocrx_word' id='word_1_724' title='bbox 872 2420 983 2450; x_wconf 83' lang='lat' dir='ltr'><strong>Timea-</strong></span> 
     </span>
    </p>
   </div>
   <div class='ocr_carea' id='block_1_97' title="bbox 198 2461 985 2498">
    <p class='ocr_par' dir='ltr' id='par_1_97' title="bbox 198 2461 985 2498">
     <span class='ocr_line' id='line_1_97' title="bbox 198 2461 985 2498; baseline 0.014 -14"><span class='ocrx_word' id='word_1_725' title='bbox 198 2468 257 2486; x_wconf 78' lang='lat' dir='ltr'><strong>ntus</strong></span> <span class='ocrx_word' id='word_1_726' title='bbox 271 2468 337 2495; x_wconf 82' lang='lat' dir='ltr'><strong>ergo</strong></span> <span class='ocrx_word' id='word_1_727' title='bbox 362 2461 485 2488; x_wconf 88' lang='lat' dir='ltr'><strong>cordium</strong></span> <span class='ocrx_word' id='word_1_728' title='bbox 512 2469 662 2498; x_wconf 90' lang='lat' dir='ltr'><strong>reuumque</strong></span> <span class='ocrx_word' id='word_1_729' title='bbox 688 2468 880 2498; x_wconf 84' lang='lat' dir='ltr'><strong>scrutatorem,</strong></span> <span class='ocrx_word' id='word_1_730' title='bbox 908 2467 985 2496; x_wconf 85' lang='lat' dir='ltr'><strong>nobis</strong></span> 
     </span>
    </p>
   </div>
   <div class='ocr_carea' id='block_1_98' title="bbox 197 2507 985 2544">
    <p class='ocr_par' dir='ltr' id='par_1_98' title="bbox 197 2507 985 2544">
     <span class='ocr_line' id='line_1_98' title="bbox 197 2507 985 2544; baseline 0.015 -13"><span class='ocrx_word' id='word_1_731' title='bbox 197 2507 343 2541; x_wconf 71' lang='lat' dir='ltr'><strong>plopililltll</strong></span> <span class='ocrx_word' id='word_1_732' title='bbox 362 2507 505 2535; x_wconf 79' lang='lat' dir='ltr'><strong>reddamus</strong></span> <span class='ocrx_word' id='word_1_733' title='bbox 516 2509 649 2537; x_wconf 86' lang='lat' dir='ltr'><strong>ultiontnn</strong></span> <span class='ocrx_word' id='word_1_734' title='bbox 665 2511 820 2544; x_wconf 88' lang='lat' dir='ltr'><strong>Dominum,</strong></span> <span class='ocrx_word' id='word_1_735' title='bbox 834 2513 985 2543; x_wconf 76' lang='lat' dir='ltr'><strong>inhabitare</strong></span> 
     </span>
    </p>
   </div>
   <div class='ocr_carea' id='block_1_99' title="bbox 198 2554 982 2588">
    <p class='ocr_par' dir='ltr' id='par_1_99' title="bbox 198 2554 982 2588">
     <span class='ocr_line' id='line_1_99' title="bbox 198 2554 982 2588; baseline 0.01 -8"><span class='ocrx_word' id='word_1_736' title='bbox 198 2554 330 2580; x_wconf 63' lang='lat' dir='ltr'><strong>faciimus</strong></span> <span class='ocrx_word' id='word_1_737' title='bbox 347 2554 372 2580; x_wconf 93' lang='lat' dir='ltr'><strong>in</strong></span> <span class='ocrx_word' id='word_1_738' title='bbox 391 2554 469 2581; x_wconf 90' lang='lat' dir='ltr'><strong>nobis</strong></span> <span class='ocrx_word' id='word_1_739' title='bbox 494 2562 599 2588; x_wconf 78' lang='lat' dir='ltr'><strong>pacem,</strong></span> <span class='ocrx_word' id='word_1_740' title='bbox 617 2557 862 2586; x_wconf 78' lang='lat' dir='ltr'><strong>sanctiﬁcatiouem</strong></span> <span class='ocrx_word' id='word_1_741' title='bbox 877 2565 903 2587; x_wconf 90' lang='lat' dir='ltr'><strong>et</strong></span> <span class='ocrx_word' id='word_1_742' title='bbox 918 2569 982 2588; x_wconf 81' lang='lat' dir='ltr'><strong>ora-</strong></span> 
     </span>
    </p>
   </div>
   <div class='ocr_carea' id='block_1_100' title="bbox 198 2600 984 2638">
    <p class='ocr_par' dir='ltr' id='par_1_100' title="bbox 198 2600 984 2638">
     <span class='ocr_line' id='line_1_100' title="bbox 198 2600 984 2638; baseline 0.01 -12"><span class='ocrx_word' id='word_1_743' title='bbox 198 2601 299 2626; x_wconf 88' lang='lat' dir='ltr'><strong>tionem</strong></span> <span class='ocrx_word' id='word_1_744' title='bbox 314 2600 516 2633; x_wconf 79' lang='lat' dir='ltr'><strong>rompunctioni</strong></span> <span class='ocrx_word' id='word_1_745' title='bbox 541 2601 697 2635; x_wconf 80' lang='lat' dir='ltr'><strong>adtnislam,</strong></span> <span class='ocrx_word' id='word_1_746' title='bbox 720 2603 818 2638; x_wconf 86' lang='lat' dir='ltr'><strong>quibus</strong></span> <span class='ocrx_word' id='word_1_747' title='bbox 832 2605 984 2633; x_wconf 80' lang='lat' dir='ltr'><strong>deﬁcienti-</strong></span> 
     </span>
    </p>
   </div>
   <div class='ocr_carea' id='block_1_101' title="bbox 198 2646 982 2683">
    <p class='ocr_par' dir='ltr' id='par_1_101' title="bbox 198 2646 982 2683">
     <span class='ocr_line' id='line_1_101' title="bbox 198 2646 982 2683; baseline 0.01 -12"><span class='ocrx_word' id='word_1_748' title='bbox 198 2647 259 2678; x_wconf 75' lang='lat' dir='ltr'><strong>Ivus,</strong></span> <span class='ocrx_word' id='word_1_749' title='bbox 287 2653 368 2672; x_wconf 85' lang='lat' dir='ltr'><strong>nemo</strong></span> <span class='ocrx_word' id='word_1_750' title='bbox 383 2646 484 2673; x_wconf 82' lang='lat' dir='ltr'><strong>videbit</strong></span> <span class='ocrx_word' id='word_1_751' title='bbox 511 2647 671 2683; x_wconf 80' lang='lat' dir='ltr'><strong>Dominum;</strong></span> <span class='ocrx_word' id='word_1_752' title='bbox 689 2649 877 2678; x_wconf 78' lang='lat' dir='ltr'><strong>desideremus</strong></span> <span class='ocrx_word' id='word_1_753' title='bbox 892 2653 917 2678; x_wconf 91' lang='lat' dir='ltr'><strong>in</strong></span> <span class='ocrx_word' id='word_1_754' title='bbox 936 2653 982 2679; x_wconf 81' lang='lat' dir='ltr'><strong>lir-</strong></span> 
     </span>
    </p>
   </div>
   <div class='ocr_carea' id='block_1_102' title="bbox 197 2692 980 2729">
    <p class='ocr_par' dir='ltr' id='par_1_102' title="bbox 197 2692 980 2729">
     <span class='ocr_line' id='line_1_102' title="bbox 197 2692 980 2729; baseline 0.009 -12"><span class='ocrx_word' id='word_1_755' title='bbox 197 2693 293 2720; x_wconf 84' lang='lat' dir='ltr'><strong>mitate</strong></span> <span class='ocrx_word' id='word_1_756' title='bbox 304 2692 359 2726; x_wconf 83' lang='lat' dir='ltr'><strong>spei</strong></span> <span class='ocrx_word' id='word_1_757' title='bbox 369 2693 501 2721; x_wconf 79' lang='lat' dir='ltr'><strong>visionem</strong></span> <span class='ocrx_word' id='word_1_758' title='bbox 514 2694 585 2721; x_wconf 90' lang='lat' dir='ltr'><strong>illam</strong></span> <span class='ocrx_word' id='word_1_759' title='bbox 596 2696 757 2729; x_wconf 88' lang='lat' dir='ltr'><strong>promissam</strong></span> <span class='ocrx_word' id='word_1_760' title='bbox 770 2697 877 2725; x_wconf 88' lang='lat' dir='ltr'><strong>mundis</strong></span> <span class='ocrx_word' id='word_1_761' title='bbox 887 2699 980 2729; x_wconf 86' lang='lat' dir='ltr'><strong>corde,</strong></span> 
     </span>
    </p>
   </div>
   <div class='ocr_carea' id='block_1_103' title="bbox 196 2737 976 2776">
    <p class='ocr_par' dir='ltr' id='par_1_103' title="bbox 196 2737 976 2776">
     <span class='ocr_line' id='line_1_103' title="bbox 196 2737 976 2776; baseline 0.012 -13"><span class='ocrx_word' id='word_1_762' title='bbox 196 2743 223 2764; x_wconf 86' lang='lat' dir='ltr'><strong>et</strong></span> <span class='ocrx_word' id='word_1_763' title='bbox 239 2737 331 2764; x_wconf 78' lang='lat' dir='ltr'><strong>omnia</strong></span> <span class='ocrx_word' id='word_1_764' title='bbox 347 2737 381 2765; x_wconf 85' lang='lat' dir='ltr'><strong>ita</strong></span> <span class='ocrx_word' id='word_1_765' title='bbox 396 2737 601 2773; x_wconf 76' lang='lat' dir='ltr'><strong>factitemus,ut</strong></span> <span class='ocrx_word' id='word_1_766' title='bbox 612 2741 686 2769; x_wconf 84' lang='lat' dir='ltr'><strong>illam</strong></span> <span class='ocrx_word' id='word_1_767' title='bbox 703 2750 904 2776; x_wconf 81' lang='lat' dir='ltr'><strong>consequamur</strong></span> <span class='ocrx_word' id='word_1_768' title='bbox 914 2752 976 2772; x_wconf 87' lang='lat' dir='ltr'><strong>cum</strong></span> 
     </span>
    </p>
   </div>
   <div class='ocr_carea' id='block_1_104' title="bbox 234 2829 717 2864">
    <p class='ocr_par' dir='ltr' id='par_1_104' title="bbox 234 2829 717 2864">
     <span class='ocr_line' id='line_1_104' title="bbox 234 2829 717 2864; baseline 0.006 -9"><span class='ocrx_word' id='word_1_769' title='bbox 234 2829 255 2844; x_wconf 66' lang='grc'><strong>⁷³</strong></span> <span class='ocrx_word' id='word_1_770' title='bbox 277 2829 353 2856; x_wconf 69' lang='lat' dir='ltr'><strong>llum.</strong></span> <span class='ocrx_word' id='word_1_771' title='bbox 374 2839 402 2864; x_wconf 86' lang='grc' dir='ltr'><strong>ιι,</strong></span> <span class='ocrx_word' id='word_1_772' title='bbox 422 2830 467 2858; x_wconf 63' lang='grc' dir='ltr'><strong>Ξῖῖ.</strong></span> <span class='ocrx_word' id='word_1_773' title='bbox 506 2831 530 2848; x_wconf 75' lang='grc' dir='ltr'><strong>⁸ο</strong></span> <span class='ocrx_word' id='word_1_774' title='bbox 546 2830 629 2860; x_wconf 62' lang='lat' dir='ltr'><strong>Hebr.</strong></span> <span class='ocrx_word' id='word_1_775' title='bbox 658 2831 717 2864; x_wconf 61' lang='grc' dir='ltr'><strong>ΠΛ.</strong></span> 
     </span>
    </p>
   </div>
   <div class='ocr_carea' id='block_1_105' title="bbox 1033 2331 1829 2367">
    <p class='ocr_par' dir='ltr' id='par_1_105' title="bbox 1033 2331 1829 2367">
     <span class='ocr_line' id='line_1_105' title="bbox 1033 2331 1829 2367; baseline 0 -9"><span class='ocrx_word' id='word_1_776' title='bbox 1033 2332 1096 2367; x_wconf 80' lang='grc' dir='ltr'>ἥτις</span> <span class='ocrx_word' id='word_1_777' title='bbox 1109 2332 1197 2367; x_wconf 82' lang='grc' dir='ltr'>ἀρχὴν</span> <span class='ocrx_word' id='word_1_778' title='bbox 1214 2331 1335 2359; x_wconf 80' lang='grc' dir='ltr'>λαῦοὖσα</span> <span class='ocrx_word' id='word_1_779' title='bbox 1347 2332 1489 2359; x_wconf 80' lang='grc' dir='ltr'>λαλεῖσθαι</span> <span class='ocrx_word' id='word_1_780' title='bbox 1507 2332 1582 2367; x_wconf 81' lang='grc' dir='ltr'>παρᾶ</span> <span class='ocrx_word' id='word_1_781' title='bbox 1595 2331 1642 2358; x_wconf 83' lang='grc' dir='ltr'>τοῦ</span> <span class='ocrx_word' id='word_1_782' title='bbox 1656 2331 1772 2367; x_wconf 81' lang='grc' dir='ltr'>Κυρίου,</span> <span class='ocrx_word' id='word_1_783' title='bbox 1784 2331 1829 2358; x_wconf 78' lang='grc' dir='ltr'><strong>διὰ</strong></span> 
     </span>
    </p>
   </div>
   <div class='ocr_carea' id='block_1_106' title="bbox 1033 2377 1828 2413">
    <p class='ocr_par' dir='ltr' id='par_1_106' title="bbox 1033 2377 1828 2413">
     <span class='ocr_line' id='line_1_106' title="bbox 1033 2377 1828 2413; baseline -0.003 -9"><span class='ocrx_word' id='word_1_784' title='bbox 1033 2379 1087 2404; x_wconf 83' lang='grc' dir='ltr'><strong>τῶν</strong></span> <span class='ocrx_word' id='word_1_785' title='bbox 1101 2378 1278 2405; x_wconf 71' lang='grc' dir='ltr'>ἀκουσάντων</span> <span class='ocrx_word' id='word_1_786' title='bbox 1294 2378 1363 2413; x_wconf 85' lang='grc' dir='ltr'>πρὸς</span> <span class='ocrx_word' id='word_1_787' title='bbox 1379 2378 1453 2412; x_wconf 84' lang='grc' dir='ltr'>ἡμᾶς</span> <span class='ocrx_word' id='word_1_788' title='bbox 1475 2377 1640 2411; x_wconf 75' lang='grc' dir='ltr'>ἐϐεϐαιώθη,</span> <span class='ocrx_word' id='word_1_789' title='bbox 1654 2385 1828 2412; x_wconf 83' lang='grc' dir='ltr'>συνεπιμαρ-</span> 
     </span>
    </p>
   </div>
   <div class='ocr_carea' id='block_1_107' title="bbox 1033 2421 1829 2458">
    <p class='ocr_par' dir='ltr' id='par_1_107' title="bbox 1033 2421 1829 2458">
     <span class='ocr_line' id='line_1_107' title="bbox 1033 2421 1829 2458; baseline -0.003 -9"><span class='ocrx_word' id='word_1_790' title='bbox 1033 2422 1233 2458; x_wconf 76' lang='grc' dir='ltr'>τυροῦντοςτοῡ</span> <span class='ocrx_word' id='word_1_791' title='bbox 1253 2422 1322 2449; x_wconf 81' lang='grc' dir='ltr'>Θεοῦ</span> <span class='ocrx_word' id='word_1_792' title='bbox 1335 2422 1459 2457; x_wconf 85' lang='grc' dir='ltr'>σημείοις</span> <span class='ocrx_word' id='word_1_793' title='bbox 1491 2422 1539 2450; x_wconf 79' lang='grc' dir='ltr'>καὶ</span> <span class='ocrx_word' id='word_1_794' title='bbox 1567 2421 1665 2456; x_wconf 80' lang='grc' dir='ltr'>τέρασι</span> <span class='ocrx_word' id='word_1_795' title='bbox 1686 2423 1739 2448; x_wconf 74' lang='grc' dir='ltr'><strong>καὶ</strong></span> <span class='ocrx_word' id='word_1_796' title='bbox 1766 2430 1829 2448; x_wconf 62' lang='grc' dir='ltr'>ποις</span> 
     </span>
    </p>
   </div>
   <div class='ocr_carea' id='block_1_108' title="bbox 1035 2467 1827 2502">
    <p class='ocr_par' dir='ltr' id='par_1_108' title="bbox 1035 2467 1827 2502">
     <span class='ocr_line' id='line_1_108' title="bbox 1035 2467 1827 2502; baseline -0.004 -7"><span class='ocrx_word' id='word_1_797' title='bbox 1035 2468 1123 2499; x_wconf 78' lang='grc' dir='ltr'>κίλαις</span> <span class='ocrx_word' id='word_1_798' title='bbox 1134 2468 1277 2502; x_wconf 81' lang='grc' dir='ltr'>δυνάμεσι,</span> <span class='ocrx_word' id='word_1_799' title='bbox 1292 2468 1339 2494; x_wconf 74' lang='grc' dir='ltr'>καὶ</span> <span class='ocrx_word' id='word_1_800' title='bbox 1362 2467 1522 2502; x_wconf 84' lang='grc' dir='ltr'>Πνεύματος</span> <span class='ocrx_word' id='word_1_801' title='bbox 1547 2467 1625 2501; x_wconf 83' lang='grc' dir='ltr'>ἁγίου</span> <span class='ocrx_word' id='word_1_802' title='bbox 1659 2467 1805 2502; x_wconf 77' lang='grc' dir='ltr'>μερισμοῖς</span> <span class='ocrx_word' id='word_1_803' title='bbox 1820 2474 1827 2498; x_wconf 86' lang='grc'>;</span> 
     </span>
    </p>
   </div>
   <div class='ocr_carea' id='block_1_109' title="bbox 1035 2513 1826 2549">
    <p class='ocr_par' dir='ltr' id='par_1_109' title="bbox 1035 2513 1826 2549">
     <span class='ocr_line' id='line_1_109' title="bbox 1035 2513 1826 2549; baseline -0.003 -9"><span class='ocrx_word' id='word_1_804' title='bbox 1035 2514 1201 2549; x_wconf 78' lang='grc' dir='ltr'>Φοϐηθῶμεν</span> <span class='ocrx_word' id='word_1_805' title='bbox 1215 2514 1262 2540; x_wconf 81' lang='grc' dir='ltr'>οὖν</span> <span class='ocrx_word' id='word_1_806' title='bbox 1273 2514 1319 2540; x_wconf 80' lang='grc' dir='ltr'>τὸν</span> <span class='ocrx_word' id='word_1_807' title='bbox 1336 2513 1469 2546; x_wconf 75' lang='grc' dir='ltr'>ἐτάζοντα</span> <span class='ocrx_word' id='word_1_808' title='bbox 1482 2513 1596 2548; x_wconf 83' lang='grc' dir='ltr'>καρδίας</span> <span class='ocrx_word' id='word_1_809' title='bbox 1609 2514 1657 2540; x_wconf 70' lang='grc' dir='ltr'><strong>καὶ</strong></span> <span class='ocrx_word' id='word_1_810' title='bbox 1687 2513 1806 2547; x_wconf 74' lang='grc' dir='ltr'>νεφρούς</span> <span class='ocrx_word' id='word_1_811' title='bbox 1819 2519 1826 2526; x_wconf 93' lang='grc'><strong>·</strong></span> 
     </span>
    </p>
   </div>
   <div class='ocr_carea' id='block_1_110' title="bbox 1035 2557 1829 2594">
    <p class='ocr_par' dir='ltr' id='par_1_110' title="bbox 1035 2557 1829 2594">
     <span class='ocr_line' id='line_1_110' title="bbox 1035 2557 1829 2594; baseline -0.004 -8"><span class='ocrx_word' id='word_1_812' title='bbox 1035 2559 1246 2594; x_wconf 72' lang='grc' dir='ltr'>ὲξιλεωσώμεθα</span> <span class='ocrx_word' id='word_1_813' title='bbox 1260 2560 1305 2586; x_wconf 78' lang='grc' dir='ltr'>τὸν</span> <span class='ocrx_word' id='word_1_814' title='bbox 1321 2559 1376 2586; x_wconf 82' lang='grc' dir='ltr'><strong>τῶν</strong></span> <span class='ocrx_word' id='word_1_815' title='bbox 1391 2559 1559 2594; x_wconf 80' lang='grc' dir='ltr'>ὲκδικήσεων</span> <span class='ocrx_word' id='word_1_816' title='bbox 1587 2558 1707 2594; x_wconf 79' lang='grc' dir='ltr'>Κύριον·</span> <span class='ocrx_word' id='word_1_817' title='bbox 1731 2557 1829 2585; x_wconf 78' lang='grc' dir='ltr'>ἐνοικί-</span> 
     </span>
    </p>
   </div>
   <div class='ocr_carea' id='block_1_111' title="bbox 1036 2603 1828 2641">
    <p class='ocr_par' dir='ltr' id='par_1_111' title="bbox 1036 2603 1828 2641">
     <span class='ocr_line' id='line_1_111' title="bbox 1036 2603 1828 2641; baseline -0.004 -9"><span class='ocrx_word' id='word_1_818' title='bbox 1036 2615 1128 2641; x_wconf 82' lang='grc' dir='ltr'>σωμεν</span> <span class='ocrx_word' id='word_1_819' title='bbox 1141 2607 1206 2640; x_wconf 83' lang='grc' dir='ltr'>ἡμῖν</span> <span class='ocrx_word' id='word_1_820' title='bbox 1221 2607 1315 2637; x_wconf 83' lang='grc' dir='ltr'>αὐτοῖς</span> <span class='ocrx_word' id='word_1_821' title='bbox 1330 2606 1381 2640; x_wconf 81' lang='grc' dir='ltr'>τὴν</span> <span class='ocrx_word' id='word_1_822' title='bbox 1395 2606 1518 2641; x_wconf 78' lang='grc' dir='ltr'>εἰρήνην,</span> <span class='ocrx_word' id='word_1_823' title='bbox 1537 2605 1582 2631; x_wconf 78' lang='grc' dir='ltr'><strong>τὸν</strong></span> <span class='ocrx_word' id='word_1_824' title='bbox 1599 2604 1748 2638; x_wconf 78' lang='grc' dir='ltr'>ἀγιασμὸν,</span> <span class='ocrx_word' id='word_1_825' title='bbox 1777 2603 1828 2638; x_wconf 79' lang='grc' dir='ltr'>τὴν</span> 
     </span>
    </p>
   </div>
   <div class='ocr_carea' id='block_1_112' title="bbox 1035 2649 1827 2686">
    <p class='ocr_par' dir='ltr' id='par_1_112' title="bbox 1035 2649 1827 2686">
     <span class='ocr_line' id='line_1_112' title="bbox 1035 2649 1827 2686; baseline -0.005 -8"><span class='ocrx_word' id='word_1_826' title='bbox 1035 2654 1064 2678; x_wconf 83' lang='grc' dir='ltr'>ὲν</span> <span class='ocrx_word' id='word_1_827' title='bbox 1077 2652 1222 2684; x_wconf 75' lang='grc' dir='ltr'>κατανόξει</span> <span class='ocrx_word' id='word_1_828' title='bbox 1237 2652 1405 2686; x_wconf 78' lang='grc' dir='ltr'>προσευχὴν,</span> <span class='ocrx_word' id='word_1_829' title='bbox 1420 2649 1458 2678; x_wconf 83' lang='grc' dir='ltr'><strong>ὢν</strong></span> <span class='ocrx_word' id='word_1_830' title='bbox 1492 2650 1576 2686; x_wconf 66' lang='grc' dir='ltr'>χωρὶς</span> <span class='ocrx_word' id='word_1_831' title='bbox 1613 2650 1700 2681; x_wconf 74' lang='grc' dir='ltr'>οὐδεὶς</span> <span class='ocrx_word' id='word_1_832' title='bbox 1729 2649 1827 2684; x_wconf 63' lang='grc' dir='ltr'>ὃψεται</span> 
     </span>
    </p>
   </div>
   <div class='ocr_carea' id='block_1_113' title="bbox 1034 2693 1827 2733">
    <p class='ocr_par' dir='ltr' id='par_1_113' title="bbox 1034 2693 1827 2733">
     <span class='ocr_line' id='line_1_113' title="bbox 1034 2693 1827 2733; baseline -0.006 -9"><span class='ocrx_word' id='word_1_833' title='bbox 1034 2698 1081 2725; x_wconf 67' lang='grc' dir='ltr'>τόν</span> <span class='ocrx_word' id='word_1_834' title='bbox 1096 2697 1199 2732; x_wconf 77' lang='grc' dir='ltr'>Κύριον</span> <span class='ocrx_word' id='word_1_835' title='bbox 1212 2706 1220 2714; x_wconf 89' lang='grc'><strong>·</strong></span> <span class='ocrx_word' id='word_1_836' title='bbox 1242 2698 1406 2733; x_wconf 80' lang='grc' dir='ltr'>ποθήσωμεν</span> <span class='ocrx_word' id='word_1_837' title='bbox 1422 2698 1450 2723; x_wconf 84' lang='grc' dir='ltr'>ὲν</span> <span class='ocrx_word' id='word_1_838' title='bbox 1463 2696 1633 2731; x_wconf 70' lang='grc' dir='ltr'>πληροφορίᾳ</span> <span class='ocrx_word' id='word_1_839' title='bbox 1645 2696 1762 2725; x_wconf 83' lang='grc' dir='ltr'>πίστεως</span> <span class='ocrx_word' id='word_1_840' title='bbox 1776 2693 1827 2728; x_wconf 78' lang='grc' dir='ltr'>τὴν</span> 
     </span>
    </p>
   </div>
   <div class='ocr_carea' id='block_1_114' title="bbox 1036 2741 1825 2778">
    <p class='ocr_par' dir='ltr' id='par_1_114' title="bbox 1036 2741 1825 2778">
     <span class='ocr_line' id='line_1_114' title="bbox 1036 2741 1825 2778; baseline -0.005 -8"><span class='ocrx_word' id='word_1_841' title='bbox 1036 2743 1249 2778; x_wconf 67' lang='grc' dir='ltr'>ἐπηγγελμένην</span> <span class='ocrx_word' id='word_1_842' title='bbox 1264 2744 1373 2778; x_wconf 77' lang='grc' dir='ltr'>ἐκείνην</span> <span class='ocrx_word' id='word_1_843' title='bbox 1390 2743 1454 2770; x_wconf 79' lang='grc' dir='ltr'>οέαν</span> <span class='ocrx_word' id='word_1_844' title='bbox 1469 2743 1525 2774; x_wconf 82' lang='grc' dir='ltr'>τοῖς</span> <span class='ocrx_word' id='word_1_845' title='bbox 1542 2741 1672 2776; x_wconf 74' lang='grc' dir='ltr'>καθαροῖς</span> <span class='ocrx_word' id='word_1_846' title='bbox 1690 2741 1739 2775; x_wconf 84' lang='grc' dir='ltr'>τὴν</span> <span class='ocrx_word' id='word_1_847' title='bbox 1755 2748 1825 2774; x_wconf 81' lang='grc' dir='ltr'>καρο</span> 
     </span>
    </p>
   </div>
  </div>
