1882 3073
172 167 224 200 1Βῖ

790 165 978 195 GREGORII
998 164 1159 195 PALAllLE

1746 160 1795 192 164

171 229 197 252 et
210 224 321 252 anteibit
338 223 431 251 faciem
452 227 523 250 tuam
538 222 641 258 justitia
657 228 714 255 tua.
728 227 754 251 et
771 223 855 258 gloria
873 222 958 250 Domi-

1036 217 1167 258 ιγμᾶτων,
1187 221 1276 249 πᾶσαν
1299 220 1461 256 συγγραφήν
1482 219 1575 247 ἄδικον
1591 219 1710 246 διάσπα·
1733 219 1794 245 τότΞ

171 271 198 297 ni
217 270 324 305 colliget
342 275 366 297 te
375 269 408 295 ⁸³.
427 279 436 295 ι

208 404 284 438 Quod
300 405 321 431 si
339 404 370 431 de
389 404 453 437 tuis,
468 409 495 430 et
518 403 626 438 quidem
648 401 802 437 supernuis,
817 403 889 437 inopi
907 410 958 430 non

174 451 292 480 dederis.
308 449 361 476 noli
378 449 471 475 saltem
491 449 543 475 ista
564 448 704 481 possidere
723 449 748 474 in
770 447 960 475 detrimentum

175 495 277 528 inopis;
293 494 342 520 hos
365 493 473 527 quident
499 493 619 519 onmiutn
649 493 780 520 Dominus
807 491 960 518 Christusa

176 540 294 566 situstris
309 543 411 566 stantes
428 539 452 565 in
481 539 569 572 ignem
590 539 699 564 mittens
713 538 862 572 iisdemque
877 537 962 564 male-

175 584 280 616 dicens,
296 592 348 611 non
361 588 389 610 ut
407 589 529 618 raptores
544 584 663 615 damnat,
681 583 726 609 scd
736 583 797 617 quia
814 583 883 610 bona
894 590 962 618 pau-

176 630 233 665 peri
248 637 300 656 non
318 630 527 656 communicant.
543 628 676 661 Raptores
694 635 757 662 ergo
767 633 794 655 et
808 628 891 662 iniqui
909 635 963 655 non

176 679 317 708 resurgent
330 675 356 701 in
366 674 468 708 judicio
478 679 503 702 et
518 674 680 703 vadimonio.
690 674 736 701 sed
752 674 778 700 in
794 674 926 701 sententia
937 679 966 701 et

176 721 359 752 damnatione.
375 728 436 747 euut
467 720 548 747 etiam
571 720 597 746 in
624 719 666 746 his
691 719 769 746 terris
787 719 828 746 isti
856 727 888 746 ex
910 724 964 746 tota

177 765 342 793 auima’Deo
369 774 421 792 non
446 765 592 798 astiterint,
606 770 635 792 ut
650 765 775 792 videtur:
792 773 801 790 ι
820 764 871 797 Qui
893 765 965 792 enim

178 811 309 839 devorant
323 811 429 845 plebem
450 818 549 844 meam,
565 812 637 838 sicut
651 818 741 838 escam
768 811 858 845 panis,
876 811 967 838 Domi-

135 858 139 862 '
178 863 242 883 num
255 863 307 882 non
322 857 525 883 invocaverunt.
544 865 553 882 ι
571 857 753 891 Dives,cujus
773 863 836 891 ager
859 857 966 889 fertilis,

1009 269 1159 303 ῥαγήσεται
1172 267 1297 302 πρώῖμον
1311 267 1341 293 τὺ
1355 266 1412 301 φῶς
1431 274 1490 297 σου,
1502 265 1550 291 καὶ
1565 264 1599 291 τὰ
1627 263 1733 299 ἰάματὰ
1748 271 1794 290 σου

1007 314 1076 348 ταχὺ
1091 313 1226 346 ἀνατελεί,
1243 313 1290 340 καὶ
1305 311 1470 347 πορεύσεται
1484 309 1642 345 ἐμπροσϐεν
1665 309 1796 345 ήδικαιο-

1010 360 1077 394 σύνη
1094 367 1152 393 σου,
1164 360 1211 386 καὶ
1226 360 1243 394 ἡ
1268 359 1331 390 δόξα
1356 358 1403 385 τοῦ
1430 357 1498 383 Θεοῦ
1528 356 1687 391 περιστελεί
1720 363 1763 383 σε.
1783 364 1793 380 ι

1045 406 1076 432 El
1091 405 1129 441 μὴ
1145 405 1222 435 δίδως
1238 405 1327 431 τοίνυν
1338 404 1370 430 ἐκ
1387 402 1440 430 τῶν
1458 402 1513 429 σῶν
1531 401 1638 436 πένητι,
1654 401 1702 427 καὶ
1731 400 1797 426 ταῦ-

1009 460 1043 478 τα
1053 450 1189 486 περιττῶν
1212 450 1308 482 ὄντων,
1341 449 1392 476 κᾶν
1408 448 1446 483 μὴ
1461 447 1518 475 κτῶ
1545 447 1631 474 ταῦτα
1650 446 1722 473 κατά
1750 444 1797 471 τοῦ

1011 497 1126 530 πένητος
1139 495 1238 522 ’καίτοι
1251 496 1264 522 ό
1279 495 1389 521 πάντων
1417 494 1551 529 δεσπότης
1585 492 1705 527 Χριστὸς
1734 490 1798 520 τοὺς

1011 541 1059 575 τῆς
1079 540 1225 576 ἀριστερᾶς
1243 539 1352 574 μερίδος
1377 539 1416 570 είς
1430 538 1460 564 τὺ
1472 538 1527 573 πῦρ
1553 537 1728 571 ἀποπέμπων
1753 537 1798 561 καὶ

1012 586 1217 621 καταρώμενος,
1231 585 1261 611 οὺ
1281 584 1457 616 καταδικάζει
1472 583 1584 615 τούτους
1601 582 1638 613 ὡς
1659 581 1797 616 ἅρπαγας.

1012 632 1070 659 ἀλλ’
1084 631 1122 663 ὡς
1132 631 1171 666 μὴ
1186 631 1349 665 μεταδόντας
1364 629 1403 664 τῷ
1422 629 1553 663 δεομένῳ.
1584 627 1689 654 υὺκοῦν
1699 626 1724 652 οί
1753 625 1801 659 ἆρ-

1013 685 1103 711 παγες
1117 676 1169 704 καὶ
1184 677 1208 702 oi.
1219 677 1306 703 ἄδικοι
1317 675 1376 702 οὐδὲ
1388 674 1586 709 ἀναστήσονται
1603 674 1642 703 είς
1655 671 1800 706 παράστα-

1016 731 1058 749 σιν
1071 722 1118 748 καὶ
1136 721 1237 756 κρίσιν,
1254 721 1311 748 ἀλλ’
1327 722 1366 752 εὶς
1399 720 1550 754 καταδίκην
1579 718 1659 748 εὐθὺς
1687 715 1802 750 μείζονα

1015 767 1061 794 καὶ
1075 767 1240 802 κατάκρισιν
1252 774 1259 782 ·
1275 767 1337 792 ἐπεὶ
1348 765 1475 792 κάνταῦθ’
1489 765 1526 796 ὡς
1539 764 1628 790 ἔοικεν
1656 758 1732 789 οὗτοι
1759 760 1803 786 οὑ-

1016 813 1114 840 δέποτε
1125 812 1193 844 ὅλως
1218 813 1251 838 ἐκ
1268 811 1356 846 ψυχῆς
1371 810 1409 844 τῷ
1428 810 1488 843 Θεῷ
1514 809 1687 844 παρέστησαν
1697 815 1709 829 ·-
1729 816 1740 833 ι
1772 807 1803 832 οι

1017 859 1071 893 γὰρ
1084 858 1231 890 ἐσθίοντες,
1248 858 1325 892 φησὶ,
1341 857 1386 883 τὴν
1400 856 1463 883 λαόν
1480 864 1530 890 μου
1544 857 1571 882 εν
1589 854 1690 890 βρώσει
1705 853 1802 888 ἄρτου,

179 901 260 935 bysso
268 906 294 928 et
306 908 425 935 purpura
440 900 560 933 indutus,
574 900 684 927 minime
699 901 761 935 quia
777 902 912 928 conuuisit
926 901 958 927 in:

1036 905 1062 931 δν
1077 903 1143 930 Θεὸν
1156 895 1208 930 οὐδέ
1220 903 1434 929 ἐπεκαλέσαντο.
1452 911 1462 927 ι
1481 902 1512 928 ὐ
1533 896 1702 931 πλούσιοςοῦ
1719 898 1803 932 εὐφό-

178 947 320 982 justitiam,
331 946 378 974 sed
393 946 456 981 quia
485 953 609 981 possessa
629 953 681 973 non
711 946 813 979 divisit,
827 946 888 981 jure
902 954 966 972 cou-

180 992 341 1023 dentnatur;
362 998 519 1018 communes
539 991 610 1017 enim
639 995 702 1018 sunt
729 998 764 1018 ex
779 991 967 1018 communibus

182 1037 288 1064 horreis
316 1036 363 1064 Dei
390 1037 524 1064 bonorum
550 1037 679 1064 thesauri.
709 1036 850 1070 Quomodo
882 1037 966 1071 igitur

181 1090 280 1110 avarus
298 1090 433 1116 usurpans
444 1083 605 1115 cctumunia,
617 1083 670 1110 etsi
693 1090 746 1109 non
763 1087 791 1109 ut
806 1082 850 1110 ille
861 1090 892 1110 ea
909 1089 969 1116 quae

184 1132 258 1163 patet
283 1128 395 1156 alterius
423 1135 484 1156 esse
503 1128 634 1163 occupet?
650 1128 824 1162 Igitur-alter
847 1129 967 1163 quidem,

182 1174 253 1200 sicut
274 1181 368 1201 servus
388 1181 503 1209 nequam
526 1174 701 1209 ejectionem,
718 1174 787 1201 heul
803 1173 968 1200 horrendam

183 1220 312 1253 patietur.
329 1219 398 1246 alter
419 1227 484 1247 vero
498 1220 587 1254 pejora
611 1224 638 1246 et
653 1219 815 1246 terribiliora
833 1218 969 1251 tolerabit,

183 1263 335 1296 horumque
345 1267 443 1290 neuter
460 1270 567 1298 pcenam
578 1263 671 1298 fugere
683 1263 791 1296 poterit,
804 1262 855 1290 nisi
872 1269 972 1297 paupe-

184 1315 230 1335 res
247 1309 404 1342 excipiant;
419 1315 490 1335 untts
517 1308 625 1342 quidem
649 1308 750 1343 optime
774 1307 972 1335 administrabit

182 1354 331 1381 commissa
345 1354 395 1381 sibi
405 1361 419 1380 a
432 1353 498 1386 Deo,
510 1354 579 1381 alter
593 1360 656 1380 vero
674 1353 814 1388 dissipabit
828 1352 898 1380 male
908 1360 972 1380 con-

182 1404 306 1434 gregata.
322 1399 434 1434 Magnus
446 1398 546 1426 Paulus
561 1397 850 1426 Thessalonicensibus
863 1398 973 1432 proavis

187 1445 290 1472 nostris
303 1445 426 1472 scribens
439 1444 472 1471 de
481 1444 650 1471 fraternitate
664 1444 746 1471 dixit:
766 1452 776 1470 t
790 1443 848 1470 Non
862 1450 975 1472 necesse

184 1491 320 1518 habemus
340 1491 458 1518 scribere
473 1491 551 1518 vobis
577 1500 583 1518 :
603 1490 654 1525 ipsi
670 1490 742 1517 enim
756 1496 802 1517 vos
818 1496 832 1517 a
848 1490 903 1517 Deo
919 1498 976 1518 mo-

193 1536 244 1564 niti
263 1537 328 1564 estis
348 1541 377 1563 ut
393 1535 511 1571 diligatis
531 1535 647 1563 invicem
656 1534 689 1562 ".
708 1545 716 1561 ι

1017 958 1100 985 ρησεν
1113 949 1130 984 ή
1143 948 1230 984 χώρα,
1245 950 1292 975 καὶ
1305 949 1319 974 ὁ
1336 947 1481 982 πορφύραν
1500 946 1548 974 καὶ
1574 946 1673 980 βύσσον
1695 944 1801 971 ἐνδεδυ-

1019 995 1111 1030 μένος,
1129 995 1179 1030 οὺχ
1192 995 1229 1026 ὡς
1245 993 1423 1029 ἀδικήσαντες
1448 1001 1519 1026 τινα,
1536 993 1594 1019 ἀλλ’
1610 992 1647 1023 ὡς
1664 991 1702 1025 μὴ
1721 998 1806 1025 μετα-

1017 1039 1106 1070 δόντες
1121 1039 1175 1065 τῶν
1196 1038 1310 1069 ἐκείνοις
1330 1038 1486 1073 κτηθέντων
1511 1038 1626 1067 δικαίως
1653 1035 1805 1062 καταδικά-

1019 1083 1111 1116 ζονται
1127 1091 1135 1099 ·
1154 1083 1232 1110 κοινὰ
1256 1083 1311 1117 γὰρ
1337 1084 1369 1109 ὲκ
1400 1082 1496 1110 κοινῶν
1523 1081 1642 1117 ταμείων
1672 1079 1728 1107 τῶν
1757 1079 1804 1106 τοῦ

1019 1129 1086 1156 Θεοῦ
1113 1129 1272 1164 κτισμάτων
1301 1128 1335 1155 τὰ
1356 1128 1582 1164 θησαυρίσματα.
1612 1127 1674 1158 Πῶς
1701 1126 1748 1153 οὖν
1773 1125 1805 1151 οὺ

1020 1174 1183 1209 πλεονέκτης
1207 1176 1222 1201 ὁ
1251 1173 1432 1209 ιξιδιούμενος
1449 1174 1484 1200 τὰ
1512 1173 1601 1206 κοινὰ,
1629 1173 1679 1200 κᾶν
1703 1172 1752 1206 οὐχ
1767 1171 1805 1202 ὼς

1020 1221 1122 1251 ἐκεῖνος
1134 1221 1148 1247 ὸ
1158 1219 1326 1255 τὰρφανερῶς
1340 1220 1468 1256 ἀλλότρια
1478 1218 1704 1254 σφετεριζόμενος
1719 1227 1726 1250 ;
1738 1218 1806 1244 Οὐκ·

1022 1265 1069 1292 οὖν
1096 1265 1110 1291 ό
1127 1265 1176 1300 μὲν
1192 1265 1230 1296 ὡς
1249 1266 1332 1297 κακδς
1352 1265 1445 1297 δοῦλος
1462 1265 1646 1300 δποστήσεται
1672 1263 1741 1299 φεῦῐ
1756 1263 1808 1298 τὴν

1024 1310 1147 1345 φρικώδη
1163 1310 1333 1347 διχοτομίαν,
1349 1312 1363 1338 ὁ
1377 1311 1451 1338 δὲτὰ
1465 1311 1603 1345 δεινότερα
1628 1310 1674 1336 καὶ
1704 1317 1810 1344 φρικω-

1022 1357 1135 1392 δέστερα
1149 1357 1282 1389 πείσεται,
1299 1358 1346 1384 καὶ
1362 1358 1417 1384 οὐδ’
1431 1358 1522 1393 ἕτερος
1545 1357 1636 1384 αὐτῶν
1663 1355 1809 1391 δυνήσεταί

1025 1412 1090 1430 ποτε
1108 1404 1196 1430 ταῦτα
1208 1404 1361 1439 διαφυγεῖν,
1372 1404 1404 1431 ἃν
1423 1404 1461 1439 μὴ
1484 1404 1548 1435 τοὺς
1564 1403 1688 1438 πτωχοὺς
1714 1402 1810 1434 δεξιώ-

1026 1456 1126 1476 σωνται
1139 1457 1146 1466 ·
1162 1451 1208 1483 καὶ
1222 1450 1236 1476 ὁ
1248 1451 1296 1485 μὲν
1311 1450 1400 1482 καλῶς
1423 1450 1596 1484 οἰκονομήσει
1612 1449 1646 1476 τὰ
1658 1457 1810 1475 πεπιστευ-

1028 1494 1095 1529 μένα
1108 1495 1194 1530 τοὺτῳ
1210 1495 1285 1530 παρὰ
1311 1495 1390 1528 Θεοῦ,
1404 1495 1417 1522 δ
1434 1495 1464 1523 δὲ
1491 1495 1581 1526 καλῶς
1603 1494 1747 1529 σκορπίαει
1774 1495 1810 1521 τὰ

1028 1540 1122 1573 κακῶς
1139 1542 1316 1577 συναχθέντα.
1329 1541 1435 1573 Παῦλος
1449 1542 1463 1568 ὁ
1476 1541 1562 1576 μέγας
1579 1539 1810 1568 Θεσσαλονικεῦσι

189 1583 242 1618 71
256 1583 371 1618 γράφων
399 1584 455 1614 τοῖς
487 1582 566 1616 ὴμῶν
579 1582 688 1613 πάντως
707 1581 860 1616 προγόνοις.
883 1581 949 1618 περὶ
963 1583 1013 1619 τῆς
1032 1586 1207 1621 φιλαδελφίας
1218 1587 1301 1623 φησιν
1313 1595 1321 1603 ο
1340 1597 1349 1614 ι
1368 1587 1406 1614 Οὐ
1418 1587 1511 1623 χρείαν
1525 1587 1601 1622 ἔχετε
1614 1587 1728 1622 γράφειν
1746 1587 1812 1621 ὑμῖν

189 1629 267 1655 αὐτοὶ
279 1629 333 1663 γὰρ
344 1627 508 1654 θεοδίδακτοί
521 1629 583 1654 ἐστε
594 1627 634 1659 είς
644 1627 673 1653 τὺ
684 1626 797 1662 ἀγαπᾷν
808 1626 949 1662 ἀλλήλους.
965 1637 975 1654 ›

227 1674 308 1709 Igitur
318 1681 380 1700 cum
396 1673 528 1700 Dominus
541 1672 574 1699 ad
589 1672 717 1706 quosdam
729 1671 847 1699 dixerit:
864 1680 873 1697 ι
889 1672 919 1700 Si
932 1672 958 1700 ﬁl

1067 1675 1121 1702 Τοῦ
1148 1675 1251 1710 Κυρίου
1269 1674 1359 1701 τοίνυν
1378 1674 1446 1710 πρός
1472 1682 1548 1705 τινας
1573 1674 1733 1709 εἰρηκότος⁶
1752 1683 1760 1700 ι
1778 1667 1811 1700 Εί

191 1720 326 1746 Abraham
339 1720 415 1751 estis,
423 1725 506 1753 opera
516 1717 652 1744 Abraham
667 1716 788 1750 facite",
809 1726 819 1743 ι
834 1718 977 1745 timeamus

193 1771 222 1792 et
237 1773 285 1792 uos
300 1766 372 1791 illam
389 1771 483 1791 vocem
499 1771 553 1790 non
571 1768 635 1791 tunc
654 1763 761 1797 quidem
778 1763 811 1790 ad
830 1770 878 1790 nos
893 1763 980 1797 prola-

193 1814 261 1842 tam,
278 1810 323 1836 sed
338 1809 364 1834 in
375 1808 522 1839 horrenda,
538 1808 608 1842 quod
622 1812 726 1835 avertat
741 1808 874 1840 Deus,die
888 1815 982 1842 expro-

194 1854 332 1885 mendatn,
343 1853 450 1888 quando
464 1853 553 1887 potius
569 1860 600 1880 ex
619 1852 808 1881 conl'ormitate
817 1853 982 1887 operumju-

193 1901 330 1928 dicabitnr
361 1900 559 1934 propinquitas,
581 1899 688 1933 quando
725 1907 829 1932 omnes,
853 1905 908 1926 tum
936 1899 981 1934 qui

194 1950 381 1980 paupertatem
393 1953 440 1973 seu
452 1946 547 1973 saltem
563 1952 694 1980 pauperes
709 1945 735 1972 itt
752 1945 861 1973 Christo
874 1951 983 1972 amave-

196 1993 261 2023 rint,
277 1996 333 2018 tum
352 1992 445 2026 glorias
475 1996 689 2026 contemptores,
721 1995 777 2018 tum
801 1991 984 2025 temperantia

196 2043 345 2066 amatores,
361 2044 456 2064 omnes
480 2037 597 2070 denique
625 2037 669 2071 qui
694 2036 851 2071 evangelica
871 2036 982 2064 oracula

195 2089 250 2108 nou
261 2082 413 2109 autliverint
429 2086 546 2114 tantum,
555 2082 600 2109 sed
612 2081 693 2109 etiatn
706 2081 828 2112 fecerint,
838 2082 984 2108 secundum

196 2128 330 2154 orationis
346 2127 501 2154 communis
518 2127 606 2154 Putris
636 2128 715 2154 tnodo
744 2127 873 2161 singulari
901 2134 984 2153 unutn

196 2180 289 2206 erum;
302 2173 338 2200 ait
355 2173 443 2200 enim:
459 2183 468 2199 ι
484 2173 521 2200 Da
537 2178 567 2201 ut
581 2180 676 2200 omnes
689 2180 771 2200 unum
789 2173 857 2206 sint,
874 2173 945 2199 sicut
960 2176 986 2199 et

199 2227 248 2246 nos
260 2227 342 2246 unum
357 2227 452 2247 sumus
461 2219 501 2253 ";
519 2228 528 2244 ι
546 2219 652 2253 quando
665 2218 836 2245 acutissimtts
849 2220 922 2245 ensis
932 2217 984 2251 spi-

200 2266 270 2292 ritus
284 2265 421 2299 Scparsbit
439 2265 573 2292 hominem
590 2271 603 2290 a
620 2268 707 2298 patre,
724 2264 805 2290 tiliam
820 2270 834 2290 a
853 2268 948 2296 ntatre,
961 2267 987 2290 ct

200 2311 303 2336 alienos
329 2309 406 2336 faciet
433 2309 552 2336 moribus
565 2309 751 2343 discrepantes
766 2316 774 2340 ',
791 2308 813 2335 si
837 2309 908 2335 enim
931 2309 986 2343 jam

1031 1720 1077 1748 τοῦ
1099 1721 1224 1756 ’Δὸραὰμ
1242 1719 1302 1756 ἦτε,
1320 1719 1354 1746 τὰ
1379 1719 1448 1755 ἔργα
1464 1718 1511 1745 τοῦ
1541 1719 1667 1753 Ἀϐραὰμ.
1693 1721 1811 1745 ἐποιεῖτε

1031 1767 1081 1794 ἄν·
1097 1777 1107 1793 ι
1126 1767 1290 1801 φοϐηθῶμεν
1303 1767 1349 1792 καὶ
1363 1766 1441 1792 αὐτοὶ
1465 1765 1510 1791 τδν
1527 1765 1605 1799 λόγον
1631 1765 1736 1798 τοῦτον,
1762 1765 1811 1791 οὐκ

1032 1812 1150 1839 ἐνταῦθα
1179 1812 1230 1846 μὲν
1252 1810 1319 1846 πρὸς
1347 1811 1420 1846 ἡμᾶς
1445 1810 1600 1845 λεγόμενον,
1623 1809 1739 1836 ἀλλ’ὲπὶ
1764 1811 1812 1844 τῆς

1033 1859 1160 1893 φρικτῆς,
1177 1857 1190 1884 ὃ
1205 1857 1243 1893 μὴ
1267 1857 1382 1891 γένοιτο,
1398 1855 1586 1891 ῥηθησόμενον
1600 1856 1716 1891 ἡμέρας,
1732 1855 1812 1891 ἡνίκα

1035 1904 1135 1939 μᾶλλον
1160 1904 1213 1930 ἀπὸ
1238 1903 1290 1936 τῆς
1313 1902 1472 1937 ὁμοιότητος
1499 1902 1554 1928 τῶν
1578 1902 1780 1937 πεπραγμένων
1796 1902 1812 1935 ἠ

1035 1950 1179 1983 συγγένεια
1200 1948 1335 1983 κρίνεται,
1357 1948 1440 1982 ἡνίκα
1465 1948 1565 1979 πάντες
1580 1948 1604 1974 οί
1622 1947 1670 1982 τὴν
1694 1949 1723 1973 ὲν
1749 1947 1814 1981 Χρι-

1036 1994 1091 2029 στῷ
1109 1993 1259 2028 πτωχείαν,
1275 1993 1299 2019 εί
1320 1992 1342 2019 δ’
1357 1991 1403 2019 οὖν
1416 1992 1483 2019 ἀλλὰ
1507 1992 1568 2024 τοὺς
1597 1992 1721 2026 πτωχοὺς
1749 1991 1814 2026 γοῦν

1034 2037 1221 2073 ἠγαπηκότες,
1254 2037 1279 2063 oi
1308 2037 1514 2072 καταφρονηταὶ
1527 2037 1577 2072 τῆς
1602 2037 1692 2072 δόξης,
1716 2039 1741 2064 οί
1766 2038 1816 2072 τῆς

1035 2084 1198 2118 ιγκρατεὶας
1213 2083 1338 2118 ἐρασταὶ,
1352 2083 1375 2109 οἱ
1385 2083 1441 2109 τῶν
1460 2082 1646 2116 εὖαγγελικῶν
1663 2082 1819 2118 Θεσπισμά-

1036 2138 1088 2156 των
1110 2130 1160 2155 οὐκ
1188 2129 1321 2164 ἀκροαταὶ
1347 2128 1439 2163 μόνον,
1461 2127 1528 2154 ἀλλὰ
1546 2128 1592 2154 καὶ
1609 2128 1731 2161 ποιηταὶ,
1746 2129 1818 2155 κατὰ

1036 2177 1084 2209 τὴν
1110 2174 1156 2200 τοῦ
1178 2173 1271 2200 κοινοῦ
1294 2173 1386 2209 χάριτι
1401 2173 1509 2208 Πατρός
1527 2173 1611 2208 εὐχὴν
1623 2172 1771 2207 ὑπερφυῶς
1789 2174 1819 2200 ἓν

1037 2220 1158 2246 ἑσονται’
1183 2219 1252 2251 «Δὸς
1278 2219 1344 2254 γὰρ,
1366 2220 1458 2254 φησὶν,
1487 2219 1577 2250 αὐτοῖς
1603 2217 1646 2244 ινα
1668 2219 1769 2251 πάντες
1789 2220 1820 2246 ἓν

1037 2263 1098 2298 ὦσι,
1117 2265 1208 2296 καθὼς
1238 2265 1319 2300 ἡμεῖς
1346 2264 1374 2290 ἓν
1399 2265 1483 2298 ὶσμεν
1498 2272 1506 2280 ·
1520 2273 1529 2289 ι
1549 2264 1630 2299 ἡνίκα
1659 2265 1785 2300 φανερῶς
1803 2267 1818 2299 ἡ

1039 2311 1225 2347 κριτικωτάτη
1247 2311 1370 2345 μάχαιρα
1397 2309 1444 2336 τοῦ
1463 2310 1622 2345 Πνεῠματος
1645 2309 1751 2344 δικάσει
1774 2310 1821 2337 ἄν-

202 2355 244 2381 his
260 2355 285 2381 in
305 2355 386 2381 terris
401 2355 451 2381 ista
467 2354 543 2386 fiunt,
555 2358 657 2387 quanto
673 2353 758 2388 magis
770 2353 805 2380 ibi
822 2353 867 2379 uhi
881 2353 924 2388 qui
937 2360 958 2380 st

1039 2341 1147 2393 θρωπον
1163 2341 1233 2383 κατᾶ
1247 2341 1305 2382 ’τοδ
1326 2341 1438 2389 στατρὸς,
1452 2356 1500 2382 καὶ
1523 2341 1660 2389 θυγατέρα
1672 2341 1755 2381 ’κατὰ
1772 2356 1821 2389 τῆς

201 2401 292 2427 o...ni.t
306 2401 358 2427 sibi
373 2401 471 2426 virtute
487 2406 538 2425 non
555 2399 740 2426 confortuatos
754 2398 864 2434 negabit
879 2399 987 2425 dicens:

205 2455 214 2470 ι
232 2445 329 2472 Nescio
348 2453 404 2472 vos.
424 2453 433 2470 ι
454 2444 520 2471 Nam
536 2453 589 2471 nou
603 2444 712 2477 habent,
722 2449 751 2472 ut
765 2445 880 2477 videtur,
895 2444 990 2478 imagi-

205 2499 265 2519 nem
285 2491 372 2518 l‘atris
390 2491 511 2518 caelestis
526 2500 532 2517 :
550 2498 603 2517 non
620 2491 727 2518 fuerunt
747 2491 946 2524 misericordes,
964 2495 992 2517 ut

205 2537 286 2564 Pater
313 2536 476 2569 conuttuuis,
495 2537 564 2563 bona
592 2536 735 2571 egentibus
758 2537 911 2563 communia
939 2544 991 2564 nou

204 2583 336 2615 iecerunt,
346 2583 417 2609 sicut
427 2583 472 2609 ille
482 2590 575 2610 omnes
588 2584 716 2610 bonorum
725 2590 833 2610 suorum
845 2583 991 2617 participes

205 2626 284 2658 fecit,
298 2626 427 2660 proximis
446 2633 498 2653 uou
515 2626 624 2654 fueruut
637 2626 760 2658 ofﬁciosi,
772 2635 818 2654 eos
827 2628 870 2661 qui
886 2634 901 2653 τι
914 2627 992 2660 lenge

205 2671 315 2698 stabant
331 2672 496 2706 propinquos
513 2679 561 2706 per
577 2673 772 2700 humanitatem
788 2680 839 2699 non
857 2672 992 2702 [en-erunt.

207 2717 286 2749 cujus
299 2716 485 2751 discrepantia;
495 2725 574 2744 causa
589 2717 705 2744 necillos
717 2718 768 2744 scit
780 2725 828 2744 nec
841 2717 867 2744 itt
880 2716 990 2743 domum

207 2761 356 2789 introducit
384 2763 512 2797 optimus.
529 2763 604 2797 Quod
628 2763 650 2790 si
682 2763 733 2790 iste
757 2763 830 2795 talis,
845 2771 907 2788 cum
934 2763 993 2797 ipso

243 2854 265 2870 "
282 2854 330 2882 lsa.
347 2862 421 2889 LVIII,
435 2856 491 2884 5-8.
530 2855 552 2871 "
568 2855 575 2882 I
598 2853 691 2882 Thess.
708 2862 744 2885 Iv,
755 2853 782 2880 9.
819 2851 929 2878 l"Joun.
942 2858 1002 2884 Vill,
1017 2851 1061 2878 39.

1041 2402 1154 2436 μητρὸς,
1172 2402 1220 2427 καὶ
1237 2400 1394 2434 ἀλλοτρίους
1409 2401 1516 2434 ποιήσει
1530 2400 1595 2430 τοὺς
1604 2399 1748 2433 ἀνομοίους
1765 2401 1822 2431 τοῖς

1038 2447 1166 2483 τρόποις*
1183 2447 1206 2472 εί
1224 2446 1277 2480 γὰρ
1291 2445 1417 2474 ἐνταῦθα,
1435 2446 1511 2480 πόσῳ
1535 2444 1635 2479 μᾶλλον
1662 2445 1729 2477 ἐκεῖ,
1755 2446 1822 2471 ὅπου

1040 2494 1088 2520 καὶ
1115 2494 1128 2519 ὁ
1156 2491 1245 2518 πάντα
1273 2491 1350 2521 εἰδὼς
1376 2491 1443 2525 πρὸς
1476 2491 1540 2522 τοὺς
1571 2490 1608 2525 μὴ
1634 2490 1694 2516 κατ’
1720 2490 1823 2526 ἀρετὴν

1041 2537 1246 2571 ὡμοιωμένους,
1259 2545 1268 2560 I
1281 2536 1336 2561 Οὐκ
1347 2534 1403 2562 οῖδα
1412 2536 1510 2571 ὑμᾶς.»
1524 2536 1759 2570 ἀποφαίνεται;οὑ
1769 2537 1823 2570 γὰρ

1042 2582 1209 2618 ἕχουσιν,ὼς
1227 2582 1309 2614 ἔοικε,
1327 2582 1377 2616 τὴν
1397 2582 1489 2608 είκόνα
1513 2581 1559 2608 τοῦ
1575 2581 1756 2616 ἐπουρανίου·
1773 2581 1824 2607 οὐκ

1043 2629 1168 2662 ἐγένοντο
1182 2627 1355 2662 οἰκτίρμονες
1378 2627 1414 2658 ὼς
1429 2627 1442 2653 ό
1462 2627 1549 2653 κοινὸς
1567 2627 1661 2661 Πατήρ
1674 2635 1681 2641 ·
1699 2626 1730 2652 οὐ
1748 2628 1824 2653 κοινὰ

1043 2674 1078 2699 τὰ
1090 2674 1156 2699 ὂντα
1171 2674 1227 2703 τοῖς
1240 2673 1376 2707 δεομένοις
1390 2674 1564 2708 ἐποιήσαντο,
1578 2672 1704 2707 καθάπερ
1719 2673 1823 2702 ἐκεῖνος

1045 2718 1100 2744 τῶν
1117 2718 1225 2744 οἰκείων
1242 2717 1354 2750 ἀγαθῶν
1370 2718 1473 2752 δωρεὰν
1490 2717 1641 2752 μετέδωκεν
1659 2717 1763 2743 ᾶπασιν
1774 2725 1782 2732 ·
1793 2716 1823 2742 οὐ

1043 2765 1098 2794 τοῖς
1113 2763 1224 2798 πλησίον
1241 2763 1365 2796 ἐγένοντο
1385 2764 1507 2798 χρηστοὶ,
1523 2764 1552 2789 οὐ
1571 2764 1632 2794 τοὺς
1655 2763 1766 2797 μακρὰν
1780 2761 1824 2788 διὰ

1107 2851 1128 2866 ’λ
1140 2851 1219 2878 .Iuan.
1235 2858 1300 2882 vaI,
1318 2849 1364 2878 ‘29..
