1882 3073
186 168 236 199 175

810 172 831 201 G
839 170 998 201 REGORII
1019 171 1179 202 PALMLE

1746 172 1795 202 l'lb

183 223 215 249 ait
231 223 372 257 antiquum
389 223 494 250 diorum
512 225 643 258 pervenit,
661 229 686 251 et
704 224 736 251 de
749 225 776 251 fit
795 224 819 251 ei
838 229 950 259 potesln-

1031 226 1072 261 ip,
1090 226 1183 261 φησὶν,
1207 226 1259 257 ἕως
1275 222 1306 253 οῦ
1337 225 1427 261 Θρόνοι
1451 225 1583 260 ἐτέθησαν
1608 226 1656 253 καὶ
1682 226 1799 258 παλαιὸς

183 274 235 294 mu
249 274 275 295 ot
293 270 422 296 honorem
437 274 464 296 ct
481 277 593 304 regnum
609 279 615 302 ;
631 271 689 305 eju~
706 278 798 305 rogum
813 275 954 301 aeternum,

181 319 205 340 et
220 322 234 347 ι)
246 319 278 340 tte
296 320 337 342 tas
349 315 409 348 ejus
425 316 502 342 alteri
518 324 570 343 non
587 316 791 350 derelinquetur
801 316 834 342 ".
855 325 865 342 ι

1013 271 1125 306 ἡμερῶν
1140 272 1252 298 ἐκάθισε
1267 279 1274 286 ·
1294 272 1340 298 καὶ
1359 271 1412 298 ἰδοῦ
1429 272 1466 303 ὡς
1481 271 1538 302 υἱὸς
1553 271 1700 305 ἀνθρώπου
1717 272 1798 306 ἐρχό-

1014 325 1095 351 μενος
1106 316 1153 343 ἐπὶ
1167 317 1221 343 τῶν
1235 317 1356 352 νεφελῶν
1369 317 1417 343 τοῦ
1430 317 1557 352 οὐρανοῦ,
1578 318 1626 344 καὶ
1647 318 1729 353 μέχρι
1752 319 1799 345 τοῦ

183 361 237 395 76
252 360 367 387 παλαιςιῦ
383 361 435 386 τῶι
448 360 560 396 ἡμερῶν
573 360 685 396 ἔφθασε,
699 361 745 388 καὶ
760 360 834 396 αὐτῷ
849 361 928 396 ἐδόθη
946 361 963 396 ἡ
980 360 1049 396 τιμὴ
1066 362 1112 389 καὶ
1129 362 1145 396 ὴ
1161 361 1270 395 ἐξουσία
1283 370 1292 379 ”
1306 362 1352 389 καὶ
1366 363 1383 397 ἠ
1405 362 1528 397 βασιλεία
1558 362 1640 390 αὑτοῦ
1675 363 1800 398 βασιλεία

181 409 300 440 αἰώνιος,
314 414 360 435 καὶ
387 408 491 443 βασιλεῖ
509 409 595 444 ἑτέρῳ
618 409 667 444 οὐχ
692 409 928 445 ὑπολειφθήσεται.
949 418 959 435 ι

214 455 293 482 Certe
307 455 428 490 regnabit
441 462 522 490 super
538 456 667 482 thronum
684 455 779 489 David,
795 461 821 483 et
837 455 960 491 regnabit

179 501 207 529 in
226 501 306 528 domo
316 500 412 533 Jacob,
424 509 484 528 cum
501 500 585 529 Jacob
600 501 710 536 quidem
726 502 761 529 sit
777 501 898 529 omnium
914 500 960 536 qui

180 548 262 581 Deum
283 552 410 574 verentur
428 546 593 581 patriarcha,
615 547 698 574 David
715 551 805 575 autem
822 547 884 582 pius
903 554 961 573 om-

179 593 252 619 nium
281 601 373 628 regum
391 593 494 627 primus
510 593 674 627 regnaverit,
688 600 703 620 a
721 593 775 620 Deo
789 596 916 627 acceptus
932 591 959 618 in

178 641 289 672 ligulam
306 639 408 666 Citriin
426 639 471 673 qui
487 639 696 674 patriarrlialent
714 644 741 667 et
767 638 867 674 regiam
885 642 960 673 pote-

179 691 273 712 statem
290 685 315 712 in
331 693 413 712 unum
429 685 566 712 cmlestetn
583 689 610 712 et
627 689 758 712 aeternum
777 684 958 719 principatum

179 732 328 768 conjunxit.
347 731 429 766 Virgo
460 739 524 758 vero
545 730 754 766 gratiosissima,
778 729 878 757 auditis
903 734 956 756 tam

177 779 254 806 novis
267 783 376 812 tantque
389 777 489 804 divinis
502 777 536 803 ab
558 777 656 812 angelo
672 777 704 803 ad
721 777 807 811 ipsam
824 775 974 816 sermoniu

177 829 226 851 nus
241 832 248 852 :
271 833 279 849 ι
291 823 426 850 Dominus
442 828 578 855 κοιλιην..
593 828 619 850 et
629 830 692 850 ecce
705 822 914 856 concipiam...»
931 824 958 847 et

1052 457 1167 484 Καθίσει
1180 457 1209 484 δὲ
1223 458 1268 484 ἐπὶ
1284 457 1329 484 τὸν
1344 457 1440 492 θρόνον
1457 457 1550 488 Δαόἴδ,
1576 456 1624 483 καὶ
1642 456 1800 492 βασιλεύσει

1014 502 1060 528 ἐπὶ
1076 503 1120 528 τὸν
1140 499 1214 529 οἶκον
1228 502 1328 530 Ὶακώδ
1341 510 1350 518 ·
1368 502 1518 538 ἐπειδήπερ
1531 503 1545 530 ὁ
1567 503 1617 538 μὲν
1632 501 1734 529 Ἰακὼὸ
1748 511 1800 528 πα-

1013 547 1145 582 τριάρχης
1162 546 1217 573 τῶν
1233 546 1368 574 θεοσεῦῶν
1381 547 1454 573 ἐστιν
1467 546 1606 579 ἁπάντων,
1627 548 1642 574 ὁ
1661 546 1690 573 δὲ
1716 545 1801 573 Δαϐιδ

1012 593 1121 628 πρῶτος
1136 593 1264 620 ἁπάντων
1283 593 1417 625 θεοσεϐῶς
1432 592 1501 627 ὁμοῦ
1517 593 1564 619 καὶ
1584 592 1742 628 θεαρέστως
1757 594 1798 624 είς

1011 639 1096 665 τύπον
1108 639 1268 666 ἐΰασίλευσε
1290 639 1408 673 Χριστοῦ
1421 646 1429 654 ‘
1451 638 1480 670 ὃς
1496 639 1680 674 πατριαρχίαν
1698 647 1728 664 τε
1751 639 1800 665 καὶ

1009 685 1148 720 βασιλείαν
1162 685 1202 716 είς
1217 685 1281 719 μίαν
1298 685 1424 719 οὐράνισν
1440 685 1488 711 καὶ
1513 684 1624 711 αἰώνιον
1641 684 1798 718 συνήγαγεν

1008 732 1106 766 ἀρχήν.
1129 731 1160 758 Ἦ
1177 731 1205 758 δὲ
1231 731 1444 766 κεχαριτωμένη
1471 729 1608 766 Παρθένος
1634 730 1688 756 τῶν
1709 729 1798 760 οὕτως

1007 777 1134 809 ἐξαισίων
1167 777 1214 804 καὶ
1239 777 1318 803 θείων
1349 776 1386 808 ὡς
1408 777 1508 812 ἤκουσε
1538 775 1586 803 τοῦ
1618 776 1798 811 ἀρχαγγέλου

1008 823 1076 857 πρὸς
1091 823 1176 858 αὐτὴν
1192 823 1384 858 ῥημάτων,ὃτι
1404 822 1434 849 Ὀ
1451 821 1552 858 Κύριος
1569 822 1638 857 μετὰ
1666 821 1726 854 σοῦ,
1748 821 1798 848 καὶ

176 869 288 896 habebis
306 867 404 895 Filium
433 873 590 903 regnantem
616 869 643 895 in
668 873 799 895 aeternum
825 866 945 894 Altissim

1031 869 1067 896 ἰοὺ
1095 869 1229 905 συλλήψῃ,
1247 869 1295 896 καὶ
1307 868 1363 895 υἱὸν
1374 869 1456 902 ἕξεις,
1469 868 1515 894 τὸν
1536 867 1712 903 βασιλεύοντα
1740 867 1797 894 τῶν

176 913 271 941 Filium
287 923 294 941 :
313 924 321 939 ι
337 914 489 947 Quomodo,
502 914 548 946 ait,
563 914 606 940 liet
621 913 712 941 istud?
725 913 851 948 quoniam
869 913 957 940 virum

175 968 228 987 non
240 967 386 995 cognosco;
397 969 406 985 ι
418 960 482 987 licet
494 960 660 994 spiritualem
670 960 749 987 nimis
758 959 959 994 corporalibus-

175 1015 226 1042 qne
240 998 413 1042 passionibus
428 1007 596 1041 superiorem
610 1007 675 1034 milii
694 1005 818 1033 nuntium
838 1005 937 1033 atTeras
949 1025 956 1038 ,

175 1058 264 1080 tamen
276 1053 342 1080 milti
355 1053 473 1088 loqueris
484 1052 510 1079 in
521 1057 598 1080 utero
606 1053 823 1088 conceptionem,
833 1057 859 1079 ct
870 1053 958 1088 gravi-

174 1099 284 1125 ditatem
308 1102 335 1125 et
351 1103 457 1133 partum
474 1105 535 1133 qua:
561 1098 764 1132 conceptionem
785 1102 955 1131 sequentur;

173 1143 309 1178 quomodo
317 1150 381 1178 ergo
391 1143 456 1170 milii
464 1144 514 1170 crit
524 1143 606 1176 istud,
617 1145 743 1177 quoniam
754 1143 841 1169 virum
850 1150 903 1169 non
913 1150 957 1170 co-

173 1188 292 1223 gnosco?
304 1187 349 1215 Sic
359 1188 431 1215 fatur
442 1187 534 1224 Virgo,
546 1195 599 1215 non
611 1189 674 1222 quia
689 1188 807 1215 nondum
818 1188 956 1220 credebat,

174 1235 220 1261 sed
233 1235 295 1269 quia
312 1234 416 1262 discere
430 1238 563 1268 quantum
578 1238 694 1268 poterat.
707 1233 843 1268 quomodo
855 1240 898 1260 res
910 1233 956 1260 ﬁe-

173 1286 225 1312 rct,
241 1278 460 1314 concupiscebat.
474 1279 621 1312 Propterea
636 1279 814 1312 arcltangt-lus
825 1279 857 1305 ad
869 1285 928 1305 eam
946 1286 953 1304 :

177 1335 186 1352 ι
204 1325 333 1360 Spiritus,
357 1324 407 1357 ait,
425 1329 537 1351 sanctus
551 1324 726 1359 superveniet
739 1324 766 1351 in
781 1329 816 1356 te,
831 1329 858 1351 et
869 1325 954 1352 virtus

172 1370 306 1397 Altissimi
320 1369 497 1397 obumbrabit
518 1368 585 1401 tibi;
604 1368 664 1395 ideo
685 1374 711 1395 ct
732 1369 803 1403 quod
827 1374 954 1396 nascetur

172 1419 297 1444 sanctum
312 1415 453 1443 vocabitur
467 1414 552 1441 Filius
571 1413 628 1441 Dei.
648 1423 657 1439 ι
671 1413 730 1441 Jam
747 1414 854 1448 quidem
889 1422 953 1441 san-

172 1468 214 1488 (ειη
233 1469 273 1494 es,
293 1461 393 1496 inquit,
417 1469 433 1487 ο
450 1459 542 1495 Virgo,
562 1460 696 1495 plenaque
719 1460 816 1495 gratia,
834 1460 952 1495 Spiritus

173 1512 261 1534 tamen
277 1511 388 1534 sanctus
402 1505 574 1541 superveniet
585 1505 610 1532 in
629 1510 653 1532 te
665 1513 712 1540 pcr
725 1505 841 1540 amplius
850 1505 935 1532 sancti

172 1553 308 1579 lleationis
324 1547 534 1585 incrcmentnm,
560 1553 696 1579 instruens
712 1556 739 1578 et
752 1558 908 1586 praeparans
925 1551 951 1578 in

172 1602 199 1625 te
213 1598 258 1624 Dei
281 1597 467 1633 operationem
482 1618 489 1629 ,
504 1601 531 1624 et
545 1597 634 1624 virtus
654 1597 788 1624 Altissimi
805 1597 952 1623 obumbra-

171 1643 211 1670 bit
225 1643 272 1670 tibi
286 1642 368 1670 simul
384 1642 576 1674 corroborans,
589 1641 671 1676 vique
695 1642 914 1669 obumbralionis
926 1647 953 1668 et

170 1689 309 1716 soeietatis
321 1688 350 1714 in
369 1692 394 1714 te
411 1687 562 1714 inforntans
578 1687 787 1719 humanitatem,
804 1695 851 1715 seu
866 1692 894 1714 nt
916 1687 951 1715 ita

170 1733 271 1764 dicam,
289 1732 356 1759 illud
370 1733 442 1766 quod
467 1737 595 1758 noscetur
613 1735 752 1763 sanctum,
774 1731 820 1758 Dei
840 1731 950 1764 Filium,

170 1778 304 1806 Altissimi
321 1778 447 1805 virtutem
464 1777 582 1804 humana
609 1777 697 1804 l'orma
726 1778 861 1804 inJutatn.
884 1777 950 1804 Nam

170 1832 234 1852 ecce
266 1824 405 1852 Elisabetli
433 1827 547 1858 cognata
583 1827 650 1856 tua,
693 1823 756 1850 licet
787 1823 814 1850 in
852 1824 952 1851 sttrili-

171 1875 225 1898 tate
248 1875 303 1898 lota
325 1871 378 1897 vita
407 1874 563 1902 transacta,
590 1877 662 1896 nunc
696 1869 722 1896 in
750 1875 889 1897 senectute
917 1877 948 1896 ex

169 1918 226 1944 sola
265 1916 309 1943 Dei
333 1917 473 1944 voluntate
498 1916 585 1942 (ilium
609 1916 743 1950 concepit,
775 1925 784 1941 ι
806 1916 869 1950 quia
897 1923 950 1942 non

168 1963 222 1989 erit
253 1962 421 1997 impossibile
450 1962 524 1996 apud
557 1961 641 1988 Deum
675 1968 754 1988 onme
786 1963 905 1987 verbum.
938 1969 948 1986 ι

168 2010 238 2043 Quid
268 2010 352 2044 igitur
383 2014 445 2044 post
477 2008 541 2035 talia
568 2007 650 2042 Virgo
679 2007 876 2042 gratiosissima
906 2008 949 2033 cui

169 2056 241 2082 nulla
265 2060 374 2090 propter
392 2061 470 2081 Suam
490 2061 552 2081 cum
575 2053 630 2080 Deo
645 2053 867 2087 coniunctionem
884 2060 950 2080 con-

170 2102 234 2129 lerri
253 2101 361 2136 potest?
384 2100 483 2127 lli-rum
504 2101 537 2127 ad
557 2100 642 2126 Deum
667 2099 753 2126 currit
779 2104 805 2126 et
823 2107 870 2134 per
887 2106 949 2126 ora-

170 2149 271 2174 tEOncm
289 2148 322 2172 ad
341 2146 429 2179 ipsum
446 2145 574 2177 intendit,
593 2145 784 2179 arrltangelum
800 2144 880 2172 aﬂ‘afa
896 2153 902 2171 :
921 2145 948 2172 Si

171 2193 299 2228 Spiritus,
316 2197 345 2218 ut
371 2192 423 2224 ais,
452 2197 562 2218 sanctus
578 2190 751 2225 superveniet
776 2190 803 2217 in
830 2199 873 2218 me
901 2193 948 2226 qui

171 2246 258 2265 nteant
275 2242 400 2264 naturam
422 2237 548 2271 purilicet
572 2241 598 2263 et
614 2237 755 2264 conlirmet
770 2238 802 2264 ad
819 2238 951 2272 recipien-

169 2283 235 2310 dum
263 2282 410 2308 salutarem
436 2285 556 2314 partum,
581 2281 603 2307 si
631 2280 718 2308 virtus
745 2281 880 2308 Altissimi
906 2290 949 2309 me

170 2327 345 2356 obutnbrabit
359 2327 391 2354 ad
410 2326 608 2354 efforntmdutn
626 2327 652 2353 in
671 2334 713 2354 me
730 2329 879 2355 secundum
897 2329 948 2355 liu-

170 2375 326 2402 inanitatem
346 2373 421 2400 illum
441 2374 486 2407 qui
505 2378 546 2399 est
558 2373 584 2399 in
601 2371 688 2399 forma
707 2373 805 2406 Dei,et
823 2373 950 2409 efﬁngen-

170 2422 231 2450 dam
258 2421 316 2449 sine
332 2421 434 2447 semine
465 2419 579 2453 prolem,
598 2419 620 2446 si
648 2419 719 2454 quod
747 2426 874 2448 nascetur
898 2423 950 2448 erit

168 2473 313 2497 sanctum,
343 2471 368 2492 et
394 2465 478 2491 Filius
505 2465 550 2491 Dei
581 2470 608 2491 et
638 2464 707 2492 Deus
737 2471 764 2492 et
798 2474 842 2493 rex
877 2475 949 2494 sem-

169 2515 302 2550 piternus,
332 2520 385 2539 non
414 2518 455 2539 cst
478 2513 550 2538 enim
576 2512 742 2547 impossibile
768 2514 838 2548 apud
866 2514 948 2540 Deum

168 2568 249 2587 omne
273 2559 381 2586 verbum
401 2567 408 2584 :
429 2567 437 2584 ι
459 2557 527 2585 ΕΟιῸ
552 2559 648 2586 ancilla
675 2559 794 2591 Domini,
822 2560 865 2586 ﬁat
884 2560 948 2586 milli

168 2606 316 2634 secundum
349 2605 459 2631 verbum
497 2610 584 2631 tuum.
607 2614 615 2629 ι
650 2605 680 2632 Et
712 2605 838 2633 discessit
863 2613 945 2640 ange-

165 2652 209 2679 lus
250 2651 283 2677 ab
309 2657 342 2677 ea
368 2650 526 2684 relinquens
558 2650 584 2676 in
616 2654 693 2677 utero
733 2645 806 2678 illius
837 2652 946 2685 corpori

168 2697 352 2724 rondnnatum
380 2697 501 2722 oinuium
531 2696 712 2727 conditorem.
744 2703 771 2722 et
802 2705 848 2730 pt-r
869 2697 947 2723 istam

168 2742 392 2777 coniunctionem
427 2741 469 2768 cui
506 2741 672 2768 ministravit
706 2742 819 2776 largitus
848 2743 949 2770 mundo

168 2789 293 2815 salutem.
330 2787 367 2814 lt:
393 2796 459 2815 sane
489 2788 572 2815 Isaias
603 2795 653 2822 per
679 2795 710 2815 ea
738 2796 797 2822 quae
829 2788 895 2814 ridit
922 2793 948 2814 et

203 2879 225 2894 "‘
238 2877 306 2906 Dan.
323 2884 370 2912 vti,
385 2876 411 2911 9,
438 2876 479 2910 l5,
498 2876 542 2903 14.

965 2175 987 2202 D

993 915 1114 942 -αίώνων
1133 915 1180 942 τοῦ
1201 915 1328 950 Ὑψίστου
1344 915 1408 941 Υίόν
1425 922 1432 930 ·
1447 923 1458 940 ι
1478 913 1540 946 Πῶς
1551 914 1627 940 ἔσται
1640 922 1695 948 μοι,
1713 913 1796 948 φησὶ,

1007 962 1110 995 τοῦ-τος
1139 963 1199 989 ἐπεὶ
1231 962 1314 996 ἄνδρα
1340 962 1371 988 οὐ
1403 961 1540 996 γινώσκω.
1562 970 1572 987 ι
1600 961 1631 987 Εί
1661 961 1718 995 γὰρ
1746 961 1795 988 καὶ

1007 1009 1286 1048 πνευματικὸηᾶγαν,
1303 1008 1351 1036 καὶ
1372 1007 1513 1044 σαρκικῶν
1535 1007 1631 1034 παθῶν
1648 1007 1796 1042 ὑπερανῳ-

1007 1056 1136 1089 κισμένον
1151 1063 1197 1090 μοι
1212 1055 1335 1089 κομίζεις
1346 1055 1377 1080 τδ
1391 1054 1560 1088 εὐαγγέλιον,
1576 1053 1642 1080 ἀλλὰ
1661 1053 1794 1087 σύλληψίν

1009 1110 1054 1136 μοι
1065 1101 1153 1134 λέγεις
1169 1101 1198 1127 ἐν
1215 1100 1324 1135 γαστρὶ.
1342 1100 1390 1126 καὶ
1404 1100 1503 1134 κύησιν
1520 1100 1567 1125 καὶ
1584 1099 1674 1131 τόκον,
1691 1099 1740 1124 καὶ
1762 1099 1794 1124 τὸ

1009 1147 1064 1173 ἰδοὺ
1079 1146 1227 1182 προστίθης
1243 1145 1288 1173 ἐπὶ
1307 1146 1356 1181 τῆς
1375 1145 1532 1180 συλλήψεως
1547 1153 1553 1160 ·
1571 1145 1629 1177 πῶς
1649 1143 1696 1171 οὖν
1713 1145 1792 1170 ἔσται

1008 1202 1054 1228 μοι
1068 1192 1145 1219 τοῦτο
1161 1201 1168 1225 ;
1191 1192 1252 1218 ἐπεὶ
1269 1192 1364 1228 ἄνδρα,
1381 1191 1473 1227 φησὶν,
1487 1192 1518 1218 οὐ
1542 1191 1678 1225 γινώσκω.
1705 1191 1792 1217 Τοῦτο

1005 1236 1033 1266 δέ
1048 1248 1129 1274 φησιν
1143 1240 1159 1272 ἡ
1178 1238 1312 1273 Παρθένος
1327 1237 1416 1264 οὐκέτ’
1441 1237 1601 1270 ἀπιστοῦσα,
1633 1238 1728 1272 μαθετν
1763 1238 1792 1263 δὲ

1005 1285 1036 1312 τὸ
1053 1285 1167 1320 πρᾶγμα
1180 1284 1249 1310 κατὰ
1262 1284 1291 1310 τὸ
1303 1283 1414 1310 δυνατὸν
1430 1283 1467 1315 ὡς
1490 1284 1547 1318 ἔχει
1574 1283 1691 1318 ζητοῦσα
1708 1291 1715 1299 '
1745 1283 1792 1310 διὰ

1005 1331 1084 1358 τοῦτο
1096 1331 1142 1358 καὶ
1156 1332 1169 1357 ό
1184 1330 1353 1365 ἀρχάγγελος
1365 1329 1431 1364 πρὸς
1444 1330 1539 1365 αὐτὴν,
1573 1338 1582 1355 ι
1602 1329 1725 1363 Πνεῦμα,
1739 1337 1794 1363 φη-

1005 1377 1058 1411 σὶν,
1075 1377 1150 1411 ἅγιον
1165 1377 1341 1403 ἐπελεύσεται
1356 1376 1402 1401 ἐπὶ
1417 1375 1456 1407 σὲ,
1471 1376 1516 1402 καὶ
1527 1375 1640 1410 δύναμις
1658 1374 1791 1409 Ὑψίστου

1004 1423 1158 1450 ἐπισκιάσει
1175 1431 1216 1448 σοι
1233 1430 1239 1436 ·
1271 1421 1311 1448 διδ
1328 1421 1417 1448 καὶτὸ
1430 1421 1599 1456 γεννώμενον
1624 1421 1701 1454 ἅγιον
1723 1421 1792 1455 κλη-

1004 1469 1114 1503 θήσεται
1143 1467 1205 1499 Υἱδς
1237 1466 1304 1493 Θεοῦ
1321 1474 1327 1480 ·
1347 1476 1356 1492 ι
1376 1467 1440 1500 ἁγία
1463 1467 1510 1501 μὲν
1532 1466 1585 1500 γὰρ
1597 1463 1623 1493 εῐ
1637 1466 1680 1497 σὺ,
1709 1466 1791 1500 φησὶ,

965 1529 987 1558 c
1004 1514 1050 1540 aui.
1063 1512 1280 1547 κεχαριτωμένη,
1292 1511 1413 1546 Παρθένε
1428 1520 1435 1528 ·
1451 1511 1561 1546 Πνεῦμα
1576 1511 1604 1537 δὲ
1616 1511 1697 1538 πάλιν
1711 1511 1790 1545 ἇγιον

1003 1559 1178 1585 ἐπελεύσεται
1194 1558 1239 1584 ἐπὶ
1256 1560 1296 1591 σὲ,
1310 1557 1345 1584 δι’
1358 1557 1496 1591 ἁγιασμοῦ
1513 1556 1673 1591 προσθήκης
1686 1556 1789 1591 ὑψηλο-

1003 1606 1102 1640 τέρας,
1127 1603 1271 1638 ἐτοιμάζῦν
1298 1602 1344 1630 καὶ
1371 1602 1588 1637 προκαταρτίζον
1618 1601 1667 1637 τὴν
1691 1602 1720 1628 ἐν
1745 1602 1789 1628 σοὶ

1003 1650 1147 1685 Θεουργίαν
1162 1658 1169 1666 ⁸
1195 1650 1242 1676 καὶ
1267 1649 1381 1684 δύναμις
1401 1649 1528 1683 Ὑψίστου
1548 1649 1705 1674 ἐπισκιάσει
1734 1656 1788 1680 σοι,

1004 1695 1242 1731 συνεπιρρωννῦσά
1254 1703 1283 1722 τε
1297 1695 1354 1729 ἅμα
1366 1694 1413 1721 καὶ
1426 1693 1470 1720 διὰ
1493 1694 1541 1728 τῆς
1561 1695 1589 1720 ἐν
1601 1694 1642 1720 σοὶ
1659 1695 1788 1720 ἐπισκιά-

1003 1751 1071 1774 σεως
1086 1743 1133 1768 καὶ
1150 1741 1300 1776 συναφείας
1318 1741 1401 1775 ἑαυτῇ
1416 1740 1558 1774 μορφοῦσα
1581 1740 1631 1774 τὴν
1644 1740 1788 1774 ἀνθρωπό-

1002 1797 1081 1823 τητα,
1095 1788 1132 1818 ὡς
1149 1784 1259 1814 εἶναιτὸ
1275 1785 1445 1821 γεννώμενον
1469 1785 1560 1819 ἅγιον,
1577 1785 1640 1811 Υἱὸν
1655 1784 1789 1818 0596,66-

1003 1843 1084 1870 ναμιν
1117 1833 1244 1868 Ὑψίστου
1273 1832 1492 1867 μεμορφωμένῃν
1510 1847 1513 1850 -
1529 1830 1589 1856 κατ’
1623 1829 1786 1864 ἄνθρωπον·

1004 1880 1059 1907 ίδοὺ
1076 1881 1129 1915 γὰρ
1144 1879 1191 1906 καὶ
1214 1878 1351 1904 Ἐλισάὸετ
1364 1878 1381 1912 ἡ
1403 1877 1536 1911 συγγενής
1551 1884 1597 1902 σου
1615 1877 1710 1910 στείρα
1740 1875 1786 1902 τὸν

1002 1926 1110 1953 ἅπαντα
1141 1925 1292 1951 διανύσασα
1311 1923 1384 1958 βίον,
1402 1923 1449 1949 νῦν
1478 1923 1506 1948 ἐν
1527 1923 1612 1957 γήρᾳ,
1633 1922 1701 1947 Θεοῦ
1725 1921 1788 1956 βου-

1002 1971 1139 2005 λῃθέντος,
1150 1969 1308 2005 παραδόξως
1324 1969 1464 2003 κυοφορεῖ,
1485 1968 1526 1995 ὅτι
1550 1968 1600 2009 οὐκ
1623 1967 1787 2000 ἀδυνατήσει

1001 2016 1077 2050 παρὰ
1096 2015 1134 2049 τῷ
1144 2014 1203 2048 Θεῷ
1217 2014 1271 2040 πᾶν
1292 2014 1378 2047 ῥῆμα.
1406 2012 1438 2039 Τί
1462 2011 1508 2038 οῦν
1535 2013 1551 2047 ἡ
1580 2012 1786 2047 κεχαριτωμένη

1003 2062 1071 2097 πρὶς
1102 2060 1187 2086 ταῦτα
1216 2058 1364 2093 Παρθένος,
1389 2058 1433 2084 καὶ
1452 2058 1501 2093 τὴν
1526 2058 1634 2084 σύνεσιν
1654 2057 1713 2084 θεία
1739 2057 1789 2084 καὶ

1002 2105 1191 2142 ἀπαρὰμιλλος
1204 2113 1211 2138 ;
1226 2105 1309 2131 Πάλιν
1325 2103 1391 2138 πρὸς
1404 2103 1450 2129 τὴν
1466 2103 1531 2129 Θεὸν
1546 2103 1648 2138 τρέχει,
1674 2102 1723 2128 καὶ
1754 2102 1788 2128 ὁι*

1002 2152 1086 2186 εὐχῆς
1101 2151 1167 2186 πρὸς
1180 2150 1259 2176 αὐτὴν
1272 2149 1454 2180 ἀνατείνεται,
1471 2147 1539 2183 πρὸς
1553 2148 1597 2174 τὸν
1611 2148 1787 2182 ἁρχάγγελον

1001 2197 1118 2231 λέγουσα
1131 2204 1137 2211 ι
1149 2196 1178 2222 Εἰ
1197 2194 1319 2229 Πνεῦμα,
1339 2194 1410 2220 mea
1426 2194 1489 2229 φῂς,
1511 2193 1586 2227 ἅγιον
1609 2193 1788 2220 ἐπελεύσεται

1001 2242 1043 2267 ἐπ’
1058 2241 1120 2274 ἐμὲ,
1136 2240 1184 2274 τὴν
1199 2239 1267 2274 ἐμὴν
1286 2240 1367 2272 φύσιν
1385 2239 1424 2264 ἐτι
1445 2239 1574 2272 καθαῖρον
1594 2239 1639 2264 καὶ
1661 2239 1788 2273 ἐνισγύον

1000 2286 1129 2318 δέξασθαί
1147 2294 1179 2320 με
1193 2285 1222 2311 τὸ
1237 2285 1371 2319 σωτήριον
1387 2283 1480 2318 κύημα
1493 2290 1499 2296 '
1515 2285 1539 2309 εί
1563 2283 1677 2317 δύναμις
1702 2283 1788 2318 ’Υψι-

1000 2340 1063 2357 στου
1081 2330 1234 2357 ἐπισκιάσει
1265 2338 1322 2363 μοι,
1341 2327 1483 2364 μορφοῦσα
1513 2330 1574 2355 κατ’
1594 2328 1739 2363 ἄνθρωπον
1759 2330 1789 2355 ἐν

999 2378 1061 2412 ἐμοὶ
1078 2378 1123 2403 τὸν
1137 2378 1165 2403 ἐν
1180 2377 1269 2411 μορφῇ
1284 2375 1351 2401 Θεοῦ
1366 2375 1441 2407 ὅντα,
1458 2376 1503 2401 κα¹
1513 2374 1719 2409 δημιουργοῦσα
1740 2375 1785 2400 λο-

1000 2423 1076 2457 χείαν
1095 2421 1213 2456 ἄσπορον
1232 2429 1237 2435 ’
1255 2421 1278 2446 εί
1305 2420 1335 2446 τὸ
1350 2420 1518 2454 γεννώμενον
1539 2420 1616 2453 ἆγιον
1649 2420 1695 2446 καὶ
1725 2420 1789 2451 Υἱὸς

999 2466 1076 2499 Θεοῦ,
1091 2466 1139 2492 καὶ
1152 2465 1217 2495 Θεὺς
1239 2465 1288 2491 καὶ
1303 2465 1429 2499 βασιλεὺς
1446 2465 1554 2496 αἰώνιος
1571 2472 1577 2479 ·
1602 2464 1633 2490 οὑ
1653 2470 1709 2499 γαρ
1724 2465 1789 2491 ἀδυ-

999 2515 1074 2540 νατεῖ
1089 2512 1166 2548 παρὰ
1180 2511 1218 2547 τῷ
1235 2511 1295 2546 Θεῴ
1305 2512 1357 2538 πᾶν
1377 2512 1451 2546 ῥῆμα
1467 2519 1473 2526 ·
1493 2521 1501 2537 ι
1522 2511 1587 2538 Ἰδοὺ
1608 2512 1624 2546 ἡ
1638 2511 1721 2546 δούλη
1731 2513 1788 2538 Κυ-

1001 2559 1058 2595 ρίου
1076 2567 1083 2574 ·
1101 2558 1205 2593 γένοιτό
1219 2566 1263 2592 μοι
1277 2558 1348 2584 κατὰ
1366 2558 1396 2584 τὸ
1420 2557 1495 2592 ῥῆμά
1509 2566 1568 2584 σου.
1587 2567 1596 2584 ι
1618 2558 1672 2584 Καὶ
1698 2558 1786 2592 ἀπῆλ-

999 2606 1045 2632 θεν
1062 2606 1109 2631 ἀπ’
1121 2605 1206 2639 αὐτῆς
1221 2604 1368 2638 ὁᾶγγελος,
1378 2603 1465 2629 λιπὼν
1480 2605 1508 2629 ἐν
1524 2605 1555 2638 τῇ
1572 2604 1671 2639 γαστρὶ
1686 2603 1787 2638 ταύτης

1004 2652 1108 2686 σώματι
1125 2651 1294 2685 συνημμένον
1316 2649 1362 2676 τὸν
1385 2650 1432 2676 τοῦ
1452 2639 1549 2681 πῖντὶς
1575 2651 1690 2685 ποιητὴν
1703 2670 1709 2681 ,
1741 2651 1787 2676 καὶ

1003 2696 1046 2722 διὰ
1061 2696 1111 2730 τῆς
1134 2696 1162 2721 ἐν
1190 2695 1258 2730 αὐτῇ
1285 2694 1385 2729 ταύτης
1409 2695 1565 2729 συναφείας,
1631 2695 1787 2729 διηκόνηπε,

1005 2740 1173 2775 προξενήσεις
1187 2741 1226 2775 τῷ
1244 2740 1337 2775 κόσμῳ
1363 2741 1411 2774 τὴν
1432 2741 1580 2774 σωτηρίαν.
1597 2739 1674 2766 υῦτω
1693 2740 1722 2765 δέ
1741 2741 1788 2766 καὶ

1011 2788 1123 2818 Ἡσαΐας
1135 2787 1167 2814 δι’
1179 2784 1215 2814 ὧν
1233 2787 1282 2822 ἥδη
1299 2788 1345 2813 καὶ
1360 2787 1499 2820 μακαρίως
1512 2786 1613 2822 ἡξιὼοη
1630 2787 1727 2813 παθεῖν
1748 2787 1790 2812 ἐν-
