1882 3073
157 127 208 165 183

805 134 996 167 GREGORII
1011 135 1174 168 PALAMIE

1739 132 1790 164 183

155 185 290 221 lerunt'laj
304 187 425 221 idem,“
445 188 568 217 faetorem
585 195 728 218 senserunt
741 210 749 223 ,
763 195 792 220 et
808 199 875 221 voce
890 201 898 220 l

1048 202 1056 220 ι
1081 193 1157 229 αὐτῷ
1184 191 1330 229 παρεστη-
1355 189 1421 244 Ep:
1437 190 1632 227 προστάγματι
1656 189 1791 222 ζωοῦντος

155 241 208 267 κιηι
221 234 346 260 clamavit
358 238 385 261 et
398 235 502 262 voravit
518 235 662 270 Lazarum,
683 240 710 264 et
724 238 764 266 sic
775 245 838 266 eum
854 238 888 266 ad
904 238 945 266 lu-

155 287 215 307 cem
230 280 357 314 reddidit,
377 286 406 308 ut
419 283 537 316 propriis
553 284 651 316 oculis,
668 284 797 313 viderunt
815 284 888 312 enim
904 290 946 313 tu-
972 299 981 307 ι

157 325 260 352 multtm
283 326 435 358 aalstan'es,
452 328 563 362 propria
589 330 775 364 perceptione,
801 336 945 359 senserunt

156 372 255 398 mortui
270 373 414 405 fmloretn,
434 382 494 400 ttam
510 375 718 410 quatridttamus
736 381 810 411 erat,
833 379 944 413 proprio

156 421 241 449 tactu,
261 418 319 445 suis
334 419 406 446 enini
426 420 553 448 manibus
574 422 663 456 primo
686 423 802 457 lapidem
829 431 861 451 ex
887 431 946 450 mo-

154 470 287 491 numento
302 466 484 498 sustulerunt,
498 466 596 494 deinde
609 468 717 496 vincula
730 469 829 504 quilnts
844 477 944 503 corpus

155 510 303 544 ligabatur,
322 516 350 540 et
365 512 518 545 sudarium,
536 521 591 548 quo
604 515 744 541 velabatur
760 515 843 543 facies
861 515 945 542 solve-

157 563 231 590 runt,
242 563 267 585 et
280 559 398 594 propriis
412 559 536 592 auribus,
549 560 656 587 Domini
670 561 743 588 enim
757 569 808 588 vox
820 562 943 588 omnium

156 603 269 632 auribus
287 606 455 640 personavit,
476 613 571 633 omttes
593 606 777 642 intelligerent
796 612 822 634 et
844 607 942 635 crede-

154 655 215 677 rent
239 652 371 686 quoniam
401 651 460 687 ipse
495 658 536 680 est
558 660 659 680 vocans
684 661 714 680 ea
729 661 789 688 qua:
804 661 857 680 non
881 659 945 681 sunt

154 701 282 732 tanquam
298 705 329 725 ea
346 706 406 734 quae
425 703 489 726 sunt
505 699 526 730 ⁸,
544 705 658 733 portans
680 700 771 727 omnia
788 700 870 727 verbo
889 701 945 727 vir-

999 239 1089 272 τοῦτο,
1104 239 1121 274 ἢ
1133 239 1166 266 δι’
1180 239 1264 274 εὐχῆς
1275 236 1472 271 ζωοποιοὶπτος
1485 246 1492 270 ;
1513 236 1652 272 Ἑφὼνησε
1669 236 1697 262 δὲ
1713 237 1790 271 φωνῇ

1002 285 1120 321 μεγάλῃ,
1139 286 1186 312 καὶ
1208 283 1287 311 τοῦτο
1305 284 1350 311 διὰ
1363 284 1428 315 τοὺς
1447 282 1636 315 περιεστῶτας
1650 289 1657 297 ·
1675 281 1792 308 ἐδύνατο

999 331 1054 365 γὰρ
1082 330 1120 366 μὴ
1138 330 1236 365 μετρίᾳ
1257 330 1332 365 φωνῇ
1348 330 1440 364 μόνον,
1466 328 1535 355 ἀλλὰ
1563 327 1612 354 καὶ
1637 326 1793 361 βουλήματι

1001 377 1074 412 μόνῳ
1088 377 1184 403 τοῦτον
1196 376 1359 411 ἀναστῆσαι,
1372 375 1468 410 ὥσπερ
1483 375 1530 401 καὶ
1546 373 1656 409 μακρὰν
1666 372 1791 407 ἀπέχων.

999 423 1046 449 καὶ
1074 422 1121 449 τοῦ
1149 422 1223 449 λίθου
1242 422 1438 456 ὲπικειμένουυ
1465 420 1532 447 ἀλλὰ
1556 419 1605 446 καὶ
1633 418 1737 451 ἐπέστη
1753 417 1793 451 τῷ

998 470 1086 504 τάφῳ,
1112 469 1159 494 καὶ
1175 467 1236 495 εἷπε
1263 469 1319 499 τοῖς
1344 467 1522 502 περιεστῶσι,
1538 465 1586 492 καὶ
1614 462 1688 500 ἦραν
1712 464 1793 490 αὐτοὶ

998 514 1045 541 τὴν
1056 514 1131 541 λίθον
1150 515 1199 540 καὶ
1221 513 1334 549 ᾔσθοντο
1349 513 1399 547 τῆς
1421 512 1565 543 δυσωδίας,
1580 512 1628 538 καὶ
1645 511 1722 545 φωνῇ
1742 518 1793 544 μευ

997 561 1068 596 γάλῃ
1097 561 1220 594 ὲφώνησε
1247 561 1294 587 καὶ
1315 560 1440 591 ἐκάλεσε,
1456 559 1504 585 καί
1528 558 1614 588 οὕτως
1637 557 1792 590 ἀνέστησεν

997 609 1089 641 αὐτὸν,
1105 607 1148 635 ἵνα
1163 609 1210 634 καί
1225 608 1268 635 διὰ
1284 607 1336 642 τῆς
1352 606 1457 637 οἰκείας
1482 605 1605 639 ὁράσεως
1618 611 1625 619 ·
1639 602 1719 630 αὐτοὶ
1735 602 1792 635 γὰρ

999 654 1092 690 ἑώρων
1109 654 1284 689 ἐφισταμένῳ
1309 653 1347 688 τῷ
1360 653 1439 687 τάφῳ
1451 660 1458 668 ι
1484 652 1532 678 καὶ
1548 651 1591 677 διὰ
1615 650 1662 684 τῆς
1683 648 1792 677 οἰκείας

999 701 1178 737 ὀσφρήσεως·
1206 700 1283 727 αὐτοὶ
1307 700 1361 734 γὰρ
1381 699 1496 735 ᾔσθοντο
1512 698 1562 731 τῆς
1588 696 1723 726 δυσωδίας
1743 693 1792 720 τοῦ

155 743 220 770 ttttis
235 752 291 772 sua:
307 749 333 772 et
347 745 439 772 omnia
457 746 484 772 in
507 745 642 780 principio
659 746 718 774 solo
733 746 816 773 verbo
837 747 863 773 in
885 755 898 774 ε

1052 746 1110 781 ροῦ,
1136 747 1296 780 τεταρταῖος
1321 746 1376 781 γὰρ
1400 743 1451 780 ἦν·
1476 746 1524 772 καὶ
1538 743 1582 770 διὰ
1607 743 1656 778 τῆς
1685 740 1794 768 ἑαυτῶν

155 789 304 818 addul'ellso
1003 792 1087 827 diﬁc.
1104 792 1137 818 δι’
1151 790 1184 828 ἧς
1200 792 1278 818 αὐτοὶ
1293 793 1353 822 ταῖς
1372 791 1486 820 οίκείαις
1503 790 1674 825 χρησάμενοι
1698 786 1794 822 χερσὶ,

154 837 264 872 πρῶτον
280 837 330 871 μὲν
346 837 419 875 ἦραν
437 839 483 866 τδν
498 839 571 866 λίθον
583 840 614 865 ὲκ
632 839 678 865 τοῦ
701 839 846 874 μνημείου,
866 839 980 875 ὕστερον
995 840 1022 866 δὲ
1045 840 1090 866 τὸν
1128 839 1174 866 ἐπὶ
1207 839 1253 866 τοῦ
1276 839 1402 873 σώματος
1438 838 1537 872 δεσμὸν
1560 836 1606 863 καὶ
1627 835 1658 862 τὸ
1680 835 1728 861 ἐπὶ
1758 836 1793 868 τῇ

153 883 213 918 ὕψει
233 885 375 919 σουδάριον
399 885 515 912 ἔλυσαν·
533 886 580 912 καὶ
614 886 658 913 διὰ
691 887 745 913 τῶν
768 886 878 913 οἰκείων
899 886 976 913 ὢτων
996 887 1047 919 τῆς
1060 887 1107 913 τοῦ
1122 887 1227 923 Κυρίου
1244 887 1334 921 φωνῆς
1351 886 1399 912 ἐπὶ
1416 885 1465 917 τὰς
1484 885 1594 912 πάντων
1616 884 1703 914 ἀκοὰς
1720 883 1795 917 φθα-

153 931 262 965 νούσης.
283 931 382 959 συνῶσι
397 931 499 963 πάντες
515 933 562 959 καὶ
578 932 773 965 πιστεύσωσιν,
789 933 830 959 ὅτι
852 933 935 965 αὑτός
951 933 1025 960 ἐστιν
1043 934 1057 959 ὁ
1074 934 1164 960 καλῶν
1180 933 1214 960 τὰ
1240 935 1278 968 μὴ
1299 933 1362 959 ὅντα
1376 932 1415 963 ὼς
1431 932 1506 964 ὄντα,
1527 933 1540 958 6
1571 933 1664 967 φέρων
1697 931 1793 963 πάντα

152 979 190 1012 τῷ
207 979 310 1014 ῥήματι
324 978 372 1013 τῆς
395 978 538 1013 δυνάμεως
564 979 657 1011 αὑτοῦ,
677 981 690 1006 6
715 979 763 1006 καί
785 980 874 1006 πάντα
892 979 942 1014 τὴν
959 980 1048 1015 ἀρχὴν
1066 980 1169 1015 ῥήματι
1185 980 1257 1014 μόνῳ
1274 981 1304 1005 ἐκ
1323 979 1360 1014 μὴ
1382 978 1466 1005 ὄντων
1481 977 1517 1004 τὰ
1529 977 1594 1004 ὅντα
1620 978 1751 1012 ποιήσας.

188 1024 309 1058 Populus
324 1032 388 1060 ergo
401 1025 518 1059 simplex
536 1031 646 1060 ptopler
666 1026 729 1052 talia
745 1026 785 1053 sic
807 1027 840 1052 ei'
854 1026 942 1053 crt-di-
959 1030 979 1056 Β

151 1071 190 1097 ιίἰι
205 1075 233 1098 ut
247 1078 301 1098 non
315 1071 404 1098 solum
420 1071 504 1099 silens
516 1071 642 1099 habuerit
655 1071 746 1104 ﬁdem,
758 1073 804 1100 sed
819 1077 845 1099 et
859 1080 947 1107 pra-co

152 1117 240 1143 factus
254 1117 289 1143 sit
303 1124 386 1151 opere
411 1121 437 1144 ct
463 1117 553 1152 lingua
579 1117 640 1152 ejus
657 1117 820 1145 divinitatis.
839 1117 945 1144 Ειι-ιιίιη

150 1161 255 1190 Lazaro
283 1171 297 1189 ο
326 1170 424 1190 somno
452 1163 637 1198 quatriduano
662 1164 792 1195 excitato,
813 1163 947 1190 Domintts

151 1214 249 1236 nactus
277 1208 384 1235 asinum
408 1217 490 1244 quem
521 1215 685 1243 paraverant
708 1209 847 1244 discipuli,
873 1209 948 1236 sicut

150 1255 318 1290 evangelista
331 1253 475 1282 llattlneus
486 1259 580 1280 narrat
592 1255 614 1287 ',
626 1255 652 1280 in
669 1254 728 1288 ipso
740 1256 839 1282 sedens
853 1253 948 1281 Ηὶυτο-

152 1300 257 1336 solyma
281 1300 443 1334 ingreditur,
459 1305 541 1334 prout
565 1299 777 1334 prophetaverat
800 1299 948 1327 Zacharias

153 1346 247 1374 dicens
261 1354 268 1372 :
287 1355 296 1371 ι
318 1345 376 1372 Noli
393 1346 503 1378 timere,
518 1345 570 1372 [ilia
587 1345 665 1380 Sion,
682 1353 747 1374 ecce
762 1354 808 1373 rex
823 1350 888 1373 tuus
905 1353 949 1373 ve-

153 1393 194 1420 nit
214 1392 262 1419 libi
284 1392 375 1427 justus
393 1397 419 1419 et
440 1391 585 1424 Salvator;
604 1392 662 1426 ipse
679 1397 841 1420 mansuetus
862 1396 890 1420 ct
908 1398 949 1419 se-

152 1439 220 1466 dens
235 1445 319 1472 super
333 1437 503 1473 subjugalem
521 1444 546 1464 et
561 1437 666 1473 pullum
685 1438 770 1465 asina:
785 1437 822 1465 ⁷.»
842 1438 948 1471 Quibus

153 1483 244 1510 verbis
268 1482 388 1509 ostendit
406 1482 538 1518 propheta
554 1483 627 1517 quod
655 1483 802 1518 praedictus
822 1488 881 1512 erat
900 1492 947 1512 rex

153 1530 212 1564 ipse
229 1528 275 1564 qtti
292 1528 368 1556 solus
381 1528 440 1556 “ex
458 1528 524 1556 Sion
536 1529 598 1564 jure
611 1530 775 1564 appellatur.
795 1530 840 1557 Ait
854 1530 946 1557 enim:

153 1566 210 1604 ilex
229 1581 291 1603 tuus
307 1583 359 1603 non
375 1580 419 1603 est
433 1582 466 1603 ex
478 1576 632 1611 conspectis
646 1577 819 1609 metuendus,
833 1584 884 1604 nec
897 1584 948 1603 au-

152 1628 255 1655 sterus,
272 1630 322 1650 nec
337 1621 472 1656 nefarius,
490 1623 622 1650 satellites
634 1623 816 1658 stipatoresve
828 1631 881 1660 non
897 1623 947 1650 Ita-

151 1669 208 1700 bet,
225 1676 274 1696 nec
290 1669 413 1704 peditum
436 1669 475 1696 \el
490 1668 612 1704 equitum
630 1669 736 1696 turbam
758 1669 880 1700 adducit.
895 1676 946 1696 nec

153 1721 234 1741 avare
262 1713 345 1749 degit,
367 1721 415 1740 nec
436 1714 538 1740 tributa
555 1719 601 1741 aut
619 1714 759 1748 vectigalia
782 1715 865 1748 exigit
890 1721 941 1741 nec
955 1707 976 1736 ο

153 1760 300 1788 servitutes
331 1763 377 1786 aut
403 1759 489 1786 οίῐίι·ὶ;ι
517 1768 569 1788 non
601 1760 691 1787 minus
708 1760 771 1787 vilia
790 1768 871 1794 qttam
897 1769 946 1787 no-

153 1807 208 1834 xia.
219 1805 271 1833 Sed
289 1806 348 1840 ejus
365 1805 480 1841 insignia
496 1806 647 1838 humilitas,
664 1811 807 1842 paupertas
819 1810 845 1833 et
858 1806 946 1841 parei-

152 1852 266 1885 monia;
309 1851 387 1879 asino
428 1851 550 1879 insidens
587 1842 773 1888 ingreditur:
803 1853 945 1880 hminum

151 1904 218 1924 vero
233 1896 362 1923 comitatu
379 1895 463 1923 utitur
476 1896 561 1924 nullo.
574 1895 637 1923 Ideo
646 1896 738 1931 justus
749 1896 824 1924 solus
837 1897 888 1923 iste
899 1904 944 1922 t'cx

151 1947 179 1971 et
187 1942 298 1971 salvans
310 1943 336 1969 in
348 1942 489 1976 atquitate,
501 1946 528 1969 et
543 1942 601 1977 ipse
617 1946 776 1969 mansuetus
787 1951 794 1969 :
806 1943 944 1977 propriam

151 1988 225 2016 enim
248 1988 330 2015 habet
353 1987 604 2015 mansuctudinem.
621 1986 699 2015 Unde
716 1992 743 2014 et
764 1987 895 2015 Dominus
912 1988 946 2014 de

153 2035 244 2070 seipso
261 2034 330 2062 dixit
347 2042 354 2061 :
373 2042 382 2059 ι
402 2032 504 2061 Discite
518 2041 533 2060 a
547 2040 589 2060 me
603 2034 666 2068 quia
684 2033 759 2060 mitis
776 2040 837 2060 sum
856 2039 882 2060 et
895 2033 946 2059 Int-

153 2081 225 2109 tnllis
242 2080 325 2109 corde
337 2080 359 2107 ⁵.
379 2089 387 2106 t
401 2080 449 2108 Ille
465 2087 529 2115 ergo
542 2080 588 2114 qui
611 2079 745 2107 Lazarum
764 2080 944 2107 resuscitave-

151 2131 204 2159 rat,
219 2133 264 2153 rex
281 2133 362 2161 super
375 2126 482 2153 asinum
505 2125 616 2157 sedens,
634 2125 675 2153 sic
693 2124 883 2161 Hierosolyma
900 2125 945 2151 in-

151 2172 285 2209 greditur,
306 2179 402 2200 omnes
426 2176 517 2198 autem
540 2171 636 2203 turbae,
658 2171 715 2198 fere
742 2178 838 2199 omnes
856 2172 944 2206 pueri,

150 2219 215 2251 viri,
231 2219 363 2250 seniores,
379 2216 523 2251 prostratis
538 2216 711 2243 vestimentis
728 2221 755 2242 et
769 2216 888 2251 acceptis
903 2224 945 2243 ra-

151 2265 205 2293 mis
215 2264 366 2299 palmarum
382 2271 444 2298 qua:
455 2267 521 2291 sunt
537 2263 658 2290 victoriae
675 2263 796 2297 signum,
815 2266 944 2298 tanquam

151 2311 214 2338 vitae
229 2309 336 2338 auctori
360 2309 512 2344 mortisque
533 2308 630 2336 victori
643 2313 836 2341 occurrerunt,
862 2317 943 2343 quem

152 2356 304 2384 adorabant
312 2361 339 2384 et
348 2356 516 2384 deducebant
526 2364 579 2384 non
591 2361 666 2383 extra
677 2360 794 2388 tantum,
803 2356 850 2384 sed
861 2356 942 2383 etiam

152 2404 224 2431 intra
249 2407 407 2430 sanctorum
435 2402 534 2430 n-mnia
561 2410 614 2429 una
641 2410 708 2430 voce
734 2403 911 2429 concinentes
932 2412 939 2429 :

156 2460 165 2477 ι
178 2451 307 2479 llosatma
325 2450 381 2478 lilio
399 2449 500 2477 David!
529 2448 656 2478 Hosanna
674 2450 700 2477 in
718 2449 832 2478 excelsis
845 2450 868 2475 ι»
884 2449 941 2478 Hoc

152 2497 262 2533 quidem
278 2497 401 2524 bosauna
419 2496 535 2532 hymnus
552 2499 595 2523 est
607 2495 640 2524 ad
656 2495 739 2523 Deum
756 2496 875 2529 missus;
900 2495 941 2523 in-

154 2548 330 2578 terpretatum
347 2542 419 2570 enim
436 2542 506 2570 idem
523 2547 604 2570 sonat
621 2549 653 2569 ac
675 2542 769 2570 «Salva
785 2541 909 2570 Domine.
929 2551 939 2568 ι

153 2590 221 2617 Illud
237 2589 409 2625 autemquod
423 2589 550 2617 additur:
564 2589 591 2616 in
606 2589 730 2621 excelsis,
749 2589 940 2617 ostenditeum

155 2643 210 2663 non
234 2635 262 2662 in
282 2635 363 2662 terris
380 2640 484 2663 tantum
499 2642 550 2662 nec
565 2635 647 2662 tnodo
662 2635 695 2662 ab
711 2635 878 2666 hominibus.
895 2634 942 2662 sed

154 2686 181 2708 rt
194 2681 220 2708 in
236 2681 351 2709 excelsis
374 2682 409 2709 ab
432 2681 588 2716 angelorum
606 2681 698 2709 cooris
722 2681 864 2709 celebrati.
888 2680 944 2708 Nec

154 2731 258 2754 tantum
277 2727 351 2754 illum
367 2727 407 2755 sic
427 2727 604 2755 concinentes
622 2727 704 2755 Dettm
721 2728 879 2762 praedicant,
892 2728 939 2754 sed

153 2772 235 2800 etiam
252 2774 344 2808 pravis
367 2774 488 2802 consiliis
511 2779 539 2802 et
562 2778 656 2801 contra
686 2774 769 2802 Deum
795 2773 942 2809 propositis

1035 1026 1065 1052 '0
1086 1027 1137 1060 μὲν
1151 1024 1198 1053 οὖν
1218 1026 1410 1057 ἄκακοςιλαὸς
1432 1025 1504 1052 οὑτω
1526 1024 1570 1051 διὰ
1600 1024 1712 1051 πάντων
1731 1025 1795 1051 επι-

1000 1081 1116 1100 στευσαν
1134 1073 1220 1108 αὐτῷ,
1235 1073 1272 1105 ὡς
1288 1073 1325 1108 μὴ
1345 1073 1425 1108 μόνον
1447 1073 1511 1107 σιγῇ
1533 1071 1581 1106 τὴν
1596 1071 1691 1098 πίστιν
1708 1071 1793 1106 ἔχειν.

999 1119 1069 1145 ἀλλὰ
1091 1119 1138 1145 καὶ
1153 1119 1273 1154 κήρυκες
1288 1118 1416 1153 γενέσθαι
1432 1118 1464 1144 δι’
1480 1118 1570 1152 ἔργων
1587 1126 1616 1143 τε
1641 1118 1688 1142 καὶ
1702 1117 1793 1150 λόγων

998 1164 1048 1199 τῆς
1074 1164 1158 1191 αὑτοῦ
1177 1165 1312 1200 θεότητος.
1339 1164 1417 1191 Μετὰ
1442 1165 1497 1199 γὰρ
1522 1164 1572 1198 τὴν
1590 1162 1637 1189 τοῦ
1661 1162 1793 1197 Λαζάρου

998 1211 1186 1246 τετραήμερον
1211 1210 1333 1246 ἔγερσιν,
1360 1210 1469 1244 ὀνάριον
1497 1208 1586 1244 εὑρὼν
1604 1209 1617 1235 6
1646 1208 1761 1243 Κύριος,
1778 1209 1794 1235 6

999 1256 1220 1291 προητοίμασται
1248 1256 1324 1291 παρὰ
1340 1255 1394 1282 τῶν
1411 1255 1552 1290 μαθητῶν,
1575 1254 1612 1285 ὡς
1630 1255 1644 1280 6
1671 1254 1792 1288 εὐαγγε-

998 1301 1093 1336 λιστὴς
1109 1302 1250 1334 διατθαίός
1267 1310 1361 1337 φησιν,
1378 1302 1422 1327 ἐπ’
1438 1300 1521 1327 αὑτοῦ
1537 1300 1665 1331 καθίσας,
1681 1300 1716 1326 τὰ
1741 1299 1792 1326 Ἰε-

1000 1347 1138 1383 ροσόλυμα
1153 1347 1209 1383 80
1229 1348 1315 1384 εἰσῄει
1338 1347 1408 1374 κατὰ
1426 1349 1476 1383 τὴν
1502 1349 1672 1382 προφητείαν
1698 1346 1791 1380 Ζαχα-

1001 1394 1071 1429 ρίου,
1102 1394 1317 1430 προειρηκότος·
1338 1404 1346 1419 ι
1367 1395 1413 1429 Μὴ
1440 1394 1535 1429 φοϐοῦ,
1555 1394 1675 1428 θύγατερ
1706 1391 1787 1424 Σιὼν,

1001 1440 1055 1466 ἰδοὺ
1073 1440 1087 1466 6
1106 1439 1232 1475 βασιλεύς
1248 1448 1296 1466 σου
1313 1439 1425 1474 ἔρχεταί
1442 1449 1484 1466 σοι
1497 1439 1602 1471 δίκαιος
1615 1439 1664 1465 καὶ
1683 1438 1791 1470 σώζων·

999 1484 1080 1516 αὐτὸς
1095 1485 1181 1520 πρᾶος
1201 1485 1248 1511 καὶ
1262 1484 1438 1520 ὲπιῦεὸηκὼς
1450 1485 1496 1511 ἐπὶ
1508 1483 1656 1518 ὑποζύγιον
1674 1484 1720 1510 καί
1735 1483 1794 1508 πῶ-

998 1531 1044 1558 λον
1068 1530 1143 1558 ὄνου.
1167 1540 1176 1557 ι
1204 1531 1326 1558 Ἐδείκνυ
1344 1531 1372 1558 δὲ
1389 1531 1434 1557 διὰ
1457 1530 1512 1556 τῶν
1539 1530 1626 1564 λόγων
1649 1529 1755 1556 τούτων
1778 1529 1793 1555 6

1000 1577 1154 1612 προφήτης,
1173 1577 1213 1604 ὅτι
1239 1577 1253 1603 6
1276 1577 1519 1612 προφητευόμενος
1543 1573 1620 1606 οὗτος
1648 1575 1788 1611 βασιλεὺς,

997 1623 1026 1654 ὃς
1042 1623 1089 1650 καὶ
1104 1623 1184 1658 μόνος
1199 1623 1284 1654 ὄντως
1298 1623 1348 1656 τῆς
1365 1622 1435 1649 Σιὼν
1455 1622 1574 1657 ὑπάρχει
1589 1621 1718 1657 βασιλεὺς
1729 1630 1737 1637 ν
1759 1621 1790 1648 '0

1000 1669 1127 1705 βασιλεύς
1151 1677 1198 1696 σου
1227 1669 1294 1703 γὰρ,
1314 1669 1408 1704 φησὶν,
1433 1670 1484 1696 οὐκ
1511 1668 1568 1695 ἐστι
1594 1667 1710 1702 φοῆερέις
1734 1667 1792 1693 ἀπὸ

996 1716 1053 1742 τῶν
1067 1715 1226 1750 ὁρωμένων,
1243 1714 1303 1740 οὐδὲ
1319 1713 1406 1750 βαρύς
1419 1722 1462 1745 τις
1478 1714 1524 1740 καί
1539 1712 1700 1743 κακοποιὸς,
1717 1711 1791 1737 ὑπα-

998 1762 1113 1792 σπιστὰς
1130 1761 1177 1787 καὶ
1199 1760 1366 1795 δορυφόρους
1386 1759 1568 1794 ἑπαγόμενος,
1583 1758 1599 1793 ἢ
1617 1757 1710 1789 πεζῶν
1736 1757 1789 1783 καὶ

999 1807 1122 1834 ἱπποτῶν
1135 1806 1335 1841 ἐπισυρόμενος
1350 1805 1466 1840 πλῆθος,
1480 1803 1625 1839 πλεονεξίᾳ
1637 1812 1666 1830 τε
1683 1803 1788 1835 συζῶν,

997 1855 1047 1881 καὶ
1071 1853 1136 1888 τέλη
1154 1853 1202 1880 καὶ
1229 1852 1330 1888 φόρους
1356 1851 1492 1883 ἁπαιτῶν,
1515 1850 1562 1877 καὶ
1588 1849 1711 1880 δουλείας
1741 1849 1792 1875 καὶ

997 1900 1153 1936 ὑπηρεσίας
1170 1900 1279 1933 ἀγενεῖς
1295 1907 1324 1925 τε
1342 1898 1390 1925 καὶ
1403 1897 1561 1928 ὲπιὸλαὸεῖς
1574 1905 1581 1912 ·
1595 1895 1665 1923 ἀλλὰ
1679 1895 1710 1922 το
1726 1896 1791 1922 ὲπί-

998 1953 1087 1980 σημον
1104 1945 1188 1972 αὑτοῦ
1203 1944 1370 1976 ταπείνωσις
1385 1945 1454 1976 ἐστι,
1473 1943 1522 1970 καὶ
1543 1941 1664 1977 πτωχεία
1681 1941 1730 1968 καὶ
1745 1941 1791 1967 εὑ-

997 1991 1108 2018 τέ).ιιαο
1125 1991 1178 2026 ὄνῳ
1202 1990 1257 2026 γὰρ
1281 1989 1464 2024 ἐποχούμενος
1491 1987 1589 2023 εἰσῄει,
1614 1987 1790 2022 ἀνθρώπινον

997 2035 1079 2069 δγκον
1105 2036 1275 2069 ἐπαγόμενος
1289 2034 1394 2060 οὐδένα.
1413 2033 1462 2060 Διὰ
1485 2032 1564 2059 τοῦτο
1579 2031 1685 2062 δίκαιος
1707 2031 1790 2065 μόνος

996 2078 1075 2112 οὗτος
1091 2080 1228 2115 βασιλεὺς,
1253 2079 1301 2107 καὶ
1319 2079 1414 2111 σώζων
1429 2079 1458 2105 ὲν
1481 2076 1650 2112 δικαιοσύνῃ,
1677 2076 1725 2102 καὶ
1740 2077 1790 2102 αὺ-

997 2127 1041 2158 τὸς
1056 2127 1144 2163 πρᾶος
1167 2127 1205 2159 ὡς
1225 2126 1378 2161 ίδιαιτάτην
1402 2126 1472 2160 ἔχων
1495 2123 1545 2160 τὴν
1559 2123 1703 2158 πραότητα
1715 2131 1721 2138 ’
1741 2123 1789 2148 καὶ

996 2174 1051 2209 γὰρ
1067 2175 1114 2201 καὶ
1128 2173 1209 2205 αὐτὸς
1229 2174 1242 2200 6
1261 2173 1362 2208 Κύριος
1387 2172 1452 2206 περὶ
1467 2169 1565 2197 ἑαυτοῦ
1587 2177 1673 2204 φησι·
1693 2178 1704 2195 ι
1728 2169 1790 2196 Μά-

997 2220 1058 2246 θετε
1075 2220 1123 2246 ἀπ’
1152 2218 1231 2254 ἐμοῦ,
1257 2219 1298 2245 ὅτι
1329 2217 1416 2252 πρᾶός
1444 2217 1503 2251 εἶμι
1528 2215 1576 2242 καὶ
1605 2214 1734 2245 ταπεινὸς
1753 2215 1786 2250 τῇ

997 2265 1106 2301 καρδίᾳ.
1124 2275 1134 2291 ι
1159 2265 1188 2292 '0
1203 2265 1253 2300 μὲν
1268 2263 1315 2290 οὖν
1328 2265 1374 2290 τὸν
1399 2262 1525 2297 Λάζαρον
1542 2262 1574 2287 ὲκ
1589 2259 1695 2294 νεκρῶν
1720 2261 1788 2287 ἀνα-

997 2313 1098 2348 στήσας
1110 2311 1237 2347 βασιλεὺς
1248 2311 1301 2346 δνῳ
1311 2309 1428 2345 ὲπικαθή
1435 2317 1515 2342 μενος
1527 2307 1614 2343 εἰσῄει
1631 2307 1787 2342 τηνικαῦτα

996 2359 1030 2385 τὰ
1057 2357 1250 2393 Ἱεροσόλυμαο
1271 2357 1296 2383 ot
1312 2356 1341 2383 δὲ
1356 2356 1416 2382 λαοὶ
1442 2355 1555 2388 πάντες,
1580 2355 1661 2386 εὐθὺς
1679 2354 1786 2389 σχεδὸν,

996 2404 1100 2437 παῖδες,
1114 2403 1221 2438 ἄνδρες,
1239 2402 1404 2438 πρεσϐῦται,
1417 2402 1451 2428 τά
1463 2410 1492 2428 τε
1513 2402 1608 2437 ἱμάτια
1627 2401 1788 2436 ὑποστρων-

994 2450 1100 2483 νύντες,
1123 2450 1170 2476 καὶ
1184 2449 1249 2483 βάῑα
1274 2448 1404 2480 λαόόντες
1427 2448 1459 2474 ἐκ
1476 2447 1617 2482 φοινίκων,
1639 2446 1712 2482 ἅπερ
1728 2447 1787 2473 ἐστὶ

996 2497 1076 2532 νίκης
1104 2495 1239 2530 σύμϐολα,
1261 2495 1300 2527 ὡς
1325 2494 1449 2530 ζωοποιῷ
1468 2495 1514 2521 καὶ
1543 2495 1642 2530 νικητῇ
1668 2493 1786 2520 θανάτου

996 2543 1120 2577 γεγονότι
1144 2542 1358 2577 προσυπήντων,
1375 2542 1575 2576 προσέπιπτον,
1602 2540 1785 2576 προέπεμπον

995 2589 1078 2616 αὐτόν
1094 2597 1101 2604 ·
1115 2588 1164 2616 οὐκ
1182 2588 1261 2619 ὲκτδς
1287 2588 1380 2622 μόνον,
1397 2587 1466 2614 ἀλλὰ
1490 2588 1537 2613 καὶ
1564 2586 1640 2617 ἐντὸς
1659 2585 1714 2612 τῶν
1737 2583 1785 2612 τοῦ

996 2634 1069 2671 ίεροῠ
1098 2635 1252 2670 περιϐόλων
1280 2634 1433 2669 συμφώνως
1455 2633 1577 2669 ᾄδοντες,
1602 2631 1718 2659 Ὡσαννὰ
1745 2632 1785 2667 τῷ

997 2681 1046 2716 υίῷ
1071 2682 1164 2714 Δασιδ,
1188 2681 1298 2708 ὠσαννὰ
1322 2681 1351 2707 ὲν
1375 2681 1433 2712 τοῖς
1458 2680 1591 2715 ὑψίστοις.
1609 2678 1646 2706 Τὸ
1674 2678 1725 2714 μὲν
1738 2675 1786 2705 οὖν

996 2728 1105 2754 ὡσαννὰ
1120 2727 1204 2762 ὕμνος
1219 2727 1276 2753 ἐστὶ
1299 2727 1367 2762 πρὸς
1380 2726 1448 2753 Θεὸν
1471 2726 1704 2762 ἀναπεμπόμενος
1717 2733 1722 2739 ·
1741 2725 1784 2759 ἑρ-

999 2773 1184 2808 μηνευόμενον
1198 2772 1264 2807 γὰρ,
1286 2771 1377 2798 Σῶσον
1386 2771 1430 2807 δὴ,
1447 2770 1544 2806 Κύριε,
1560 2769 1626 2805 φησι
1641 2778 1647 2785 ·
1665 2769 1696 2796 τὸ
1716 2769 1742 2795 δε
1760 2777 1784 2795 ’ν

190 2861 200 2877 ⁸
227 2869 306 2890 non).
321 2870 356 2894 tv,
374 2862 414 2890 l7,
455 2862 465 2878 ⁶
481 2862 577 2890 Matth.
595 2870 649 2892 tm,
664 2862 673 2888 Ι
693 2868 769 2893 seqq.
808 2861 817 2877 "
832 2860 933 2888 Zacltat

571 2882 577 2890 .
595 2862 673 2892 ειμι
693 2868 769 2893 scqq.
808 2861 817 2877 "
832 2860 947 2888 Zacbar.
963 2867 999 2891 ut,
1016 2860 1042 2887 9.
1081 2860 1092 2876 ⁸
1104 2859 1200 2887 Matth.
1222 2866 1259 2891 χι,
1271 2857 1314 2886 Q9.
