1882 3073
134 161 185 194 2H

770 163 962 195 ΘΒΜ]οΠῐί
985 165 1145 196 ΡΛιΑΜιΕ

1708 163 1761 194 212

137 217 257 245 exsistit.
274 223 325 244 nec
349 216 404 243 ullo
427 216 506 244 modo
523 217 605 244 n-orti
622 224 684 245 esse
706 218 852 245 obnoxiam
874 226 880 246 ι

1017 222 1072 249 τῶν
1087 221 1234 255 πολυετοῦς
1254 222 1410 258 τυραννίδος
1422 231 1430 255 ;
1448 221 1498 249 Διά
1512 221 1597 249 ταῦτα
1608 221 1698 248 τοίνυν
1711 221 1757 248 ιιι-

136 264 195 298 lpse
212 270 259 298 per
275 263 451 296 semetipsqu
467 262 592 290 homines
605 262 705 295 atl‘ecit,
720 270 820 298 corpus
832 269 923 292 autent

135 309 197 341 eius
224 314 278 335 tum
298 308 383 335 dolori
404 312 460 335 tum
484 309 562 336 morti
582 309 744 343 subiacere;
774 317 836 337 cutn
858 317 922 343 vero

138 356 219 382 tab-tn
238 362 330 382 necem
347 361 396 389 per
413 362 443 381 se
461 354 585 387 nequiret
602 355 702 383 inferre
713 375 720 388 ,
744 355 777 382 ad
795 355 855 390 ejus
871 363 924 383 ca:-

137 400 197 428 dem
217 400 365 428 infidelium
384 399 542 427 Jttdmorum
558 405 662 429 mentes
686 406 776 428 movet
795 409 863 436 quas
880 407 922 429 ut-

138 451 200 480 pote
223 446 354 473 scelestas
383 453 398 473 a
423 445 532 474 Chrile
549 446 689 474 convictas
712 451 739 473 et
765 447 923 481 reprobalas

139 494 265 517 mowtct
280 490 373 517 suadet
393 491 426 517 ad
440 490 498 526 ejus
514 497 617 540 nece‘n.
634 490 668 517 ad
689 497 781 518 necem
804 491 921 526 ignomi-

137 537 244 563 niosant
268 537 335 564 solis
353 537 492 564 sceleratis
514 541 541 564 et
557 537 648 572 impiis
672 537 848 569 destinatam,
871 545 922 572 pu-

140 587 202 610 tans
218 583 253 609 ita
268 583 342 611 illum
359 591 373 610 a
391 587 462 610 terra
474 583 574 618 ejicere
587 587 614 610 et
628 591 726 610 nomen
741 583 799 617 ejus
811 583 837 611 in
852 588 922 611 terra

138 629 290 657 destruere.
320 629 453 664 Sperabat
474 630 568 661 etiam.
595 637 628 657 eo
657 634 777 660 mortuo.
804 630 922 657 animam

137 673 212 702 illius
229 674 256 701 in
275 674 382 702 inferno
397 675 535 702 occlusam
551 679 642 703 tenere
657 675 727 703 sicut
743 676 849 702 animas
861 683 922 703 om-

137 721 210 747 nium
229 728 243 748 a
267 721 374 748 sa‘culis
395 721 600 748 defunctorum.

978 267 1074 302 μανεὶς
1102 268 1174 295 κατὰ
1195 269 1326 303 Χριστοῦ,
1352 269 1415 296 imi.
1436 268 1486 302 τὴν
1515 267 1565 302 μὶν
1596 266 1762 302 θεανδρικὴν

977 313 1085 347 ἐκείνην
1097 312 1187 348 ψυχὴν
1211 314 1256 342 διὰ
1283 313 1380 348 πείρας
1408 313 1675 348 ὐπερανῳκισμένην
1703 310 1759 339 οἵδε

975 359 1134 386 παντάπασι
1148 359 1202 386 τῶν
1213 359 1319 392 παθῶν,
1331 357 1369 386 ὧν
1381 359 1503 394 ἀρχηγὸς
1525 357 1647 392 ὑπῆρξεν
1665 357 1758 389 αὐτὸς,

974 408 1021 432 καὶ
1041 405 1157 433 θανάτου
1185 405 1325 437 παντελῶς
1353 405 1539 438 ἀνεπίδεκτον,
1561 400 1647 439 οὗπερ
1679 403 1761 434 αὐτὸς

972 450 1119 478 δι’ἐαυτοΰ
1135 451 1276 484 ποιητικός
1305 451 1364 477 ἐστι
1395 451 1452 482 τοῖς
1480 449 1645 486 ἀνθρώποις,
1670 448 1703 475 ἰδ
1731 448 1762 475 δὲ

973 495 1054 529 σῶμα
1074 495 1195 530 παθητόν
1213 503 1242 521 τε
1256 495 1303 522 καὶ
1317 495 1424 530 θνητὸν,
1443 495 1524 526 αὐτὸς
1555 495 1585 521 δὲ
1604 493 1638 520 δι’
1660 493 1761 520 ἑαυτοῦ

974 541 1090 568 θάνατον
1104 541 1227 568 τοιοῦτον
1239 542 1383 577 ἐπιφέρειν
1398 542 1429 568 οὐ
1452 542 1677 576 συγκεχώρηται,
1691 544 1762 570 κινεῖ

974 587 1044 621 πρὸς
1064 586 1143 621 φόνον
1155 586 1251 613 τούτου
1266 587 1315 617 τὰς
1331 586 1445 622 γνώμας
1473 587 1528 613 τῶν
1554 587 1676 613 ἀπειθῶν
1695 586 1763 614 Ἰου-

974 632 1067 664 δαίων,
1086 632 1154 668 πρδς
1166 632 1262 667 φθόνον
1274 633 1321 659 καὶ
1350 633 1450 668 μανίαν
1479 632 1632 660 ἀκάθεκτον
1652 631 1763 665 ἐγείρας

976 677 1026 711 τὴν
1041 677 1102 704 κατ’
1113 677 1206 708 αὑτοῦ,
1223 676 1271 704 ἅτε
1289 677 1336 703 καὶ
1352 677 1456 704 τούτων
1477 677 1515 709 ὡς
1544 677 1671 712 πονηρῶν
1688 677 1764 709 ἐλεγ-

976 719 1100 755 χομένων
1114 720 1204 746 τεκαὶ
1230 720 1419 755 ἀθετουμένων
1445 722 1498 749 ὑπὸ
1527 722 1659 758 Χριστοῦ.
1685 722 1765 748 Κινεϊ

137 765 228 792 τοίνυν
257 767 304 793 καὶ
331 766 419 792 πείθει
447 766 516 801 πρδς
539 766 620 800 φόνον
646 765 754 797 τούτου,
779 765 826 791 καὶ
844 766 923 800 φόνον
943 766 1040 800 ἄτιμον
1052 766 1100 793 καὶ
1120 767 1286 803 κακούργοις
1316 768 1408 803 μόνοις
1421 768 1468 795 καὶ
1485 769 1596 796 ἀσεϐέσι
1636 777 1764 803 νενομισ-

102 857 105 859 ἓ
139 814 232 848 μόνον,
249 813 364 848 νομίσας
388 812 476 843 οὕτως
489 813 569 839 αὐτόν
597 821 628 838 τε
646 813 677 838 ὲκ
691 812 741 847 τῆς
760 812 811 846 γῆς
841 812 977 844 ἐκϐαλεῖν,
994 813 1043 839 καὶ
1060 813 1091 840 τδ
1118 814 1204 849 ὖνομα
1231 815 1327 843 τούτου
1357 816 1404 842 ἐπὶ
1435 816 1485 851 τῆς
1510 816 1562 850 τῆς
1599 815 1762 851 ἁχρειῶσαι.

145 860 272 895 messes:
283 860 311 886 δὲ
326 860 419 887 τούτου
436 860 575 893 θανόντος,
590 859 638 887 καὶ
660 860 710 894 τὴν
735 859 817 886 αὑτοῦ
833 858 922 895 ψυχὴν
939 859 968 885 ὲν
985 859 1259 895 ᾄδου’κατάκλειστον
1270 862 1352 899 ἔχειν,
1365 863 1404 895 ὡς
1419 862 1467 890 καὶ
1483 863 1533 894 τὰς
1543 862 1596 889 τῶν
1628 863 1658 896 ιε
1699 861 1766 889 αἰώ-

139 915 193 933 νων
206 907 332 933 ἀπάντων
343 906 442 941 ψυχάς.

174 953 221 981 Sic
237 953 366 988 deceptus
380 958 422 980 cst
433 953 571 988 deceptor,
586 960 696 980 carnem
710 952 811 981 Christi
827 956 917 987 utpote

1020 953 1100 985 ὶῦτως
1115 954 1129 980 ό
1159 953 1286 981 ἀπατεὼν
1306 953 1489 989 ἐξηπάτηται,
1519 954 1559 988 τῷ
1581 955 1631 989 τῆς
1661 955 1763 991 σαρκδς

140 999 227 1026 dolori
243 1004 269 1026 et
282 999 359 1026 morti
371 999 515 1026 obnoxiam
527 1003 675 1031 attentans,
686 1003 712 1026 ct
724 999 811 1026 lucem
825 999 926 1026 invitus

140 1045 233 1073 attulit
263 1045 415 1073 tenebrosis
444 1046 597 1080 amatisqne
624 1045 682 1078 ejus
708 1044 882 1077 carceribus,
901 1049 928 1072 et

140 1092 203 1119 vita:
221 1092 378 1126 largitorem
404 1090 504 1119 animis
530 1092 564 1118 ab
586 1099 619 1118 co
645 1097 753 1126 propter
778 1090 926 1125 spiritalem

141 1144 255 1166 mortem
276 1138 379 1165 vexatis
408 1137 564 1172 proposuit;
583 1137 695 1172 insuper
721 1145 820 1172 corpus
840 1144 854 1163 a
872 1144 927 1171 quo

140 1185 263 1220 procedit
288 1184 451 1212 resurrectio
468 1188 494 1210 et
511 1183 702 1210 immortalitas
722 1190 783 1210 cum
812 1182 928 1209 mortuis

139 1231 321 1264 commiscuit,
335 1230 446 1264 cupiens
466 1229 532 1257 illud
548 1229 627 1257 morti
643 1234 669 1256 et
688 1229 824 1256 vermibus
841 1229 929 1256 trade-

141 1287 181 1306 re.
199 1278 329 1305 Dominus
340 1281 429 1304 autem
448 1277 495 1304 bas
515 1277 597 1303 etiam
617 1275 689 1302 illius
708 1275 825 1302 insidias
850 1278 927 1309 pote-

140 1329 182 1351 rat
194 1323 303 1358 quidem
324 1328 455 1353 evertere,
470 1322 516 1349 sed
533 1328 704 1356 nequaquam
722 1321 818 1352 voluit,
834 1319 928 1346 maluit

141 1377 206 1397 vero
223 1369 341 1396 dolorem
365 1375 414 1403 pro
440 1367 519 1394 nobis
544 1367 668 1398 sulberre,
685 1366 746 1394 ideo
761 1366 830 1394 Deus
847 1366 928 1393 homo

141 1414 230 1444 factus
247 1420 298 1442 est.
314 1414 370 1441 Nisi
388 1415 459 1441 enim
479 1413 560 1440 homo
578 1418 660 1444 esset,
678 1413 733 1447 pati
752 1420 805 1440 non
823 1412 928 1447 potuis-

140 1466 198 1493 set;
213 1461 235 1487 si
254 1459 334 1491 Deus,
350 1464 410 1486 cum
427 1458 515 1486 locum
536 1459 620 1486 dolori
638 1459 739 1486 nullum
756 1459 883 1493 praebeat,
900 1458 926 1485 in

139 1507 282 1534 divinitate
316 1514 365 1533 sua
401 1504 608 1540 permansisset,
627 1512 676 1539 pro
694 1505 773 1532 nobis
796 1504 823 1531 iu
843 1511 926 1532 carne

141 1559 255 1580 mortem
273 1560 325 1579 om:
343 1552 544 1585 subiisset,qua
562 1551 758 1578 snt-rectionem
774 1558 822 1578 seu
838 1551 927 1585 potius

141 1597 369 1626 resurrectionem
397 1595 477 1623 nobis
505 1595 619 1629 largitus
649 1600 774 1628 est;non
804 1595 927 1623 creditus

140 1644 237 1672 fuisse:
253 1650 332 1678 posse
348 1642 456 1677 quidem
475 1627 627 1676 nihil—pati,
644 1640 759 1669 libenter
776 1648 841 1668 vero
865 1649 927 1676 pas-
940 1627 962 1658 C

141 1691 245 1717 sionem
259 1689 358 1724 eligere
370 1694 399 1715 ut
411 1691 575 1715 monstraret
589 1687 771 1714 humilitatem
785 1694 861 1714 suam
876 1695 926 1715 nos

141 1737 271 1763 liberatos
284 1739 436 1762 erecturam
455 1741 526 1766 esse,
541 1737 568 1760 et
582 1740 664 1768 opere
679 1733 789 1760 doceret
803 1740 927 1760 necessa-

141 1782 213 1809 rittm
228 1789 290 1809 esse
307 1788 393 1816 usque
411 1780 443 1807 ad
463 1783 577 1807 tnortent
598 1787 647 1814 pro
664 1774 769 1814 iustitia
785 1778 927 1811 dimicare,

142 1833 171 1856 ut
181 1827 353 1856 credentibus
364 1835 412 1862 per
424 1826 651 1854 resurrectionem
667 1824 802 1852 nuntiaret
816 1824 928 1851 immor-

142 1874 254 1902 talitatis
268 1873 391 1900 \irtutem
406 1879 466 1907 qua:
484 1879 537 1898 non
556 1878 714 1905 permanere
728 1874 833 1897 tantum
850 1870 926 1902 dicit,

142 1921 189 1949 sed
216 1921 297 1947 etiam
326 1925 485 1954 permanere
509 1922 585 1945 extra
609 1921 737 1944 sternam
768 1915 926 1950 perniciem,

141 1972 272 1995 aeternum
287 1966 349 1993 dico
363 1969 390 1992 et
406 1964 483 1992 valde
503 1963 670 1990 horrendum
688 1962 852 1996 supplicium
871 1962 926 1988 dia-

141 2013 203 2041 bolo
220 2015 413 2047 prmparatutn,
426 2014 453 2036 ct
466 2016 634 2043 conregnare
649 2014 711 2035 cum
728 2007 829 2035 sanctis
844 2015 928 2041 ange-

142 2059 187 2089 lis,
206 2058 286 2085 bcalo
313 2058 481 2091 percnuique
513 2062 596 2089 regno
626 2054 839 2089 congaudentes.
866 2051 928 2079 Ideo

142 2113 224 2139 quam
240 2111 293 2130 non
306 2103 397 2130 debuit
414 2107 528 2129 mortem
551 2101 635 2128 subiit
657 2108 706 2135 pro
724 2099 814 2130 nobis,
830 2103 859 2125 ut
880 2105 929 2125 nos

142 2150 245 2185 quibus
254 2148 385 2176 suilectus
399 2152 440 2176 est
452 2147 590 2175 debitores
606 2152 620 2173 a
637 2146 769 2172 servitute
791 2143 890 2171 diaboli
903 2148 929 2171 et

143 2200 229 2222 morte
255 2195 391 2226 liberaret,
408 2197 494 2220 morte
517 2192 622 2220 scilicet
650 2195 703 2218 tam
723 2191 821 2218 animat
846 2196 927 2224 quam

142 2241 277 2276 corporis,
292 2245 348 2268 tum
362 2239 502 2275 temporali
516 2243 573 2266 tum
593 2237 697 2273 perreni
710 2246 717 2270 ;
730 2235 846 2272 pretiunt
856 2236 928 2264 enim

141 2296 191 2323 pro
207 2288 285 2315 nobis
303 2292 413 2323 propter
429 2292 570 2322 pecoatum
585 2284 640 2312 reis
655 2283 790 2311 insontem
804 2287 898 2318 tttpote
913 2290 926 2310 tt

141 2337 253 2369 peccato
269 2333 416 2360 immunem
434 2331 552 2359 fundens
568 2329 740 2365 sanguinem,
757 2337 808 2357 nos
821 2338 834 2356 a
852 2333 928 2356 rcatu

140 2379 267 2412 redemit,
282 2379 394 2406 dimissa
411 2377 555 2414 iniquitate
571 2381 676 2409 nostra,
690 2376 891 2410 dilaceratoque
903 2375 931 2402 in

140 2432 222 2453 cruce
231 2425 423 2460 chirographo,
440 2431 491 2450 nos
502 2430 517 2450 ιι
531 2422 674 2458 tyrannide
689 2422 789 2450 diaboli
804 2422 931 2450 redemit.

140 2470 186 2499 llle
202 2472 273 2499 enim
285 2471 413 2506 deceptus
438 2474 465 2498 et
475 2470 553 2505 quasi
578 2469 783 2505 obstupescens,
795 2475 934 2496 nostrum-

141 2525 194 2552 que
207 2518 324 2553 pretium
334 2517 494 2552 sanguinem
506 2517 581 2544 illum
597 2516 769 2544 Dominicum
781 2514 882 2542 effundi
894 2514 933 2542 si-

142 2565 240 2591 tienter
255 2569 396 2599 appetens,
410 2563 581 2598 sanguinem,
594 2563 717 2598 inquam,
729 2569 782 2588 non
794 2561 929 2588 insontem

142 2611 233 2644 modo,
246 2611 292 2639 sed
308 2610 389 2637 etiam
406 2610 504 2637 virtute
529 2610 620 2637 divina
647 2609 771 2639 divitem.
789 2608 822 2635 ab
836 2614 869 2634 eo
885 2607 928 2634 di-

140 2661 214 2684 tatus
229 2664 283 2683 non
299 2656 359 2688 fuit,
371 2656 418 2682 sed
440 2655 545 2683 fortiter
559 2656 676 2687 vinctus,
695 2655 722 2682 in
735 2662 815 2681 cruce
830 2654 929 2681 Clu-isti

141 2701 336 2736 triumphatos,
357 2706 383 2728 et
413 2701 448 2728 ita
474 2709 524 2729 nos
554 2709 585 2728 ex
615 2701 675 2736 ejus
704 2701 834 2728 servitute
859 2699 930 2727 eruti

141 2752 274 2776 sumuset
288 2748 464 2776 transivimus
479 2749 505 2775 in
518 2755 631 2783 regnum
650 2747 709 2774 Filii
725 2747 782 2778 Dei,
795 2746 840 2780 qui
857 2747 931 2780 prius

141 2793 251 2828 quidem
263 2801 372 2821 eramus
383 2794 479 2821 domus
492 2794 547 2826 iraz,
563 2794 626 2822 facti
641 2798 730 2821 autem
743 2794 777 2820 ab
787 2801 821 2820 eo
832 2793 930 2820 dormis

125 2835 342 2868 'tnisericordiat
364 2841 410 2875 qui
441 2841 561 2875 alligavit
589 2840 687 2867 fortem
714 2847 768 2874 pm:
798 2839 884 2869 nobis.
903 2843 931 2866 et

144 2887 255 2914 domum
269 2885 328 2917 eius
343 2885 471 2916 diripuit;
489 2886 534 2916 qui
551 2886 619 2916 iure.
636 2891 726 2914 utnotc
743 2885 842 2918 iniuste
867 2892 929 2918 sug-

977 998 1024 1026 τοῦ
1042 998 1161 1034 Χριστοῦ
1173 999 1287 1033 παθητῷ
1303 1007 1333 1026 τε
1346 999 1393 1026 καὶ
1407 999 1497 1034 θνητῷ
1510 999 1684 1034 προσϐαλὼν,
1715 1001 1764 1026 καὶ

977 1044 1007 1071 τὸ
1020 1045 1078 1079 φῶς
1090 1045 1206 1081 ἦνεγκεν
1221 1044 1296 1072 ἄκων
1309 1046 1369 1076 ταῖς
1384 1047 1539 1077 σκοτειναῖς
1558 1046 1606 1072 καὶ
1621 1046 1765 1077 ποθειναῖς

978 1091 1061 1118 αὐτοῦ
1074 1091 1252 1124 καταδύσεσι,
1266 1092 1312 1118 καὶ
1334 1091 1380 1118 τόν
1407 1092 1458 1126 τῆς
1485 1091 1559 1126 ζωῆς
1585 1092 1687 1127 δοτῆρα
1704 1093 1764 1123 ταῖς

976 1136 1022 1162 διά
1033 1136 1082 1171 τὴν
1096 1136 1192 1171 νοητὴν
1204 1136 1339 1172 νέκρωσιν
1355 1136 1402 1163 ὑπ’
1419 1136 1503 1163 αὑτοῦ
1528 1136 1764 1170 τυραννουμέναις

978 1182 1077 1218 ψυχαῖς
1095 1182 1307 1217 ἐπέστησεν·οὺ
1329 1182 1410 1218 μόνον
1438 1183 1466 1209 δὲ
1497 1182 1564 1210 ἀλλά
1591 1183 1638 1209 καὶ
1662 1183 1693 1209 τὸ
1716 1184 1766 1216 τῆς

979 1228 1156 1260 ἀναστάσεως
1181 1229 1228 1255 καί
1252 1228 1301 1263 τῆς
1324 1229 1475 1260 ἀθανασίας
1497 1229 1664 1264 παρεκτικὺν
1684 1229 1764 1264 σῶμα

977 1276 1035 1304 τοῖς
1057 1275 1218 1310 τεθνηκόσιν
1233 1275 1357 1310 ἀνέμιξε,
1372 1275 1481 1310 θανάτῳ
1495 1275 1543 1303 καὶ
1573 1277 1644 1311 ταφῇ
1673 1285 1764 1311 παρσ-

977 1321 1067 1348 δοῦναι
1084 1321 1204 1353 σπεύσας
1215 1322 1309 1353 αὑτός.
1336 1321 1402 1349 Ὀδὶ
1435 1321 1537 1356 Κύριος
1564 1322 1682 1356 ἠδύνατο
1716 1323 1765 1356 μὲν

979 1367 1026 1394 καὶ
1039 1367 1140 1399 ταύτας
1175 1368 1259 1396 αὐτοῦ
1282 1369 1330 1399 τὰς
1358 1367 1505 1399 ἐπιϐουλὰς
1537 1367 1764 1404 διακρούσασθαι,

978 1412 1035 1440 ἀλλ’
1049 1413 1098 1440 οὐκ
1108 1413 1248 1448 ἠθέλησεν,
1278 1414 1396 1449 ἠθέλησε
1418 1415 1559 1449 δὲμᾶλλον
1581 1414 1708 1442 ὑπελθεῖν
1735 1414 1766 1440 τδ

979 1460 1065 1491 πάθος
1081 1460 1153 1495 ὑπὲρ
1180 1452 1272 1496 ἡμῶν,
1300 1460 1342 1487 διὸ
1360 1461 1408 1488 καὶ
1437 1460 1613 1495 θεάνθριυπος
1640 1461 1764 1493 γέγονεν.

978 1508 1009 1534 El
1028 1507 1064 1543 μὴ
1076 1507 1131 1542 γάρ
1150 1507 1295 1542 ἄνθρωπος
1317 1505 1361 1542 ἦν,
1377 1507 1428 1534 οὐκ
1454 1506 1489 1543 ἦν
1502 1507 1616 1533 δυνατῦν
1645 1506 1764 1533 παθεῖν·

979 1554 1004 1580 εί
1021 1553 1050 1580 δὲ
1066 1554 1104 1588 μὴ
1115 1553 1182 1584 Θεὸς
1201 1553 1313 1587 ἀπαθὴς
1336 1553 1408 1579 κατά
1422 1553 1471 1587 τὴν
1486 1552 1602 1586 θεότητα
1616 1551 1765 1586 διαμένων,

979 1600 1029 1626 οὐκ
1043 1599 1076 1626 ἂν
1088 1598 1247 1634 ὑπὲρήμῶν
1264 1598 1368 1633 ὑπέστη
1385 1598 1470 1632 σαρκὶ
1495 1599 1542 1625 τὸν
1572 1598 1702 1629 θάνατον,
1732 1597 1767 1624 δι’

979 1644 1062 1671 αὑτοῦ
1083 1644 1133 1678 τὴν
1149 1643 1310 1675 ἀνάστασιν,
1336 1641 1436 1677 μᾶλλον
1452 1644 1480 1670 δὲ
1505 1643 1687 1675 ἐξανάστασιν
1719 1642 1767 1669 καὶ

980 1688 1132 1716 ἀθανασίαν
1157 1690 1223 1723 ἡμῖν
1250 1689 1449 1724 χαριζόμενος·
1477 1689 1531 1716 οὐδ’
1548 1689 1581 1715 ἂν
1617 1688 1766 1723 ἐπιστεύθη

980 1735 1111 1762 δύνασθαι
1129 1734 1177 1769 μὲν
1192 1734 1229 1770 μὴ
1244 1734 1352 1765 παθεῖν,
1371 1734 1442 1761 ἑκὼν
1461 1734 1489 1761 δὲ
1503 1734 1600 1761 παθεῖν
1615 1733 1768 1769 προελόμε-

980 1790 1035 1812 νος,
1055 1781 1093 1812 ὡς
1122 1781 1196 1816 ἡμᾶς
1216 1781 1377 1816 ἐλευθεροῦν
1402 1783 1450 1808 καὶ
1474 1781 1594 1816 ἀνυψοῦν
1613 1780 1768 1814 μέλλουσαν

980 1827 1086 1859 δεικνὺς
1099 1826 1149 1863 τὴν
1174 1827 1279 1854 οἰκείαν
1301 1826 1478 1859 ταπείνωσιν,
1499 1828 1546 1853 καὶ
1563 1826 1710 1857 διδάσκων,
1742 1827 1767 1852 ει

980 1874 1082 1910 δεήσει,
1095 1873 1130 1900 δι’
1150 1873 1248 1909 ἔργων,
1275 1873 1357 1909 μέχρι
1373 1873 1489 1900 θανάτου
1506 1872 1577 1907 ὑπὲρ
1591 1872 1767 1905 δικαιοσύνης

981 1920 1174 1954 ἀγωνίζεσθαι,
1202 1920 1250 1947 καὶ
1265 1919 1487 1954 ὲπαγγελόμενος
1503 1920 1562 1948 τοῖς
1590 1919 1766 1953 πειθομένοις

980 1966 1015 1993 δι’
1030 1965 1206 1997 ἀναστάσεως
1222 1965 1272 1999 τῆς
1302 1965 1452 1997 ἀθανασίας
1468 1965 1516 2000 τὴν
1531 1965 1657 1999 δύναμιν,
1673 1965 1705 1992 οὐ
1719 1963 1766 1991 τοῦ

982 2011 1020 2042 είς
1032 2003 1076 2037 ἀεὶ
1096 2009 1237 2045 διαμένειν
1255 2009 1348 2044 μόνον,
1363 2009 1430 2037 ἀλλὰ
1446 2009 1494 2036 καὶ
1512 2009 1558 2036 τοῦ
1574 2009 1685 2035 αἰωνίου
1710 2009 1769 2035 ὀλέ-

982 2055 1047 2090 θρου
1060 2055 1199 2089 διαμένειν
1218 2055 1306 2087 ἐκτὸς,
1322 2056 1371 2090 τῆς
1388 2054 1500 2082 αίωνίου
1522 2054 1594 2087 λέγω
1611 2055 1768 2088 φρικωδεσ-

981 2101 1066 2137 τάτης
1082 2101 1230 2133 κολάσεως,
1244 2102 1294 2136 τῆς
1311 2102 1518 2136 ὴτοιμασμένης
1530 2100 1569 2136 τῷ
1579 2100 1707 2135 διαϐόλῳ,
1720 2101 1768 2127 καὶ

983 2148 1192 2180 συνδιαιωνιζειν
1205 2149 1261 2180 τοῖς
1274 2148 1362 2182 ἁγίοις
1387 2147 1524 2182 ἀγγέλοις,
1547 2148 1597 2182 τῆς
1623 2147 1768 2182 ἀκηράτου

982 2194 1030 2222 καὶ
1055 2194 1235 2229 ἀτελευτήτου
1267 2193 1407 2229 βασιλείας
1438 2193 1686 2222 συναπολαύοντας.
1719 2191 1770 2220 Διά

981 2240 1060 2267 τοῦτο
1074 2241 1129 2276 γὰρ
1142 2241 1171 2267 ὃν
1187 2240 1237 2266 οὐκ
1249 2239 1367 2274 ὤφειλεν
1390 2240 1459 2274 ὑπὲρ
1480 2239 1558 2275 ἡμῶν
1576 2239 1708 2274 ὑπέμεινε
1723 2240 1770 2266 Oti-

982 2295 1072 2319 νατον,
1099 2286 1142 2314 ἴνα
1159 2286 1222 2317 τοὺς
1236 2287 1456 2321 ὲποφειλομένως
1471 2286 1768 2322 ὕφισταμένουςὴμίς,

982 2333 1014 2360 ἔκ
1032 2342 1060 2360 τε
1075 2333 1125 2368 τῆς
1137 2332 1259 2365 δουλείας
1285 2333 1332 2359 τοῦ
1361 2332 1485 2359 διαϐόλου
1509 2332 1557 2359 καὶ
1588 2333 1636 2359 τοῦ
1654 2333 1769 2360 θανάτου

980 2372 1156 2415 λυτρώσήται
1169 2388 1176 2395 υ
1192 2378 1310 2406 θανάτου
1327 2378 1375 2405 καὶ
1390 2378 1439 2405 τοῦ
1471 2379 1542 2405 κατὰ
1564 2378 1655 2415 ψυχὴν
1685 2379 1769 2413 λέγω,

983 2426 1030 2453 καὶ
1046 2425 1094 2452 τοῦ
1106 2425 1177 2452 κατὰ
1205 2425 1298 2460 σῶμα,
1321 2426 1370 2452 τοῦ
1402 2433 1432 2451 τε
1458 2425 1627 2460 προσκαίρου
1648 2425 1698 2451 καὶ
1721 2424 1770 2452 τοῦ

981 2472 1179 2503 διαιωνιζοντος
1188 2478 1195 2486 ·
1213 2471 1310 2506 λύτρον
1322 2471 1375 2505 γὰρ
1388 2471 1548 2506 ὑπὲρήμῶν
1559 2471 1615 2497 τῶν
1632 2471 1667 2497 δι’
1679 2471 1770 2505 ἀμαρ-

982 2516 1043 2544 τίαν
1061 2516 1218 2544 ὑπευθύνων
1232 2516 1263 2543 τὸ
1289 2517 1436 2543 ἀνεύθυνον
1463 2517 1501 2548 ὡς
1525 2517 1722 2552 ἀναμάρτητον
1736 2518 1771 2543 ol-

985 2564 1058 2589 κεῖον
1075 2561 1226 2598 αἴμαδοὺς,
1251 2562 1425 2597 ὲλυτρὼσατο
1454 2563 1504 2597 τῆς
1541 2562 1658 2598 εὐθύνης
1681 2556 1770 2597 ἧμᾶς,

982 2608 1032 2640 τὰς
1044 2607 1180 2644 ἁμαρτίας
1212 2607 1395 2642 συγχωρήσας
1414 2607 1505 2642 ἡμῶν,
1536 2608 1584 2633 καὶ
1608 2608 1639 2634 τὸ
1666 2607 1771 2634 τούτων

983 2654 1166 2689 χειρόγραφον
1182 2654 1211 2679 ἐν
1226 2652 1266 2687 τῷ
1282 2652 1390 2688 σταυρῷ
1405 2653 1566 2689 διαρρήξας,
1595 2653 1770 2687 ὲλυτρώσατο

983 2701 1034 2734 τῆς
1051 2698 1209 2732 τυραννίδος
1232 2698 1279 2725 τοῦ
1298 2699 1432 2726 διαϐόλου.
1457 2699 1620 2730 Δελεασθεὶς
1630 2700 1687 2734 γάρ
1699 2701 1770 2725 έκεῖ-

986 2755 1030 2777 νος
1044 2746 1092 2772 xal.
1104 2744 1261 2780 περιχανὼν
1277 2743 1344 2777 οἷον,
1362 2745 1450 2772 καὶτὸ
1468 2746 1604 2781 ἡμέτερον
1619 2745 1728 2781 λύτρον,
1742 2745 1771 2772 to

985 2791 1055 2826 αἷμα
1071 2791 1159 2817 lascivo
1170 2790 1201 2817 τὺ
1215 2790 1378 2819 δεσποτικὴν
1403 2791 1520 2826 χυθῆναι
1538 2792 1671 2825 σπεύσας,
1689 2792 1720 2818 τὺ
1735 2791 1770 2827 μὴ

986 2839 1065 2873 μόνον
1083 2836 1243 2869 ἀνεύθυνον,
1266 2836 1334 2864 ἀλλὰ
1361 2837 1408 2864 καὶ
1434 2838 1529 2871 θεῖκὴν
1551 2838 1666 2873 δύναμιν
1692 2838 1770 2865 πλου-

985 2885 1057 2917 τοῦν,
1069 2884 1119 2911 οὐκ
1135 2883 1300 2919 ἐπλουτίσθη
1317 2885 1361 2911 ὑπ’
1375 2885 1470 2920 αὐτοῦ,
1486 2884 1544 2916 ἀλλ’
1576 2886 1696 2920 ἰσχυρῶς
1712 2886 1766 2913 ἐδέ-
