1882 3073
70 170 132 203 ΞΗ)

763 173 932 204 ΠΟΜΙΙΑῙΑ
952 171 1034 203 XIX.

1656 171 1710 204 250

68 229 125 254 καὶ
137 229 217 263 μόνος
231 228 307 264 ἁρχὴ
320 226 372 263 τῆς
389 223 542 264 μελλούσης
564 229 675 258 πάντων
691 230 840 258 ἀναστάσει

932 231 995 258 ηοιυε
1026 229 1115 257 factus
1140 233 1183 257 est
1215 228 1314 257 futura
1341 229 1464 257 omnium
1499 228 1712 258 resurrectionis

67 274 182 308 γέγονε,
210 274 260 301 καὶ
277 275 360 310 μόνος
375 276 488 311 ἀπαρχὴ
503 277 558 303 τῶν
583 277 793 312 κεκοιμημένων
808 278 869 311 ἐγέσ

69 329 150 353 vexo,
168 321 218 347 καὶ
233 321 408 356 πρωτότοκος
424 322 455 348 ὲκ
471 322 526 348 τῶν
541 323 657 358 νεκρῶν,
676 324 724 350 καὶ
740 323 786 350 τοῦ
803 323 867 359 μὲλ-

67 365 166 397 λοντος
188 366 291 398 αἰῶνος
321 367 424 402 πατήρ.
447 368 501 394 Καὶ
519 368 646 403 καθάπερ
674 371 702 396 ὲν
719 369 758 404 τῷ
783 370 868 405 Ἀδὰμ

70 413 176 444 πάντες
204 413 428 448 ἀποθνήσκουσιν
453 415 613 450 ἁμαρτωλοί
642 424 672 442 τε
691 417 737 442 καὶ
755 417 865 450 δίκαιοι,

69 459 161 490 οὕτως
177 460 207 485 ὲν
222 458 264 494 τῷ
274 460 385 495 Χριστῷ
396 461 498 492 πάντες
510 461 761 496 ζωοποιηθήσονται
775 463 866 498 ἀμαρ-

68 505 155 530 τωλοί
171 513 202 530 τε
221 506 272 531 καὶ
285 505 397 537 δίκαιοι.
416 506 474 533 ἀλλ’
485 507 603 539 ἕκαστος
622 508 701 543 109
718 510 746 535 ὲν
760 509 798 544 τῷ
809 509 866 544 ἰδίῳ

68 548 196 583 τάγματι
207 557 214 563 ·
230 550 343 585 ἀπιρχὴ
354 549 484 585 Χριστὸς,
500 551 596 579 ἔπειτα
607 553 631 578 οἱ
646 552 693 578 τοῦ
705 552 824 587 Χριστοῦ
837 553 866 579 ἐν

67 597 106 630 τῇ
128 596 271 631 παρουσίᾳ
285 596 378 625 αὑτοῦ.
391 595 451 623 εἷτα
466 598 496 624 τὺ
519 598 605 630 τέλος,
621 599 686 625 ὅταν
701 592 865 635 καταργῆσῃ

38 657 40 659 τ
69 643 164 669 πᾶσαν
174 643 266 678 ἀρχὴν
274 644 322 670 καὶ
333 644 458 675 ἐξουσίαν
467 646 514 671 καὶ
523 645 646 680 δύναμιν,
659 647 704 672 καὶ
716 646 748 681 θῇ
761 646 865 678 πάντας

66 688 135 718 τοὺς
151 688 273 724 ἐχθροὺς
289 689 369 716 αὐτοῦ
384 690 434 715 ὑπὸ
451 693 515 721 τοὺς
526 691 609 722 πόδας
620 691 714 718 αὑτοῦ.
732 691 864 726 Ἔσχατος

67 733 170 767 ἐχθρὸς
182 736 365 769 καταργεῖται
377 736 391 761 ὸ
408 736 521 767 θάνατος
537 737 566 763 ὲν
587 739 621 772 τῇ
642 738 719 773 κοινῇ
747 738 865 764 ἀναστά-

67 788 124 811 σει,
146 781 177 806 ἐν
202 782 236 816 τῇ
257 782 361 817 ἐσχάτῃ
395 782 546 816 σάλπιγγι·
568 783 608 810 δεῖ
622 784 675 818 γὰρ
693 785 723 811 τὸ
742 785 863 820 φθαρτὸν

65 826 150 853 τοῦτο
167 826 336 854 ἐνδύσασθαι
351 828 518 864 ἀφθαρσίαν,
546 830 594 857 καὶ
617 831 648 857 τὸ
673 831 769 866 θνητὸν
783 831 863 858 τοῦτο

65 872 236 899 ἐνδύσασθαι
247 873 409 901 ἀθανασίαν.

920 274 1097 309 principium.
1119 274 1196 301 solus
1211 274 1346 308 lprimitia:
1367 274 1559 302 dormientium
1574 274 1597 289 ⁷⁸
1610 293 1616 305 .
1636 273 1711 301 solus

919 321 1119 356 primogenitus
1134 328 1167 348 ex
1183 321 1309 352 mortuis,
1326 325 1353 348 et
1370 326 1444 355 pater
1460 320 1543 348 futuri
1558 320 1660 347 saeculi.
1679 320 1710 346 Et

920 369 991 396 sicut
1018 369 1045 395 in
1075 367 1159 394 Adam
1181 375 1277 395 omnes
1303 368 1402 395 mortui
1431 371 1494 395 sunt
1510 372 1668 401 peceatores
1684 373 1711 393 et

916 413 994 448 justi,
1017 413 1053 440 ita
1072 413 1098 440 in
1119 413 1227 440 Christo
1255 421 1352 440 omnes
1376 413 1588 440 viviticantur”
1613 420 1709 446 pecca—

919 465 992 486 tores
1010 464 1037 486 et
1052 459 1129 493 justi.
1149 460 1196 486 sed
1220 459 1318 494 singuli
1335 459 1362 485 in
1378 466 1428 486 suo
1445 459 1551 485 ordine.
1580 457 1711 484 Primitia:

918 505 1057 536 Christus,
1087 506 1184 533 deinde
1214 506 1260 540 qui
1287 510 1351 532 sunt
1376 505 1478 532 Christi
1506 506 1533 532 in
1561 509 1708 539 conspeelu

917 552 987 587 ejus,
1009 557 1102 587 postea
1117 552 1189 583 ﬁnis,
1204 553 1315 586 quando
1329 551 1496 578 destruxerit
1512 558 1620 578 omnem
1637 551 1711 585 prin-

917 601 1049 634 cipatum,
1069 604 1097 627 et
1125 603 1288 635 potestatem
1316 605 1343 626 et
1368 600 1509 632 virtutetn,
1527 603 1553 626 et
1585 599 1708 633 posuerit

916 655 1014 674 omnes
1031 647 1157 674 inimicos
1176 655 1241 674 suos
1263 647 1412 674 seahcllum
1431 646 1530 680 pedum
1549 653 1659 673 suorum
1672 646 1706 672 ⁷ο,

917 693 1036 721 Ultimus
1071 693 1198 720 inimicus
1229 693 1387 725 desit-uitur,
1411 700 1484 719 mors
1512 692 1538 718 in
1568 692 1706 719 communi

915 737 1127 769 resurrectione,
1150 738 1176 763 in
1195 738 1287 764 ultima
1307 738 1392 769 tuba;
1418 741 1524 771 oportet
1548 736 1620 763 enim
1646 745 1706 763 cor-

915 783 1042 817 rttptihile
1070 783 1120 809 hoc
1146 783 1259 810 induere
1285 783 1532 818 incorruptionem,
1547 787 1574 809 et
1591 782 1706 809 mortale

915 827 966 854 hoc
990 828 1102 855 induere
1123 829 1370 855 immortalitatem.

104 917 243 954 Τοιαύτης
255 919 360 954 δωρεᾶς
381 919 509 954 πρόξενος
522 921 587 956 ήμῑν
608 921 683 948 ἐστιν
705 922 721 956 ή
743 921 789 948 τοῦ
806 924 840 950 Κι

946 915 1012 944 Tale
1029 917 1130 944 donum
1155 917 1232 945 nobis
1244 918 1397 952 impertilur
1409 917 1516 944 Domini
1528 915 1704 949 resurrectio,

65 963 128 997 ρίου
144 963 310 995 ἀνάστασις,
327 965 373 990 καὶ
389 965 432 992 διὰ
446 966 525 992 τοῦτο
542 967 626 1001 μόνην
647 967 748 1001 ταύτην
770 968 799 994 ὲν
814 977 859 996 το-

64 1009 156 1045 σαύτῃ
171 1011 330 1044 παρατάσει
347 1010 402 1037 τῶν
423 1011 535 1046 ἡμερῶν
550 1012 725 1048 ἑορτάζομεν,
739 1014 776 1045 ὡς
791 1014 856 1041 ἀθά-

63 1064 147 1082 νατον
163 1056 251 1083 οὖσαν
270 1057 319 1083 καὶ
333 1057 485 1090 ἀνώλεθρον
501 1060 548 1085 καὶ
574 1059 668 1091 ἀΐδιον,
683 1061 858 1096 προῡπογρά-

62 1110 164 1136 gens;
188 1102 234 1128 διὰ
256 1102 360 1129 τούτων
380 1104 426 1130 καὶ
444 1103 494 1137 τὴν
519 1104 670 1138 μέλλουσαν
694 1106 750 1132 τῶν
775 1107 860 1140 ἁγίων

64 1148 274 1182 μακαριότητα,
290 1147 323 1184 ἦς
339 1149 442 1185 ἀπέδρα
462 1151 536 1176 πᾶσα
551 1152 629 1186 ὀδύνη
647 1151 695 1178 καὶ
719 1152 790 1187 λύπη
812 1153 859 1179 καὶ

63 1196 242 1228 στεναγμός·
274 1195 392 1229 θυμηδία
422 1196 449 1222 δὲ
479 1198 524 1222 καὶ
555 1198 706 1232 πανήγυρίς
730 1200 804 1225 ἐστιν
831 1200 859 1225 ἐν

62 1240 154 1278 rati-tn
166 1241 297 1277 διηνεκὴς
310 1242 400 1274 ἔνθεός
416 1251 445 1269 τε
462 1244 508 1269 καὶ
522 1244 701 1276 ἀναλλοίωτος
714 1253 721 1261 ’
738 1246 796 1272 ἐκεῖ
805 1247 859 1281 γάρ

62 1287 123 1313 ἐστι
142 1288 201 1314 τῶν
222 1286 309 1318 ὅντως
326 1287 547 1324 εὐφραινομένων
570 1290 586 1324 ἡ
600 1291 737 1317 κατοικία.
753 1292 798 1317 Διὸ
813 1293 860 1318 καὶ

62 1333 119 1368 πρὸ
133 1334 193 1360 τῶν
210 1334 324 1369 ἡμερῶν
341 1334 445 1361 τούτων
466 1335 515 1369 τὴν
537 1336 613 1370 ἱερὰν
630 1336 859 1373 Τεσσαρακοστὴν

60 1379 94 1405 ὲν
105 1380 222 1415 νηστείᾳ
235 1380 282 1406 καὶ
296 1379 436 1415 ἀγρυπνίᾳ
460 1381 507 1408 καὶ
521 1383 658 1417 προσευχῇ
678 1384 725 1409 χαὶ
743 1383 859 1419 ἀσκήσει

62 1425 185 1460 παντοίᾳ
206 1425 263 1450 τῶν
279 1425 386 1460 ἀρετῶν
409 1426 487 1459 ἄγειν
504 1427 576 1461 ἡμᾶς
595 1428 610 1463 ἡ
627 1427 674 1454 τοῦ
698 1429 858 1463 Πνεύματος

61 1470 145 1504 χάρις
158 1469 353 1505 ἐνομοθέτησε,
373 1470 416 1497 διὰ
434 1471 482 1505 μὲν
495 1471 547 1504 τῆς
563 1473 791 1509 Τεσσαρακοστῆς
803 1475 858 1502 τῶν

61 1514 178 1548 ἡμερῶν
191 1514 319 1541 δεικνῦσα
333 1515 382 1548 τὴν
395 1515 425 1542 ιν
441 1516 479 1550 τῷ
495 1516 574 1543 αίῶνι
594 1518 680 1552 τούτῳ
700 1519 755 1545 τῶν
771 1520 857 1551 σωζο-

63 1559 157 1590 μένων
175 1559 261 1594 ζωὴν,
275 1559 312 1592 ὡς
330 1561 407 1587 οὐδὲν
423 1561 516 1597 ἔτερόν
527 1563 610 1595 ἐστιν,
626 1563 641 1600 ἢ
666 1564 795 1599 μετάνοια
810 1567 856 1594 καὶ

62 1603 119 1638 βίος
136 1603 268 1639 θεοφιλής
279 1612 288 1621 ·
302 1605 346 1631 διὰ
357 1605 384 1631 δὲ
401 1606 450 1640 τῆς
474 1606 533 1641 μετ’
556 1608 640 1642 αὐτὴν
666 1609 856 1646 Πεντηκοστῆς

61 1652 178 1686 ταύτης,
194 1652 227 1686 ἢν
241 1651 405 1687 διερχόμεθα
424 1653 481 1686 νῦν,
507 1654 682 1682 ἐπιδεικνῦσα
703 1657 753 1691 τὴν
768 1657 862 1695 διαδει.

61 1696 186 1732 ξομένην
205 1697 270 1729 τοὺς
290 1698 407 1725 ἐνταῦθα
423 1699 467 1726 διὰ
488 1700 534 1727 τὸν
548 1701 615 1728 Θεὸν
633 1703 786 1736 ἐναγωνίως
804 1703 856 1739 ζή-

60 1752 166 1775 σαντας
179 1745 274 1771 ἄνεσιν
285 1746 332 1772 καὶ
344 1745 507 1775 ἀπόλαυσιν.
530 1748 580 1774 Διὰ
595 1748 674 1775 τοῦτο
691 1750 738 1776 καὶ
752 1750 854 1777 Teon-

60 1791 187 1827 ραχοστὴ
213 1792 264 1827 μέν
282 1793 356 1818 ἐστιν
376 1793 478 1829 ἐκείνη,
496 1793 543 1820 iui.
569 1797 778 1832 συνηρτημένην
797 1796 854 1831 ἔχει

58 1839 109 1872 τὴν
127 1838 245 1873 μνήμην
264 1838 318 1865 τῶν
329 1839 375 1865 τοῦ
395 1839 499 1875 Κυρίου
522 1841 665 1876 σωτηρίων
687 1842 791 1875 παθῶν,
807 1843 855 1869 καὶ

57 1886 108 1919 τῆς
120 1885 252 1919 νηστείας
264 1885 313 1920 τὴν
329 1885 405 1912 λύσιν
423 1887 493 1921 μετὰ
508 1886 557 1922 τὴν
569 1887 687 1922 ἑϐδόμην
700 1888 834 1923 λαμϐάνει
844 1897 851 1905 ·

58 1931 129 1965 αὕτη
143 1931 174 1957 δὲ
193 1931 369 1966 Πεντηκοστὴ
390 1931 457 1959 οὖσα
473 1933 733 1969 συμπεριλαμϐάνει
743 1935 788 1961 καὶ
803 1934 853 1970 τὴν

56 1977 112 2004 ἀπὸ
131 1977 188 2012 γῆς
211 1978 251 2009 εἰς
271 1977 384 2012 οὑρανδν
401 1979 558 2013 μετάθεσιν,
578 1981 624 2006 καὶ
646 1981 696 2014 τὴν
713 1980 760 2007 τοῦ
779 1981 852 2008 θείου

57 2023 223 2058 Πνεύματος
244 2023 395 2050 κατάϐασιν
425 2025 472 2051 καὶ
498 2025 627 2054 διάδοσιν.
659 2026 852 2061 Ἐσδοματικδς

55 2070 110 2105 γάρ
126 2071 205 2096 ἐστιν
220 2069 234 2096 ὀ
247 2070 316 2097 αἰὼν
330 2066 416 2103 οὗτος,
434 2071 480 2097 καὶ
495 2071 539 2098 διὰ
552 2073 695 2108 τεσσάρων
709 2074 788 2109 ὡρῶν
802 2075 850 2100 καὶ

57 2116 154 2151 μερῶν
175 2117 225 2143 καὶ
246 2117 385 2152 στοιχείων
399 2118 569 2151 συνίσταται,
590 2119 637 2145 καὶ
651 2121 707 2151 τοῖς
724 2120 754 2146 ὲν
776 2120 851 2155 αὑτῷ

55 2162 208 2193 κοινωνοὺς
231 2163 345 2194 ἑαυτοὺς
368 2163 504 2198 δι’ἐργων
528 2165 635 2192 ποιοῦσι
658 2166 712 2192 τῶν
731 2166 850 2201 Χριστοῦ

56 2209 243 2242 παθημάτων,
263 2209 312 2242 τὴν
324 2210 372 2244 τῆς
385 2209 575 2245 Πεντηιοστῆς
595 2211 692 2246 ἑορτὴν
712 2212 848 2248 ἐπιφέρει,

913 963 1031 998 ideoque
1064 963 1134 990 hanc
1151 964 1236 991 solam
1258 965 1284 991 itt
1318 965 1364 991 tali
1393 964 1498 991 dierum
1526 963 1704 998 productione

899 1009 1099 1042 .oelcbramus,
1133 1014 1226 1044 utpote
1250 1011 1432 1038 immortalem
1466 1015 1493 1038 et
1531 1009 1702 1037 indelebilem

911 1060 937 1082 et
959 1062 1103 1090 aeternam,
1132 1057 1343 1090 praascribcntes
1371 1057 1398 1083 in
1428 1056 1555 1083 omnibus
1582 1056 1701 1083 futuram

910 1107 1067 1129 sanctorum
1095 1103 1266 1135 felicitatem.
1285 1103 1331 1130 ubi
1356 1110 1409 1130 non
1431 1108 1473 1130 est
1496 1103 1596 1134 luctus,
1613 1109 1703 1136 neque

910 1148 1024 1179 clamor.
1042 1150 1088 1176 sed
1106 1157 1156 1177 nec
1168 1150 1239 1177 ullus
1252 1149 1340 1182 dolor,
1354 1149 1399 1177 sed
1412 1149 1503 1176 laetitia
1517 1154 1542 1176 el
1555 1149 1702 1175 exsultatio

910 1194 1000 1221 divina
1029 1197 1158 1229 perennis
1185 1196 1307 1231 nullique
1333 1197 1479 1224 mutationi
1498 1196 1635 1228 obnoxia;
1663 1195 1700 1222 ibi

909 1243 951 1267 est
973 1239 1045 1266 ettim
1062 1247 1126 1267 vere
1141 1240 1291 1268 laetantium
1308 1242 1453 1268 habitatio.
1480 1240 1543 1268 ldeo
1564 1247 1628 1268 ante
1643 1241 1702 1267 dies

909 1285 989 1316 istos,
1008 1293 1116 1313 sacram
1134 1287 1372 1322 quadragesimam
1392 1287 1418 1314 in
1433 1286 1538 1321 jejunio
1556 1290 1583 1313 et
1600 1285 1701 1318 vigiliis

909 1338 935 1359 et
952 1333 1075 1360 oratione
1105 1333 1234 1368 omnique
1262 1334 1385 1360 omnium
1410 1333 1541 1360 virtutum
1570 1332 1702 1359 exercitio

909 1379 993 1413 gratia
1010 1379 1129 1413 Spiritus
1145 1387 1194 1406 nos
1208 1387 1338 1414 peragere
1355 1379 1504 1411 mandavit,
1523 1387 1569 1413 per
1585 1379 1633 1405 hos
1643 1379 1701 1405 dies

908 1423 1162 1458 quadragesimalcs
1184 1424 1363 1452 manifestans
1393 1425 1588 1451 salvandorutn
1618 1423 1700 1449 vitam

908 1470 935 1496 in
953 1470 1003 1496 hoc
1018 1470 1130 1503 sarculo,
1147 1471 1212 1505 quia
1234 1470 1300 1497 nihil
1317 1475 1359 1497 est
1379 1470 1451 1497 aliud
1469 1470 1521 1497 nisi
1540 1469 1699 1502 pmnitemia

908 1521 936 1543 et
952 1516 1049 1550 pietas,
1064 1522 1090 1544 et
1105 1524 1152 1551 per
1166 1517 1234 1544 istos
1253 1516 1452 1551 quinquaginta
1468 1516 1527 1543 dies
1544 1524 1612 1551 quos
1628 1523 1700 1542 nunc

909 1563 1088 1598 transigimus
1104 1562 1229 1591 indicans
1247 1564 1371 1597 requiem
1389 1567 1472 1597 atque
1491 1564 1699 1597 prosperitatem

909 1609 935 1636 itt
951 1616 1004 1642 qua
1025 1608 1175 1643 recipiendi
1201 1613 1263 1636 sunt
1277 1609 1322 1643 qni
1348 1608 1375 1635 in
1403 1609 1453 1634 hoc
1471 1609 1574 1635 mundo
1590 1613 1700 1642 propter

909 1655 991 1682 Deum
1008 1659 1143 1682 certantes
1156 1655 1284 1683 vixerint.
1294 1654 1442 1689 Propterea
1455 1654 1699 1689 quadragesimalis

908 1701 953 1728 ille
970 1702 1102 1736 temporis
1115 1703 1250 1729 decursus
1267 1701 1426 1737 adjunctam
1441 1701 1523 1728 habet
1536 1701 1698 1728 salutarium

907 1747 1015 1775 Domini
1036 1748 1194 1783 passionum
1220 1749 1380 1776 memoriam
1396 1771 1403 1781 ,
1430 1749 1583 1783 jejuniique
1605 1748 1698 1780 ﬂnem,

906 1798 1045 1822 transacta
1063 1795 1244 1826 hebdomada.
1264 1795 1379 1829 accipit;
1396 1795 1468 1823 istud
1496 1801 1586 1822 autem
1613 1794 1698 1829 quin-

905 1841 1092 1875 quagesimum
1112 1842 1243 1876 temporis
1256 1842 1374 1874 spatium
1393 1841 1583 1876 complectitur
1598 1844 1625 1867 et
1653 1848 1698 1868 as-

905 1887 1092 1922 suntplionem
1119 1895 1133 1914 ιι
1161 1887 1242 1914 terris
1268 1887 1295 1914 in
1319 1888 1419 1914 ctelum
1435 1891 1462 1914 et
1477 1887 1560 1914 divini
1579 1886 1698 1921 Spiritus

904 1933 1176 1961 communicationem
1189 1937 1271 1968 atque
1282 1933 1454 1960 descensuut.
1465 1932 1531 1959 Nam
1551 1932 1699 1960 hebdoma-

904 1980 945 2007 dis
954 1979 1126 2013 componitur
1136 1979 1186 2005 hoc
1195 1979 1365 2006 intervallum
1372 1983 1511 2010 ,constntts
1518 1979 1698 2014 quadraginta

905 2026 992 2058 horis.
1018 2026 1139 2060 partibus
1156 2030 1183 2052 et
1197 2025 1387 2058 divisionibus,
1415 2029 1440 2052 et
1457 2026 1505 2054 eis.
1522 2025 1568 2059 qui
1589 2025 1697 2058 seipsos

903 2073 1031 2107 operibus
1045 2071 1148 2098 faciunt
1163 2072 1299 2107 passionis
1322 2071 1422 2098 Christi
1447 2071 1606 2106 partiripes,
1626 2071 1697 2097 Peu-

902 2123 1019 2146 tccostes
1036 2118 1207 2146 festivitatem
1232 2118 1379 2150 adducunt,
1408 2125 1468 2152 quae
1486 2121 1579 2144 octava
1598 2116 1697 2151 incipit

903 2168 929 2192 et
944 2169 1038 2191 octava
1059 2164 1158 2192 desittit
1179 2173 1230 2191 non
1259 2165 1348 2192 solum
1377 2172 1423 2199 per
1441 2163 1632 2199 quatriduum,
1648 2162 1695 2189 sed

902 2211 986 2238 etiam
1012 2217 1063 2245 per
1090 2211 1274 2238 venerabilem
1313 2211 1444 2246 producta
1475 2209 1693 2242 hcbdomadem;

55 2255 116 2293 ἣτις
131 2257 165 2281 ὲκ
182 2255 232 2288 τῆς
247 2255 343 2290 ὀγδόης
359 2256 483 2291 ἄρχεται,
501 2256 550 2283 καὶ
564 2258 604 2289 είς
616 2258 714 2293 ὀγδόην
726 2258 783 2294 ἔχει
801 2259 840 2294 τὴη

932 2264 1010 2284 :cnon
1027 2265 1074 2292 per
1096 2257 1327 2284 resurrectionem
1352 2256 1460 2284 Domini
1480 2262 1695 2291 sequentemun

55 2302 144 2337 λῆξιν,
161 2302 210 2328 καὶ
229 2302 278 2337 τὴν
295 2303 400 2336 σεπτὴν
417 2303 562 2338 ἑϐδομάδα,
579 2306 627 2331 καὶ
638 2305 688 2340 τὴν
699 2307 853 2341 τετρακτὺν

57 2349 234 2384 ὑπερϐᾶσαν,
253 2349 300 2376 καὶ
313 2349 357 2375 διὰ
371 2349 420 2384 τῆς
431 2350 605 2382 ἀναστάσεως
620 2350 668 2378 τοῦ
685 2352 788 2386 Κυρίου
803 2353 851 2380 καὶ

56 2393 106 2428 τῆς
131 2393 194 2427 μετ’
209 2393 296 2427 αὐτὴν
316 2393 488 2428 ἀναλήψεως,
513 2395 564 2429 τὴν
588 2394 742 2429 μέλλουσαν
766 2396 849 2431 παρί-

57 2447 136 2474 στησι
148 2438 198 2465 τοῦ
219 2438 274 2464 τῶν
286 2438 440 2473 ἀνθρώπων
454 2440 551 2473 γένους
563 2440 723 2473 ἀνάστασιν,
735 2441 783 2468 καὶ
799 2441 848 2478 τὴν

902 2304 1100 2331 Ascensionem
1117 2308 1259 2330 venturam
1275 2303 1387 2330 humani
1399 2303 1507 2338 generis
1516 2302 1696 2330 resurrectio-

901 2359 964 2378 nem
983 2351 1112 2386 exprimit
1129 2356 1156 2378 et
1179 2351 1391 2385 subsequentem
1409 2355 1568 2378 sanctorum
1585 2351 1612 2376 in
1643 2357 1694 2376 nu—

900 2397 980 2424 bibus
1008 2398 1190 2425 elevationem
1222 2397 1249 2424 itt
1280 2404 1425 2424 occursum
1453 2396 1512 2429 Dei,
1542 2396 1694 2432 deindeque

898 2443 1020 2479 quietam
1040 2444 1065 2470 in
1085 2443 1139 2470 Deo
1155 2432 1391 2470 itthahitatiouem.

55 2486 114 2512 κατ’
132 2485 222 2520 αὐτὴν
238 2485 294 2511 τῶν
307 2485 389 2518 ἀξίων
403 2487 432 2512 ὲν
444 2487 569 2520 νεφέλαις
582 2485 699 2522 ἔπαρσιν
715 2487 785 2523 πρὸς
797 2487 848 2524 τὴν
869 2487 944 2515 θείαν
959 2489 1119 2523 ὑπάντησιν,
1139 2488 1186 2515 καὶ
1199 2487 1262 2523 ἑξῆς
1277 2488 1318 2520 εἰς
1333 2488 1434 2520 αἰῶνας
1447 2488 1516 2523 πρδς
1547 2487 1613 2514 Θεὸν
1630 2496 1691 2514 συν-

54 2533 148 2559 tuoin
163 2540 192 2557 τε
205 2532 252 2559 καὶ
269 2531 450 2559 κατάπαυσιν.

88 2579 165 2614 Αὕτη
184 2580 234 2614 μὲν
263 2579 310 2606 οὖν
334 2580 411 2607 ἔσται
437 2580 509 2608 κατὰ
533 2582 640 2617 καιρόν.
657 2582 689 2609 '0
702 2582 847 2619 δὲγΚύριος

55 2628 107 2660 πρὸ
122 2626 173 2653 τοῦ
200 2626 306 2657 πάθους
325 2627 372 2653 καὶ
395 2628 444 2662 τῆς
464 2628 639 2660 ἀναστάσεως
660 2629 801 2664 κηρύττων
817 2629 847 2656 τὸ

55 2672 228 2706 Εὖαγγέλιον
251 2672 300 2706 τῆς
313 2671 462 2706 βασιλείας.
487 2675 606 2706 καὶτοῖς
635 2675 773 2709 μαθηταῖς
794 2675 848 2702 δει-

53 2721 127 2750 ara-3;.
145 2718 185 2748 ὼς
201 2718 253 2744 οὐκ
272 2719 304 2745 ἐκ
317 2718 371 2746 τῶν
391 2720 526 2747 Ἰουδαίων
549 2721 631 2755 μόνον
646 2722 662 2757 ἡ
676 2721 776 2757 ἐκλογὴ
793 2722 846 2750 τῶν

53 2766 136 2797 ἀξίων
148 2764 200 2799 τῆς
218 2763 335 2796 πίστεως
350 2765 436 2797 ἔσται,
454 2767 501 2793 καὶ
517 2767 565 2802 τῆς
580 2767 626 2793 ὑπ’
640 2767 721 2794 αὐτοῦ
735 2777 847 2802 πρπει-

54 2819 66 2836 ν
84 2811 170 2844 μένης
181 2809 271 2835 ἁῖδίου
282 2809 547 2846 κληρονομίας,ἀλλὰ
561 2812 605 2838 καὶ
617 2812 670 2839 ἀπὸ
683 2812 737 2839 τῶν
747 2813 843 2847 ἐθνῶν,

404 2901 565 2930 "ibid.:1.!.

87 2900 108 2913 ⁷⁸
129 2899 136 2926 l
158 2898 224 2926 Cor.
255 2906 300 2930 tv,
319 2900 362 2926 ‘20.
404 2901 565 2930 "ibid.:1.!.
606 2901 626 2918 ⁷⁸
643 2900 784 2934 Psalmis,
810 2902 834 2929 Ι.

932 2583 995 2611 llaec
1011 2583 1121 2619 quidem
1140 2582 1206 2610 ﬂent
1221 2583 1249 2609 in
1265 2590 1315 2609 suo
1331 2586 1462 2616 tempore.
1480 2582 1609 2608 Dominus
1623 2589 1690 2609 vero

898 2635 961 2656 ante
979 2630 1134 2665 passionem
1148 2635 1175 2656 et
1194 2628 1423 2656 resurrectionem
1438 2636 1514 2655 suant
1542 2628 1692 2662 praedicans

896 2674 1074 2710 Erangelittm
1096 2674 1170 2710 rngni
1190 2679 1217 2701 et
1231 2673 1372 2707 discipulis
1392 2672 1539 2699 ostendens
1556 2672 1686 2706 quoniam

896 2729 951 2749 non
970 2730 1001 2749 ex
1015 2721 1120 2749 Iuda-is
1135 2726 1239 2749 tantum
1256 2719 1389 2754 eligentur
1408 2719 1482 2753 digni
1506 2718 1557 2745 lidc
1571 2724 1689 2744 ινα-τηει-

902 2776 955 2802 quc
971 2769 1004 2795 ab
1021 2775 1054 2795 eo
1069 2768 1205 2802 promissa
1220 2767 1387 2798 haereditate,
1403 2764 1451 2792 sed
1475 2764 1558 2791 etiam
1573 2772 1605 2791 ex
1622 2771 1687 2797 geu-

899 2814 985 2848 tihus,
995 2814 1145 2843 secundum
1158 2814 1239 2842 hodie
1250 2814 1282 2842 ad
1296 2820 1375 2841 aures
1391 2815 1496 2840 vestras
1507 2814 1686 2838 memoratam
