1882 3073
177 162 229 195 251

808 161 999 192 GREGOBII
1019 162 1182 192 PALAME
1311 177 1321 183 ν
1359 177 1371 190 σ

1745 166 1797 198 25!

153 224 158 230 θ
179 218 321 254 Evangelii
345 226 378 248 vo
397 226 438 246 em
457 226 463 244 :
484 227 494 244 ‹
514 217 592 246 Venit
619 217 646 245 in
673 217 811 246 civitatem
839 218 894 246 San

1060 219 1092 245 τὰ
1112 220 1160 255 τὴν
1186 221 1305 257 σήμερον
1331 221 1586 257 ἀναγινωσκομένην
1610 222 1651 254 είς
1683 222 1803 257 ἐπήκοον

181 273 241 296 qua:
267 265 368 292 dicitur
395 264 511 296 Sicliar,
538 264 615 299 juxta
641 264 768 298 prmdium
797 265 868 298 quod
897 264 972 291 dedit

180 311 264 338 Jacob
280 311 381 345 Joseph
404 311 460 338 tilio
478 319 528 338 suo
542 311 576 338 ".
599 321 607 337 ι
634 310 701 337 Erat
722 311 757 337 ibi
785 310 846 338 fons
865 310 970 344 Jan-ob;

182 357 283 384 t‘untem
300 362 411 391 puti-um
425 357 506 388 dixit,
521 356 583 390 quia
597 364 694 391 aquam
708 364 739 382 ex
754 356 828 393 fonte
843 356 970 389 habebat.

182 407 211 429 ut
228 407 301 437 patet
319 410 349 429 ex
366 402 456 430 verbis
470 401 682 436 praecedentibus
696 411 703 434 ς
718 401 809 430 Jacobi
824 407 892 436 erat,
908 403 971 437 quia

183 449 227 475 hic
242 457 303 476 eum
322 448 436 475 foderat.
465 447 600 475 Przedinm
618 456 681 474 vero
697 448 769 482 quod
795 448 878 476 Jacob
899 448 973 476 dedit

182 492 300 528 Josepho
327 498 385 521 erat
411 494 543 527 Siehem;
562 495 599 521 ait
624 495 696 521 enim
715 496 749 521 ad
769 502 831 522 eum
847 495 971 522 ultimum

183 539 276 566 rtllans
297 540 422 574 spiritum
442 540 468 567 in
487 539 616 574 Egypto,
642 545 668 567 et
684 545 875 568 testamentum
893 549 972 569 suutn

183 585 364 613 conseribcns
379 594 386 612 :
406 595 415 612 ι
434 585 473 612 Eu
488 593 537 621 ego
559 586 671 618 morior,
691 594 740 613 vos
758 591 847 614 autem
863 587 974 614 reducet

187 633 257 659 Deus
277 639 309 659 ex
332 637 404 659 terra
432 632 481 659 ista
499 632 532 659 ad
558 638 658 659 terram
682 637 789 666 patrum
804 636 974 660 vestrorum.

184 679 223 705 Do
247 679 294 706 tibi
321 678 430 706 Siclicm
455 684 560 714 partem
578 686 659 705 unam
675 683 751 706 extra
770 679 868 707 fratres
888 684 950 707 tuos
964 700 972 712 ,

185 733 267 759 quam
296 725 344 752 tuli
363 726 396 752 de
413 733 494 753 manu
520 725 671 752 Amorrbzei
699 725 724 752 iu
750 725 841 760 gladio
865 732 891 753 et
908 734 972 754 arcu

186 779 246 798 meo
256 771 306 799 ⁷⁵.»
322 771 384 799 ideo
400 771 507 798 Siehem
521 772 609 799 stabat
626 771 651 797 in
669 779 698 798 ea
719 777 794 805 parte
808 779 861 806 qua
879 777 973 806 postea

186 817 310 844 constitit
334 818 422 844 tribus
440 817 567 852 prraitu
597 817 643 844 lilii
662 817 762 852 Joseph
786 818 971 853 primogeniti.

185 872 264 898 quem
282 864 354 891 circa
380 865 469 890 locum
497 864 657 890 habitabant
673 864 765 891 decem
786 865 874 892 tribus
888 865 970 893 Israel

1024 265 1069 291 ξιίῦ
1092 266 1257 300 Εὑαγγελίου
1279 269 1389 302 φωνήν·
1407 277 1417 293 ‹
1433 268 1562 302 Ἔρχεται
1588 269 1627 300 εἰς
1654 269 1734 295 πόλιν
1757 269 1805 300 τῆς

1023 310 1178 345 Σαμαρείας
1202 312 1351 347 λεγομένην
1374 313 1469 348 Σιχὰρ,
1496 313 1610 347 πλησίον
1634 313 1682 340 τοῦ
1706 314 1806 348 χωρίου

1021 353 1052 382 οἶ)
1069 356 1169 383 ἔδωκεν
1189 357 1287 384 Ἰακὼὸ
1312 359 1410 393 Ἰωσὴφ
1435 358 1473 393 τῷ
1495 358 1546 393 υἱῷ
1568 359 1661 386 αὑτοῦ.
1681 368 1691 384 t
1713 359 1807 393 Πηγὶςν

1025 403 1073 438 μὲν
1093 403 1138 430 οὖν
1158 404 1188 430 τὸ
1208 405 1297 439 φρέαρ
1324 405 1410 440 φησι·
1432 405 1526 439 τὸγὰρ
1546 404 1618 440 ὕδωρ
1636 406 1756 438 πηγαῖον
1771 403 1809 430 εἵ-

1023 457 1080 483 χεν,
1093 449 1129 480 ὡς
1142 449 1221 484 δῆλον
1237 450 1314 477 ἔσται
1328 451 1465 486 προϊόντος
1484 450 1530 477 τοῦ
1545 451 1641 484 λόγους
1655 451 1702 477 τοῦ
1711 450 1809 477 Ἰακὼϐ

1023 495 1050 522 δὲ
1064 494 1107 529 ἦν,
1123 496 1272 532 ἐπειδήπερ
1287 498 1390 529 ἐκεῖνος
1402 497 1505 532 ὤρυξεν
1526 498 1603 525 αὑτό.
1617 498 1654 525 Τδ
1665 499 1694 525 δὲ
1708 498 1809 533 χωρίον

1023 541 1037 567 ὃ
1052 541 1132 569 ἔδωκε
1145 543 1182 577 τῷ
1200 543 1298 578 Ἰωσὴφ
1313 544 1326 569 ὁ
1346 543 1441 569 Ἰακὼϐ
1460 543 1495 570 τὰ
1517 544 1626 578 Σίκημά
1650 545 1707 570 ἔστι
1719 552 1726 559 ’
1742 544 1811 578 φησὶ

1024 588 1079 622 γὰρ
1099 588 1165 622 πρὸς
1186 588 1265 614 αὑτὸν
1281 588 1314 614 τὰ
1342 588 1444 623 ἔσχατα
1461 590 1550 616 πνέων
1568 591 1596 617 ἐν
1616 590 1750 624 Αἰγύπτῳ
1764 591 1811 616 καὶ

1023 633 1210 668 διατιθέμενος
1221 642 1229 648 ’
1247 643 1255 659 t
1276 634 1340 661 Ἰδοὺ
1355 635 1408 668 ἐγὼ
1423 635 1587 670 ἀποθνήσκω
1599 644 1606 651 ·
1621 636 1693 670 ὑμᾶς
1705 635 1734 662 δὲ
1745 637 1812 662 ἀπο-

1025 678 1137 714 στρέψει
1157 679 1170 705 ὸ
1189 679 1255 711 Θεὸς
1273 680 1304 706 ὲκ
1319 680 1369 714 τῆς
1383 680 1434 714 γῆς
1447 680 1547 715 ταύτης
1562 681 1602 710 εἰς
1627 680 1676 715 τὴν
1689 681 1742 713 γῆν
1756 680 1812 707 τῶν

1025 725 1151 760 πατέρων
1166 726 1254 760 ἡμῶν.
1273 725 1344 760 Ἐγὼ
1359 726 1386 752 δὲ
1410 725 1506 761 δίδωμί
1524 734 1564 753 σοι
1585 727 1693 761 Σίκημα
1704 726 1812 761 ἐξαίρε-

1024 780 1069 797 τον
1086 772 1160 806 παρὰ
1179 770 1395 806 τοὺς’ἀδελφούς
1412 781 1470 805 σου,
1494 772 1528 807 ἢν
1545 772 1641 799 ἔλαϐον
1667 773 1700 799 ἐκ
1718 773 1812 808 χειρὸς

1025 816 1079 843 τῶν
1098 816 1268 852 Ἀμορραίων
1294 817 1322 843 ὲν
1337 818 1369 853 τῇ
1390 817 1512 853 μαχαίρᾳ.
1539 826 1591 851 μου
1617 818 1666 844 καὶ
1686 818 1725 852 τῷ
1742 818 1813 853 τόξῳ

1028 871 1089 896 μου.
1104 871 1112 887 ι
1128 862 1174 888 Διὸ
1188 862 1222 888 τὰ
1239 862 1288 896 μὲν
1302 862 1411 897 Σέκημα
1424 864 1572 898 κατῳκεῖτο
1585 863 1663 898 llo
1675 863 1752 898 παρὰ
1762 864 1814 897 τῆς

185 918 269 945 super
285 917 352 944 quas
374 909 496 943 regnavit
521 908 665 937 Jcroboam
690 914 824 944 apostata.
840 910 892 942 Qui
910 918 928 938 Cl

1068 907 1150 942 ppaiy.
1175 907 1262 942 φυλῆς
1283 907 1406 943 ὕστερον,
1435 907 1464 939 ὃς
1490 905 1523 943 ἦν
1552 908 1610 939 υίὸς
1636 908 1811 942 πρωτότοκος

185 956 286 991 smpius
316 956 398 983 Deum
416 955 603 988 odendissent,
630 963 699 989 saepe
731 956 764 983 ab
786 963 819 983 eo
850 956 972 984 derelieti

186 1002 302 1036 denique
321 1001 440 1028 universi
456 1001 527 1028 ducti
547 1005 610 1028 sunt
633 1001 660 1027 in
678 1001 874 1034 captivitatem,
895 1002 931 1028 ita
945 1006 975 1031 ut

187 1054 235 1081 pro
248 1047 288 1073 eis
304 1047 386 1073 varia:
400 1053 493 1079 gentes
508 1054 522 1072 a
542 1053 604 1080 rege
614 1046 788 1080 Assyriorum
803 1051 974 1081 congregatae

186 1093 213 1120 in
230 1100 324 1120 eorum
344 1092 402 1119 loco
421 1092 633 1118 inhabitaverint
655 1097 681 1118 et
708 1092 906 1119 Samaritarum
926 1099 976 1118 no-

185 1146 246 1166 men
269 1146 283 1165 a
311 1143 402 1165 monte
419 1138 516 1164 Somor
540 1137 705 1171 acceperint.
740 1137 976 1169 Quemadmodum

185 1183 363 1218 progrediens
377 1182 473 1215 Jacob,
493 1183 564 1210 sicut
581 1187 674 1209 narrat
693 1182 818 1214 historia,
844 1182 979 1210 habitavit

184 1227 263 1263 juxta
281 1230 376 1257 urbem
394 1229 591 1260 Siehimorum.
618 1229 655 1256 ita
678 1236 752 1256 nunc
768 1228 897 1255 Christus
917 1236 981 1261 pro-

185 1276 310 1309 grediens
323 1275 549 1310 appropinquavit
561 1277 594 1302 ad
611 1273 772 1301 Samariam.
787 1273 838 1302 Sed
861 1274 905 1302 ille
919 1275 980 1308 qui-

191 1323 263 1355 dem,
280 1327 309 1350 ut
324 1323 380 1357 ipse
399 1322 476 1351 dixit.
505 1322 532 1349 in
560 1322 650 1357 gladio
666 1327 693 1348 et
721 1329 803 1353 arcu,
830 1322 856 1349 id
882 1327 925 1350 est
941 1322 975 1349 ad

187 1369 299 1396 exitium
315 1374 342 1396 et
363 1369 468 1396 ruinam
502 1368 624 1402 priorum
637 1367 836 1400 habitantium,
850 1366 976 1395 Christus

188 1422 253 1442 vero
266 1414 292 1441 iu
311 1422 436 1441 sermone
449 1419 476 1440 et
487 1413 622 1445 doctrina,
637 1417 664 1439 et
679 1413 792 1447 proinde
804 1412 836 1438 ad
850 1413 976 1439 salutem.

191 1460 272 1488 «Nam
288 1460 381 1492 Jesus,
399 1460 529 1494 fatigatus
540 1467 571 1486 ex
589 1459 696 1490 itinere,
716 1459 826 1486 sedi-bat
842 1459 881 1486 sic
894 1466 976 1494 supra

188 1509 303 1534 fontem.
326 1505 396 1532 liora
412 1509 470 1532 erat
485 1505 563 1538 quasi
579 1509 665 1532 sexta.
684 1513 693 1531 ι

1022 953 1071 979 τοῦ
1089 953 1186 988 Ἰωσήφ
1198 961 1204 968 ·
1228 952 1274 980 τδν
1299 952 1327 980 δὲ
1342 953 1406 989 περὶ
1422 954 1492 981 αὐτὰ
1518 954 1599 980 τόπον
1621 954 1764 989 κατῴκουν
1784 962 1813 988 αι

1022 999 1088 1026 δέκα
1103 999 1185 1033 φυλαὶ
1199 998 1245 1025 τοῦ
1266 999 1385 1034 Ἰσραὴλ,
1405 996 1441 1026 ὧν
1461 1000 1602 1036 Ἰεροῦοὰμ
1617 1001 1631 1026 ὁ
1652 1001 1814 1036 ἀποστάτης

1022 1042 1100 1081 ἦρξε.
1122 1044 1365 1080 Προσκρούσαντες
1383 1045 1412 1072 δὲ
1427 1045 1467 1080 τῷ
1485 1045 1545 1081 Θεῷ
1571 1046 1702 1076 πολλάκις
1725 1044 1812 1079 οὗτοι,

1024 1092 1070 1118 καὶ
1094 1090 1223 1122 πολλάκις
1247 1090 1517 1124 έγκαταλειφθέντες,
1542 1091 1655 1126 ὕστερον
1686 1092 1814 1126 παγγενῆ

1026 1137 1170 1173 γεγόνασιν
1184 1137 1364 1173 αίχμάλωτοι,
1380 1139 1417 1169 ὼς
1431 1138 1489 1164 ἀντ’
1504 1139 1596 1165 αὐτῶν
1615 1139 1679 1174 ἔθνη
1695 1139 1815 1174 διάφορα

1027 1182 1242 1217 συμφορήσαντα
1258 1182 1304 1208 τὸν
1318 1182 1436 1216 ἄρχοντα
1449 1182 1502 1210 τῶν
1518 1183 1668 1218 ’Λσσυρίων
1684 1185 1814 1217 ἐγκατοι-

1027 1228 1109 1262 κῆσαι
1122 1227 1160 1261 τῷ
1173 1227 1257 1261 τόπῳ,
1271 1227 1317 1253 καί
1340 1227 1511 1262 Σαμαρείτας
1525 1228 1579 1255 ἀπὸ
1594 1229 1640 1255 τοῦ
1661 1229 1742 1264 ὅρους
1762 1229 1816 1256 Σο-

1030 1273 1081 1306 pag
1097 1272 1220 1299 καλέσαι.
1243 1272 1377 1306 Καθάπερ
1392 1273 1419 1300 δὲ
1440 1275 1702 1310 παραπορευόμενος
1726 1277 1741 1303 ὁ
1763 1277 1816 1303 Ἰα-

1030 1317 1097 1351 κὼΰ,
1114 1317 1151 1350 ὡς
1167 1319 1184 1352 ὴ
1208 1319 1313 1353 ἱστορία
1334 1319 1411 1353 φησὶ,
1427 1321 1619 1355 παρεστήσατο
1638 1321 1672 1348 τὰ
1689 1322 1813 1357 Σίκημα,

1025 1364 1095 1392 οὕτω
1120 1366 1381 1401 παραπορευόμενος
1395 1367 1409 1392 ὁ
1431 1367 1549 1402 Χριστὸς
1566 1368 1624 1400 νῦν,
1649 1369 1815 1403 ὑπηγάγετο

1025 1412 1075 1446 τὴν
1090 1412 1255 1446 Σαμάρειαν.
1275 1411 1345 1439 Ἀλλ’
1367 1412 1470 1444 ἐκεῖνος
1485 1413 1544 1447 μὲν,
1561 1413 1600 1445 ὡς
1619 1414 1701 1446 αὑτός
1718 1423 1812 1450 φησιν,

1025 1459 1055 1485 ἐν
1070 1459 1102 1493 τῇ
1119 1458 1243 1493 ῥομφαίᾳ
1257 1458 1306 1485 καὶ
1331 1457 1369 1493 τῷ
1393 1458 1462 1494 τόξῳ
1480 1459 1573 1492 αὑτοῦ,
1602 1460 1726 1494 δηλονότι
1743 1461 1814 1496 πρὸς

1027 1503 1216 1538 ὲξολόθρευσιν
1235 1506 1283 1531 καὶ
1296 1503 1437 1531 ἀπώλειαν
1451 1504 1505 1531 τῶν
1520 1506 1654 1541 πρότερον
1669 1507 1812 1534 ἐνοικούν-

187 1563 241 1581 των
254 1561 262 1569 ’
275 1545 288 1580 ὁ
302 1554 330 1580 δὲ
344 1552 461 1587 Χριστὶς
477 1542 590 1586 ἐν’λόγῳ
604 1552 650 1578 καὶ
677 1551 848 1587 διδασκαλίᾳ,
865 1551 904 1578 διὸ
918 1552 966 1578 καὶ
984 1551 1052 1586 πρὸς
1067 1551 1206 1586 σωτηρίαν
1220 1559 1228 1567 ·
1245 1560 1255 1577 t
1272 1551 1302 1579 '0
1318 1551 1373 1587 γὰρ
1394 1551 1499 1586 Ἰησοῦς
1530 1553 1719 1586 κεκοπιακὼς,
1755 1563 1812 1590 φη-

187 1602 240 1632 σὶν,
259 1601 290 1628 ὲκ
306 1601 355 1635 τῆς
369 1598 534 1634 ὁδοιπορίας,
551 1598 667 1633 ἐκάθητο
681 1598 767 1629 οὕτως
779 1599 826 1626 ἐπὶ
837 1600 869 1633 τῇ
883 1599 970 1633 πηγῇ·
990 1597 1050 1632 ὥρα
1061 1595 1094 1633 ἦν
1109 1597 1175 1623 ὡσεὶ
1189 1597 1267 1631 ἕκτη.
1284 1607 1294 1624 ι

223 1647 295 1674 Hora
311 1650 337 1674 et
355 1645 478 1680 fatigatio
497 1649 525 1671 ut
539 1645 645 1672 sederet
669 1644 821 1672 invitabant
846 1652 907 1672 eum
924 1644 966 1678 qui

1067 1643 1112 1671 (al
1125 1644 1141 1679 ἡ
1153 1643 1211 1678 ὥρα
1227 1645 1274 1671 καὶ
1288 1645 1301 1670 ὁ
1317 1645 1401 1677 κόπος
1411 1645 1499 1672 ἐδίδου
1514 1645 1652 1681 καθῆσθαι
1667 1647 1715 1674 τὸν
1730 1648 1810 1684 σῶμα

185 1701 287 1729 corpus
302 1697 395 1720 nostro
412 1698 585 1726 nequaquum
599 1690 723 1718 absimile
743 1690 879 1718 induerat.
897 1689 973 1723 Quod

187 1745 218 1766 ut
240 1740 441 1767 demonstraret
469 1742 495 1764 et
520 1737 641 1764 futuram
665 1737 837 1772 prospiciens
867 1737 973 1763 lucrum

187 1785 258 1813 sedit
275 1785 326 1818 sic,
341 1789 371 1811 ut
386 1783 486 1811 dictum
502 1788 554 1815 est,
571 1790 652 1815 supra
670 1783 783 1815 fontem,
801 1782 825 1809 id
845 1787 884 1809 est
901 1789 975 1809 ntere

187 1830 355 1864 humi,solus
366 1829 441 1864 quasi
454 1833 478 1857 et
489 1836 558 1856 unus
570 1836 601 1854 ex
611 1827 704 1855 multis
713 1828 815 1860 viator;
829 1827 888 1862 ejus
901 1828 972 1854 enim

186 1876 314 1911 discipuli
336 1876 462 1903 abierant
490 1875 516 1902 in
544 1874 681 1902 civitatem
707 1879 736 1902 ut
751 1875 827 1902 cibos
841 1879 972 1901 emerent.

189 1925 255 1955 Dum
284 1930 349 1958 ergo
373 1922 413 1949 sic
437 1922 511 1949 solus
532 1929 614 1956 supra
637 1920 740 1948 fontem
760 1921 879 1952 sederet,
899 1920 974 1948 venit

188 1970 286 1998 mulier
303 1968 336 1995 de
355 1967 480 1995 Samaria
506 1967 618 1994 haurire
637 1974 751 2001 aquam;
771 1965 903 1993 Dominus
923 1973 974 1992 auo

187 2019 241 2042 tem
259 2018 286 2042 et
308 2013 404 2041 sitiens
429 2017 458 2039 ut
487 2012 579 2044 homo,
610 2017 637 2039 et
663 2012 853 2046 obsequiosam
879 2011 974 2038 videns

188 2069 249 2096 qua:
264 2060 297 2087 ad
323 2059 395 2086 sitim
419 2058 566 2086 sedandam
583 2058 718 2091 veniebat,
735 2065 851 2085 cernens
868 2065 930 2084 vero
946 2063 975 2084 ut

190 2108 260 2134 Deus
274 2113 332 2133 eam
347 2112 417 2139 aqua
434 2104 527 2131 salutis
545 2103 621 2131 sitire
637 2110 718 2138 quam
732 2102 821 2137 ipsum
836 2102 974 2137 impertire

190 2152 340 2182 nesciebat,
370 2150 547 2185 semetipsum
575 2150 674 2176 animae
703 2147 825 2183 diligenti
851 2147 973 2176 revelare

189 2201 283 2233 cmpit.
318 2198 399 2229 Nam,
428 2196 496 2224 sicut
524 2197 656 2230 scriptum
679 2199 741 2227 est,
763 2194 907 2229 diligentes
944 2201 974 2221 se

190 2245 290 2280 diligit.
307 2244 402 2278 Incipit
417 2249 507 2270 autem
529 2249 581 2276 qua
599 2240 652 2267 erit
666 2244 803 2274 arCeptus,
819 2244 849 2266 et
865 2239 899 2266 ad
912 2247 972 2267 eam

190 2292 256 2318 (lxii
277 2300 283 2317 :
303 2301 311 2316 ι
336 2291 370 2317 Da
402 2289 466 2316 mihi
497 2289 599 2315 bibere.
619 2296 628 2312 ι
659 2287 705 2314 Illa
729 2294 794 2314 vero
820 2294 880 2314 cum
902 2291 974 2314 esset

1027 1689 1232 1724 περικείμενον,
1247 1691 1341 1717 ὁποῖόν
1358 1691 1417 1718 ἐστι
1432 1692 1462 1718 τὸ
1479 1692 1614 1728 ἡμέτερον
1625 1701 1633 1709 ⁸
1646 1693 1729 1720 τοῦτο
1755 1695 1812 1722 τοί-

1025 1745 1072 1762 νυν
1088 1735 1281 1770 πιστούμενος,
1298 1737 1343 1762 καὶ
1356 1737 1384 1762 τὺ
1400 1737 1497 1772 μέλλον
1521 1738 1616 1773 κέρδος
1645 1740 1813 1774 προὸλέπων

1025 1781 1155 1816 ἐκάθητο,
1173 1783 1267 1817 φησὶν,
1302 1781 1388 1815 οὕτως
1419 1784 1465 1810 επὶ
1491 1785 1524 1820 τῇ
1556 1786 1644 1821 πηγῇ,
1669 1788 1813 1815 τουτέστιν

1025 1829 1132 1862 ἀφελῶς
1150 1829 1246 1863 χαμαὶ,
1274 1830 1353 1864 μόνος
1371 1830 1406 1861 ὡς
1422 1827 1461 1862 εἷς
1489 1831 1542 1857 τῶν
1569 1832 1676 1859 πολλῶν
1692 1833 1785 1867 ὁδίτης
1802 1842 1811 1850 ο

1024 1875 1049 1901 οἱ
1061 1876 1116 1910 γὰρ
1129 1875 1249 1911 μαθηταὶ
1275 1876 1358 1903 αὐτοῦ
1378 1877 1598 1912 ἀπεληλύθεισαν
1626 1879 1666 1910 εις
1692 1879 1743 1915 τὴν
1761 1881 1812 1907 πο-

1025 1921 1078 1954 λιν,
1094 1921 1137 1948 ἶνα
1167 1921 1269 1957 τροφὰς
1297 1922 1465 1957 ἀγοράσωσι.
1491 1924 1694 1960 Μεμονωμένου
1720 1926 1813 1953 τοίνυν

1026 1966 1112 1998 οὕτως
1128 1968 1175 1994 ἐπὶ
1189 1969 1221 2003 τῇ
1237 1969 1312 2003 πηγῇ
1338 1968 1508 2004 καθημένου,
1534 1970 1642 2004 ἔρχεται
1675 1972 1747 2008 γυνὴ
1779 1974 1814 2000 ἐκ

1027 2011 1074 2045 τῆς
1091 2011 1247 2047 Σαμαρείας
1272 2013 1405 2047 ἀντλῆσαι
1437 2013 1519 2048 ὕδωρ·
1539 2016 1554 2041 ὁ
1579 2016 1607 2042 δὲ
1635 2017 1742 2051 Κύριος
1763 2019 1813 2046 καὶ

1026 2055 1111 2089 διψῶν
1137 2056 1175 2088 ὡς
1188 2057 1342 2092 ἄνθρωπος,
1355 2059 1402 2086 καὶ
1414 2060 1463 2094 τὴν
1487 2060 1602 2095 ἔχουσαν
1627 2062 1811 2095 ἀνθρωπίνως

1025 2103 1074 2138 τὴν
1090 2102 1172 2137 δίψαν
1198 2103 1302 2130 παῦσαι
1329 2107 1555 2141 παραγενομένην
1573 2106 1648 2138 ίδὼν,
1675 2107 1750 2141 ὁρῶν
1781 2109 1811 2135 δὲ

1026 2148 1064 2179 ὡς
1077 2147 1143 2179 Θεὸς
1165 2148 1213 2174 καὶ
1234 2149 1283 2182 τὴν
1298 2149 1398 2185 ταύτης
1415 2150 1530 2185 καρδίαν
1556 2151 1677 2186 διψῶσαν
1712 2153 1812 2186 ὕδατος

1026 2192 1171 2228 σωτηρίου,
1185 2193 1230 2220 τὸν
1253 2193 1281 2220 δὲ
1297 2194 1445 2229 δυνάμενον
1473 2195 1551 2222 τοῦτο
1579 2199 1736 2232 παρασχεῖν
1760 2199 1813 2225 οὐκ

1025 2239 1137 2272 εἰδυῖαν,
1152 2239 1326 2273 ἀποκαλύψαι
1342 2241 1393 2275 μὲν
1415 2242 1511 2269 ἑαυτὸν
1535 2243 1677 2277 ἐπείγεται
1709 2246 1742 2280 τῇ
1758 2253 1811 2272 mo

1026 2286 1111 2322 θούσῃ
1132 2285 1225 2321 ψυχῇ·
1244 2287 1322 2313 ποθεῖ
1337 2287 1389 2321 γὰρ
1417 2289 1464 2314 καὶ
1482 2288 1561 2319 αὐτὸς
1575 2289 1639 2321 τοὺς
1659 2290 1815 2322 ποθοῦντας

189 2338 343 2374 perspicax,
364 2341 390 2363 et
405 2345 437 2362 ex
467 2335 523 2362 sola
539 2338 623 2364 veste,
644 2341 677 2359 ex
693 2333 790 2364 forma,
805 2340 838 2360 ex
850 2332 932 2359 decen

1072 2331 1098 2357 τὰ
1114 2332 1143 2358 τὸ
1157 2332 1350 2366 γεγραμμένον
1363 2340 1370 2347 ·
1387 2332 1499 2368 ἄρχεται
1522 2334 1550 2360 δὲ
1570 2334 1632 2361 ὃθεν
1659 2336 1815 2370 εὐπαράδε-

192 2385 260 2412 foris
277 2384 394 2417 fulgente
408 2390 470 2408 eum
488 2388 548 2407 esse
565 2378 686 2406 Judwum
705 2379 828 2414 legisque
849 2378 979 2406 observa-

193 2437 279 2458 torem
304 2429 477 2462 intrlligcret,
505 2426 598 2458 Miror,
623 2426 720 2459 inquit,
748 2425 883 2460 quomodo
910 2429 936 2451 tu
962 2432 977 2451 υ

191 2476 304 2503 muliere
321 2474 491 2501 Samaritana
508 2471 598 2506 poscis
616 2471 725 2503 bibere;
741 2468 824 2496 Juda‘i
839 2470 910 2497 cnim
929 2471 978 2496 Sa-

191 2520 336 2548 maritanis
364 2522 456 2552 utpote
487 2517 600 2552 paganis
630 2523 683 2542 non
714 2519 870 2542 coutuutur.
898 2514 977 2542 Unde

193 2567 324 2593 Dominus
340 2565 513 2592 occasionem
533 2563 607 2597 cepit
633 2562 808 2596 semetipsum
824 2561 974 2594 revelandi,

191 2614 222 2640 ad
240 2621 298 2640 eam
316 2612 410 2638 dicens
430 2618 437 2636 :
455 2619 464 2635 (
485 2609 512 2636 Si
527 2609 612 2636 scires
627 2609 726 2635 donum
741 2607 799 2640 Dei,
819 2612 845 2635 et
859 2607 921 2642 quis
935 2612 976 2634 est

192 2659 238 2694 qui
257 2657 322 2685 dicit
338 2657 385 2684 tibi
400 2665 407 2683 :
425 2657 459 2682 Da
476 2655 540 2682 mihi
557 2655 661 2686 bibere,
688 2658 715 2680 tu
733 2654 847 2680 forsitan
862 2652 976 2688 petisses

193 2707 226 2732 ab
246 2713 289 2738 eo,
308 2710 335 2732 et
349 2703 468 2731 dedisset
483 2703 528 2729 tibi
545 2710 642 2736 aquam
662 2702 761 2727 vivam.

1027 2385 1091 2409 κιος
1115 2377 1203 2410 ἔσται,
1223 2378 1270 2403 καί
1286 2386 1351 2412 φησι
1373 2379 1440 2413 πρὸς
1456 2379 1557 2413 αὐτὴν·
1579 2389 1588 2405 ‹
1609 2381 1657 2412 Δός
1675 2389 1721 2414 μοι
1741 2381 1815 2417 ὓδωρ

1028 2425 1135 2450 πιεῖν.)
1162 2423 1194 2449 Ἣ
1208 2423 1236 2449 δὲ
1251 2424 1348 2458 συνετὴ
1382 2423 1460 2458 οὖσα,
1489 2425 1536 2451 καὶ
1567 2427 1621 2452 ἀπὸ
1651 2427 1737 2463 μόνης
1763 2429 1815 2463 τῆς

1027 2471 1122 2504 στολῆς
1146 2470 1255 2497 καὶτοῦ
1275 2471 1414 2506 σχήματος
1446 2472 1493 2498 καὶ
1512 2471 1561 2506 τῆς
1594 2473 1814 2509 ὲπιφαινομένῃς

1026 2515 1125 2548 ἔξωθεν
1142 2516 1321 2550 κοσμιότητος
1345 2516 1473 2542 Ἰουδαίόν
1487 2526 1516 2543 τε
1542 2518 1607 2543 ὄντα
1625 2520 1748 2552 συνεῖσα,
1765 2520 1815 2546 καὶ

1026 2563 1073 2589 τοῦ
1088 2563 1170 2597 νόμου
1194 2563 1313 2598 φύλακα,
1330 2563 1477 2598 Θαυμάζω,
1495 2563 1559 2598 ἔφη,
1585 2563 1644 2596 πῶς
1667 2565 1744 2598 παρὰ
1758 2565 1813 2591 Σα-

1029 2608 1182 2643 μαρείτιδος
1202 2610 1286 2641 αἰτεῖς
1305 2611 1390 2643 π’ῐμα,
1407 2609 1461 2635 τῶν
1483 2610 1617 2637 Ἰουδαίων
1645 2611 1702 2641 τοῖς
1717 2611 1813 2644 Σαμα-

1029 2655 1132 2688 ρείταις
1153 2654 1189 2686 ὡς
1201 2655 1318 2686 ὲθνικοῖς
1334 2653 1392 2681 οἷσι
1411 2656 1447 2690 μὴ
1475 2655 1688 2683 κοινωνούντων.
1728 2657 1758 2682 ’0
1785 2657 1814 2682 δὲ

1029 2701 1132 2737 Κύριος
1148 2702 1275 2737 ὰῳορμῆς
1301 2703 1453 2737 λαϐόμενος
1477 2703 1572 2730 ἑαυτὸν
1602 2702 1814 2729 ἀποκαλύπτειν

192 2752 317 2789 ἄρχεται,
334 2750 402 2785 πρὸς
415 2749 498 2784 αὐτὴν
511 2749 599 2782 λέγων
614 2756 620 2763 ⁸
641 2757 650 2773 t
673 2747 704 2773 Εἰ
717 2746 790 2782 ᾔδεις
804 2746 851 2781 τὴν
868 2746 971 2782 δωρεὰν
991 2747 1038 2773 τοῦ
1053 2747 1132 2780 Θεοῦ,
1151 2748 1196 2774 καὶ
1211 2747 1254 2779 τῖς
1269 2749 1341 2775 ἐστιν
1359 2748 1468 2782 ὀλίγων
1481 2757 1532 2782 σοι,
1560 2749 1609 2780 Δός
1624 2760 1627 2763 ν
1654 2756 1700 2783 μοι
1737 2747 1815 2783 ὕδωρ

191 2801 275 2832 πιεῖν,
287 2798 318 2825 σὺ
330 2798 362 2826 ἂν
377 2797 478 2833 ᾔτησας
492 2797 583 2843 αὐτὸνΞ
603 2795 650 2822 καὶ
667 2794 766 2821 ἔδωκεν
780 2795 811 2821 ἄν
839 2803 880 2820 σοι
897 2793 969 2830 ὕδωρ
989 2794 1053 2827 ζῶν.
1075 2805 1084 2821 ι

229 2889 251 2904 ⁷⁷
263 2888 340 2915 ,1υ;ιιι,
362 2895 397 2919 ιν,
418 2887 442 2913 .3.
483 2887 505 2902 7‘
523 2886 591 2913 Gru.
612 2892 704 2916 XL‘tll,
719 2885 763 2911 '31.
