1882 3073
176 151 232 184 255

818 154 866 183 ΟΠ
873 155 1008 188 EGORII
1030 157 1193 188 PALAMJ!

1748 160 1811 191 2’6

178 215 269 239 mente
290 210 314 239 si
337 211 439 240 sanctis
454 210 591 240 incumbis
605 213 837 248 meditationibus,
851 214 966 250 teipsnm

1072 217 1215 252 νπρέφεις,
1229 217 1300 245 οὕτω
1316 217 1364 245 καὶ
1395 218 1443 246 ἐπὶ
1455 218 1503 252 τῆς
1528 217 1646 250 διανοίας
1662 225 1668 232 ·
1688 218 1721 244 ἃν
1753 222 1813 253 μὲν

178 257 289 292 dignum
313 257 380 284 facis
400 265 478 292 quem
502 257 574 286 Dctls
592 259 744 293 intueatur;
766 260 810 288 llic
827 265 868 288 est
892 262 965 288 enim

179 303 246 329 odor
268 303 420 336 suavitatis,
445 312 524 338 quem
549 304 676 332 odoratur
691 305 838 339 Dominusi;
859 306 883 334 si
903 314 967 334 vero

180 349 272 383 pravis
283 353 310 376 et
328 349 445 377 sordidis
460 357 490 377 ac
505 351 681 378 terrestribus
697 351 809 386 agitaris
824 352 967 387 cogitatio-

181 393 272 426 nibus,
288 394 367 429 longe
383 395 414 421 lis
430 395 464 422 ab
481 395 568 423 oculis
584 396 640 428 Dei,
655 401 681 423 et
698 397 796 424 misere
815 402 841 425 te
855 398 966 431 dignum

181 439 270 466 reddis
290 441 431 468 aversione
450 441 542 469 divina
559 451 565 470 :
585 451 595 468 1
613 441 680 469 Nam
698 450 752 470 non
771 444 970 478 permanebunt

182 485 274 517 injusti
290 491 352 513 ante
368 487 462 514 oculos
477 491 567 520 tuos,»
584 487 653 515 dixit
670 488 724 516 Deo
742 489 871 524 propheta
889 489 965 516 Psal-

180 531 273 560 mistes
294 533 327 561 "'.
353 533 456 561 Etenim
482 542 543 562 cum
570 535 610 562 lex
632 536 690 570 ipsa
702 536 796 571 jubeat
814 545 820 563 :
841 546 850 562 1
867 537 970 564 Recor—

180 579 246 606 dare
263 579 291 606 in
304 580 431 608 omnibus
448 580 555 608 Domini
572 581 617 610 Dei
641 583 690 615 tui,
707 583 766 611 sive
785 583 897 616 sedens,
912 584 970 612 sive

180 625 334 658 ambulans,
353 631 407 654 tam
427 628 454 654 in
471 628 554 655 cubili
571 636 652 663 quam
667 629 694 656 in
708 630 808 664 vigiliis
823 630 864 661 ‘°;
883 640 892 656 ι
907 638 969 658 cum

144 689 147 694 .
181 669 291 705 insuper
306 671 377 699 dicat
391 673 554 707 evangelista
570 682 578 701 :
591 682 601 699 1
615 673 783 702 Scrutamini
800 674 970 710 Scripturas,

181 721 206 743 et
220 716 246 742 in
261 716 302 744 eis
317 716 400 743 vitam
416 722 546 745 aeternam
561 719 761 752 invenietis“;i
781 728 885 748 necnon
907 722 971 747 hur-

181 766 256 788 tctur
288 763 435 797 Apostolus
464 764 558 791 dicens

182 807 297 840 orate",
305 818 314 834 ι
329 809 374 844 qui
389 810 566 838 terrestribus
577 810 739 838 immoratur
747 812 971 855 cogitationibus.

182 853 294 881 omnino
311 860 352 881 est
372 855 438 890 legis
459 860 664 891 transgressor;
686 858 731 892 qui
749 865 812 885 vero
834 859 924 893 pravis
942 853 970 886 et

183 903 326 938 turpibus,
343 909 443 939 quanto
461 903 566 939 magis?
588 904 621 930 At
634 912 753 939 quonam
767 911 888 940 tempore
905 906 972 933 ado-

184 953 315 976 raverunt
351 953 445 983 patres
474 950 560 977 nostri
587 951 613 977 in
642 950 687 977 illo
716 950 830 978 monte?
857 951 972 984 Quando

183 993 268 1022 Jacob
290 995 446 1029 patriarcha
473 995 543 1023 Esau
572 995 682 1022 fratrem
707 996 828 1023 invidum
854 996 970 1030 fugiens,

184 1047 339 1075 parensque
360 1040 482 1067 consiliis
502 1041 586 1074 patris
601 1040 677 1068 Isaac
691 1041 757 1068 abiit
775 1041 801 1068 in
819 1040 972 1075 Mesopota-

185 1085 277 1116 miam,
293 1090 318 1113 et
330 1086 439 1120 quando
454 1086 517 1113 inde
532 1094 591 1114 cum
606 1087 768 1115 mulieribus
781 1091 808 1114 et
823 1087 916 1115 liberis
930 1095 973 1115 re-

591 773 599 791 :
629 774 639 791 1
667 765 732 793 Sine
771 767 973 795 intermissione

186 1131 272 1164 divit;
288 1139 351 1160 nam
374 1140 514 1167 regressus
527 1132 605 1168 juxta
619 1133 710 1160 locum
725 1133 801 1161 illum
815 1133 874 1161 ﬁxit
887 1137 974 1162 tento-

185 1177 238 1210 ria,
251 1177 279 1205 in
291 1186 344 1213 quo
359 1178 492 1206 Dominus
502 1186 563 1206 cum
579 1179 744 1206 Samaritide
756 1179 972 1214 colloquebalur,

187 1227 214 1249 et
239 1227 301 1257 post
324 1229 430 1258 raptum
457 1223 532 1250 Dime
556 1224 824 1258 Sichemitarumque
847 1225 974 1258 exitium,

186 1267 256 1294 dixit
282 1267 351 1295 Deus
370 1267 463 1301 Jacob,
486 1269 558 1296 sicut
578 1269 605 1295 in
629 1269 728 1297 Genesi
754 1270 885 1304 scriptum
901 1274 942 1297 est
966 1278 973 1296 :

190 1323 200 1340 1
218 1314 306 1349 Surge
327 1319 354 1342 et
370 1315 487 1342 ascende
505 1314 607 1347 Betltel,
626 1315 723 1350 facque
751 1315 788 1343 ibi
811 1316 898 1343 altare
920 1315 975 1343 Deo

188 1359 234 1394 qui
264 1360 389 1394 apparuit
411 1360 459 1387 tibi
482 1361 591 1395 quando
616 1361 740 1397 fugiebas
768 1363 837 1389 Esau
864 1361 974 1389 fratrem

189 1406 309 1433 tuum".
328 1416 337 1432 ι
354 1407 462 1439 Quibus
486 1407 598 1440 auditis,
615 1408 732 1435 surrexit
756 1406 840 1435 Iacob
857 1408 883 1435 in
907 1415 976 1443 [πως

189 1451 291 1479 dictum
317 1458 450 1485 montem,
472 1458 497 1480 et
516 1453 659 1480 aediﬁcavit
686 1453 740 1486 ibi,
759 1458 787 1480 ul
800 1453 901 1480 dictum
917 1458 975 1486 est,

189 1497 286 1532 altare,
308 1501 335 1525 et
353 1498 497 1533 appellavit
522 1506 620 1526 nomen
636 1499 687 1526 loci
709 1498 782 1526 illius
805 1498 915 1531 Bothe];
939 1498 975 1525 ibi

1020 263 1095 296 ἱερὰν
1123 263 1189 299 ἔχῃς
1202 264 1320 299 μελέτην
1336 263 1383 290 καὶ
1411 263 1539 297 σπουδὴν,
1557 264 1712 297 ἐπισκοπῆς
1730 264 1815 294 Osis;

1018 309 1093 342 ἄξιον
1110 311 1196 341 ποιεῖς
1210 311 1323 336 σεαυτόν
1336 318 1343 326 ο
1359 311 1429 344 αὕτη
1445 311 1498 345 γὰρ
1515 307 1547 345 ἧς
1559 310 1738 344 ὀσφραίνεται
1752 311 1815 336 Κύ-

1021 364 1078 390 ριος
1093 356 1182 390 ὀσμῆς
1199 356 1312 388 εὐωδίας
1324 365 1331 374 '
1348 357 1380 384 ἂν
1393 358 1421 384 δὲ
1434 358 1569 392 πονηροὺς
1597 357 1643 382 καῖ
1665 357 1815 391 ῥυπαροὺς

1020 402 1066 431 καὶ
1081 403 1193 436 γητνους
1207 403 1281 429 ἔνδον
1304 403 1408 438 τρέσῃς
1423 403 1583 437 λογισμοὺς,
1614 403 1726 437 μακρὰν
1743 404 1815 438 γίνῃ

1019 448 1070 483 τῆς
1083 448 1159 479 θείας
1191 449 1357 484 ἐπισκοπῆς,
1380 451 1431 484 τῆς
1456 449 1632 482 ἀποστροφῆς
1658 448 1706 474 τοῦ
1739 448 1814 474 Θεοῦ

1021 494 1072 528 φεῦ
1094 493 1168 526 ἄξιον
1185 494 1283 520 σαυτὸν
1297 494 1503 529 ὲργασάμενοξῐ
1524 503 1532 519 1
1566 495 1603 521 Οὐ
1628 494 1684 528 γὰρ
1711 495 1810 528 διαμε-

1022 538 1098 566 νοῦσι
1111 540 1266 574 παράνομοι
1280 540 1426 567 κατέναντι
1458 541 1512 566 τῶν
1538 540 1686 574 ὀρθαλμῶν
1716 548 1776 571 σου,
1802 549 1811 565 ι

1021 585 1088 618 πρὸς
1102 586 1148 612 τὸν
1163 586 1229 612 Θεόν
1244 595 1325 621 φησιν
1352 587 1366 612 6
1393 586 1539 620 ψαλμτιιδδς
1562 586 1721 619 Προφήτης.
1752 585 1812 612 Τοῦ

1023 630 1078 665 γὰρ
1093 631 1176 666 νόμου
1197 631 1437 666 διακελευομένου,
1457 641 1468 657 ‹
1488 630 1640 666 Μνησθήσῃ
1670 631 1714 657 διὰ
1741 640 1815 657 παν-

1022 674 1066 703 τὸς
1092 675 1194 710 Κυρίου
1221 676 1266 702 τοῦ
1281 676 1351 702 Θεοῦ
1379 685 1436 706 σου,
1465 676 1621 711 καθήμενος
1637 678 1683 702 καὶ
1709 684 1817 711 πορευ-

1022 720 1130 754 όμενος,
1146 720 1338 756 κοιταζὸμενος
1356 722 1404 748 καὶ
1419 721 1627 757 διανιστάμενος
1639 729 1646 737 ·
1666 731 1675 747 ι
1692 723 1740 748 καὶ
1762 722 1817 748 τοῦ

1024 766 1192 800 Εὑαγγελίου
1206 767 1332 800 λέγοντος
1343 776 1350 783 ·
1371 777 1380 793 1
1392 767 1535 802 Ἐρευνᾶτε
1556 768 1605 798 τὰς
1622 767 1748 802 Γραφὰς,
1765 768 1819 794 καὶ

1025 812 1053 838 ὲν
1069 812 1164 842 αὐτοῖς
1181 812 1312 847 εὑρήσετε
1329 812 1403 848 ζωὴν
1426 812 1475 847 τὴν
1501 812 1611 839 αἰώνιον
1624 820 1632 826 ·
1654 822 1663 838 ι
1685 814 1733 839 καὶ
1764 814 1817 839 τοῦ

1032 858 1194 885 ’Δποστόλου
1208 859 1446 892 παραγγέλλοντος
1456 868 1463 874 ·
1487 868 1496 884 1
1518 859 1714 891 Ἀδιαλεῖπτως
1728 869 1820 894 προσ-

1023 904 1136 940 εύχεσθε
1148 925 1155 937 ,
1175 913 1185 929 ι
1200 905 1213 930 6
1228 905 1332 938 γηΐνοις
1354 905 1494 939 λογισμοῖς
1522 905 1700 940 ἑμὸραδύνων
1722 907 1817 940 παρείη

1022 948 1105 983 νομός
1123 949 1180 975 ἐστι
1197 947 1307 979 πάντως
1322 956 1328 962 ·
1343 949 1356 974 ὁ
1372 948 1399 974 δὲ
1416 948 1463 974 καὶ
1492 951 1620 983 πονηροῖς
1648 950 1696 975 καὶ
1724 951 1820 984 ῥυπα-

1024 994 1082 1029 ροῖς
1100 993 1176 1027 πόσῳ
1192 993 1312 1028 μᾶλλον;
1347 993 1429 1020 Ἀλλὰ
1446 994 1510 1020 πότε
1526 993 1563 1029 τῷ
1583 994 1643 1028 Θεῷ
1674 995 1818 1029 προσεκύ-

1024 1047 1109 1072 νησαν
1126 1039 1151 1065 oi
1170 1039 1288 1074 πατέρες
1308 1039 1386 1074 ἡμῶν
1401 1040 1430 1066 ἐν
1444 1039 1483 1074 τῷ
1499 1039 1557 1074 ὄρει
1583 1041 1689 1075 τούτῳς
1712 1040 1815 1066 Ἢνίκα

1029 1084 1126 1111 Ἰακὼὸ
1144 1085 1158 1111 6
1182 1085 1358 1120 πατριάρχης
1385 1085 1432 1112 τόν
1455 1094 1490 1111 κε
1523 1085 1637 1120 ἀδελφὸν
1659 1086 1818 1128 φθθνοῖιντα

1024 1131 1135 1165 φεύγων
1168 1130 1264 1162 Ἠσαῦ,
1284 1131 1331 1157 καὶ
1359 1132 1419 1162 ταῖς
1436 1131 1604 1165 συμϐουλαῖς
1626 1132 1674 1158 τοῦ
1708 1133 1818 1166 πατρὸς

1025 1177 1147 1203 ὑπείκων
1169 1177 1273 1209 Ἰσαὰκ,
1297 1177 1366 1211 πρὸς
1393 1177 1607 1210 Μεσοποταμίαν
1635 1177 1732 1214 ἀπῄει,
1763 1180 1819 1205 καὶ

1024 1223 1107 1257 ἡνίκα
1122 1223 1171 1249 σὺν
1187 1222 1310 1257 γυναιξὶν
1333 1222 1438 1249 ἐκεῖθεν
1463 1223 1577 1258 ἐπανῄει
1599 1223 1648 1249 καὶ
1682 1224 1794 1255 τέκνοις
1808 1232 1816 1240 ·

1026 1269 1098 1295 κατὰ
1113 1269 1166 1304 γὰρ
1178 1268 1227 1304 τὴν
1247 1268 1377 1295 ἐπάνοδον
1393 1269 1495 1303 σκηνὰς
1514 1269 1665 1304 πηςαρένῳ
1681 1271 1749 1305 περί
1760 1279 1816 1296 που

1025 1315 1071 1342 τὴν
1086 1315 1168 1342 τόπον
1198 1314 1304 1348 τοῦτον,
1323 1314 1385 1341 καθ’
1398 1315 1428 1341 ὃν
1440 1315 1454 1341 6
1473 1315 1575 1349 Κύριος
1587 1315 1686 1349 ὡμίλει
1706 1318 1738 1351 τῇ
1760 1317 1818 1342 Σα-

1028 1361 1175 1396 μαρείτιδι,
1195 1361 1266 1395 μετὰ
1283 1360 1316 1387 τὰ
1332 1361 1403 1388 κατὰ
1422 1360 1471 1396 τὴν
1489 1361 1594 1393 Δείναν,
1613 1361 1658 1387 καὶ
1680 1362 1730 1394 τὴν
1744 1361 1818 1388 alw-

1028 1416 1070 1433 σιν
1093 1407 1148 1433 τῶν
1172 1407 1311 1442 Σικήμων,
1342 1404 1420 1433 εἶπεν
1438 1408 1452 1434 6
1469 1406 1534 1439 Θεὸς
1561 1407 1600 1442 τῷ
1637 1407 1747 1439 Ἰακὼϐ,
1775 1407 1818 1438 ὡς

1027 1453 1056 1479 ὲν
1071 1454 1103 1487 τῇ
1120 1452 1228 1479 Γενέσει
1253 1452 1428 1488 γέγραπται·
1448 1462 1458 1478 1
1480 1453 1614 1484 Ἀναστὰς
1631 1453 1751 1486 ἀνάὃηθι
1774 1455 1818 1484 εἰς

1028 1497 1140 1532 Βαιθὴλ.
1153 1498 1201 1524 καὶ
1215 1497 1325 1532 ποίησον
1352 1498 1412 1524 ἐκεῖ
1422 1498 1615 1532 θυσιαστήριον
1630 1498 1669 1532 τῷ
1688 1498 1760 1532 Θεῷ,
1774 1498 1818 1533 τῷ

189 1543 262 1570 enim
282 1544 409 1579 apparuit
431 1544 454 1571 ei
480 1543 562 1574 Deus.
596 1544 659 1572 ldeo
686 1543 857 1572 Samaritana
885 1544 976 1570 dixit:

1072 1543 1140 1569 )évst
1158 1552 1199 1569 σοι
1214 1544 1242 1569 ἐν
1257 1544 1296 1578 τῷ
1312 1543 1526 1579 ἀποδιδράσκειν
1545 1552 1574 1570 σε
1593 1544 1648 1571 ἀπὸ
1663 1545 1819 1579 προσώπου

193 1598 202 1615 1
224 1588 291 1617 Vere
302 1595 392 1624 patres
413 1590 498 1618 nostri
526 1591 708 1618 adoraverunt
736 1590 763 1617 in
784 1590 836 1617 hoc
853 1594 973 1622 monte,»

190 1635 289 1671 priscae
310 1636 364 1671 legi
390 1636 597 1670 adhaerescens;
619 1645 681 1664 nam
709 1636 928 1672 praeScr-iptiones
948 1635 980 1662 de

192 1682 291 1716 templo
316 1681 561 1718 Ilierosolymitano
589 1683 723 1711 mandatae
745 1687 809 1711 sunt
831 1681 978 1717 posterius.

192 1728 225 1754 Et
247 1735 307 1755 cum
324 1728 400 1755 locus
423 1728 467 1756 ille
489 1738 498 1754 1
520 1729 617 1756 domus
637 1729 683 1756 Dei
700 1738 709 1755 ›
726 1737 741 1757 a
758 1729 842 1756 Jacob
868 1734 980 1756 vocatus

193 1772 277 1801 fuerit
301 1774 364 1810 (hoc
389 1775 462 1802 enim
487 1775 694 1810 interpretatum
719 1776 847 1811 exprimit
875 1774 980 1810 Bethel)

194 1820 291 1847 mulier
317 1821 413 1856 quaerit
443 1822 580 1856 quomodo
598 1829 651 1849 non
668 1823 723 1857 jam
751 1823 778 1849 in
803 1821 907 1854 Bethel,
933 1821 980 1848 sed

195 1865 390 1902 Hierosolymis
414 1866 520 1895 dicatur
533 1875 594 1896 esse
614 1869 710 1896 domus
725 1867 770 1895 Dei
794 1867 819 1895 in
834 1875 887 1902 qua
902 1866 981 1902 jube-

195 1912 293 1940 bantur
323 1913 458 1941 sacriﬁcia
482 1918 510 1941 et
534 1914 705 1942 adorationes
727 1914 781 1942 Deo
803 1913 912 1942 olferre.
928 1913 981 1941 Do-

195 1959 287 1987 minus
301 1966 364 1986 vero
379 1959 458 1988 [luem
473 1968 627 1988 sermonum
644 1968 756 1989 suorum
771 1960 893 1988 inferens
907 1961 981 1989 etde

195 2005 253 2039 ipsa
280 2005 393 2034 muliere
423 2006 573 2041 praedicens
597 2014 657 2034 eam
685 2014 746 2034 esse
774 2006 881 2041 qualem
911 2008 981 2035 Deus

196 2047 327 2081 quaeritet
351 2048 460 2083 accipit.
476 2049 565 2076 verbis
577 2048 648 2076 illius
664 2048 842 2084 respondens,
858 2048 980 2084 1Mulier,

196 2093 293 2128 inquit,
317 2094 397 2122 crede
424 2094 489 2122 mihi
513 2095 577 2130 quia
596 2095 670 2122 venit
686 2095 749 2122 hora
769 2095 879 2129 quando
895 2103 983 2130 neque

195 2140 222 2166 in
249 2146 338 2169 monte
363 2142 424 2175 hoc,
451 2149 539 2177 neque
563 2142 590 2168 in
614 2141 807 2177 Hierosolymis
828 2141 982 2169 adorabunt

195 2186 315 2219 Patrem,
332 2197 342 2213 ι
372 2188 521 2223 paucisque
537 2187 617 2215 dictis
644 2197 651 2214 :
680 2197 690 2213 1
718 2187 788 2215 Deus
813 2187 885 2215 enim
914 2188 982 2217 tales

195 2234 292 2267 quaerit
306 2232 476 2263 adoratores.
491 2243 501 2260 ι

1035 1589 1120 1616 Ἡσαῦ
1137 1589 1184 1616 τοῦ
1198 1588 1312 1623 άδελφοῦ
1325 1598 1383 1616 σου.
1402 1599 1411 1615 ι
1435 1590 1491 1616 Καὶ
1502 1590 1572 1623 μετὰ
1588 1590 1618 1616 τὸ
1632 1590 1710 1625 ῥῆμα
1724 1590 1818 1624 τοῦτο,

1031 1635 1205 1669 μεταναστὰς
1226 1635 1241 1661 6
1263 1634 1362 1662 Ἰακὼϐ
1385 1635 1468 1670 ἀνέϐη
1493 1636 1533 1666 είς
1548 1635 1579 1662 τὺ
1608 1637 1820 1671 παρακείμενον

1029 1681 1103 1716 ὅρος,
1131 1681 1178 1707 καὶ
1196 1680 1370 1716 ᾠκοδόμησε,
1401 1682 1494 1716 φησὶν,
1521 1682 1581 1707 ἐκεῖ
1605 1681 1821 1717 θυσιαστήριον,

1029 1728 1077 1754 καὶ
1092 1726 1204 1754 ἐκάλεσε
1223 1727 1253 1752 τὸ
1276 1726 1362 1760 ὕνομα
1374 1726 1420 1753 τοῦ
1436 1727 1519 1753 τόπου
1536 1727 1637 1762 Βαιθήλ
1650 1736 1657 1743 ·
1674 1729 1736 1754 ἐκεῖ
1762 1730 1819 1764 γὰρ

1030 1773 1154 1808 ἐπεφάνη
1169 1773 1243 1809 αὐτῷ
1254 1774 1268 1800 6
1279 1773 1416 1805 Θεός..Διὰ
1428 1774 1506 1800 τοῦτό
1522 1782 1604 1808 φησιν
1613 1775 1629 1808 ἠ
1645 1775 1819 1809 Σαμαρεῖτις

1030 1820 1071 1846 ὅτι
1092 1819 1124 1846 Ol
1135 1819 1253 1854 πατέρες
1268 1819 1345 1854 ἡμῶν
1357 1819 1435 1854 112
1452 1821 1479 1846 ὲν
1494 1819 1532 1855 τῷ
1553 1819 1610 1854 δρει
1627 1820 1716 1855 τούτῳ
1730 1830 1822 1856 προσ-

1032 1865 1180 1901 εκύνησαν,
1207 1865 1261 1892 τῶν
1285 1865 1407 1900 ἀρχαίων
1432 1865 1545 1892 ἐκείνων
1571 1866 1822 1902 ἀντεχομένηχτὰ

1030 1911 1086 1946 γὰρ
1101 1912 1173 1939 κατὰ
1193 1912 1239 1938 τδν
1254 1913 1284 1939 ὲν
1303 1911 1504 1947 Ἰεροσολύμοις
1530 1912 1594 1938 ναδν
1614 1912 1729 1947 ὕστερον
1761 1913 1824 1939 ἑνο-

1033 1958 1254 1993 μοθετήθη·καὶ
1287 1958 1438 1993 ἐπειδήπερ
1465 1958 1479 1984 6
1505 1958 1587 1989 τόπος
1619 1958 1724 1989 ἐκεῖνος
1746 1956 1823 1990 οἶκος

1032 2004 1101 2032 θεοῦ
1115 2004 1218 2039 ἐκλήθη
1235 2003 1313 2039 παρὰ
1327 2003 1374 2030 τοῦ
1402 2003 1500 2030 Ἰακώὸ
1513 2012 1519 2018 ·
1538 2003 1617 2030 τοῦτο
1645 2005 1700 2038 γὰρ
1731 2004 1823 2039 ἑρμηι

1033 2051 1180 2086 νευόμενον
1193 2050 1269 2085 δηλοῖ
1283 2049 1313 2076 τὺ
1331 2049 1434 2085 Βαιθήλ
1445 2058 1453 2066 ·
1482 2050 1607 2085 διαπορεῖ
1628 2050 1751 2076 ποθοῦσα
1770 2060 1825 2084 μα-

1032 2096 1100 2130 θεῖν,
1118 2096 1178 2129 πῶς
1191 2097 1242 2123 οὐκ
1257 2096 1316 2123 ἐκεῖ
1336 2095 1448 2130 μᾶλλον,
1473 2095 1532 2122 ἀλλ’
1559 2096 1588 2122 ὲν
1619 2095 1824 2130 Ἱεροσολύμοις

1033 2140 1104 2171 εἶναι
1133 2143 1242 2177 λέγεται
1268 2144 1282 2169 ὀ
1304 2141 1378 2174 οἶκος
1392 2143 1438 2169 τοῦ
1463 2142 1543 2175 Θεοῦ,
1564 2143 1592 2168 ὲν
1615 2139 1637 2175 ᾧ
1664 2142 1742 2168 θύειν
1777 2145 1823 2169 καὶ

1034 2189 1200 2224 προσκυνεῖν
1213 2187 1252 2222 τῷ
1274 2187 1333 2222 Θεῷ
1356 2187 1509 2222 νομίζεται.
1541 2187 1570 2213 '0
1599 2187 1626 2213 δὲ
1654 2187 1758 2222 Κύριος
1777 2190 1824 2214 καὶ

995 2230 1018 2257 1)
1031 2234 1078 2261 τὸν
1101 2233 1202 2261 σκοπὸν
1220 2233 1276 2260 τῶν
1288 2233 1395 2259 οἰκείων
1411 2233 1498 2266 λόγων
1514 2233 1563 2268 ἤδη
1590 2233 1741 2268 περαίνων,
1776 2236 1823 2261 καὶ

195 2278 262 2314 περὶ
284 2281 333 2315 τῆς
348 2281 477 2314 γυναικὸς
501 2280 695 2314 προφητεύων,
711 2280 752 2306 ὅτι
771 2279 885 2314 τοιαύτη
901 2280 977 2306 ἔσται
996 2279 1056 2306 οἵαν
1072 2280 1086 2306 6
1097 2279 1164 2310 Θεὸς
1175 2279 1252 2314 ζητεῖ
1283 2288 1314 2306 τε
1331 2279 1377 2305 καὶ
1391 2278 1564 2312 ἀποδέχεται,
1590 2280 1637 2305 καὶ
1668 2280 1739 2313 πρὸς
1758 2279 1823 2310 τοὺς

195 2325 281 2360 αὐτῆς
310 2326 406 2360 λόγους
442 2325 671 2360 ἀποκρινόμενος,
704 2335 713 2352 1
743 2326 892 2352 Πίστευσον
923 2335 979 2360 μοι,
1001 2326 1093 2360 γύναι,
1125 2326 1220 2361 φησὶν,
1253 2325 1294 2352 ὅτι
1326 2325 1436 2360 ἔρχεται
1465 2324 1535 2359 ὥρα,
1564 2325 1608 2351 ὅτε
1628 2325 1691 2352 οὔτε
1723 2328 1753 2352 ὲν
1786 2327 1822 2362 τῷ

196 2372 255 2406 ὄρει
269 2372 367 2407 τούτῳ,
378 2372 440 2399 οὔτε
457 2373 486 2398 ὲν
503 2372 704 2407 Ἰεροσολύμοις
719 2370 973 2408 προσκυνήσετετῷ
992 2372 1089 2408 Πατρί.
1108 2382 1116 2398 ι
1134 2373 1190 2398 Καὶ
1205 2371 1263 2407 μετ’
1285 2370 1381 2404 ὀλίγα·
1411 2379 1420 2396 1
1452 2370 1595 2401 Τοιούτους
1631 2371 1688 2406 γὰρ
1713 2373 1727 2398 6
1755 2373 1822 2404 Θεὸς

197 2419 274 2454 ζητεῖ
288 2419 351 2450 τοὺς
362 2417 582 2454 προσκυνοῦντας
596 2418 689 2446 αὐτόν.
703 2427 714 2444 ›

232 2465 336 2493 Videtis
350 2459 487 2501 quomodo
504 2466 536 2492 de
554 2465 612 2500 ipsa
634 2466 733 2493 asserit
747 2473 807 2493 eam
825 2465 904 2493 talem
922 2471 982 2492 esse

196 2511 304 2547 qualem
319 2512 389 2539 Deus
402 2512 515 2546 quaerit,
532 2511 640 2539 Patrem
652 2511 815 2539 altissimum
833 2519 887 2539 non
903 2511 928 2538 in
949 2511 980 2538 li-

197 2568 263 2595 gura
274 2559 321 2587 sed
329 2561 477 2586 secundum
489 2560 627 2587 veritatem
639 2558 775 2595 Evangelii
785 2559 899 2587 adoratu
905 2567 959 2586 ram
970 2558 993 2586 ‘2.

198 2605 230 2634 Ei
251 2605 323 2633 enim
335 2605 400 2633 dicit
416 2615 422 2632 :
443 2615 452 2632 1
470 2604 528 2634 Iam
549 2613 602 2633 non
620 2606 648 2633 in
666 2607 717 2634 hoc
734 2611 833 2639 monte,
849 2613 937 2641 neque
955 2606 981 2633 in

198 2651 394 2686 Hierosolymis
413 2653 562 2680 adorabitis
584 2651 705 2686 Patrem;
728 2661 737 2679 ι
758 2652 894 2687 simulque
913 2651 980 2685 legis

198 2698 401 2728 translationem
421 2698 457 2727 illi
477 2703 569 2734 aperte
588 2699 747 2731 adnuntiat;
763 2705 824 2725 nam
851 2699 981 2726 translata

197 2744 367 2777 adoratione,
393 2752 504 2773 necesse
525 2749 567 2773 est
584 2750 614 2772 ut
628 2748 655 2772 et
674 2743 741 2778 legis
761 2743 902 2770 translatio
923 2744 980 2770 Iiat.

199 2789 253 2817 Sed
271 2789 371 2817 interea
394 2790 469 2818 addit
488 2799 494 2818 :
516 2799 525 2817 1
542 2789 597 2818 Vos
618 2789 739 2816 adoratis
754 2788 824 2823 quod
843 2788 954 2816 nescitis
974 2797 981 2815 :

248 2879 271 2894 "
286 2878 358 2907 Ps:d.
384 2887 408 2913 ν,
426 2879 452 2906 6.
490 2879 513 2896 ¹⁰
523 2877 601 2907 Deut.
615 2885 653 2912 vr,
670 2878 696 2905 7.
734 2877 755 2893 ⁸¹
771 2877 851 2905 Joan.
865 2877 934 2906 v.5"
986 2876 1008 2893 ⁸·
1025 2876 1033 2903 l
1051 2875 1148 2904 Thess.
1168 2883 1193 2907 v,
1207 2875 1250 2903 Π.

1072 2463 1170 2498 Ὀρᾶτε
1185 2462 1225 2489 ὅτι
1240 2461 1286 2488 καὶ
1302 2462 1367 2495 περὶ
1389 2462 1473 2496 αὐτῆς
1503 2461 1675 2490 διατείνεται.
1694 2461 1737 2487 ὅτι
1766 2472 1823 2489 τοι·

1031 2511 1101 2545 αὐτη
1118 2510 1194 2536 ἔσται
1208 2509 1267 2535 οἵαν
1284 2509 1297 2534 6
1313 2507 1378 2538 Θεὸς
1397 2507 1485 2542 ζητεῖ,
1500 2507 1547 2534 καὶ
1562 2507 1603 2533 ὅτι
1632 2509 1822 2543 προσκυνήσει

1030 2557 1069 2592 τῷ
1085 2555 1218 2583 ἀνωτάτω
1236 2554 1323 2590 Πατρὶ
1340 2555 1377 2589 μὴ
1393 2553 1526 2584 τοπικῶς,
1542 2552 1600 2579 ἀλλ’
1617 2553 1820 2587 εὐαγγελικῶς;

1031 2603 1102 2638 Πρὸς
1115 2602 1202 2635 αὐτὴν
1216 2601 1271 2636 γὰρ
1285 2601 1299 2627 6
1313 2600 1402 2634 λόγος,
1419 2599 1460 2626 ὅτι
1472 2599 1541 2626 Οὔτε
1554 2600 1583 2626 sv
1597 2599 1635 2634 τῷ
1650 2600 1709 2634 ὄρει
1720 2601 1820 2634 τούτῳ,

1030 2649 1094 2676 οὔτε
1129 2647 1374 2684 ὲνἸεροσολύμοις
1401 2646 1607 2681 προσκυνήσετε
1637 2645 1678 2681 τῷ
1709 2646 1818 2681 Πατρί-

1031 2696 1089 2730 ἃμα
1104 2695 1130 2721 δὲ
1145 2694 1192 2720 καὶ
1216 2694 1266 2729 τὴν
1282 2693 1329 2721 τοῦ
1346 2692 1429 2728 νόμου
1448 2693 1594 2727 μετάθεσιν
1611 2690 1739 2725 φανερῶς
1749 2693 1818 2727 αὐτῇ

1030 2740 1232 2777 προαγγέλλει·
1252 2739 1468 2774 μετατιθεμένης
1497 2739 1553 2773 γὶρ
1580 2738 1629 2770 τῆς
1660 2739 1817 2772 προσκυνή-

1032 2795 1111 2818 σεως,
1128 2785 1158 2818 ἐξ
1183 2785 1307 2820 ἀνάγκης
1323 2785 1371 2812 καὶ
1396 2784 1443 2811 τοῦ
1463 2783 1546 2819 νόμου
1563 2782 1711 2818 μετάθεσις
1729 2783 1816 2810 ἔσται.

1301 2875 1324 2891 ⁸³
1339 2874 1407 2902 Gen.
1423 2882 1502 2906 xxxv,
1524 2874 1549 2900 i.
