1882 3073
84 138 134 169 ΞΞιἸ

756 135 834 166 ΗΘΜ
843 135 918 166 ιιΑΙΑ
936 135 1014 165 XIX.

1658 139 1709 170 258

92 194 169 220 Ἀλλὰ
191 192 241 218 καὶ
260 192 291 218 τὸ
309 190 411 226 μεταξὺ
437 190 584 226 κείμενον·
604 199 613 216 t
632 190 728 226 Ὑμεῖς
749 200 871 227 προσκυ-

931 199 972 218 lus
988 191 1135 218 adoramus
1153 191 1224 226 quod
1247 191 1358 224 scimus,
1377 191 1439 226 quin
1462 192 1536 220 salus
1554 200 1585 219 ex
1606 192 1708 220 Judzeis

87 242 153 266 νεῖτε
165 238 180 265 δ
194 239 247 264 οὐκ
263 238 366 270 οῐδατε,
382 238 464 272 ἡμεῖς
492 237 700 272 προσκυνοῦμεν
721 237 734 264 δ
749 238 884 273 omnum,”

86 287 125 313 ὅτι
142 286 158 320 ἡ
174 284 301 319 σωτηρία
326 286 358 312 ἐκ
373 284 427 310 τῶν
453 284 590 311 Ἰουδαίων
611 285 687 311 ἐστι·
706 294 715 311 ι
737 284 804 321 πρὸς
824 285 872 319 μὲν

87 332 130 358 τὸν
148 331 263 366 ἐκείνης
276 331 357 364 λόγον
372 329 410 361 ὡς
424 329 571 365 ἀπόκρισίς
596 331 681 361 ἔστιν,
700 330 759 364 ἄμα
778 331 805 356 δὲ
827 330 873 357 καὶ

87 378 141 408 τοῖς
154 377 271 407 οἰκείοις
288 376 378 409 λέγοις
395 375 470 402 ἐστὶν
481 375 627 401 ἀκόλουθον
638 383 645 391 ·
660 375 740 402 τοῦτο
751 376 805 411 γάρ
820 384 874 411 φη-

88 432 128 449 σιν
142 423 181 454 ὠς
195 423 278 457 ἡμεῖς
291 422 316 448 οἱ
337 421 460 448 Ἰουδαῖοι
473 429 479 436 ν
496 422 638 448 συντάττει
652 422 706 457 γὰρ
722 422 770 449 καὶ
779 423 875 449 ἑαυτὸν

88 469 214 500 ἐκείνοις,
236 468 275 500 ὡς
290 467 319 501 ἐξ
340 467 453 494 ἐκείνων
472 467 536 494 ὄντα
559 469 630 494 κατά
657 468 757 502 σάρκα.
778 467 876 502 Ἡμεῖς

86 512 141 546 οὖν,
157 514 256 549 φησιν,
269 514 293 540 οι
311 514 348 549 μὴ
365 513 596 548 καταψευδόμενοι
608 513 654 540 τοῦ
662 512 804 549 ὀνόματος,
818 513 875 540 ἀλλ’

88 559 321 593 ἐπιγινώσκοντες
335 559 370 586 τὰ
385 559 517 595 ἡμέτερα,
535 559 614 586 τοῦτο
631 560 703 586 κατὰ
728 560 778 595 τὴν
793 569 877 596 προσσ

87 606 204 641 κὺνησιν
221 606 301 640 ὑμῶν
317 606 370 633 τῶν
384 607 564 642 Σαμαρειτῶν
579 606 755 642 διαφέρομεν,
773 608 813 633 ὅτι
834 616 877 641 γι-

88 649 233 685 νώσκομεν
253 651 300 678 διὰ
324 651 404 678 τοῦτο
431 652 480 686 τὴν
498 652 684 687 προσκύνησιν
710 653 740 679 ἐν
762 652 877 688 Ἰουδαίᾳ

87 696 228 723 τελεῖσθαι
244 697 435 733 νομιζομένην,
450 698 490 724 ὄτι
510 699 542 724 ἐκ
563 698 617 724 τῶν
631 698 770 726 Ἰουδαίων
783 700 800 734 ἡ
822 707 877 726 οων

88 742 170 776 τηρία
184 743 290 774 παντὸς
303 742 352 769 τοῦ
364 743 480 778 κόσμου,
496 743 634 770 τουτέστιν
646 744 660 770 ὀ
673 744 790 778 Χριστὸς
803 743 878 770 ἐλεύ-

90 795 177 816 σεται.
200 788 264 815 ὀτι
294 789 322 815 δὲ
341 789 433 816 οὐκέτι
452 788 558 823 μέλλει,
584 789 667 821 αὐτὸς
692 790 748 824 γὰρ
762 787 805 825 ἦν,
828 791 878 818 οὐκ

88 833 166 863 εἶπεν
183 836 227 861 ὅτι
244 835 277 861 Ἡ
293 835 414 870 σωτηρία
435 836 468 862 ἐκ
489 836 543 862 τῶν
559 835 693 862 Ἰουδαίων
709 835 797 869 ἔσται,
820 836 878 863 ἀλλ’

924 243 975 264 est.
998 247 1007 263 ι
1028 238 1132 270 Quibus
1155 237 1244 264 verbis
1261 241 1313 263 tam
1336 237 1440 263 mulieri
1463 237 1609 270 respondet
1624 245 1706 272 quam

924 291 989 311 suos
1010 284 1098 309 [irritat
1120 289 1270 310 sermones.
1284 282 1328 309 Ait
1342 283 1412 309 enim
1431 291 1438 309 :
1454 282 1508 310 Nos
1531 282 1628 316 Judari,
1646 291 1707 310 nam

925 337 953 356 se
967 329 1007 356 eis
1027 329 1143 361 confert,
1155 330 1222 363 .quia
1248 335 1277 355 ex
1296 328 1349 356 illis
1366 333 1406 355 est
1422 329 1569 355 secundum
1587 336 1707 356 carnem.

925 374 979 402 Nos
991 383 1066 410 ergo,
1084 374 1180 409 inquit,
1194 374 1240 408 qui
1258 382 1355 401 nomen
1370 382 1422 400 non
1437 373 1555 400 fallimus
1566 394 1573 405 ,
1595 375 1642 401 sed
1657 383 1707 401 no-

926 425 981 448 stra
1000 421 1252 452 animadvertimus,
1269 419 1295 447 in
1311 419 1363 447 hoc
1387 420 1421 447 ab
1437 420 1594 447 adoratione
1619 426 1707 448 vestra

928 466 1164 494 Samaritanorum
1181 467 1367 501 discrepatuus
1383 467 1509 502 quoniam
1524 467 1626 495 scimus
1643 468 1709 494 ado-

927 513 1062 540 rationem’
1076 513 1132 547 lege
1147 513 1301 540 mandatam
1314 512 1339 539 in
1356 511 1450 539 Iudaea
1461 513 1528 544 ﬁeri,
1539 514 1601 547 quia
1615 521 1647 539 ex
1664 514 1711 539 .lu-

928 558 993 586 datis
1007 559 1081 585 salus
1098 559 1192 586 mundi
1210 558 1341 590 universi,
1357 559 1383 586 id
1399 562 1440 586 est
1461 559 1588 586 Christus
1607 559 1711 592 egredi-

927 609 982 632 tur.
1013 604 1110 632 Verum
1136 606 1198 640 quia
1225 606 1281 639 jam
1311 613 1364 632 non
1398 610 1440 632 est
1468 612 1616 638 venturus,
1647 614 1708 633 cum

928 651 1042 686 ipsemet
1059 655 1128 682 erat,
1146 659 1201 678 non
1215 651 1403 678 dixitsaluteru
1416 659 1447 678 ex
1460 651 1560 680 Judzeis
1576 651 1643 685 fore,
1662 653 1709 679 sed

928 704 997 724 esse.
1021 705 1030 722 ι
1051 697 1102 724 Sed
1119 697 1202 729 venit,
1221 697 1318 732 inquit,
1336 697 1413 729 hora,
1430 701 1456 724 et
1470 705 1542 724 nunc
1557 702 1597 724 est
1616 706 1626 722 ι
1645 697 1710 730 ch

928 748 990 770 sunt
1012 743 1186 778 prophetica;
1202 743 1274 770 venit
1286 743 1406 777 quidem,
1425 743 1488 778 quia
1512 743 1630 770 nondum
1647 750 1710 778 pcr-

929 789 996 816 l'ecta
1011 793 1063 822 est,
1079 789 1125 816 sed
1141 789 1307 824 perficietur,
1318 796 1388 816 nunc
1402 793 1491 816 autem
1504 793 1546 815 est
1561 789 1623 822 quia
1635 788 1709 814 vide-

929 836 974 862 bat
993 842 1052 862 eam
1070 842 1122 862 non
1139 834 1255 862 multum
1271 835 1367 862 abesse
1383 835 1449 870 quin
1465 835 1588 862 crederet
1603 842 1710 862 nrcncn

90 883 130 909 ὅτι
144 882 231 908 ἐστιν.
245 889 255 907 ι
266 880 338 907 Ἀλλ’
350 881 470 916 ερχεται,
482 878 577 917 ἰρησὶν,
587 880 647 916 ὥρα
661 881 709 909 καὶ
719 882 766 908 νῦν
780 882 846 909 ἔστι.
865 891 875 909 ›

931 880 955 907 in
970 880 1068 915 spiritu
1083 885 1109 908 et
1125 881 1239 908 veritate
1259 880 1398 915 adoraret.‘
1413 880 1486 908 Dixit
1500 888 1583 915 ergo:
1604 890 1612 906 ι
1632 880 1711 908 Venit

91 928 144 955 Kal.
155 927 247 954 ταῦτα
257 927 416 962 προφητικά
424 935 431 941 ·
445 927 476 953 τὸ
489 927 539 961 μὲν
551 927 604 962 γὰρ
615 927 737 962 ἔρχεται,
753 928 793 954 δτι
804 927 880 955 οὔπω

91 973 234 1006 ἐτελέσθη,
254 973 445 1008 τελεσθήσεται
457 973 486 1000 δι
497 981 505 990 ⁸
521 973 552 1000 τὸ
566 974 594 1000 δὲ
609 973 657 1000 νῦν
667 974 753 1006 ἐστιν,
770 975 880 1010 ἐπειδή-

92 1028 144 1055 περ
160 1020 236 1055 ἐώρα
253 1020 356 1055 ταύτην
367 1020 429 1047 ὅσον
444 1019 520 1046 οὔπω
535 1020 725 1052 πιστεύουσαν,
742 1021 790 1046 καὶ
801 1029 880 1048 πνευ-

93 1065 219 1100 ματικῶς
245 1065 296 1092 καὶ
318 1065 427 1100 άληθῶς
453 1065 680 1100 προσκυνοῦσανι
712 1074 722 1091 ι
750 1066 879 1101 Ἔρχεται

92 1109 147 1144 οὖν,
162 1112 259 1146 φησιν,
272 1110 333 1146 ὥρα
347 1113 395 1139 καὶ
405 1111 452 1138 νῦν
470 1111 555 1144 ἔστιν,
568 1112 612 1138 ὅτε
627 1111 652 1138 οι
665 1112 786 1146 ἀληθινοὶ
795 1120 880 1144 προσ-

92 1158 211 1191 κυνηταὶ
224 1159 445 1193 προσκυνήσουσι
462 1158 502 1193 τῷ
518 1158 605 1193 Πατρὶ
624 1158 653 1184 ἑν
680 1158 818 1193 πνεύματι
833 1159 881 1185 καὶ

94 1203 211 1240 ἀληθείᾳ
221 1212 229 1219 -
251 1213 260 1230 ι
280 1205 294 1230 ὁ
310 1205 364 1240 γὰρ
383 1205 512 1233 ἀνωτάτω
522 1205 571 1232 καὶ
584 1205 772 1241 προσκυνητδς
787 1205 881 1240 Πατὴρ

95 1250 191 1285 Πατὴρ
206 1250 405 1285 αὑτοαληθείας
432 1251 501 1284 ἐστὶ,
513 1251 635 1286 δηλονότι
650 1251 696 1278 τοῦ
720 1251 881 1286 μονογενοῦς

92 1294 170 1328 Υιοῦ,
194 1297 242 1323 καὶ
272 1298 380 1332 πνεῦμα
408 1297 535 1332 ἀληθείας
561 1298 627 1333 ἔχει,
656 1298 688 1323 τὸ
708 1297 820 1332 Πνεῦμα
850 1298 881 1324 τὸ

930 927 1008 960 liora,
1017 932 1124 955 etnunc
1135 932 1186 961 est,
1200 928 1309 962 quando
1320 928 1373 955 veri
1388 928 1544 954 adoratores
1558 927 1710 955 adorabunt

931 974 1036 1000 Patrem
1060 974 1086 1001 in
1102 974 1198 1008 spiritu
1212 978 1238 1001 et
1256 975 1376 1001 veritate.
1398 983 1407 999 ι
1432 973 1497 1001 Nam
1522 974 1668 1001 altissimus
1683 979 1711 1001 et

929 1018 1082 1046 adorandus
1096 1019 1176 1046 Pater
1188 1019 1274 1053 ipsius
1288 1019 1421 1048 veritatis.
1434 1019 1536 1046 scilicet
1548 1019 1608 1046 Filii
1618 1019 1712 1053 unige-

929 1064 989 1096 niti,
1004 1069 1029 1091 et
1043 1065 1167 1099 spiritum
1184 1064 1306 1091 veritatis
1324 1065 1414 1095 habet,
1428 1063 1559 1098 Spiritum
1573 1068 1710 1096 sant-turn,

930 1116 956 1138 et
967 1112 1012 1146 qui
1023 1111 1049 1138 in
1066 1111 1133 1145 ipsis
1145 1118 1206 1139 eum
1222 1111 1335 1138 adorant
1350 1111 1473 1144 suntqui
1492 1109 1581 1136 taliter
1597 1109 1712 1136 credunt

930 1162 1011 1191 atque
1023 1161 1132 1191 propter
1143 1163 1190 1184 eos
1199 1161 1359 1191 operantur.
1376 1156 1479 1183 Etenim
1499 1164 1509 1181 ι
1527 1154 1645 1190 Spiritus
1658 1160 1710 1185 est.

930 1204 965 1230 ait
990 1203 1148 1238 Apostolus,
1172 1211 1219 1238 per
1238 1211 1317 1238 quem
1339 1203 1484 1229 adoramus
1508 1207 1535 1229 et
1558 1209 1606 1236 per
1629 1209 1710 1236 quem

930 1252 1106 1278 obsecramus
1117 1249 1158 1282 ’λς
1174 1260 1183 1275 ι
1202 1253 1229 1276 et
1246 1258 1252 1276 :
1272 1258 1281 1274 ι
1300 1248 1384 1276 Nemo
1398 1249 1469 1275 venit
1485 1249 1518 1275 ad
1534 1248 1640 1275 Patrem
1657 1247 1711 1274 nisi

931 1304 978 1332 per
993 1303 1061 1328 me.)
1076 1296 1146 1323 dixit
1160 1295 1314 1330 unigenitus
1328 1295 1374 1322 Dei
1390 1295 1483 1323 Filius.

94 1344 183 1377 ἅγιον,
215 1347 264 1373 καὶ
283 1346 307 1371 οι
328 1346 358 1372 ἐν
374 1346 464 1376 αὐτοῖς
479 1345 574 1373 τοῦτον
587 1344 815 1380 προσκυνοῦντες,
831 1345 879 1372 καὶ
894 1344 932 1376 ὡς
945 1345 1017 1371 οὕτω
1031 1343 1205 1375 πιστεύοντες
1218 1343 1263 1370 καὶ
1279 1343 1317 1375 ὡς
1334 1344 1378 1370 διὰ
1390 1343 1493 1370 τούτων
1510 1341 1712 1377 ἐνεργούμενα.

93 1390 130 1416 Τὸ
145 1389 258 1425 Πνεῦμα
276 1390 332 1425 γάρ
344 1391 412 1422 ἐστι,
423 1391 505 1424 φησὶν
521 1390 536 1417 ό
555 1390 726 1423 Ἀπόστολος,
746 1390 780 1417 δι’
791 1387 822 1416 οὗ
837 1390 1053 1425 προσκυνοῦμεν,
1068 1390 1115 1416 καὶ
1138 1390 1172 1416 δι’
1191 1386 1222 1416 οὖ
1236 1389 1444 1425 προσευχόμεθα
1455 1397 1462 1406 ο
1481 1399 1491 1416 ι
1505 1390 1551 1417 καί
1564 1399 1570 1405 ·
1588 1399 1597 1416 ι
1617 1390 1713 1422 Οὐδεὶς

93 1437 204 1472 ἔρχεται
222 1438 289 1472 πρὸς
302 1438 346 1463 τὸν
358 1437 476 1472 Πατέρα,
491 1438 515 1464 sl
531 1439 568 1473 μὴ
584 1437 618 1464 δι’
633 1437 711 1473 ἐμοῦ,
729 1447 738 1463 ι
756 1438 770 1464 ὁ
784 1436 831 1464 τοῦ
843 1436 910 1464 Θεοῦ
922 1438 1076 1472 Μονογενής
1085 1445 1178 1472 φησιν.

129 1483 161 1509 Οί
181 1481 230 1510 οὖν
250 1483 337 1514 οὕτως
355 1485 384 1510 ἐν
398 1483 534 1517 πνεύματι
548 1483 593 1510 τδν
613 1484 743 1510 ἀνωτάτω
771 1484 882 1518 Πατέρα

964 1483 1049 1518 Igitur
1069 1484 1113 1518 qui
1130 1484 1156 1510 in
1174 1483 1272 1517 spiritu
1291 1482 1396 1509 Patrem
1413 1482 1574 1509 altissimum
1591 1482 1625 1509 ita
1645 1482 1713 1509 ado-

95 1529 325 1563 πρησκύνοῦντες,
343 1526 416 1555 οὗτοί
435 1531 505 1555 εἰσιν
525 1530 549 1555 oi
577 1529 700 1564 ἀληθινοὶ
725 1538 882 1565 προσκυνη-

931 1534 1002 1563 rant,
1017 1530 1034 1556 ii
1051 1533 1114 1557 sunt
1130 1529 1183 1556 veri
1201 1531 1370 1556 adoratores.
1388 1528 1441 1555 Sed
1457 1534 1599 1563 postquam
1617 1528 1714 1555 Hiero-

94 1574 150 1602 ταί.
172 1575 252 1601 Ἐπεὶ
276 1575 304 1600 δὲ
325 1576 372 1601 καὶ
395 1576 428 1602 τὰ
448 1575 634 1610 Ἰεροσόλυμα,
653 1575 700 1601 καὶ
722 1576 772 1610 τὴν
788 1575 882 1609 Σαμά-

931 1577 1062 1612 solymam
1077 1581 1102 1603 et
1115 1575 1266 1602 Samariam
1280 1575 1458 1608 scposuisset,
1472 1582 1506 1601 ne
1518 1574 1578 1609 quis
1591 1574 1712 1602 crederet

96 1629 173 1655 ρειαν
186 1620 326 1653 ἐξέϐαλεν,
339 1621 382 1647 ἵνα
397 1622 433 1656 μή
445 1630 487 1653 τις
499 1622 596 1656 νομίσῃ
605 1623 688 1649 τόπον
704 1623 796 1657 ἕτερον
815 1624 880 1649 ἀντ-

931 1622 1018 1649 loeum
1037 1622 1118 1648 alium
1136 1621 1251 1648 invicem
1275 1621 1479 1655 proponendum
1496 1627 1567 1653 essu,
1598 1628 1714 1655 sequen-

95 1666 312 1700 εισαχθήοεσθαι
341 1665 459 1701 μέιλλειν.
473 1666 518 1693 διὰ
534 1667 588 1694 τῶν
603 1667 666 1702 ἐξῆς
682 1668 783 1702 ἀπάγει
799 1668 879 1694 πάλιν

933 1669 1005 1695 tibus
1028 1667 1118 1695 verbis
1139 1667 1237 1695 iterum
1261 1666 1525 1700 eximitquicunque
1552 1674 1712 1701 corporeum

94 1712 139 1738 τὸν
151 1712 330 1747 ἀκροώμενον
344 1713 434 1748 πάσης
445 1713 606 1750 σωματικῆς
622 1714 726 1746 ἐννοίας
736 1714 783 1741 καὶ
796 1715 879 1742 τόπου

95 1758 143 1784 καὶ
164 1759 396 1793 προσκυνήσεως,
414 1768 423 1785 ι
442 1759 564 1795 Πνεῦμα,
585 1759 681 1793 λέγων,
700 1761 714 1786 ὁ
738 1759 815 1792 Θεὸς,
833 1762 880 1787 καὶ

94 1804 156 1835 τοὺς
177 1804 401 1839 προσκυνοῦντας
416 1805 495 1832 αὐτὸν
516 1806 545 1831 ἐν
560 1807 696 1841 πνεύματι
709 1807 754 1832 καὶ
767 1806 881 1842 ἀληθείᾳ

94 1850 136 1876 δεῖ
151 1851 335 1886 προσκυνεῖν·
360 1860 369 1876 ›
387 1851 538 1883 τουτέστιν,
553 1853 631 1883 ἐκτὸς
647 1853 780 1887 σωμάτων
791 1853 881 1887 πάντη

95 1896 140 1922 τὸν
159 1896 310 1930 ἀσώματον
335 1897 508 1929 ἐννοοῦντας·
524 1897 596 1925 οὕτω
622 1899 677 1933 γὰρ
705 1899 754 1927 καὶ
773 1899 881 1934 ἀληθῶς

95 1939 207 1974 δψονται
235 1940 331 1968 τοῦτον
357 1942 494 1978 πανταχοῦ
511 1943 539 1969 ὲν
553 1943 592 1978 τῷ
618 1945 753 1978 πνεύματι
777 1945 824 1972 καὶ
847 1946 879 1979 τῇ

95 1985 210 2022 ἀληθείᾳ
219 1985 304 2013 αὐτοῦ
318 1995 325 2002 ·
341 1988 379 2019 ὡς
391 1987 440 2023 μὲν
450 1988 503 2023 γὰρ
519 1989 627 2023 πνεῦμα
637 1989 768 2025 ὑπάρχων
787 1991 800 2016 6
815 1990 881 2022 θεὸς

95 2032 242 2067 ἁσὼματός
259 2034 319 2059 ἑστι
330 2040 338 2048 ·
354 2035 383 2060 τὸ
400 2035 428 2060 δὲ
443 2034 588 2069 ἀσώματον
602 2035 680 2070 113
694 2036 743 2062 οὐκ
761 2036 792 2062 ἐν
807 2037 881 2070 τύπῳ

95 2077 183 2110 ἐστὶν,
200 2077 263 2104 οὐδὲ
281 2079 404 2110 τοπικοῖς
416 2079 490 2111 ὅροις
514 2080 734 2114 περιγράφεται·
751 2079 849 2106 οὐκοῦν
868 2082 882 2107 ό

95 2125 182 2159 λέγων
199 2126 230 2152 ὲν
243 2126 300 2156 τοῖς
314 2125 399 2159 ὁρίοις
414 2125 504 2160 μόνοις
518 2125 574 2152 τῶν
592 2126 788 2161 Ἰεροσολύμων
803 2126 819 2161 ἢ
834 2127 881 2152 τοῦ

95 2171 144 2206 τῆς
164 2171 325 2205 Σαμαρείας
342 2170 433 2206 ὅρους,
454 2171 470 2207 ἢ
485 2172 513 2197 ὲν
528 2171 600 2206 ἄλλῳ
617 2171 671 2198 τινὶ
685 2172 739 2197 τῶν
759 2172 882 2199 ἁπαντα-

96 2217 145 2252 χοῦ
162 2217 212 2252 γῆς
231 2218 280 2245 καὶ
292 2217 407 2251 οὐρανοῦ
424 2218 515 2244 τόπων
528 2218 584 2244 δεῖν
607 2217 823 2253 προσκυνεῖσθαι
836 2218 883 2244 τὸν

97 2263 176 2294 Θεὸν,
205 2263 258 2289 οὐκ
283 2262 391 2295 ἀληθῶς
406 2271 499 2296 φησιν.
519 2262 573 2289 οὐδ’
593 2262 701 2298 ἀληθῶς
722 2265 881 2298 προσκυνεῖ.

103 2309 176 2335 ’Δλλ¹
190 2308 229 2340 ὡς
243 2309 294 2344 μὲν
312 2308 457 2343 ἀσώματος
470 2310 484 2335 ὁ
496 2308 562 2340 Θεὸς
573 2308 704 2343 οὐδαμοῦ,
719 2309 757 2341 ὡς
770 2309 800 2336 δὲ
816 2308 883 2341 Θεὸς

931 1714 1124 1749 cogitationem
1139 1715 1177 1740 vel
1191 1713 1278 1740 locum
1289 1713 1329 1739 vel
1342 1712 1527 1739 adorationem
1540 1712 1712 1747 intelligi-rut,

931 1761 1045 1788 dicendo
1063 1769 1069 1787 :
1090 1769 1099 1786 ι
1115 1759 1232 1795 Spiritus
1251 1763 1291 1786 est
1309 1758 1390 1791 Deus,
1412 1763 1439 1786 et
1455 1761 1500 1792 qui
1519 1759 1631 1787 adorant
1651 1768 1712 1787 eum

932 1808 958 1834 in
974 1807 1069 1841 spiritu
1088 1811 1114 1833 et
1130 1806 1241 1833 veritate
1261 1809 1368 1840 oportet
1385 1805 1508 1838 adorare,
1527 1814 1536 1831 ι
1562 1806 1587 1831 id
1600 1810 1651 1838 est,
1666 1806 1714 1840 qui

931 1861 992 1880 eum
1012 1854 1200 1886 incorporeum
1222 1852 1332 1878 omnino
1346 1851 1406 1878 sine
1422 1859 1536 1884 corpore
1549 1857 1657 1886 putant;
1676 1853 1713 1878 ita

931 1900 1002 1926 enim
1018 1907 1078 1925 vere
1095 1899 1224 1925 videbunt
1244 1906 1304 1924 eum
1321 1898 1420 1932 ubique
1438 1898 1464 1923 in
1485 1898 1581 1931 spiritu
1600 1899 1713 1933 ejusque

931 1946 1053 1973 veritate.
1069 1944 1173 1971 Etenim
1192 1943 1303 1978 spiritus
1329 1951 1390 1970 cum
1407 1943 1442 1970 sit
1457 1943 1535 1972 Deus.
1552 1949 1593 1970 est
1621 1944 1713 1971 incor-

932 1999 1043 2026 poreus,
1063 1990 1135 2026 quod
1170 1995 1260 2016 autem
1288 1997 1386 2024 corpus
1408 1996 1461 2015 non
1480 1989 1558 2016 habet
1589 1996 1642 2016 non
1673 1994 1715 2017 est

933 2039 959 2065 in
988 2037 1058 2070 loco,
1078 2044 1166 2071 neque
1188 2036 1308 2062 locorum
1336 2035 1434 2062 tinihus
1462 2034 1712 2068 circumscribitur;

932 2090 997 2118 ergo
1010 2082 1056 2117 qui
1077 2081 1143 2108 dicit
1160 2081 1186 2107 in
1206 2080 1273 2108 solis
1297 2079 1487 2114 Hierosolymar.
1504 2078 1611 2110 linihus,
1629 2078 1670 2105 vel
1687 2078 1713 2104 iu

934 2134 1025 2156 monte
1043 2128 1172 2155 Samaria)
1191 2127 1232 2153 vel
1257 2126 1283 2153 in
1303 2126 1422 2160 quolibet
1439 2126 1491 2152 alio
1519 2130 1597 2152 terra:
1619 2125 1714 2151 cmlire

933 2176 1004 2208 loco,
1020 2175 1103 2201 Deum
1120 2181 1180 2200 esse
1197 2173 1377 2205 adorandum,
1395 2179 1448 2199 non
1469 2179 1530 2199 vcre
1546 2171 1610 2198 dicit
1626 2177 1715 2204 neque

933 2229 996 2249 vere
1018 2220 1123 2248 adorat.
1143 2220 1283 2252 Quatenus
1301 2219 1493 2253 incorporeus,
1512 2218 1584 2244 Deus
1606 2215 1714 2250 quidem

933 2272 1085 2298 nusquam,
1102 2268 1236 2298 quatenus
1255 2269 1345 2290 autem
1364 2263 1434 2291 Deus
1448 2267 1490 2290 est
1513 2262 1631 2296 ubique;
1652 2267 1714 2287 nam

933 2311 957 2339 si
966 2316 1124 2339 essetmOns
1134 2311 1175 2338 vel
1190 2309 1266 2337 locus
1279 2311 1320 2337 vel
1333 2314 1456 2337 creatura
1469 2309 1571 2344 aliqua,
1587 2308 1630 2335 ubi
1646 2307 1716 2334 Deus

97 2355 259 2390 πανταχοῦ·
276 2356 300 2381 ει
314 2354 368 2390 γὰρ
381 2355 454 2381 ἐστιν
467 2355 540 2390 ὅρος,
560 2355 577 2390 ἢ
596 2355 690 2387 τόπος,
703 2355 719 2390 ἢ
736 2355 836 2388 κτίσις,
851 2351 883 2382 οἵ)

935 2366 989 2386 non
1004 2359 1051 2391 sit,
1066 2364 1162 2385 rursus
1176 2356 1342 2383 inveniretur
1357 2355 1456 2383 alicubi
1471 2355 1715 2389 circumscriptus;

99 2402 139 2437 μὴ
149 2402 224 2428 ἐστιν
241 2401 255 2427 ὁ
266 2400 343 2433 Θεὸς,
355 2400 435 2427 πάλιν
452 2400 628 2436 εὑρεθήσεται
644 2401 884 2435 περιγραφόμενος

98 2449 128 2476 ιν
154 2455 226 2475 τινι*
242 2447 381 2482 πανταχοῦ
410 2445 455 2474 οὖν
472 2447 519 2474 καὶ¹
535 2448 565 2473 ὲν
591 2448 675 2474 πᾶσιν
699 2447 713 2474 ὁ
728 2447 804 2478 Θεός.
821 2447 884 2478 Πῶς

99 2494 147 2523 οὖν
173 2494 314 2529 πανταχοῦ
343 2495 389 2521 καὶ
408 2495 438 2521 ὲν
465 2495 560 2526 πᾶσιν,
584 2492 684 2529 ὡςοῦχ
706 2493 758 2520 ὑπὸ
772 2494 883 2529 μέρους,

98 2541 157 2569 ἀλλ’
171 2541 225 2568 ὐπὸ
238 2540 285 2568 τοῦ
300 2539 398 2572 παντὸς
413 2540 623 2575 περιεχόμενος;
638 2538 792 2574 Οὖμενουν·
805 2539 884 2574 σῶμα

99 2589 154 2624 γὰρ
179 2588 259 2615 ἐσται
280 2586 372 2614 πάλιν.
391 2585 494 2613 οὐκοῦν
518 2585 556 2617 ὡς
575 2585 605 2612 τὸ
618 2585 673 2612 πᾶν
688 2584 735 2612 καὶ
762 2584 884 2620 συνέχων

98 2638 147 2662 καὶ.
167 2634 304 2669 περιέχων
322 2633 402 2664 αὐτός
423 2633 497 2659 ἐστιν
517 2633 547 2659 ἐν
571 2631 672 2667 ἐαυτῷ,
687 2631 827 2666 πανταχοῦ
854 2640 884 2657 τε

99 2681 148 2708 καὶ
161 2680 233 2715 ὑπὲρ
247 2679 278 2706 τὸ
294 2680 348 2705 πᾶν
370 2677 609 2714 προσκυνούμενος
624 2677 700 2713 παρὰ.
713 2677 769 2704 τῶν
787 2676 884 2712 ἀληθι·

99 2727 153 2754 νῶν
173 2725 374 2762 πμσκυνητῶν
390 2725 418 2753 ἐν
438 2724 477 2760 τῷ
494 2724 630 2759 πνεύματι
649 2723 696 2750 καὶ
719 2724 753 2755 τῇ
769 2722 884 2750 ἀληθεία

97 2774 191 2802 αὑτοῦ.

132 2867 155 2884 ἰ
175 2864 273 2893 llCor.
293 2871 332 2897 ιιι,
345 2863 388 2891 17.

934 2405 1034 2440 ubique
1058 2411 1123 2439 ergo
1135 2408 1161 2430 et
1176 2403 1202 2429 in
1222 2403 1350 2430 omnibus
1366 2406 1455 2429 exstat
1477 2401 1560 2428 Dens.
1575 2401 1716 2433 Quomodo

932 2451 1014 2485 igitur
1038 2450 1138 2484 ubique
1155 2453 1182 2476 et
1204 2449 1229 2475 in
1243 2447 1368 2475 omnibus
1391 2446 1472 2480 Deus,
1491 2455 1545 2474 non
1563 2454 1615 2474 una
1629 2451 1716 2481 parte,

933 2499 979 2526 sed
1005 2497 1130 2524 universo
1155 2493 1415 2522 circumscribatur?
1439 2493 1627 2528 Nequaquam,
1652 2501 1715 2521 nam

933 2545 1029 2572 lterum
1054 2549 1154 2575 corpus
1174 2544 1256 2568 esset.
1278 2539 1349 2574 Ergo
1367 2539 1557 2574 conjungcndo
1576 2540 1667 2566 omnia
1689 2543 1718 2566 et

934 2589 1125 2626 amplectenda
1143 2589 1201 2623 ipso
1215 2591 1256 2614 est
1269 2586 1295 2612 in
1310 2585 1467 2620 semetipso,
1481 2586 1582 2620 ubique
1592 2591 1619 2612 et
1635 2593 1717 2620 super

934 2638 1026 2666 omnia
1039 2644 1054 2663 a
1072 2636 1143 2662 veris
1162 2632 1355 2661 adoratoribus
1368 2631 1395 2659 in
1413 2631 1510 2666 spiritu
1526 2638 1631 2667 suaque
1645 2631 1717 2659 veri-

936 2692 990 2714 tate
1004 2685 1170 2714 adorandus.
