1882 3073
69 131 113 162 ξω
742 133 904 163 IlOMlLIA
927 133 1006 164 XIX.

1642 130 1697 162 2G2

66 191 165 221 ἰκεῖνος
182 189 289 222 διδάξει
305 190 395 217 πᾶσαν
410 189 459 224 τὴν
476 189 614 224 ἀλήθειαν.
630 189 708 216 τοῦτο
728 190 774 216 καὶ
786 189 854 224 αὕτη

933 189 991 216 talis
1002 189 1138 220 Christus,
1157 189 1215 217 sine
1228 189 1384 223 ambagibus
1400 189 1422 216 ci
1435 188 1501 216 dixit
1520 198 1525 216 :
1545 189 1622 224 tEgo
1634 197 1694 217 sum

65 235 243 272 προλαϐοῦσα
262 236 325 270 περὶ
341 235 424 262 αἰτοῦ
438 244 520 270 φησιν
538 244 545 251 ·
565 245 574 262 ι
594 235 679 261 Ὅταν
702 236 765 271 Ε).οῃ
783 237 858 262 ἐκεῖ·

64 291 115 312 νος.
126 281 281 316 ἀναγγελεί
294 281 361 316 ἡμῖν
376 281 477 307 πάντα.
493 288 503 306 ι
529 280 597 307 Ἀλλ’
615 280 652 312 ὡς
666 279 718 307 εἶδε
729 281 856 315 τοιαύτη-ι

64 327 142 354 ciam;
168 329 183 353 δ
196 328 295 362 νοητὸς
310 326 357 353 τοῦ
374 326 492 361 Χριστοῦ
523 327 652 360 νυμφίος,
687 326 856 361 ἁπερικαλύ-

66 381 135 404 mox;
150 373 222 408 προς
239 373 328 408 αὑτήν
343 381 437 407 φησιν,
456 383 465 398 t
486 371 558 406 Ἐγώ
576 373 635 406 ειμι
652 372 666 398 ὁ
679 372 767 399 λαλῶν
786 381 853 398 σοι.)

71 418 101 444 'll
115 419 142 445 δὲ
157 418 266 450 εὐθέως
282 418 319 449 ὡς
342 418 459 453 ἔκλεκτὴ
475 418 561 450 ὅντως
581 418 793 453 εὐαγγελίστρια
817 418 858 451 γί-

65 473 147 498 νεται,
161 464 209 491 καὶ
224 465 277 499 τὴν
297 464 394 498 ὑδρίαν
408 464 519 497 ἀφεῖσα,
532 463 579 490 καὶ
604 463 674 498 πρὸς
704 463 754 498 τὴν
781 464 858 490 πόλιν

63 510 218 545 δραμοῦσα,
250 511 355 541 πάντας
393 510 554 545 ἐπιστρέφει
594 511 651 542 τοῖς
686 510 786 543 λόγοις,
812 509 858 536 καὶ

64 555 131 590 πρὸς
152 556 249 583 πίστιν
277 556 325 582 τοῦ
348 556 477 590 ὀφθέντος
503 556 610 589 ἀνάγει,
631 565 644 581 ’ί
672 556 753 582 Δεῦτε
777 555 857 587 ἴδετε,

63 602 192 636 λέγουσα,
207 602 364 636 ἄνθρωπον,
380 602 409 634 ὃς
425 599 486 628 εἶπέ
498 611 544 636 μοι
559 602 650 629 πάντα
664 602 713 628 ὅσα
725 601 857 636 ἐποίησα·

909 235 954 269 qui
978 235 1075 269 loquor
1094 239 1192 261 tecum.
1220 244 1229 259 ι
1248 235 1312 266 ριιιιξ
1337 235 1427 261 statim
1459 234 1537 269 quasi
1564 235 1648 262 electa
1667 235 1697 262 lit

906 279 1103 313 ovattgeiistria,
1121 284 1158 311 et,
1178 279 1287 306 dimissa
1305 279 1410 313 hydria,
1427 280 1459 306 ad
1477 279 1612 306 civitatem
1632 288 1695 306 cur-

907 333 981 357 retis,
1008 333 1102 352 omnes
1123 326 1212 351 verbis
1232 325 1404 353 convertitet
1422 326 1454 352 ad
1475 327 1639 353 credendum
1667 326 1694 352 in

907 379 967 398 tum
979 378 1058 405 quem
1071 371 1159 397 vident
1171 370 1288 403 athlucit,
1305 369 1418 398 dicens:
1436 371 1558 403 «Vertite,
1571 375 1597 398 et
1608 371 1697 398 vidrtc

910 415 1046 442 hominem
1072 416 1119 450 qui
1141 416 1207 442 dixit
1233 416 1297 442 tnih‘t
1320 416 1409 442 omnia
1434 424 1601 450 quaecunque
1620 416 1694 449 feci;
1714 450 1715 453 η

909 461 1041 496 numquid
1059 463 1116 496 ipse
1136 467 1177 489 est
1196 461 1339 489 Christus?
1359 470 1368 487 ι
1389 460 1433 488 Sic
1456 462 1493 488 ait
1506 482 1513 493 ,
1529 462 1602 488 nulla
1617 466 1698 490 utens

909 508 1096 542 ambiguitate.
1110 508 1195 542 magis
1208 515 1238 534 ex
1259 507 1317 534 visu
1334 507 1484 534 snadendos
1500 511 1528 533 et
1539 515 1570 534 ex
1586 514 1698 535 convcr-

910 554 1015 581 satione
1037 554 1068 580 ad
1092 553 1235 580 Dominum
1262 554 1369 581 facilius
1397 553 1550 580 credituros
1574 554 1698 589 cogitans

910 601 993 632 alios,
1015 600 1085 635 quot!
1105 608 1138 627 ex
1153 605 1249 627 eventu
1270 609 1358 627 rerttrn
1381 600 1490 626 euiluit.

65 652 100 685 μή
131 658 174 677 τοι
207 647 287 682 οὗτός
310 651 384 677 ἐστιν
401 651 415 677 ὁ
438 650 579 684 Χριστὸς;
599 658 608 676 ι
643 649 721 676 Οὕτω
746 649 774 676 δέ
800 657 893 684 φησιν,
911 649 960 675 οὐκ
985 649 1149 684 ἀμφιϐολίαν
1164 648 1232 684 αὕτη
1261 650 1415 685 κεκτημένη
1433 649 1504 683 τινὰ,
1527 651 1698 686 πληροφορη-

63 698 195 732 θήσεσθαι
226 697 256 724 δὲ
276 697 376 732 μᾶλλον
394 697 425 723 ἐκ
448 695 498 730 τῆς
515 695 590 728 θέας,
615 697 661 723 καὶ
678 697 721 723 διὰ
737 697 786 732 τῆς
813 697 882 731 πρὸς
899 695 942 722 τὸν
968 695 1071 732 Κύριον
1095 697 1202 741 antlia;
1228 696 1420 732 εὒχερέττερον
1449 698 1697 733 ἀναπεισθήσεσθαι

63 744 187 776 καὶτοὺς
206 743 305 775 ἄλλους
319 742 493 774 πιστεύουσα,
505 743 631 778 καθάπερ
653 744 701 770 καὶ
721 744 765 770 διὰ
794 744 849 770 τῶν
867 743 955 779 ἔργων
967 743 1059 779 ἐξέϐη.

105 789 178 824 Ἐγὼ
194 789 224 816 δὲ
241 790 358 821 καὶτοῖς
386 791 598 826 προειρημένοις
622 790 854 824 συνοπτικώτερον

933 789 987 825 Ego
998 791 1106 825 quizlem
1117 798 1222 818 summa
1233 796 1343 819 secutus
1351 798 1411 819 sum
1421 791 1609 826 praedictorum
1620 791 1681 819 fasti
1689 805 1696 810 -

64 836 240 871 ἐχρησάμην,
260 833 308 862 καὶ
323 836 358 862 τὰ
370 836 432 870 ἑξῆς
448 836 502 863 τῶν
514 837 706 870 εὑαγγελικῶν
723 837 854 873 ῥημάτων

936 841 990 868 a,et
1000 844 1072 863 nunc
1081 836 1218 872 sequentia
1228 837 1365 872 Evangelii
1376 837 1455 864 verba
1467 842 1607 872 praltereo;
1619 838 1696 866 video

64 883 166 918 ἀρτίως
204 882 338 917 παρίημι,
366 882 416 916 τὴν
440 881 514 917 ὥραν
532 883 578 909 ὲπὶ
604 883 653 914 τὰς
667 882 715 909 τοῦ
730 882 856 918 σώματος

64 928 218 964 χρείαςκαὶ
241 928 276 955 τὰ
286 928 357 963 ἔργα
378 928 425 955 τοῦ
457 928 515 963 βίου
541 924 759 963 κατεπείγουσαν
783 929 856 963 ὑμᾶς

64 974 239 1010 ὀρῶν.,’Δλλ’
265 974 345 1010 ὑμεῖς
366 976 492 1002 σκοπεῖτε
515 974 564 1010 τὴν
587 974 771 1010 Σαμαρείτιδα
792 974 856 1001 ταύ-

64 1027 130 1055 τηνο
145 1019 184 1052 ὡς
206 1020 263 1055 γὰρ
288 1021 388 1055 ἤκουσε
415 1018 470 1048 τῶν
491 1018 681 1054 εὐαγγελικῶν
694 1019 793 1054 λόγων,
809 1018 856 1051 οὓς

64 1066 111 1092 καὶ
124 1067 208 1102 ἡμεῖς
221 1065 422 1101 ἐξαγγέλλομεν
436 1066 504 1102 πρὸς
517 1065 567 1102 τὴν
581 1066 717 1102 ὑμετέραν
733 1065 854 1101 ἀγάπην,

64 1113 145 1144 εὐθὺς
159 1109 279 1140 καὶτῶν
309 1113 532 1147 ἀναγκαιοτάτων
555 1112 602 1140 τοῦ
624 1111 750 1148 σώματος
777 1121 855 1140 κατε-

66 1160 204 1193 φρόνησεν
215 1166 223 1174 ·
242 1159 332 1193 ἀφῆκε
342 1158 396 1194 γὰρ
412 1158 542 1194 πάραυτα
567 1158 612 1186 καὶ
627 1158 676 1194 τὴν
691 1158 785 1194 ὑδρίαν
807 1159 856 1185 καὶ

64 1204 114 1238 τὴν
128 1203 230 1237 οἰκίαν,
253 1205 300 1231 καὶ
314 1205 353 1237 εἰς
376 1205 425 1240 τὴν
448 1205 526 1232 πόλιν
544 1203 697 1240 δραμοῦσα,
717 1205 763 1232 καὶ
793 1206 856 1236 τοὺς

65 1249 242 1284 Σαμαρείτας
256 1249 478 1286 ἐπισπασαμένη,
511 1250 560 1277 σὺν
588 1250 678 1282 αὐτοῖς
708 1251 787 1278 πάλιν
807 1250 856 1276 ὲπ-

65 1294 165 1328 αυῆλ.θε
193 1295 265 1329 πρὸς
282 1295 327 1321 τὸν
349 1295 467 1331 Χριστόν
482 1302 491 1310 ·
525 1295 554 1322 τὸ
576 1297 641 1331 γὰρ,
665 1295 748 1323 Δεῦτε
774 1295 853 1329 ibus,

64 1339 143 1366 τοῦτό
157 1349 243 1376 φησιν
263 1340 407 1375 ἄντικρυς,
427 1341 642 1377 Ἀκολουθήσατέ
659 1350 716 1377 μοι,
733 1343 782 1369 καὶ
796 1342 856 1377 ὁδη-

64 1386 142 1421 γήσω
157 1387 244 1422 ὑμᾶς,
261 1388 308 1414 καὶ
322 1387 400 1420 δείξω
409 1386 457 1415 νῦν
477 1389 542 1423 ὑμῖν
560 1388 605 1415 τὸν
620 1388 649 1420 ἐξ
668 1388 789 1424 οὐρανῶν
800 1389 855 1415 Σω-

64 1432 135 1467 τῆρα
148 1432 190 1467 τῷ
204 1433 303 1468 κόσμῳ
318 1434 549 1470 παραγενόμενον.
572 1435 710 1466 Ἐκείνους
730 1435 780 1470 μὲν
807 1433 854 1462 οὖν

64 1477 136 1505 οὕτω
148 1478 305 1514 τηνικαῦτα
315 1481 526 1518 προτρεψαμένη
539 1480 577 1516 τῷ
591 1481 702 1517 Χριστῷ
715 1482 854 1517 παρέστη-

907 881 979 909 ettim
994 881 1088 909 horam
1105 890 1164 916 quae
1181 883 1214 909 ad
1235 883 1413 910 necessitates
1429 883 1552 918 corporis
1569 889 1594 911 et
1613 891 1695 919 opera

907 925 969 955 vita:
979 935 1026 955 vos
1041 927 1148 955 invitat.
1157 927 1212 955 Vos
1224 933 1314 955 autent
1328 929 1406 955 istatn
1419 927 1586 956 considerate
1601 930 1696 956 Sama-

906 973 1032 1006 ritidem;
1050 981 1112 1000 nam
1126 977 1155 1000 ut
1167 973 1269 1001 audivit
1280 974 1434 1009 evangelica
1451 974 1522 1001 dicta
1539 982 1600 1010 quae
1613 975 1694 1002 modo

907 1027 957 1046 nos
976 1018 1102 1046 charitati
1128 1024 1225 1046 vestrae
1248 1019 1402 1052 retulimus,
1423 1020 1513 1048 statim
1539 1020 1693 1048 necessaria

906 1066 1028 1101 corporis
1049 1067 1227 1101 contempsit,
1245 1067 1354 1101 reliquit
1373 1067 1495 1102 ltytlriam
1520 1073 1546 1095 et
1569 1068 1693 1099 domum,

907 1116 1076 1146 currensque
1089 1111 1122 1138 ad
1133 1111 1239 1144 urbem,
1253 1111 1377 1138 adductis
1393 1111 1583 1144 Samaritanis,
1597 1121 1693 1140 rursus

906 1164 968 1184 cum
986 1157 1024 1184 eis
1036 1157 1070 1184 ad
1089 1157 1228 1184 Christum
1244 1157 1353 1190 redivit,
1372 1158 1473 1192 quibus
1491 1163 1583 1193 aperte
1598 1158 1666 1185 dixit
1685 1167 1693 1186 :

906 1201 1013 1236 Venite,
1023 1210 1066 1230 me
1077 1201 1234 1237 sequimini,
1247 1208 1273 1231 et
1290 1211 1337 1231 vos
1351 1204 1484 1231 adducam
1499 1210 1525 1231 et
1537 1204 1694 1232 monstrabo

906 1249 984 1277 vobis
1000 1248 1168 1276 Salvatorem
1185 1249 1230 1284 qui
1254 1250 1287 1276 de
1309 1249 1385 1276 caelis
1410 1250 1436 1276 in
1462 1254 1548 1277 terras
1573 1250 1692 1278 advenit.

906 1293 980 1327 Quos
999 1295 1035 1320 ita
1055 1293 1118 1321 inde
1134 1294 1279 1328 perductos
1295 1293 1405 1321 Christo
1422 1294 1541 1328 obtulit;
1560 1302 1610 1322 nos
1630 1303 1693 1322 vero

906 1340 994 1372 docet,
1011 1339 1075 1367 dum
1088 1339 1217 1374 relinquit
1229 1340 1349 1375 hydriam
1364 1345 1391 1367 et
1402 1340 1526 1374 domum,
1542 1340 1620 1368 valde
1630 1348 1692 1376 pre-

904 1385 1044 1413 tiosiorem
1064 1386 1165 1413 ducere
1196 1387 1391 1420 temporalibus
1407 1387 1615 1415 necessitatibus
1643 1388 1693 1415 do-

905 1435 1000 1462 ctrina:
1018 1434 1175 1468 utilitatem,
1194 1442 1275 1470 quam
1296 1434 1428 1462 Dominus
1443 1436 1571 1469 optimam
1585 1439 1690 1470 partem

906 1480 973 1507 dixit
992 1481 1026 1514 ⁸³,
1042 1480 1174 1508 Marthatn
1202 1481 1229 1508 in
1252 1479 1399 1515 Evangelio
1416 1481 1448 1508 de
1464 1480 1547 1508 Maria
1562 1488 1621 1516 quae
1634 1488 1693 1509 ser-

67 1531 125 1557 σιν,
139 1525 217 1559 ἡμᾶς
229 1525 258 1551 δὲ
271 1516 393 1553 διδάσκει
415 1526 458 1553 διὰ
483 1526 531 1554 τοῦ
549 1516 708 1554 καταλιπεῖν
735 1516 783 1555 καὶ
803 1529 853 1564 τὴν

935 1532 1001 1552 ones
1013 1525 1184 1553 auscultabat
1207 1525 1315 1553 affatus.
1336 1524 1364 1553 Si
1383 1533 1445 1553 vero
1459 1526 1612 1554 necessaria
1627 1534 1693 1553 con-

64 1570 155 1596 οἰκίαν
172 1571 222 1598 καὶ
237 1570 287 1605 τὴν
298 1571 402 1607 ὑδρίαν,
418 1573 629 1609 προτιμωτέραν
648 1573 775 1609 ἡγεῖσθαι
804 1576 853 1602 καὶ

64 1615 118 1642 τῶν
134 1616 296 1650 ἀναγκαίων
311 1616 411 1652 χρειῶν
425 1618 475 1653 τὴν
484 1619 516 1644 ὲκ
533 1620 582 1654 τῆς
597 1619 768 1651 διδασκαλίας
781 1620 853 1656 ὠφέ-

64 1661 152 1694 λειαν,
176 1662 213 1697 ἣν
233 1662 283 1689 καὶ
303 1663 320 1689 ὁ
345 1663 449 1699 Κύριος
473 1664 578 1700 ἀγαθὴν
598 1666 694 1701 μερίδα
709 1668 851 1702 προσεῖπε,

65 1706 134 1742 πρὸς
149 1707 200 1743 τὴν
218 1707 248 1734 ἐν
259 1708 300 1743 τῷ
314 1709 471 1744 Εὐαγγελίῳ
484 1710 609 1746 Μάρθαν,
627 1711 697 1746 ὑπὲρ
711 1712 760 1746 τῆς
771 1714 853 1747 ἀκρο-

64 1754 177 1788 ωμένης
197 1753 246 1780 τοῦ
263 1754 342 1789 λόγου
355 1755 463 1790 Μαρίας
472 1756 674 1792 διαλεγόμενος.
697 1757 728 1784 El
745 1757 774 1784 δὲ
799 1758 853 1784 τῶν

64 1798 227 1833 ἀναγκαίων
244 1802 419 1836 περιφρονεῖν
437 1801 488 1834 δεῖ,
504 1802 579 1837 πόσῳ
600 1803 701 1837 μᾶλλον
725 1803 780 1831 τῶν
807 1804 853 1831 ἄλ-

65 1845 139 1877 low;
156 1845 193 1872 Τί
204 1845 259 1880 γάρ
278 1855 307 1872 σε
318 1847 365 1873 καὶ
381 1849 553 1882 κατεπείγει,
573 1849 621 1876 καὶ
639 1849 694 1876 τῶν
710 1850 780 1877 κατὰ
803 1851 854 1886 ψυ-

64 1891 115 1926 χὴν
124 1891 276 1926 ὠφελίμων
284 1893 468 1928 ἀκουσμάτων
482 1894 600 1929 debet;
621 1895 698 1922 οῐκου
725 1897 772 1923 καὶ
788 1897 853 1923 παί-

65 1938 118 1964 δων
127 1938 177 1964 καὶ
193 1938 324 1971 γυναικὸς
340 1939 484 1974 ἔπιμὲλεια
501 1949 508 1973 ;
532 1941 630 1967 οίκεῑον
652 1940 668 1976 ῆ
692 1943 853 1976 συγγενικὸν

65 1984 176 2017 πένθος,
208 1984 224 2019 ἢ
254 1985 394 2020 χαρμονῆς
427 1986 564 2020 ἀγορασία
586 1995 628 2018 τις
661 1988 852 2025 κτημάτων,ἢ

64 2029 188 2065 πώλησις
202 2039 210 2061 ;
227 2031 324 2065 χρῆσις
332 2031 385 2057 τῶν
398 2031 576 2066 ὑπαρχόντων
587 2041 628 2060 σοι
642 2034 763 2067 πάντων,
787 2036 854 2071 μᾶλ-

64 2076 110 2102 λον
125 2076 155 2102 δὲ
170 2077 343 2111 κατὰχρησις
360 2085 368 2109 ;
384 2077 441 2104 ἀλλ’
455 2078 539 2105 ἄκουε
559 2079 678 2112 συνετῶς
705 2081 759 2108 τῶν
783 2082 852 2108 ἀπο-

65 2122 201 2149 στολικῶν
217 2122 391 2156 διδαγμάτων
412 2131 420 2138 '
435 2133 446 2150 ‹
467 2124 496 2151 '0
511 2127 615 2160 καιρὸς,
635 2127 757 2161 ἀδελφοὶ,
788 2136 851 2155 συν-

63 2168 236 2203 ιπαλμένος
252 2169 282 2194 τὸ
311 2169 403 2195 λοιπόν
418 2169 501 2203 ἐστιν,
517 2171 559 2197 ἴνα
579 2171 627 2198 καὶ
641 2171 666 2198 οι
681 2173 787 2208 ἔχοντες
801 2182 851 2208 γυ-

63 2216 161 2246 ναῖκας
172 2214 211 2246 ὡς
227 2214 264 2249 μὴ
278 2214 384 2250 ἔχοντες
398 2212 461 2249 ὦσι,
482 2218 530 2244 καὶ
541 2217 565 2244 οἱ
584 2217 735 2253 κλαίοντες,
757 2219 793 2251 ὡς
814 2221 853 2256 μὴ

63 2259 225 2291 κλαίοντες·
239 2260 287 2286 καὶ
299 2260 322 2286 οἱ
338 2261 489 2295 χαίροντες,
502 2261 539 2293 ὡς
561 2263 599 2298 μὴ
627 2263 766 2298 χαίροντες
783 2273 790 2281 ’
805 2267 853 2293 καὶ

63 2305 88 2329 οι
103 2304 303 2339 ἀγοράζοντες,
317 2304 355 2336 ὼς
370 2305 408 2340 μὴ
420 2307 581 2341 κατέχοντες
596 2316 604 2324 ”
621 2309 669 2335 καὶ
692 2310 717 2335 oi
741 2309 851 2347 χρώμε-

63 2358 104 2376 νοι
118 2349 159 2385 τῷ
171 2351 270 2385 κόσμῳ
283 2349 381 2386 τούτῳ,
395 2351 433 2382 ὡς
448 2352 486 2387 μὴ
507 2353 715 2389 καταχρώμενοι
730 2362 738 2371 ·
763 2357 854 2391 παρά-

63 2396 174 2430 γειγὰρ
184 2395 217 2422 τὸ
233 2395 325 2430 σχῆμα
349 2395 396 2422 τοῦ
418 2397 521 2432 κόσμου
547 2399 652 2427 τούτου.
675 2409 685 2426 ›
711 2401 744 2427 Τί
767 2402 851 2437 ἐστιν,

67 2451 76 2467 ι
97 2440 128 2468 Ὀ
144 2441 243 2475 scalpe;
254 2441 468 2476 συνεσταλμένος
481 2444 556 2476 eaet;
574 2453 583 2470 1
613 2445 720 2480 Βραχὺς
746 2448 759 2473 ό
781 2447 850 2482 βίος,

64 2489 148 2521 ἐγγὺς
161 2487 175 2512 ὁ
191 2486 317 2518 θάνατος,
328 2486 447 2522 φθαρτὸς
459 2489 473 2514 ὁ
487 2490 590 2524 κῦσμος
604 2486 692 2524 οὗτος,
704 2492 718 2518 ό
735 2492 779 2519 ἀεὶ
802 2493 850 2527 μέ-

65 2541 118 2559 νων
133 2532 231 2566 ἕτερος
248 2539 255 2547 ·
270 2532 453 2567 παραπέμπει
468 2533 496 2559 δὲ
509 2535 580 2568 ἡμᾶς
602 2535 672 2570 πρὸς
691 2537 795 2565 ἐκεῖνον
820 2540 849 2564 ἐν

65 2578 206 2613 ἀσφαλείᾳ
220 2578 238 2613 ἠ
254 2577 300 2603 τοῦ
311 2578 446 2613 παρόντος
470 2580 673 2615 καταφρόνησις
693 2583 808 2618 κόσμου,
832 2585 848 2619 ἡ

67 2623 134 2658 πρὸς
146 2623 194 2649 τὸν
210 2622 341 2656 μέλλοντα
352 2623 456 2650 ἐκεῖνον
470 2625 626 2659 harpasta,
644 2627 673 2653 τὸ
701 2627 754 2663 ζῇν
779 2631 848 2656 κατὰ

65 2668 96 2693 τὸ
106 2666 251 2703 ἐγχωροῦν
266 2667 320 2694 ἀπὸ
335 2667 388 2694 τῶν
404 2668 519 2694 ἐνταῦθα
533 2670 593 2695 κατ’
607 2671 716 2705 ἐκείνην
737 2672 786 2708 τὴν
803 2681 850 2699 ποι

66 2715 169 2740 λιτείαν
184 2722 192 2729 ·
206 2714 254 2739 καὶ
268 2714 297 2739 τὸ
324 2713 372 2739 τοῦ
401 2715 533 2749 παρόντος
563 2716 620 2751 βίου
643 2718 774 2754 βλαὸερὸν
798 2719 847 2754 ὅση

67 2760 181 2795 δύναμις
197 2759 318 2794 φεύγειν.
336 2760 468 2796 Καθάπερ
487 2761 514 2788 δὲ
541 2763 676 2798 πολεμίων
699 2765 849 2801 ἐπιδρομῆς

106 2854 127 2869 ⁸⁸
142 2852 208 2880 Luc.
231 2861 257 2885 ι,
273 2854 316 2880 42,
355 2853 377 2868 ⁸’
392 2854 399 2880 1
415 2854 476 2881 Cor.
495 2862 540 2885 ιιι,
557 2854 600 2882 29.

904 1576 1024 1599 temnere
1039 1576 1157 1607 oportet,
1176 1576 1278 1606 quanto
1295 1571 1381 1606 magis
1396 1576 1491 1599 caetera
1501 1572 1514 1599 ’ί
1529 1571 1599 1604 Quid
1618 1573 1690 1599 enim

902 1620 930 1644 te
945 1617 1065 1651 impedit,
1078 1618 1141 1653 quid
1160 1621 1186 1646 te
1200 1619 1233 1644 ab
1248 1617 1393 1645 audiendis
1408 1618 1579 1645 sermonibus
1592 1619 1692 1644 anima:

906 1664 1018 1691 utiti'bus
1028 1664 1125 1691 avertit
1134 1663 1146 1690 τ
1156 1664 1196 1690 An
1208 1663 1291 1696 domi,
1302 1664 1343 1690 vel
1354 1664 1502 1691 liberorum
1516 1663 1556 1691 vel
1569 1662 1691 1690 mulieris

904 1710 992 1738 cura?
1004 1717 1068 1737 num
1083 1710 1256 1745 particularis
1270 1709 1368 1744 aliquis
1378 1710 1435 1737 sive
1446 1709 1613 1737 domesticus
1626 1717 1693 1737 mu:-

902 1764 949 1784 ror
960 1757 1016 1784 sive
1030 1757 1119 1783 latitia
1130 1757 1196 1790 {An
1205 1756 1325 1783 emendae
1337 1763 1401 1790 opes
1413 1755 1454 1782 vel
1472 1755 1692 1783 venumdanda-ii

903 1803 943 1830 An
962 1803 1095 1829 honorum
1114 1806 1223 1828 tuorunt
1241 1809 1308 1829 usus
1325 1809 1373 1828 seu
1389 1802 1480 1836 potius
1494 1802 1616 1829 abusus?
1632 1803 1687 1830 Sed

903 1847 966 1874 audi
983 1852 1009 1874 et
1020 1847 1140 1881 lntellige
1157 1846 1281 1881 Apostoli
1293 1848 1441 1874 doctrinam
1460 1855 1467 1872 :
1487 1855 1497 1872 ‹
1512 1847 1630 1880 Tetnpus
1642 1848 1690 1878 ait,

905 1894 1011 1926 fratres,
1037 1893 1118 1920 hrcve
1134 1898 1175 1920 est
1189 1900 1196 1925 ;
1224 1892 1359 1927 reliquum
1375 1897 1413 1920 est
1432 1897 1462 1919 ut
1476 1897 1504 1920 et
1517 1893 1564 1928 qui
1589 1892 1691 1920 habent

903 1949 1003 1969 uxores
1014 1961 1021 1974 ,
1038 1946 1167 1976 tanquam
1193 1947 1247 1967 non
1267 1940 1397 1967 habentes
1412 1939 1487 1973 sint;
1503 1945 1530 1967 et
1547 1941 1592 1974 qui
1610 1940 1690 1972 ﬂent,

903 1991 1031 2022 tanquam
1045 1995 1097 2014 non
1113 1986 1206 2014 ﬂentes
1221 1995 1228 2019 ;
1241 1990 1268 2014 et
1283 1987 1328 2021 qui
1343 1987 1472 2021 gaudent,
1490 1990 1619 2021 tanquam
1635 1995 1689 2014 non

903 2035 1068 2069 gaudentes;
1090 2038 1116 2061 et
1130 2033 1176 2068 qui
1196 2038 1300 2066 emunt,
1319 2037 1447 2067 tanquam
1471 2040 1525 2060 non
1547 2033 1690 2068 possiden-

904 2084 961 2112 tes;
977 2085 1003 2106 ct
1019 2080 1064 2114 qui
1076 2083 1190 2106 utuntur
1205 2078 1257 2105 hoc
1272 2078 1383 2111 mundo,
1399 2082 1526 2112 tanquam
1540 2085 1592 2104 non
1609 2083 1690 2104 utan-

903 2127 965 2157 tur;
983 2123 1103 2158 praeterit
1113 2123 1185 2150 enim
1210 2122 1296 2158 ﬁgura
1322 2123 1403 2156 hujus
1420 2122 1511 2149 mundi
1528 2122 1562 2149 ".
1580 2131 1590 2147 ›
1612 2123 1688 2155 Quod

899 2175 944 2197 cst
969 2175 1074 2203 tempus
1110 2168 1183 2196 istud
1207 2168 1310 2196 breve?
1337 2168 1430 2195 Brevis
1454 2173 1497 2195 est
1526 2167 1591 2200 vita,
1615 2176 1689 2196 mors

868 2205 890 2232 θ
904 2216 1035 2251 proxima,
1053 2214 1237 2248 corruptibilis
1255 2214 1305 2242 iste
1323 2215 1454 2247 mundus,
1469 2215 1540 2241 altt-r
1554 2215 1600 2249 qui
1617 2222 1690 2242 sent-

902 2270 950 2298 pcr
968 2265 1068 2289 inanet.
1086 2261 1141 2289 Nos
1152 2265 1244 2288 autem
1260 2266 1316 2301 tute
1330 2263 1363 2288 ad
1380 2261 1453 2288 illttm
1473 2260 1601 2288 conducit
1615 2269 1686 2295 pra:-

902 2310 988 2336 sentis
1010 2307 1103 2334 tnundi
1123 2311 1308 2341 contemptus,
1325 2307 1386 2340 siet
1404 2307 1436 2334 ad
1451 2307 1572 2334 futurum
1599 2307 1686 2341 parati

901 2362 1009 2387 sumus,
1025 2354 1046 2380 si
1064 2359 1114 2388 pro
1127 2352 1230 2379 viribus
1241 2351 1330 2379 abhis
1344 2352 1474 2379 abstracti
1490 2352 1637 2379 secundum
1656 2352 1687 2378 il-

901 2400 954 2427 lam
971 2399 1205 2426 conversationem
1223 2398 1354 2429 vivamus,
1368 2403 1395 2424 et.
1412 2399 1498 2426 virtus
1514 2399 1540 2425 in
1557 2405 1589 2425 eo
1605 2403 1687 2425 estut

900 2446 972 2480 quod
989 2445 1099 2472 noxium
1117 2449 1157 2472 est
1174 2444 1256 2478 hujus
1272 2443 1366 2470 mundi
1385 2444 1529 2476 lugiamus.
1549 2444 1687 2476 Quemad-

899 2491 1009 2518 modum
1025 2491 1147 2519 hostibus
1162 2490 1189 2517 in
1206 2489 1337 2518 suburbia
1353 2489 1531 2520 irruentibus.
1545 2497 1625 2525 agros
1641 2490 1688 2516 Ita-

899 2537 995 2564 bemus
1012 2542 1140 2572 tanquam
1162 2543 1214 2563 non
1236 2535 1377 2566 habentes,
1397 2540 1423 2561 et
1447 2535 1607 2569 plerumque
1626 2535 1688 2562 illos

898 2583 1032 2618 fugientes
1045 2583 1120 2609 intus
1131 2582 1181 2608 ιιιιί
1194 2580 1376 2612 ambulamus,
1389 2584 1416 2606 et
1431 2579 1453 2606 si
1472 2580 1505 2606 ad
1522 2585 1628 2614 tempus
1643 2587 1688 2606 re—

901 2628 1033 2656 cesserint
1050 2627 1165 2660 inimici,
1181 2626 1296 2654 breviter
1314 2626 1415 2652 utimur
1438 2625 1603 2652 ambulacris
1625 2626 1689 2652 urbi

901 2674 1114 2709 subiacentibus,
1138 2681 1192 2701 non
1218 2679 1308 2700 autem
1335 2671 1490 2706 abutimur;
1513 2674 1687 2698 contractum

901 2722 973 2749 enim
987 2719 1170 2755 conspicimus
1186 2727 1252 2748 usus
1269 2724 1392 2754 tempus:
1413 2718 1449 2745 ita
1466 2718 1499 2745 ad
1516 2718 1568 2744 hoc
1585 2718 1689 2744 ηιυυιιο

903 2766 1045 2798 utendum.
1065 2769 1092 2793 et
1118 2772 1171 2792 non
1197 2764 1361 2793 abutendum
1378 2764 1501 2792 hortatur
1516 2762 1686 2797 Apostolus:
