1882 3073
90 153 137 185 2‘33

750 155 921 186 HOMILIA
942 155 1038 187 XXII.

1651 153 1707 186 291i.

90 212 227 245 νονθιτεῖς
254 221 264 239 ι
283 211 366 245 Νίκα,
391 213 486 248 φησὶν,
510 213 538 239 ἐν
560 212 597 247 τῷ
622 212 717 247 ἀγαθῷ
733 213 764 240 τὸ
778 214 872 246 κακὸν,

944 216 1008 243 ario.
1025 215 1086 242 Noli
1104 215 1217 243 reddere
1246 215 1347 242 malum
1366 222 1416 250 pro
1437 214 1520 248 main,
1546 214 1587 241 vel
1608 222 1708 249 oppro-

90 259 133 284 καὶ
150 258 223 284 δίδου
237 259 322 284 τόπον
336 259 369 293 τῇ
385 258 466 292 ὀργῇ,
482 258 530 284 καὶ
550 258 588 293 μὴ
612 259 743 294 ἀντιστῇς
760 259 799 294 τῷ
821 268 872 286 πο-

91 303 169 338 νηρῷ,
183 303 254 338 μηδὲ
270 303 413 339 ἀποδύσῃς
426 303 512 330 κακὸν
525 304 585 331 ἀντὶ
597 304 695 337 κακοῦ,
709 305 725 339 ἤ
740 304 874 340 λοιδορίαν

91 347 146 373 ἀντὶ
160 347 308 381 λοιδορίας,
319 347 376 373 ἀλλ’
386 349 512 382 ἀγαπᾶτε
524 348 588 379 τοὺς
598 349 723 384 ἐχθροὺς,
736 350 873 384 εὐλογεῖτε

89 394 148 424 τοὺς
178 393 405 428 καταρωμένους,
422 394 514 425 καλῶς
536 395 638 421 ποιεῖτε
663 396 719 425 τοίς
748 396 874 431 μισοῦσιν

90 439 166 473 ὑμᾶς,
193 440 244 465 καὶ
274 439 460 475 προσεύχεσθε
488 440 557 475 ὑπὲρ
583 440 639 467 τῶν
664 441 873 476 ἐπηρεαζόντων

89 486 155 519 ὑμᾶς
167 486 215 512 καὶ
227 485 389 513 διωκόντων.
409 495 420 512 ι
447 486 480 513 Τί
500 486 527 513 δὲ
547 486 577 513 τὸ
593 487 642 514 τοῦ
671 487 761 523 βιαίου
776 489 871 515 τούτου

88 530 142 565 βίου
164 531 258 565 τέλος,
284 532 333 558 καὶ
350 532 404 558 τῶν
420 532 537 566 ἀγώνων
550 533 580 559 τὺ
595 533 711 560 ἔπαθλον
726 542 732 566 ;
751 543 760 560 ι
777 534 872 566 Ὅπως

87 578 207 612 γένησθε,
226 579 305 614 φησι.
320 579 373 605 υἱοὶ
395 579 443 605 τοῦ
473 580 579 614 Πατρὺς
595 579 674 614 ὑμῶν
690 579 737 607 τοῦ
762 581 792 607 ὲν
815 582 872 612 τοῖς

85 623 216 658 οὖραποῖς,
233 632 245 649 ι
267 623 315 650 καὶ
335 623 499 659 κληρονόμοι
523 625 573 659 μὲν
590 624 670 657 Θεοῦ,
690 626 870 660 συγκληρονό-

87 675 128 700 μοι
145 667 172 693 δὲ
198 667 333 702 Χριστοῦ,
354 668 401 694 καὶ
427 667 501 703 ζωὴν
526 668 662 695 ἀθάνατον
680 670 802 704 σχοίητε,
823 672 871 697 καὶ

86 712 222 746 βασιλείαν
248 713 381 749 ἄρρητον,
397 713 558 745 ἀσάλευτον.
582 714 721 750 ἀδιάδοχον
748 716 872 751 παραλά-

85 759 154 793 θητε,
170 760 211 791 εἰς
240 759 345 791 αἰῶνας
371 761 502 795 ἀπείρους
517 755 557 796 τῷ
578 761 639 797 Θεῷ
664 763 799 795 συζῶντες
824 764 870 790 καὶΙ

86 804 342 838 συμϐατίλεύοντες.
362 805 446 832 Ἴδετε
465 807 516 840 τὴν
532 807 629 841 στενὴν
651 809 700 835 καὶ
723 808 870 843 τεθλιμμέ-

83 858 128 884 νην
140 850 197 877 ὁδὸν
212 850 256 882 τίς
275 850 333 878 ἐστι
346 859 353 884 ;
372 851 418 878 καὶ
434 851 506 878 διατί
519 856 585 888 παρ’
599 853 678 888 ἡμῶν
698 854 868 887 ἀπαιτεῐται,

85 882 159 932 129
184 898 233 924 καὶ
247 899 318 934 πρὸς
335 882 414 925 ποίαν
430 899 510 932 δόξαν
530 882 578 927 καὶ
601 882 688 936 itain
711 903 757 929 καὶ
774 882 868 938 κέρδος
885 882 907 912 Β

82 952 154 979 φέρει
165 945 213 970 τὸν
225 944 262 971 δι’
273 944 359 980 αὐτῆς
375 945 443 971 ίέναι
456 947 685 982 προαιρούμενον;
698 946 732 975 Ἀ
740 956 772 983 ραι
785 949 812 975 et
825 949 868 980 τίς

82 1000 109 1017 σε
118 991 235 1026 πολυετῆ
247 991 372 1026 ποιήτειν
383 991 550 1027 ὑπισχνεῖτο,
560 993 608 1020 ἐὰν
620 994 699 1029 μόνον
711 995 869 1031 ὐπακούσῃς

82 1036 162 1072 αὐτῷ,
178 1037 230 1064 οὐκ
252 1037 286 1064 ἂν
303 1038 454 1072 προθύμως
473 1039 593 1074 ὑπῆλθες
615 1041 666 1076 τὴν
693 1040 829 1076 ὑπακοὴν,
844 1042 869 1068 εἰ

83 1084 115 1117 μή
133 1091 158 1110 τι
174 1083 230 1110 τῶν
247 1084 388 1111 ἀδυνάτων
402 1085 527 1112 ἀπαιτῶν
543 1083 577 1121 ἦν
593 1094 600 1119 ;
616 1087 647 1113 El
669 1087 696 1113 δὲ
713 1088 760 1114 καὶ
775 1088 870 1122 ὑγείαν

82 1128 211 1162 καὶδόξαν
217 1130 268 1156 καὶ
277 1130 376 1165 ἡδονὴν
387 1135 624 1168 προσυπισχνεττο,
633 1133 672 1169 τῷ
680 1135 805 1162 πολυετεῖ
821 1135 870 1171 βίῳ

82 1178 402 1212 συμπαρεκτεινομένην,
424 1177 452 1204 τί
478 1178 529 1206 οὐκ
546 1179 580 1205 ἂν
596 1181 775 1216 προῦπέστης
798 1182 869 1217 ὑπὲρ

81 1221 188 1255 τούτους
205 1223 238 1249 El
263 1222 293 1249 δὲ
308 1224 356 1250 καὶ
379 1223 521 1258 βασιλείαν
542 1226 711 1261 προσετίθει,
726 1229 774 1254 καὶ
792 1228 870 1264 βασι-
885 1230 889 1235 “

82 1270 152 1297 λείαν
166 1271 310 1306 ἀπόλεμόν
325 1280 355 1298 τε
381 1272 429 1299 καὶ
452 1273 656 1308 ἀνεπηρέαστον
675 1273 745 1308 μετὰ
761 1274 869 1309 μακροῦ

81 1326 108 1344 τε
129 1318 179 1345 καὶ
201 1318 302 1345 avom
319 1318 389 1354 βίου,
404 1317 449 1354 ἆρ’
474 1319 524 1346 οὑκ
547 1319 580 1346 ἂν
602 1319 807 1355 ἀνεπτερώθης,
822 1320 869 1346 καὶ

81 1364 178 1399 κοῦφον
193 1365 252 1392 πᾶν
267 1365 360 1401 ᾠήθης
375 1365 445 1400 βαρὺ
458 1365 488 1392 τὺ
497 1365 564 1401 πρὸς
577 1365 686 1400 ἐκείνην
704 1365 798 1400 φέρον,
809 1366 869 1398 ταῖς

82 1411 166 1437 ἐλπίσι
182 1411 365 1446 τρεφόμενος,
379 1412 426 1438 καὶ
441 1410 478 1442 ὡς
492 1411 633 1446 παρούσης
652 1411 797 1438 ἀπολαύων
819 1411 868 1445 τῆς

82 1457 272 1493 ἐλπιζομένης,
298 1457 378 1493 εἴπερ
405 1457 493 1492 ἀληθῆ
518 1457 629 1491 λέγοντα
657 1457 771 1493 ᾠήθηςς
803 1456 868 1484 Εἶτα

82 1503 261 1538 πολυχρονίου
291 1503 342 1538 μὲν
368 1503 441 1539 ζωῆς
467 1503 668 1538 ἐπιθυμοῦμεν,
685 1505 734 1537 τῆς
755 1503 866 1530 αἰωνίου

924 261 1013 288 brium
1027 269 1075 296 pro
1090 260 1256 295 opprobriis,
1273 261 1319 288 sed
1333 261 1437 296 diligite
1449 260 1575 287 inimicos
1590 265 1706 293 vestros,

924 307 1079 335 benedicite
1093 307 1321 335 nlalcdicentibns
1336 307 1423 338 vobis,
1442 306 1593 334 benefacite
1606 307 1647 334 eis
1660 307 1707 341 qui

924 353 1044 380 oderunt
1061 361 1121 385 vos,
1147 356 1174 380 et
1193 358 1270 380 orate
1299 360 1349 386 pro
1369 353 1595 388 persequentibus
1613 357 1639 379 el
1663 359 1709 379 ea-

924 399 1124 426 lumuiantibus
1150 406 1199 427 vos
1212 400 1244 426 ".
1268 409 1278 426 l
1301 399 1368 432 Quis
1384 405 1474 427 autem
1497 399 1557 426 ﬁnis
1583 399 1709 426 violentae

923 444 1006 479 hujus
1024 445 1108 472 vitze?
1135 446 1276 478 Quodnam
1309 446 1443 473 luctarum
1470 446 1617 473 bravium?
1644 455 1654 470 ι
1675 444 1709 471 Ut

923 489 994 522 sitis,
1012 490 1114 525 inquit,
1134 491 1180 518 lilii
1200 491 1287 518 Patris
1308 491 1391 518 vestri
1416 491 1461 525 qui
1487 491 1512 518 in
1535 491 1613 517 cmlis
1636 497 1705 523 es',n

923 535 1045 563 bazredes
1063 536 1173 571 quidem
1191 537 1249 570 Dei,
1265 537 1422 565 colueredes
1441 542 1530 565 autem
1548 537 1660 569 Christi,
1681 542 1709 564 et

922 580 1005 607 vitam
1025 585 1156 609 mternam
1187 582 1320 615 habeatis,
1351 588 1377 610 et
1407 591 1519 618 regnum
1554 583 1707 616 inellabile,

922 628 1121 661 tranquillum,
1148 629 1228 656 linem
1258 637 1311 656 non
1338 629 1444 657 habens
1469 629 1631 664 accipiatis,
1661 636 1708 663 per

922 677 1022 699 aeterna
1038 674 1138 700 sartula
1157 682 1219 701 cum
1239 673 1294 702 Deo
1310 675 1430 702 viventes
1446 679 1528 709 atque
1550 679 1709 709 regnantes.

922 718 1029 746 Videtis
1046 727 1106 754 qua:
1122 721 1158 747 sit.
1174 725 1250 748 arcta
1272 725 1300 748 et
1316 725 1432 756 angusta
1455 721 1508 754 vis,
1529 728 1615 755 quare
1630 728 1645 747 a
1659 729 1708 747 no-

920 764 963 792 bis
990 765 1127 800 exigatur,
1157 767 1190 793 ad
1220 767 1326 801 qualem
1351 768 1465 802 gloriam
1489 767 1707 799 etltntitiam,aul

921 811 1002 845 quale
1030 811 1136 839 lucrum
1157 813 1230 839 ducit
1251 820 1313 840 eum
1336 814 1384 848 qui
1413 821 1461 849 per
1482 821 1541 840 eam
1568 813 1709 840 ambulare

925 857 1094 884 intenderit?
1121 857 1149 885 Si
1180 860 1241 894 quis
1262 860 1310 887 tibi
1334 861 1418 887 vitam
1447 860 1604 887 diuturnam
1628 859 1709 894 polli-

921 907 1039 935 ceatur,
1065 903 1211 932 dummodo
1241 905 1266 933 ei
1303 913 1400 940 pareas
1418 925 1425 937 ,
1457 913 1548 933 nonne
1584 905 1710 933 lubenter

921 949 1029 976 subires
1046 949 1245 984 obedientiam,
1262 951 1316 978 nisi
1334 952 1399 986 quid
1423 959 1504 986 supra
1532 951 1605 979 vires
1619 953 1710 986 exige-

921 993 984 1021 ret?
1002 994 1030 1021 Si
1045 995 1160 1030 insuper
1175 998 1321 1024 sanitatetn
1338 1001 1365 1024 et
1381 997 1494 1031 gloriam
1506 998 1707 1033 etvoluptatenl

922 1040 1065 1076 promittat
1082 1042 1144 1069 vitte
1161 1043 1298 1070 diuturna:
1315 1044 1481 1077 adiunctam,
1500 1043 1563 1078 quid
1582 1051 1630 1077 pro
1649 1043 1709 1070 istis

921 1094 977 1115 non
992 1087 1145 1115 toleraresi
1163 1087 1191 1115 Si
1211 1096 1275 1117 vero
1290 1089 1403 1123 adjiciat
1419 1096 1543 1123 regnum,
1553 1094 1580 1115 et
1593 1096 1707 1123 regnum

921 1134 981 1161 sine
997 1134 1079 1166 bello,
1100 1135 1159 1162 sine
1176 1135 1327 1162 offensione
1350 1142 1412 1162 eum
1442 1135 1496 1162 vita
1522 1135 1582 1162 sine
1613 1135 1708 1162 morbo

921 1179 966 1207 diu
984 1181 1123 1211 duratura,
1136 1188 1227 1207 nonne
1241 1180 1394 1213 advolares,
1408 1184 1434 1207 et
1448 1180 1506 1207 lere
1524 1180 1708 1214 quodrunque

921 1235 993 1255 onus
1020 1231 1132 1261 putares
1156 1227 1227 1261 quod
1255 1231 1281 1253 te
1317 1226 1349 1252 ad
1371 1225 1435 1253 illud
1460 1226 1637 1258 conduceret,
1661 1233 1708 1260 spe

921 1273 1053 1305 nutritus,
1072 1278 1100 1300 et
1119 1273 1194 1300 velut
1209 1271 1336 1307 praesenti
1350 1277 1459 1307 sperato
1480 1280 1564 1306 regno
1586 1273 1707 1307 gavisus,

921 1320 944 1347 si
961 1320 1036 1347 illum
1062 1327 1125 1347 vera
1151 1319 1242 1346 dicere
1263 1319 1414 1346 censeres?
1431 1318 1524 1351 Quid?
1549 1318 1706 1346 diuturnam

921 1365 1004 1392 vitam
1017 1365 1251 1399 concupiscimus,
1266 1368 1395 1391 a-ternam
1408 1369 1498 1391 autem
1510 1364 1612 1391 nullius
1627 1365 1706 1399 pretii

920 1410 1055 1438 facint-us?
1070 1411 1191 1444 liegtmm
1212 1417 1337 1444 magnum
1362 1409 1482 1444 quidem,
1500 1410 1545 1437 sed
1570 1410 1650 1437 linem
1669 1416 1708 1438 ta-

919 1465 981 1485 men
999 1457 1113 1487 habens,
1130 1455 1245 1492 gloriam
1259 1459 1285 1482 et
1301 1455 1422 1482 l:elitiam
1444 1463 1569 1491 magnam
1585 1457 1706 1491 quidem,

920 1503 967 1531 sed
983 1503 1084 1538 pariter
1096 1507 1187 1530 tamen
1203 1507 1372 1536 pereuntem,
1386 1501 1495 1530 divitias
1511 1509 1573 1529 cum
1590 1502 1641 1530 hac
1654 1503 1708 1529 vita

80 1550 106 1576 δὲ
121 1550 194 1585 ζωῆς
209 1551 241 1577 οὐ
260 1549 432 1585 ποιησόμεθα
451 1550 547 1584 λόγον;
563 1550 617 1577 Καὶ
631 1549 769 1585 βασιλείαν
784 1550 833 1584 μὲν
845 1551 868 1577 εί

944 1549 1086 1577 mittendas
1112 1549 1149 1576 ita
1174 1548 1391 1576 desiderauimus
1405 1552 1433 1575 et
1448 1556 1496 1583 pro
1512 1549 1555 1576 his
1570 1549 1709 1577 laborabi-

81 1596 125 1622 καὶ
135 1596 261 1632 μακρὰν,
276 1596 333 1623 ἀλλ’
345 1596 419 1631 ὅμως
432 1596 547 1630 ἔχουσαν
562 1595 650 1628 τέλος,
665 1596 711 1622 καὶ
730 1595 808 1629 δόξαν
821 1597 868 1624 καὶ

81 1643 164 1676 χαρὰν
191 1644 216 1669 εἰ
243 1643 293 1669 καὶ
311 1641 444 1677 μεγάλην,
460 1642 519 1668 ἀλλ⁴
529 1642 603 1677 ὅμως
617 1641 803 1675 ἀπα-ιθοῦσαν,
819 1642 867 1669 καὶ

82 1688 191 1715 πλοῦτον
206 1688 248 1724 τῷ
270 1688 320 1724 βίῳ
345 1687 430 1724 τούτῳ
447 1688 714 1723 συγκαταλυόμενον,
727 1687 798 1715 οὕτω
819 1696 869 1715 που

83 1735 211 1770 θήσομεν,
228 1735 279 1761 καὶ
296 1734 366 1770 ὑπὲρ
382 1735 476 1761 τούτου
502 1735 668 1770 πονήσομεν,
689 1735 724 1762 τὰ
747 1735 775 1761 δὲ
800 1734 869 1770 μετὰ

83 1780 129 1815 τῆς
142 1781 302 1816 ὑπερϐολῆς
321 1781 368 1807 καὶ
395 1781 523 1817 ἀκήρατα
540 1781 606 1808 ὄντα
630 1781 677 1808 κοιλ¹
703 1780 869 1816 ἀτελεύτητα

84 1827 130 1853 οὐκ
155 1827 435 1862 ὲκζητήσομεν,οὺδὲ
462 1828 564 1862 μικρὰν
593 1826 784 1862 ὑπομενοῦμεν
809 1827 870 1862 βίαν

85 1873 149 1908 ὑπὲρ
178 1873 231 1909 τῆς
259 1872 349 1899 αὐτῶν
379 1872 583 1908 κληρονομίαςς
605 1873 700 1900 Καίτοι
718 1872 871 1908 ¹βασιλείαν

84 1919 220 1954 ἀπόλεμον
249 1918 418 1953 ὑπεθέμεθα,
437 1919 498 1954 ἥτις
519 1919 569 1945 οὑκ
588 1919 621 1945 ἂν
637 1919 741 1953 γένοιτο
756 1920 802 1944 ὲπὶ
821 1918 871 1952 τῆς

85 1966 143 2000 γῆς,
153 1967 201 1992 καὶ
214 1964 274 2000 βίον
286 1964 400 1996 ἄλυπον,
415 1963 445 1990 ὃν
458 1964 509 1990 οὐκ
523 1964 556 1991 ἂν
572 1963 674 1999 εὕροις,
690 1965 714 1990 εί
728 1963 765 1999 μὴ
778 1964 806 1990 ὲν
815 1964 871 1995 τοῖς

928 1603 999 1628 mus,
1016 1595 1086 1622 bona
1102 1599 1191 1621 autem
1209 1594 1285 1620 valde
1303 1593 1470 1628 praestantia,
1490 1594 1707 1629 incorruptibilia

922 1646 950 1669 et
972 1641 1077 1668 inﬁnita
1105 1647 1160 1667 non
1184 1646 1347 1674 quaeremus,
1372 1646 1422 1666 nec
1440 1638 1526 1666 levem
1551 1639 1605 1666 vim
1630 1639 1708 1666 nobis

923 1687 1056 1716 faciemus
1075 1692 1103 1714 ut
1119 1687 1165 1713 illa
1182 1685 1352 1712 sortiantur?
1368 1684 1480 1711 Frustra
1494 1691 1708 1720 proponerentus

923 1734 1003 1761 nobis
1018 1740 1132 1768 regnum
1148 1731 1208 1759 sine
1224 1730 1307 1762 bello,
1331 1730 1404 1765 quod
1420 1730 1446 1758 in
1471 1733 1545 1758 terra
1562 1738 1615 1757 non
1635 1731 1710 1758 iuve-

922 1781 1008 1812 nitur,
1022 1779 1065 1807 vel
1081 1778 1163 1805 vitam
1190 1777 1251 1805 sine
1276 1777 1370 1804 labore
1389 1784 1471 1812 quam
1496 1785 1552 1804 non
1577 1777 1710 1812 reperires

924 1827 976 1854 nisi
996 1825 1023 1852 in
1039 1825 1125 1857 cmlo;
1153 1824 1200 1851 sed
1218 1824 1241 1851 si
1266 1824 1328 1857 quis
1350 1831 1381 1850 ea
1400 1824 1545 1856 desiderat,
1561 1824 1594 1850 ad
1610 1825 1708 1850 emtum

924 1876 1035 1904 currat;
1057 1876 1085 1898 et
1098 1870 1157 1897 sive
1174 1868 1262 1896 facilis
1279 1869 1338 1895 sive
1354 1876 1451 1903 aspera
1465 1869 1501 1896 sit
1515 1869 1556 1896 via
1572 1869 1605 1896 ad
1620 1869 1644 1895 id
1660 1870 1712 1895 du-

925 1924 1002 1948 cens,
1024 1923 1072 1951 per
1092 1922 1152 1942 eam
1180 1914 1231 1941 iter
1259 1913 1352 1946 faciat,
1371 1921 1420 1948 spe
1439 1914 1573 1948 gaudens,
1588 1914 1710 1941 laborem

925 1962 1070 1991 sulIerens.

84 2013 216 2047 οὐρανοῖς.
236 2011 320 2038 Ὥστε
335 2012 359 2037 εί
378 2011 463 2038 ταῦτα
480 2011 557 2037 ποθεῖ
571 2019 623 2043 τις.
641 2012 709 2047 πρὸς
727 2014 773 2038 τὸν
788 2011 902 2046 οὐρανὸν
918 2011 1060 2046 τρεχέτω·
1080 2009 1129 2036 καὶ
1146 2009 1200 2036 εἴτε
1218 2008 1297 2044 ρᾳδία
1338 2008 1394 2035 εἴτε
1434 2008 1562 2041 δύσκολος
1590 2008 1606 2044 ἡ
1643 2008 1711 2043 πρὸς

84 2060 161 2086 αὑτὸν
175 2060 296 2094 ἄγουσα,
310 2059 344 2086 δι’
359 2059 466 2094 ἐκείνης
481 2058 608 2091 ὁδευέτω,
618 2060 650 2094 τῇ
663 2059 750 2086 ἐλπίδι
765 2060 869 2095 χαίρων
888 2059 936 2086 καλ.
954 2060 988 2094 τῇ
1004 2058 1092 2093 θλίψει
1106 2056 1260 2091 ὑπομένων.

118 2109 190 2135 Ἰστε
208 2107 406 2143 πάντες,ὑπὲρ
431 2104 469 2135 ὧν
490 2108 529 2139 εἰς
551 2107 648 2139 πόνους
669 2108 717 2134 καὶ
739 2107 871 2138 θανάτους

85 2155 195 2186 ἑαυτοὺς
209 2153 408 2189 παραδιδόασιν
426 2153 576 2189 ἄνθρωποι.
589 2154 627 2180 Οὐ
644 2153 743 2189 μικροῦ
762 2162 870 2189 σιτηρε-

85 2201 138 2227 σίον
154 2201 168 2226 δ
189 2199 364 2235 στρατιώτης
389 2199 457 2234 πρὸς
473 2199 615 2231 κινδύνους
639 2199 806 2233 ἀνηκέστους
823 2201 870 2225 καὶ

86 2247 190 2281 σφαγὰς
215 2245 477 2281 παρασκευάζεται;
495 2245 533 2271 Οὐ
556 2246 658 2280 μικρᾶς
685 2245 843 2281 προσθήκης
857 2247 871 2272 ὁ
886 2267 910 2296 D

85 2292 201 2327 ἔμπορος
218 2290 442 2326 καταποντισμοῦ
460 2291 630 2326 περιφρονεῖ,
645 2291 693 2318 καὶ
706 2292 870 2326 πνευμάτων

85 2338 130 2364 καὶ
157 2337 264 2372 ἀγρίων
285 2335 440 2370 ἀνθρώπων
455 2336 503 2362 ἐπὶ
524 2335 575 2370 γῆς
590 2336 637 2362 καὶ
653 2335 789 2372 θαλάττης
804 2337 872 2371 ἐπη-

88 2382 158 2418 ρείας
185 2382 394 2416 ἐπιφερόντωνς
421 2381 460 2408 Οὐ
490 2381 592 2417 μικρΞς
621 2382 710 2417 μάζης
740 2382 872 2413 πολλάκις

88 2428 172 2454 δοῦλοι
201 2429 325 2461 γίνονται
355 2427 447 2454 πολλοὶ
484 2428 622 2455 δεσποτῶν
657 2428 872 2464 ἀπανθρώπωνς

94 2473 186 2508 Ἡμεῖς
209 2473 239 2499 δὲ
262 2472 292 2498 οὐ
318 2471 499 2507 δουλεύσομεν
515 2471 553 2507 τῷ
583 2470 663 2506 φύσει
689 2471 873 2507 φιλανθρώπῳ

91 2520 230 2554 Aea-.1611);
249 2518 280 2544 οὺ
297 2517 561 2553 προκινδυνεύσομεν
587 2517 637 2552 τῆς
654 2518 726 2553 ζωῆς
741 2526 747 2550 ;
761 2518 809 2544 οὐκ
828 2519 873 2543 ὲκ-

91 2565 246 2600 φορήσομεν
259 2563 293 2590 τὰ
311 2555 426 2598 περιττὰ
447 2562 501 2588 τῶν
524 2562 683 2597 κτημάτων,
701 2562 744 2589 ἵνα
768 2562 873 2596 κτησώ-

93 2610 158 2646 μεθα
182 2611 230 2636 τ>ιν
255 2609 379 2644 οὐράνιον
401 2607 534 2641 πλοῦτον;
557 2608 607 2643 οὐχ
622 2607 811 2643 ὑπομενοῦμεν
826 2607 875 2642 τὴν

91 2658 120 2687 ἐξ
133 2656 287 2692 ἀνθρώπων
300 2655 418 2688 ἀδοξίαν,
430 2655 477 2682 καὶ
500 2654 576 2682 ταῦθ’
593 2655 630 2686 ὡς
645 2655 679 2681 τὰ
698 2655 782 2681 πολλὰ
807 2655 875 2689 φαύ-

91 2703 151 2734 λων,
169 2703 214 2730 ἵνα
228 2703 305 2733 θείτς
324 2702 499 2737 ἐπιτύχωμεν
518 2701 608 2736 δόξης,
623 2702 672 2736 τὴν
687 2701 787 2736 θνητὴν
802 2701 875 2727 ἀντι-

91 2748 207 2780 διδόντες
236 2749 287 2784 τῆς
314 2748 471 2780 ἀθανάτους
488 2747 518 2774 οὐ
548 2747 717 2781 πεινάσομεν
746 2747 874 2782 μετρίως,

91 2795 149 2821 οὐδὲ
167 2794 328 2830 διψήσομεν,
344 2793 387 2821 ἴνα
404 2794 537 2829 φάγωμεν
555 2793 601 2820 τὸν
617 2793 647 2827 ἐξ
661 2793 775 2829 οὐρανοῦ
794 2801 876 2820 κατα-

129 2884 149 2900 ”
171 2886 251 2913 ltuit.
275 2892 330 2918 ιι,
363 2883 415 2917 2|;
449 2884 547 2911 Matth.
571 2891 594 2917 ν,
617 2883 664 2910 57.

960 2106 1052 2134 Nostis
1067 2113 1164 2134 omnes
1184 2113 1233 2141 pro
1247 2105 1350 2140 quibus
1370 2104 1532 2139 semetipsos
1551 2103 1578 2131 in
1603 2103 1710 2131 labores

923 2157 952 2181 et
974 2157 1088 2180 mortem
1117 2151 1225 2178 tradere
1254 2150 1344 2178 solent
1372 2150 1506 2177 homines.
1528 2149 1620 2176 Nonne
1658 2157 1708 2184 pro

925 2205 1010 2234 parvo
1024 2197 1161 2232 stipendio
1191 2197 1289 2224 milites
1320 2204 1380 2224 sese
1403 2195 1580 2223 horribilibus
1604 2196 1711 2230 perit-n-

926 2245 960 2272 lis
994 2249 1020 2271 et
1047 2243 1227 2271 internecioni
1253 2243 1390 2270 alterunt?
1410 2242 1505 2270 Nonne
1526 2249 1576 2277 pro
1599 2243 1710 2269 minimo

922 2298 1006 2326 npum
1021 2292 1194 2317 incremento
1209 2294 1345 2316 mercator
1367 2293 1540 2323 tempestates
1554 2289 1669 2322 despicit
1684 2292 1711 2314 ιι

922 2341 1019 2363 ventos
1034 2340 1061 2362 et
1073 2335 1146 2362 feros
1158 2334 1282 2362 homines
1296 2335 1340 2368 qui
1354 2342 1428 2361 mare
1443 2339 1598 2368 terramque
1612 2334 1709 2361 infesta

924 2381 1048 2408 faciunt?
1062 2380 1158 2407 Nonne
1173 2388 1222 2414 pro
1235 2387 1318 2414 parvo
1332 2380 1412 2414 panis
1424 2379 1510 2407 frusto
1524 2380 1623 2414 sa-pius
1633 2380 1711 2407 mulli

923 2427 1055 2454 durorum
1075 2426 1142 2453 linnl
1161 2426 1233 2453 servi
1249 2425 1446 2452 dominorum?
1464 2425 1497 2451 Et
1515 2433 1564 2452 nos
1582 2433 1635 2452 non
1651 2434 1710 2452 ser-

928 2473 1033 2499 viemus
1051 2472 1167 2506 benigno
1185 2475 1288 2498 natura
1312 2471 1448 2498 Domino?
1472 2471 1539 2499 Vitae
1560 2472 1711 2506 perieulum

928 2518 1002 2545 adire
1017 2516 1223 2545 recusahimus?
1245 2516 1303 2543 Non
1319 2517 1481 2552 abjicicmus
1495 2517 1652 2544 divitiarum
1666 2525 1713 2545 en.

929 2563 1060 2600 perﬂuum
1075 2583 1083 2596 ,
1109 2568 1139 2590 ut
1163 2563 1289 2591 ccelcstes
1313 2570 1378 2597 opes
1402 2563 1627 2597 consequamur?
1652 2563 1711 2590 Non

929 2609 1124 2638 sustinebimus
1140 2608 1260 2637 dedecus
1284 2616 1316 2635 ex
1341 2613 1416 2643 parte
1431 2609 1572 2635 hominum
1589 2609 1712 2644 plerum-

930 2664 983 2691 que
998 2656 1103 2688 vilium,
1128 2660 1157 2682 ut
1171 2655 1290 2682 divinam
1307 2655 1456 2682 sortiantur
1469 2654 1593 2689 gloriam,
1610 2660 1712 2680 morta-

930 2708 982 2730 lem
1005 2711 1052 2737 pro
1077 2702 1224 2728 immortali
1251 2700 1470 2728 eotnululautes?
1494 2699 1551 2726 Non
1573 2700 1713 2734 paulisper

929 2750 1095 2779 esuriemus,
1112 2756 1198 2782 neque
1214 2748 1340 2774 sitiemus
1361 2751 1388 2774 ut
1402 2747 1600 2773 manducemus
1616 2753 1712 2780 panem

929 2795 992 2822 vita:
1006 2795 1038 2822 de
1051 2795 1121 2822 coelo
1136 2794 1356 2826 descendentem,
1376 2798 1401 2821 ct
1413 2793 1540 2821 bibamus
1552 2800 1636 2828 aquas
1651 2799 1712 2818 vere
