1888 3067
55 120 97 152 3'29

717 116 885 148 HOMILIA
904 116 994 146 XXV.
1612 105 1665 135 2'30
1701 125 1704 134 λ

54 177 90 202 σία
99 172 270 208 τοῦΧριποῦ
284 171 392 207 τιμῶσα
404 172 451 199 καὶ
466 173 537 207 μετὰ
553 173 668 201 θάνατον
679 174 741 205 τοὺς
759 172 831 199 κατὰ

925 179 943 197 n
965 170 1011 205 qui
1028 169 1092 196 hinc
1107 168 1134 195 in
1150 167 1194 194 illa
1211 165 1255 193 die
1267 165 1445 192 decesserunt
1460 166 1487 188 et
1501 169 1534 188 ex
1551 161 1603 188 hac
1613 161 1669 188 vita

53 221 108 247 Θεὸν
120 219 155 251 ὥς
163 219 274 254 ἀληθῶς
285 218 433 254 ζήσαντας,
448 218 509 246 καθ’
522 219 641 254 ἑκάστην
664 220 772 254 ἡμέραν
783 217 829 245 τοῦ

53 266 163 293 ἐνιαυτοῦ
180 266 294 300 μνήμην
310 265 492 291 ποιεῖταιτιῖη
500 265 561 291 κατ’
574 265 661 300 αὐτὴν
677 265 829 300 μεταστάνο

53 321 96 338 των
113 311 249 343 ἐντεῦθεν,
264 311 312 337 καὶ
330 312 378 345 τῆς
395 311 532 346 ὲπικήρου
545 311 648 346 ταύτης
673 310 746 345 ζωῆς
764 312 832 338 ἁπο-

53 359 224 394 δημησάντων
237 357 324 392 ἁγίων
339 364 346 371 ⁸
367 357 412 383 τόν
424 365 455 383 τε
472 357 528 392 βίον
540 358 656 384 ἑκάστου
672 357 831 392 προτιϐεἰσα

52 404 180 439 τῆςὴμῶν
200 404 294 430 ἕνεκεν
324 402 466 436 ὠφελείας,
495 403 585 430 καὶτὸ
614 403 689 435 τέλος
711 403 833 430 ὑποδεικ-

54 451 119 482 ιῡεα,
134 449 188 475 εἴτε
207 449 267 482 μετ’
281 448 394 483 είρήνης
409 448 584 483 κεκοίμηται,
602 449 656 475 εἶτε
668 448 832 484 μαρτυρικῷ

53 497 110 522 τέλει
123 497 168 521 τὸν
185 495 243 529 βίον
251 493 420 520 κατέκλεισε.
438 493 496 520 Νῦν
509 494 537 520 δὲ
562 494 631 529 μετὰ
646 493 696 529 τὴν
729 495 831 528 Πεντη-

53 541 139 576 κοπτὴν
151 540 219 575 ὁμοῦ
229 541 335 572 πάντας
348 541 552 576 συναγαγοῦσα,
561 540 650 568 κοινὸν
663 541 753 572 αὐτοῖς
766 541 831 567 ἁνα-

53 586 144 620 πέμπει
156 585 202 612 τὸν
213 585 310 619 ὕμνον,
338 586 368 612 οὑ
401 587 482 621 μόνον
509 586 548 612 ὅτι
574 586 676 617 πάντες
701 585 830 620 ἀλλήλοις

52 633 169 666 ῆνωνται,
180 632 230 657 καὶ
242 631 313 658 κατὰ
326 632 375 665 τὴν
387 631 550 666 δεσποτικὴν
580 632 663 666 εὐχὴν
679 631 708 658 ἓν
738 632 809 659 εἰσιν
822 639 830 648 '

55 686 63 703 ι
76 678 120 709 Δὸς
133 678 187 713 γὰρ
201 678 303 709 αὐτοῖς,
323 679 389 712 φησὶ
403 677 470 713 πρὸς
494 678 541 705 τὸν
564 677 661 705 ἑαυτοῦ
682 678 789 713 Πατέρα
804 679 833 705 ὲν

883 217 986 243 caduca
1001 215 1198 250 migraverunt,
1215 216 1269 238 tam
1295 208 1512 243 uniuscujusque
1535 208 1618 233 vitam
1642 208 1670 232 in

884 261 973 288 medio
991 266 1146 295 proponens
1159 261 1269 292 propter
1285 255 1427 282 utilitatem
1439 257 1572 284 nostram,
1584 259 1669 286 quam

885 315 999 336 mortem
1010 307 1167 338 ostendens,
1179 306 1235 332 sive
1245 303 1316 338 quod
1328 303 1354 329 iu
1365 308 1429 336 pace
1439 299 1611 332 dormierint,
1621 306 1668 326 seu

884 355 955 390 quod
975 353 1104 389 martyrio
1120 353 1203 380 vitam
1223 351 1383 378 clauseriut.
1405 348 1491 375 Hodie
1506 352 1596 375 autem
1609 351 1671 380 post

886 402 1075 433 Pentecosten,
1093 398 1221 425 omnibus
1247 395 1328 424 simul
1346 394 1531 429 Cougregatis,
1545 401 1671 420 contmn-

886 454 947 474 nem
962 446 994 472 ad
1012 452 1059 472 eos
1075 445 1205 479 hymnum
1218 442 1328 474 emittit,
1349 448 1402 468 non
1418 445 1522 467 tantum
1539 439 1670 473 quoniam

883 499 980 519 omnes
1002 490 1053 518 sibi
1070 490 1184 517 invicem
1203 488 1342 522 conjuncti
1364 491 1437 518 sunt,
1460 491 1488 514 et
1503 486 1565 520 quia
1585 493 1670 511 unum

886 541 951 564 sunt
962 535 1112 563 secuudtun
1125 534 1277 561 orationem
1294 531 1459 559 dominicam
1475 539 1482 557 :
1501 531 1538 556 ait
1552 530 1624 557 enim
1636 530 1670 556 ad

886 583 993 610 Patrem
1016 581 1044 608 in
1063 579 1216 614 Evangeliis
1236 578 1375 605 Dominus.
1391 585 1399 603 ι
1420 587 1430 603 ι
1457 577 1494 603 Da
1511 577 1551 604 eis
1568 581 1597 602 ut
1618 576 1673 602 sit

886 627 1063 661 unutn,siaut
1077 633 1139 660 ego,
1152 624 1242 656 Pater;
1255 624 1281 651 in
1298 628 1333 656 te,
1349 627 1376 649 et
1389 627 1415 649 tu
1431 623 1456 649 in
1472 630 1524 655 tne,
1540 627 1606 649 utet
1619 622 1645 655 ip
1664 621 1673 648 i

887 677 915 704 in
933 675 1012 703 nobis
1030 679 1114 700 unum
1136 671 1190 699 sint
1212 670 1239 697 iu
1255 670 1369 696 veritate
1382 669 1416 695 ".
1434 678 1442 694 ι

53 724 218 758 Εὐαγγελίοις
232 724 247 750 ὁ
259 724 372 760 Κύριος,
390 733 399 750 t
420 725 462 751 ἵνα
491 726 590 756 πάντες
614 724 642 751 ἓν
660 721 723 755 ὦσι,
741 724 867 759 καθάπερ
886 721 952 757 ἐγὼ,
968 720 1072 754 Πάτερ,
1092 719 1120 745 ὲν
1136 717 1189 750 σοὶ,
1205 716 1253 742 καὶ
1269 716 1300 742 σὺ
1314 714 1432 750 “spot,
1452 714 1496 741 ἵνα
1521 714 1567 741 καὶ
1598 714 1675 742 αὐτοὶ

57 773 82 798 ἑν
92 772 154 806 ἡμῖν
169 772 199 798 ἓν
215 768 283 798 ὦσιν
293 772 321 798 ὲν
335 771 460 808 ἀληθείᾳ.
477 780 487 798 ι

83 819 116 845 οὐ
132 818 214 852 μόνον
230 819 322 845 τοίνυν
339 819 383 845 διὰ
398 818 478 845 τοῦτο
490 819 579 845 κοινὸν
596 819 689 851 αὐτοῖς
704 820 772 847 πᾶσι
787 820 832 846 τὸν

925 817 994 850 Νοη,
1007 817 1131 851 inquam.
1142 816 1253 849 propter
1266 813 1318 840 hoc
1336 811 1423 839 solum
1438 818 1609 838 communem
1621 818 1676 838 mu‘

54 865 130 899 ὕμνον
143 865 309 892 ἀποδίδωσιν
329 865 404 900 ἠτοῦ
431 865 499 892 Θεοῦ
533 865 694 900 Ἐκκλησία,
714 865 771 892 ἀλλ’
789 867 830 893 ὅτι

53 911 95 938 καὶ.
111 911 212 946 σπουδὴ
227 910 314 945 ταύτῃ
333 911 377 938 διὰ
394 919 424 937 τε
435 911 485 945 τῆς
496 911 578 945 ἁγίας
591 911 830 947 Τεσσαρακοσίιῆς,

53 957 154 992 καὶτῆς
178 957 238 991 μετ’
269 957 355 992 αὐτὴν
378 958 581 992 Πεντηκοστῆς,
607 958 698 985 πάντα
714 958 747 985 τὰ
763 958 832 992 ἔργα

54 1002 162 1036 ἐκφῆναι
189 1002 238 1028 καὶ
255 1003 410 1037 ἁνυμνῆσαι
422 1002 468 1028 τοῦ
495 1002 575 1029 Θεοῦ.
594 1003 672 1029 Ἐπεὶ
684 1001 731 1030 οὖν
744 1004 832 1030 πάντα

54 1049 163 1081 ἐξεῖπεν,
193 1049 232 1080 ὡς
260 1049 318 1074 ῐὰτε
329 1057 336 1063 ·
352 1047 411 1080 πῶς
435 1049 485 1082 τὴν
510 1048 597 1084 ἀρχὴν
608 1049 622 1075 ὁ
640 1049 741 1083 κόσμος
756 1045 833 1080 οὗτος

53 1095 119 1126 ἅπας
133 1095 240 1128 ἐγένετο
261 1094 315 1120 ὑπὸ
330 1094 415 1120 Θεοῦ·
438 1093 496 1125 πῶς
512 1094 527 1120 ὁ
548 1094 630 1129 Ἀδὰμ
656 1093 762 1129 eadem,
785 1094 834 1121 τοῦ

53 1141 211 1176 παραδείσου
225 1141 273 1167 καὶ
289 1139 334 1166 τοῦ
345 1139 413 1166 Θεοῦ
424 1147 431 1155 ·
445 1140 502 1170 πῶς
515 1140 529 1165 ὁ
540 1140 625 1166 πάλαι
637 1140 704 1172 λαῇς
719 1140 832 1176 ἐκλήθη·

54 1188 104 1218 πῶς
129 1187 176 1214 καὶ
204 1185 284 1214 αὐτοὶ
310 1185 484 1220 παραόάντες
504 1184 663 1221 ἐξώσθησαν
685 1187 735 1221 τῆς
766 1187 832 1220 πρὸς

52 1235 113 1260 Θεὸν
127 1234 294 1266 οἰκειότητος
305 1240 311 1247 ’
330 1233 387 1264 πῶς
401 1233 414 1258 ὁ
437 1231 484 1258 τοῦ
511 1231 579 1258 Θεοῦ
607 1234 757 1268 μονογενὴς
771 1233 835 1265 Υἱὸς

55 1279 142 1310 κλίνας
156 1279 289 1313 οὐρανοὺς
305 1277 374 1312 ὑπὲρ
391 1278 470 1313 ἡμῶν
499 1277 629 1312 κατῆλθε,
642 1278 691 1305 καὶ
715 1278 835 1314 ἔπραξεν

53 1325 117 1360 ὑπὲρ
129 1324 207 1359 ἡμῶν
219 1324 340 1357 ἐξαίσια,
359 1326 406 1351 καὶ
422 1324 526 1356 ἐδίδαξε
548 1325 582 1351 τὰ
598 1325 730 1359 σωτήρια,
749 1326 835 1352 ἐπαθὲ

53 1378 77 1396 τε
90 1370 136 1396 καὶ
146 1369 286 1397 ἀπέθανεν
305 1369 375 1404 ὑπὲρ
393 1369 483 1403 ήμῶν,
502 1369 550 1396 καὶ
569 1368 658 1404 ἐτάφη
678 1370 715 1402 ὡς
729 1371 837 1406 ἄνθρω-

53 1423 106 1447 πος,
125 1417 171 1441 καὶ
187 1415 227 1446 ὼς
254 1415 320 1446 Θεὸς
333 1414 434 1448 ἀνέστη
447 1415 607 1450 τριήμερος,
627 1415 673 1442 καὶ
696 1417 736 1447 είς
753 1417 836 1451 οὐρα-

55 1461 122 1493 νοὺς,
136 1460 197 1487 ὃθεν
213 1461 263 1487 καὶ
280 1459 424 1493 κατῆλθεν,
442 1460 555 1494 ὕστερον
572 1461 642 1495 μετὰ
657 1461 760 1496 σαρκὸς
774 1463 835 1489 ἀνε-

52 1506 146 1541 λήφθη,
167 1507 217 1533 καὶ
232 1506 350 1537 καθίσας
363 1507 395 1533 ὲκ
409 1505 505 1539 δεξιῶν
519 1505 566 1532 τοῦ
582 1507 699 1542 Πατρὶς,
712 1507 836 1541 ἐπεμψεν

53 1551 149 1577 ἐκεῖθεν
164 1551 350 1585 τὸῖπανάγιον
366 1550 478 1585 Πνεῦμα
491 1558 498 1566 ·
513 1551 575 1577 ἐπεὶ
588 1549 636 1578 οὖν
650 1553 740 1579 πάντα
750 1552 837 1579 ταῦτα

55 1595 205 1631 ἀνύμνησεν
218 1597 234 1631 ἡ
252 1595 302 1622 τοῦ
318 1597 385 1623 Θεοῦ
409 1596 570 1632 Ἐκκλησία,
581 1597 628 1624 νῦν
641 1598 688 1624 καὶ
702 1597 732 1624 τὸ
744 1597 837 1625 λεῖπον

53 1642 228 1676 προστιοεῖσὰ
243 1650 274 1668 τε
285 1642 354 1678 ὁμοῦ
371 1643 418 1670 καὶ
432 1643 574 1676 δεικνῦσα,
586 1644 689 1675 πόσους
705 1645 751 1670 καὶ
763 1645 836 1675 οἴους

54 1688 173 1722 καρποὺς
186 1688 327 1722 συνήγαγε
342 1687 409 1722 πρὸς
427 1687 500 1724 ζωὴν
511 1687 620 1715 αίὼνιον
636 1690 652 1724 ἡ
669 1689 716 1715 τοῦ
732 1689 835 1724 Κυρίου

55 1734 96 1759 ni
109 1733 177 1760 Θεοῦ
194 1733 243 1760 καὶ
257 1733 384 1769 Σωτῆρος
397 1733 476 1769 ὑμῶν
498 1733 584 1769 Ἰησοῦ
595 1733 715 1769 Χριστοῦ
733 1743 836 1770 παρου-

56 1779 106 1811 σία,
121 1781 168 1805 καὶ
179 1780 197 1813 ἡ
209 1778 259 1805 τοῦ
271 1779 404 1813 παναγίου
420 1779 578 1814 Πνεύματος
592 1780 836 1815 δύναμις,πάντων

55 1824 118 1857 ὁμοῦ
134 1825 255 1850 ποιεῖται
272 1823 325 1850 τῶν
346 1824 431 1857 ἁγίων
447 1826 497 1859 τὴν
513 1825 636 1860 μνήμην,
649 1825 694 1852 καὶ
713 1827 780 1853 πᾶσι
791 1826 837 1853 τὸν

54 1869 133 1904 ὒμνον
148 1870 196 1896 καὶ
210 1870 262 1904 τὴν
272 1870 354 1905 τιμὴν
369 1871 517 1897 ἀποδίδωσι
531 1872 661 1906 σήμερον.

84 1915 254 1950 Τιμήσωμεν
279 1915 325 1942 οὖν
355 1917 400 1942 καὶ
421 1918 515 1952 ἡμεῖς,
529 1918 654 1951 ἀδελφοὶ,
671 1919 733 1950 τοὺς
745 1917 841 1953 ἁγίους

53 1961 94 1987 τοῦ
111 1961 190 1988 Θεοῦ.
210 1962 372 1997 Τιμὴσομεν
395 1962 423 1989 δὲ
447 1963 524 1997 πῶς;
551 1964 614 1990 Ἐὰν
637 1963 707 1990 κατὰ
723 1965 841 1999 μίμησιν

53 2007 160 2033 ἐκείνων
185 2006 355 2041 καϐἀρωμεν
373 2008 485 2040 ἑαυτοὺς
507 2009 562 2035 ἀπὸ
579 2009 680 2042 παντὸς
698 2009 840 2045 μολυσμοῦ

53 2053 149 2087 σαρκὸς
165 2053 213 2079 καὶ
228 2052 396 2088 πνεύματος,
415 2057 460 2081 καί
481 2056 645 2091 ἀποστῶμεν
674 2057 729 2082 τῶν
745 2057 839 2083 κακῶν

51 2102 117 2132 τέως
131 2101 175 2127 διὰ
186 2101 238 2135 τῆς
255 2102 358 2137 ἀποχῆς
370 2101 472 2130 τούτων
495 2103 565 2138 πρὸς
582 2104 739 2139 ἁγιωσύνην
756 2105 838 2140 φερό-

53 2154 125 2179 μενοι
136 2155 142 2161 ·
158 2147 207 2173 ἐὰν
223 2147 378 2182 παύσωμεν
391 2149 441 2183 τὴν
452 2148 579 2183 γλῶσσαν
597 2150 676 2184 ἡμῶν
688 2151 742 2177 ἀπὸ
753 2151 837 2186 ὅρκου

52 2193 95 2218 καὶ
110 2194 270 2228 ἐπιορκίας,
295 2194 430 2228 ληρωδίας
445 2203 474 2221 τε
492 2196 541 2222 καὶ
562 2196 707 2230 λοιδορίας,
729 2197 776 2223 καὶ
802 2197 837 2223 τὰ

50 2239 122 2274 χείλη
134 2239 216 2273 ἡμῶν
231 2240 285 2265 ἀπὸ
299 2240 414 2274 ψεύδους
426 2241 474 2267 καὶ
490 2242 688 2276 συκοφαντίας,
704 2243 750 2269 καὶ
765 2242 837 2269 οὕτω

50 2285 94 2318 τὴν
105 2285 245 2321 εὐφημίαν
255 2286 347 2317 αὐτοῖς
362 2288 558 2323 προσάγωμεν.
579 2288 642 2314 Ἐὰν
657 2289 685 2314 δὲ
701 2289 738 2323 μὴ
753 2288 838 2321 οὕτως

884 866 966 893 nibus
986 865 1116 899 hymnum
1127 859 1339 890 solvitEcclesia
1353 858 1412 891 Dei,
1428 860 1475 885 sed
1485 859 1566 885 etiam
1582 863 1611 885 ut
1625 858 1676 885 hoc

883 910 976 938 studio
991 917 1040 944 per
1051 915 1158 936 sacram
1172 905 1414 940 Quadragesimam
1430 905 1569 939 ipsamque
1581 905 1678 932 subse-

883 961 1011 992 queutem
1034 954 1203 981 Pentecoste:
1226 951 1403 979 festivitatem
1420 952 1511 978 omnia
1531 951 1577 977 Dei
1594 959 1678 986 opera

883 1002 1057 1038 proferantur
1068 1006 1094 1028 et
1107 999 1232 1028 laudibus
1243 998 1409 1031 efferantur;
1421 1003 1450 1024 ut
1458 998 1551 1025 sciatis
1574 999 1676 1032 (omnia

883 1048 958 1076 brevi
968 1054 1095 1075 sermone
1108 1044 1506 1080 comprehendam),quomodo
1518 1051 1532 1070 a
1545 1044 1677 1078 principio

885 1094 1003 1121 mundus
1014 1094 1067 1121 iste
1079 1097 1153 1119 totus
1167 1099 1182 1119 a
1198 1090 1252 1118 Deo
1265 1090 1352 1118 factus
1367 1095 1424 1122 est;
1441 1090 1579 1123 quomodo
1589 1090 1675 1117 Adam

886 1148 900 1168 a
914 1139 1042 1176 paradiso
1066 1134 1092 1166 et
1107 1138 1162 1165 Deo
1182 1138 1284 1172 ejectus
1300 1141 1358 1170 est;
1382 1137 1519 1172 quomodo
1534 1141 1612 1164 vetus
1629 1137 1676 1164 Dei

886 1187 1002 1221 populus
1016 1191 1130 1212 vocatus
1147 1185 1217 1216 fuit;
1235 1184 1371 1218 quomodo
1389 1184 1438 1218 ipsi
1458 1190 1568 1218 quoque
1583 1189 1675 1210 trans—

886 1233 971 1268 gressi
981 1233 1063 1260 amoti
1074 1237 1138 1260 sunt
1148 1239 1162 1258 a
1173 1231 1357 1258 familiaritate
1365 1230 1425 1262 Dei;
1436 1229 1573 1264 quomodo
1584 1230 1681 1263 unige-

886 1279 962 1306 nitus
974 1279 1020 1306 Dei
1034 1278 1118 1306 Filius
1130 1277 1215 1305 caelos
1224 1277 1359 1303 inclinans
1370 1283 1418 1310 pro
1430 1275 1509 1302 nobis
1520 1275 1674 1304 descendit.

886 1330 913 1353 et
925 1331 975 1361 pro
987 1325 1065 1352 nobis
1077 1332 1146 1351 nova
1157 1323 1223 1351 fecit
1233 1327 1260 1350 et
1276 1322 1407 1350 salutaria
1421 1322 1524 1355 docuit,
1539 1329 1589 1356 pro
1601 1322 1679 1348 nobis

888 1379 986 1406 passus
1005 1375 1047 1398 est
1061 1375 1089 1398 et
1106 1375 1244 1402 mortuus,
1263 1370 1387 1404 sepultus
1407 1374 1436 1396 ut
1453 1368 1544 1401 homo,
1559 1374 1586 1396 Ill
1606 1369 1679 1396 Deus

888 1422 948 1452 post
964 1422 1021 1445 tres
1033 1417 1091 1445 dies
1108 1407 1268 1446 resurrexit.
1290 1415 1316 1442 in
1333 1415 1434 1442 coelum
1453 1414 1525 1442 unde
1539 1415 1679 1451 descendit

890 1467 982 1498 postea
993 1471 1055 1491 eum
1067 1469 1183 1497 corpore
1193 1461 1328 1493 aseeudit,
1341 1466 1367 1488 ct
1380 1461 1478 1488 sedens
1492 1461 1526 1488 ad
1539 1460 1677 1488 dexteram

849 1500 871 1531 θ
887 1509 987 1541 Patris,
1014 1509 1089 1536 misit
1106 1508 1169 1535 inde
1197 1507 1328 1542 Spiritum
1353 1507 1569 1534 sanctissimum.
1595 1507 1679 1542 Igitur

887 1560 1030 1590 postquam
1056 1554 1113 1580 ha:e
1129 1553 1222 1580 omnia
1244 1551 1364 1579 laudavit
1381 1552 1427 1578 Dei
1447 1552 1578 1585 Ecclesia,
1595 1552 1678 1580 hodie

887 1601 998 1635 insuper
1009 1605 1106 1627 caetera
1115 1599 1269 1634 produceus
1282 1597 1419 1633 simulque
1435 1598 1595 1630 ostendens,
1611 1603 1679 1632 quot

886 1651 914 1673 et
934 1645 1028 1680 quales
1048 1645 1153 1672 fructus
1175 1645 1201 1671 in
1224 1645 1306 1671 vitam
1322 1648 1451 1671 aeternam
1468 1644 1676 1679 congregaverit

887 1691 995 1719 Domini
1011 1696 1039 1719 et
1054 1691 1100 1718 Dei
1120 1695 1146 1718 et
1159 1691 1305 1718 Salvatoris
1321 1690 1406 1717 nostri
1424 1689 1487 1716 Jcsu
1506 1689 1607 1717 Christi
1625 1689 1675 1715 ad-

889 1743 996 1770 ventus,
1015 1745 1121 1764 necnon
1148 1737 1234 1764 virtus
1258 1736 1425 1764 sanctissimi
1453 1736 1581 1770 Spiritus,
1618 1743 1680 1761 om-

892 1783 966 1810 nium
986 1782 1068 1810 simul
1082 1785 1239 1809 sanctorum
1256 1781 1417 1807 memoriam
1435 1779 1513 1812 facit,
1532 1779 1677 1807 omnibus-

892 1837 944 1864 que
956 1829 1086 1864 hymnum
1106 1831 1134 1854 et
1149 1827 1280 1854 honorem
1298 1827 1347 1852 huc
1364 1825 1409 1852 die
1426 1826 1567 1860 persolvit.

925 1919 980 1946 Nos
995 1926 1124 1958 Suoque,
1143 1917 1252 1950 fratres,
1270 1916 1295 1943 in
1320 1916 1424 1943 honore
1442 1915 1591 1943 habeamus
1615 1924 1680 1944 san-

891 1970 950 1994 ctos
967 1965 1025 1993 Dei.
1043 1965 1077 1992 At
1098 1963 1236 1998 quomodo
1255 1963 1358 1990 honore
1385 1961 1564 1989 habebimus?
1587 1962 1615 1989 Si
1632 1971 1680 1990 eos

891 2011 988 2038 imitati
1009 2010 1189 2037 etnuudemus
1212 2017 1261 2036 nos
1286 2009 1320 2036 ab
1343 2009 1418 2036 omni
1440 2009 1521 2036 sorde
1539 2005 1630 2036 carnis
1652 2015 1681 2036 ει

891 2058 1014 2091 spiritus,
1031 2064 1046 2084 a
1061 2056 1140 2084 malis
1165 2055 1352 2083 abstineamus
1375 2056 1464 2083 donec
1482 2062 1528 2089 per
1544 2055 1614 2083 hanc
1631 2056 1680 2082 ab-

891 2103 1048 2131 stinentiam
1076 2101 1110 2128 ad
1135 2109 1231 2128 eorum
1255 2102 1466 2129 sanctimoniam
1489 2102 1619 2130 feratuur.
1649 2103 1679 2129 Si

888 2151 980 2185 lingua
989 2155 1082 2177 nostra
1097 2156 1110 2175 a
1124 2148 1290 2184 iuramentis
1313 2153 1340 2175 et
1352 2148 1480 2183 periuriis
1495 2149 1637 2183 quieverit,
1654 2150 1679 2176 si

888 2204 903 2224 a
917 2195 1080 2230 vaniloquiis
1095 2199 1121 2222 et
1132 2194 1299 2229 opprobriis,
1315 2194 1339 2221 si
1354 2195 1424 2221 labia
1435 2198 1528 2222 nostra
1538 2203 1587 2222 nec
1602 2202 1676 2222 metu

888 2243 994 2270 dacium
1024 2248 1112 2276 neque
1144 2241 1348 2276 sycophantiam
1381 2240 1472 2267 locuta
1502 2240 1615 2274 fuerint,
1642 2240 1679 2268 ita

889 2289 982 2316 laudes
1006 2289 1092 2316 bonas
1109 2287 1150 2314 eis
1166 2287 1364 2322 persolvemus.
1388 2286 1415 2313 Si
1436 2291 1528 2314 autem
1554 2293 1678 2315 nosmet-

50 2330 156 2362 ἑαυτοὺς
173 2330 353 2365 καθάρωμεν,
367 2331 545 2367 ἀκουσόμεθα
567 2333 681 2365 δικαίως
702 2334 766 2369 παρ’
784 2335 832 2360 αὺ-

925 2342 965 2362 sos
984 2334 1025 2362 sic
1049 2341 1104 2360 non
1120 2333 1368 2362 cmemlat’erimus.
1384 2331 1445 2366 jure
1461 2332 1560 2367 singuli
1582 2333 1617 2360 ab
1639 2334 1680 2360 eis

49 2376 99 2401 τῶν
112 2377 158 2402 καὶ
177 2377 258 2412 ἡμῶν
271 2377 387 2408 ἕκαστος
403 2378 496 2406 ἐκεῖνα
508 2378 542 2405 τὰ
557 2379 604 2405 τοῦ
620 2379 689 2406 Θεοῦ
708 2380 776 2415 πρὸς
793 2380 839 2407 τὸν

50 2422 206 2457 dit-aptat)th
235 2423 363 2458 ῥήματα⁸
384 2423 442 2451 Ἵνα
457 2424 483 2450 τί
510 2426 614 2460 τολμᾷς
631 2425 840 2461 ἀναλαμϐάνειν

48 2469 92 2494 ἐπὶ
109 2470 234 2504 μνήμης,
259 2471 306 2496 καὶ
324 2469 412 2497 λαλεῖν
434 2471 478 2497 διὰ
504 2471 627 2507 γλώττης
644 2473 697 2498 καὶη
716 2473 787 2500 αὐτὰ
804 2472 839 2499 τὰ

47 2515 99 2542 τῶν
113 2516 198 2550 ἁγίων
212 2516 345 2550 ὀνόματα,
364 2518 410 2544 καὶ
423 2517 577 2552 διηγεῖσθαι
595 2516 644 2554 τὴν
664 2519 754 2554 πάσης
771 2520 838 2553 ἀρε-

46 2561 94 2595 τῆς
111 2563 157 2588 καὶ
176 2562 365 2597 καθαρότητος
390 2565 615 2600 πεπληρωμένην
644 2564 724 2601 146
747 2565 838 2591 αὐτῶν

47 2607 202 2642 ὄιαγωγήν;
234 2609 269 2634 Σὺ
286 2609 314 2634 δὲ
331 2610 466 2644 ἐμίσησας
483 2611 529 2636 τιν
556 2612 686 2646 ἐνάρετον
707 2611 776 2646 βίον,
791 2612 838 2638 καὶ

46 2653 99 2680 ἀπὸ
115 2654 217 2681 σαυτοῦ
233 2654 283 2689 τὴν
298 2654 347 2689 τῆς
361 2656 450 2691 ψυχῆς
461 2655 564 2682 καὶτοῦ
579 2655 706 2691 σώματος
718 2656 838 2682 ἀπεδίω-

48 2700 92 2731 ξας
103 2700 291 2736 καθαρότητα.
313 2710 322 2727 ι
341 2701 509 2737 Είὲθεώρεις
525 2702 658 2737 κλέπτην,
677 2703 839 2737 συνέτρεχες

48 2746 127 2780 αὐτῷ,
147 2749 193 2773 καὶ
211 2748 282 2781 μετὰ
301 2747 397 2782 μοιχιῦ
413 2748 465 2783 τὴν
477 2748 576 2783 μερίδα
595 2757 641 2774 σου
667 2748 767 2778 ἐτίθεις
781 2755 789 2762 ⁶
810 2748 840 2774 τὸ

48 2793 134 2826 arripiat
151 2801 196 2819 σου
211 2794 360 2821 ἐπλεόνασε
378 2796 489 2828 κακίας,
505 2797 550 2822 καὶ
601 2795 711 2829 γλῶσσά
725 2804 772 2822 σου
793 2803 840 2822 πε-

87 2854 110 2870 ⁷⁹
125 2853 209 2882 Joan.
225 2862 292 2887 xvn,
316 2854 362 2882 ΞΟ.

175 2903 314 2932 Ριτκοι..
335 2903 393 2932 Gtt.
412 2903 475 2933 CLI

888 2381 1030 2408 audiemus
1040 2388 1071 2408 ea
1088 2387 1148 2414 qua:
1165 2380 1235 2406 Deus
1251 2379 1387 2413 peceatori
1399 2379 1465 2406 dicit
1476 2379 1558 2406 verba
1575 2389 1583 2408 :
1602 2389 1611 2405 ι
1629 2380 1681 2408 Ut-

887 2426 952 2461 quitl
967 2433 1051 2453 ausus
1066 2433 1094 2452 es
1109 2425 1135 2451 in
1147 2424 1307 2452 memoriam
1318 2430 1459 2451 assumere
1470 2429 1498 2451 et
1510 2424 1600 2459 lingua
1615 2432 1682 2459 pro-

888 2475 960 2501 ferre
990 2476 1148 2500 sanctorum
1174 2472 1295 2504 numina,
1325 2471 1488 2506 plenamque
1517 2471 1624 2500 virtutis
1652 2477 1681 2498 et

889 2520 1031 2548 munditiae
1043 2518 1279 2546 conversationem
1293 2525 1387 2546 eorum
1398 2517 1546 2545 enarrare?
1559 2517 1599 2544 'l‘u
1614 2525 1680 2545 vero

889 2566 952 2593 odio
966 2566 1077 2600 probam
1095 2565 1212 2592 habebas
1227 2565 1320 2597 vitam,
1336 2569 1363 2592 et
1375 2565 1454 2599 longe
1467 2571 1481 2590 a
1499 2569 1524 2591 te
1537 2564 1636 2591 animae
1652 2570 1680 2590 et

889 2612 1013 2646 corporis
1036 2610 1140 2646 ejecisti
1166 2611 1339 2638 munditiam.
1363 2619 1373 2636 ‹
1402 2609 1430 2637 Si
1447 2610 1558 2638 videbas
1580 2610 1678 2642 furem,

889 2657 1020 2685 currebas
1028 2665 1089 2685 eum
1110 2665 1156 2690 eo,
1170 2661 1273 2684 etcum
1289 2657 1421 2684 adulteris
1439 2657 1588 2691 portionem
1604 2661 1679 2683 tuam

889 2704 1020 2738 ponebas.
1034 2705 1070 2730 Os
1091 2708 1166 2730 tuum
1184 2703 1333 2730 abundavit
1347 2704 1461 2736 malitia,
1475 2708 1502 2731 et
1522 2703 1612 2738 lingua
1631 2707 1679 2729 tua

891 2750 1071 2778 concinnabat
1092 2750 1178 2778 dolos.
1195 2749 1300 2777 Sedens
1316 2749 1449 2777 adversus
1472 2750 1583 2776 fratrem
1601 2754 1676 2776 tuum

891 2795 1061 2830 quueharis,
1081 2801 1107 2824 ct
1133 2796 1263 2824 adversus
1278 2795 1364 2822 tilium
1381 2797 1479 2823 matris
1496 2800 1548 2822 tua!
1561 2794 1682 2830 ponebas

1426 2904 1459 2933 11
