1888 3067
204 87 256 121 33!

839 84 1030 116 GREGORII
1051 84 1216 116 PALAM/E

1781 87 1828 118 33?.

206 144 365 174 scandalum
381 144 429 170 ".I
446 143 582 178 llymnum
600 150 654 170 non
672 142 778 178 recipit,
792 142 903 174 fratres,
922 142 977 170 Deu

1067 143 1177 170 ιέτιλεκε
1189 141 1346 177 δολιότητας
1358 149 1364 157 ·
1389 140 1548 177 καθήμενος
1563 141 1633 168 κατὰ
1656 140 1703 168 τοῦ
1721 142 1828 177 ἁδελφοῦ

206 199 220 218 a
250 191 350 218 talibus
373 190 478 222 oribus,
505 189 551 216 sed
575 197 665 223 neque
689 189 776 216 sancti
797 189 865 221 Dci;
884 197 946 216 nam
970 190 991 217 si

205 237 394 272 unusquisque
406 239 541 266 nostrum,
556 235 578 262 si
595 243 676 262 manu
691 241 796 262 stercus
808 235 936 269 tetigerit,
949 236 993 262 illa

205 284 255 311 sibi
282 284 389 309 admota
419 289 469 309 nos
489 283 575 309 utitur
594 281 644 308 nisi
664 282 739 316 prius
765 289 824 308 eam
856 281 992 315 abluet-il,

205 328 343 364 quomodo
362 328 432 355 Deus
446 327 517 354 dona
533 326 646 361 accipiet
662 333 676 352 a
694 323 810 360 corpore
829 333 931 361 oreque
945 325 995 352 im-

206 377 319 408 mundo,
341 375 392 402 nisi
417 373 492 409 prius
517 381 565 400 nos
589 371 792 399 cmundcmus‘l
817 370 884 397 Nam
909 372 994 398 inulto

205 423 320 450 fmdiora
337 426 459 448 stercore
476 425 628 456 peccatum.
643 420 734 451 dolus,
751 419 937 451 mendacium,
954 419 997 444 in-

205 468 288 499 vidia.
298 458 402 498 odium.
415 466 539 499 avaritia,
555 466 682 501 proditio,
697 471 791 500 turpes
803 465 995 500 cogitationes,

207 514 354 548 turpiaque
371 513 466 544 verba.
482 513 655 547 infamesque
670 515 747 539 actus
760 511 806 539 illa
827 519 997 546 consequen-

206 565 257 586 tes.
271 557 323 585 Sed
336 559 474 593 quomodo
484 557 678 585 emundubitur
687 557 732 591 qui
746 556 774 583 in
789 556 839 583 ista
852 554 997 582 inciderit!

204 604 257 633 Per
282 606 484 642 pmnilentiam,
514 611 563 638 per
585 603 797 634 confessionem,
825 609 872 636 per
893 602 992 628 bonam

205 653 402 686 operationem.
419 658 467 686 per
480 650 620 678 assiduam
639 649 672 675 ad
691 648 774 674 Deum
791 647 955 674 orationem.

1043 199 1089 217 σου
1108 188 1279 220 κατελάλεις,
1297 189 1345 215 καὶ
1371 188 1443 215 κατὰ
1459 188 1507 214 τοῦ
1522 188 1581 214 υίοῦ
1602 189 1651 223 τῆς
1667 189 1770 222 μητρός
1787 197 1828 215 σου

1042 236 1142 266 ἐτίθεις
1155 235 1312 262 σκάνδαλον.
1330 244 1339 261 ι
1357 235 1394 261 Οὐ
1407 234 1516 269 δέχεται
1531 234 1629 272 ὕμνον,
1647 234 1767 268 ἀδελφοὶ,
1782 234 1829 261 ἀπὸ

1042 283 1171 309 τοιούτων
1192 281 1335 316 στομάτων
1361 279 1424 306 οὒτε
1452 280 1466 306 ό
1483 280 1560 311 Θεδτ,
1579 279 1639 305 οὔτε
1656 280 1681 306 οἱ
1706 280 1752 306 τοῦ
1766 280 1828 306 Θεοῦ

1044 329 1135 363 ἃγιοι·
1147 329 1172 354 εί
1194 329 1247 362 γὰρ
1276 327 1391 358 ἕκαστος
1404 327 1483 362 ἡμῶν
1502 327 1551 361 τὴν
1572 326 1670 353 ἑαυτοῦ
1695 327 1774 361 χεῖρα
1789 325 1828 352 κός

1045 383 1115 410 πρου
1136 373 1294 408 ἁψαμένην,
1321 373 1352 399 οὗ
1369 373 1477 407 δέχεται
1501 373 1695 407 προσενεγκεῖν
1716 371 1788 407 αὐτῷ
1805 381 1829 399 τι

1047 420 1117 455 πρὸς
1128 420 1234 454 χρείαν,
1247 418 1279 444 ἂν
1301 418 1339 453 μὴ
1357 419 1493 454 πρότερον
1510 419 1600 453 αὐτὴν
1623 418 1759 454 ὲκπλύνῃ,
1776 418 1829 449 πῶς

1045 466 1060 492 6
1075 466 1141 497 Θεὸς
1161 465 1266 498 δέξεται
1282 465 1315 491 τὰ
1339 465 1395 491 ἀπὸ
1413 465 1540 500 σώματος
1555 465 1604 491 καὶ
1618 465 1755 499 στόματος
1768 464 1830 490 ἀκα-

1046 511 1147 546 θάρτου
1165 510 1389 545 προσφερόμενα,
1407 510 1440 537 ἂν
1459 509 1496 545 μὴ
1513 511 1646 546 πρότερον
1660 510 1775 541 ἑαυτοὺς
1787 511 1829 536 ὲκ.

1046 555 1230 590 καθάρωμεν;
1256 555 1326 582 Πολὺ
1344 555 1398 590 γὰρ
1424 555 1475 590 τῆς
1491 555 1594 591 κόπρου
1614 555 1829 591 βδελυρωτέραὴ

1046 601 1178 636 ἁμαρτία,
1189 602 1204 627 ό
1222 601 1308 634 δόλος,
1331 603 1361 627 τδ
1374 601 1480 635 ψεῦδος,
1511 602 1524 628 6
1539 602 1647 636 φθόνος,
1662 602 1693 628 τὺ
1712 603 1798 636 μίσος,
1816 602 1830 635 ἡ

1046 646 1201 679 πλεονεξία,
1215 647 1231 682 ή
1247 646 1388 682 προδοσία,
1403 647 1437 673 τὰ
1449 647 1549 682 αίσχρὰ
1563 646 1734 688 διανοήματά
1748 655 1776 672 τε
1788 643 1831 672 καὶ

206 699 327 734 ῥήματα,
341 699 388 725 καὶ
403 698 430 725 αἱ
446 697 550 727 τούτοις
566 694 798 722 ἐπακολουθοῦσαι
812 694 910 728 μιαραὶ
921 692 1046 728 πράξεις.
1072 693 1155 720 ’Δλλὰ
1190 693 1250 725 πῶς
1264 694 1278 720 ὁ
1293 693 1400 725 τούτοις
1433 692 1591 729 περιπεσὼν
1621 693 1704 720 πάλιν
1738 692 1831 719 καθαί-

206 754 301 781 ρεται;
319 745 364 772 διὰ
379 744 430 780 τῆς
455 742 610 779 μετανοίας,
637 742 681 769 διὰ
696 742 746 776 τῆς
771 741 1003 776 ἐξομολογήσεως.
1023 740 1069 768 διὰ
1096 741 1146 776 τῆς
1170 741 1364 776 ἀγαθοεργίας,
1390 741 1435 769 διὰ
1464 743 1514 778 τῆς
1539 741 1665 773 ὲκτενοῦς
1695 742 1764 777 πρὸς
1790 741 1832 772 τὸν

204 794 271 821 Θεὸν
284 795 411 829 δεήσεως.

244 841 330 876 Igitur
345 841 371 867 in
384 839 443 867 istis
456 846 525 874 quas
534 837 707 866 celebramus
721 840 879 864 sanctorum
892 843 996 863 memo—
1011 846 1032 874 Β

205 890 264 926 τῆς,
280 894 340 914 cum
366 893 381 912 a
396 884 498 912 nostris
519 883 625 910 artibus
644 887 670 910 et
686 882 825 910 laboribus
846 889 976 909 vacamus
987 902 996 914 ,

207 938 264 963 Inec
286 934 321 961 sit
335 932 413 959 nobis
429 930 582 962 meditatio,
597 928 735 964 quomodo
749 929 907 956 recedentes
917 928 997 956 liberi

205 982 308 1009 erimus
332 979 366 1005 ab
380 978 419 1005 eis
434 977 460 1004 in
487 983 556 1011 quas
578 975 696 1010 quisque
710 974 839 1002 ceciderit
858 975 945 1009 culpis
969 979 998 1002 et

207 1027 343 1055 sordibus.
363 1025 390 1050 Si
406 1027 498 1050 autem
514 1027 610 1049 contra
625 1022 732 1048 animas
748 1025 854 1048 nostras
869 1020 941 1048 ludis
955 1021 996 1048 vel

206 1073 287 1108 nugis
300 1071 340 1098 vel
351 1069 678 1103 ebrietatiindulgeamus,
691 1068 829 1103 quomodo
844 1067 914 1094 foede
924 1066 998 1094 diem

207 1123 318 1154 agt-ntus
330 1117 467 1143 celebrare
481 1121 590 1143 sanctos
602 1114 738 1141 dicimus?
756 1113 867 1147 Verum,
884 1113 995 1146 fratres,

206 1165 333 1200 obsecro,
351 1163 423 1190 absit
442 1166 471 1189 ut
486 1161 523 1188 ita
542 1169 588 1188 cos
611 1160 794 1192 celebremus,
815 1160 861 1187 sed
881 1159 996 1187 acceda-

207 1218 269 1237 mus
283 1214 310 1236 et
330 1217 379 1236 nos
394 1215 508 1242 corpore
525 1211 552 1234 et
567 1207 658 1233 anima
677 1205 733 1234 Dco
751 1205 930 1240 acccptahiles
941 1225 949 1237 ,
969 1204 997 1231 in

207 1255 262 1283 illis
281 1253 437 1282 festivitatis
451 1253 559 1285 diebus,
578 1257 608 1279 ut
629 1252 727 1278 fiamus
741 1256 768 1278 et
785 1259 834 1277 nos
851 1250 996 1285 participes

209 1300 336 1336 precibus
352 1304 510 1327 sanctorum
526 1298 619 1333 gloriae
643 1305 749 1324 necnon
771 1301 880 1324 :cternte
900 1304 995 1324 eorum

210 1347 311 1375 latitia;
322 1367 329 1379 ,
345 1354 415 1381 quas
429 1353 480 1373 nos
502 1353 597 1372 omnes
614 1344 744 1379 consequi
761 1344 896 1371 tribuatur
910 1344 996 1378 gratia

210 1399 237 1421 et
264 1392 434 1427 benignitate
448 1391 556 1418 Domini
581 1391 667 1418 nostri
693 1390 757 1418 .lcsu
782 1390 893 1423 Christi.
916 1398 995 1425 quem

208 1441 288 1467 decet
305 1439 391 1474 gloria
407 1444 469 1464 cum
480 1441 580 1464 :cterno
601 1437 660 1472 eius
674 1437 764 1469 l’atre,
781 1443 807 1464 et
823 1436 996 1464 sanctissimo

211 1487 336 1520 bonoque
355 1490 436 1519 atque
452 1483 559 1511 viviﬁco
575 1483 689 1518 Spiritu,
709 1491 782 1511 nunc
798 1488 825 1510 ct
847 1491 954 1518 semper
969 1487 996 1509 et

210 1533 236 1558 in
251 1531 354 1558 swcula
374 1530 547 1557 smeulorum.
564 1530 661 1556 Amen.

1082 835 1168 862 Ὅταν
1182 834 1272 862 τοίνυν
1284 834 1313 861 ὲν
1339 835 1400 866 ταῖς
1429 833 1643 870 ἐορταζομεναις
1668 834 1724 860 τῶν
1749 834 1832 869 ἁγίων

1051 881 1172 917 μνήμαις
1192 880 1246 908 ἀπὺ
1262 880 1316 907 τῶν
1335 879 1439 915 τεχνῶν
1463 880 1602 916 ἡμῶνκαὶ
1623 880 1679 907 τῶν
1690 881 1831 916 ἐπιτηδευ-

1050 930 1142 963 μάτων
1158 927 1272 959 ἑκαστος
1298 927 1483 962 σχολάςωμεν,
1510 926 1590 953 τοῦτο
1606 926 1685 961 ἡμῶν
1701 926 1772 953 ἔστω
1789 935 1832 962 με-

1047 975 1164 1009 λέτημα,
1190 974 1248 1004 πῶς
1271 973 1314 999 ἴνα
1332 973 1496 1007 ἁποστῶμεν
1518 973 1565 999 καὶ
1583 973 1725 1008 ἐλεύθεροι
1751 974 1833 1008 γενώ-

1050 1021 1120 1056 μεθα
1135 1014 1188 1047 τῶν
1204 1017 1240 1047 ὦν
1254 1021 1371 1051 ἕκαστος
1387 1021 1553 1056 περιέπεσεν
1566 1021 1709 1056 ἁμαρτιῶν
1724 1021 1772 1047 καὶ
1791 1029 1834 1056 μο-

1047 1068 1168 1103 λυσμῶν.
1184 1068 1213 1094 El
1223 1067 1251 1094 δὲ
1262 1067 1309 1093 καὶ
1326 1067 1386 1094 τότε
1400 1067 1534 1102 παίζομεν
1544 1067 1615 1094 κατὰ
1622 1067 1678 1094 τῶν
1691 1068 1833 1103 ἡμετέρων

1048 1114 1138 1140 αὐτῶν
1154 1113 1248 1148 ψυχῶν
1263 1113 1310 1140 καὶ
1324 1113 1528 1148 ἀδιαφοροῦμεν
1548 1113 1596 1140 καὶ
1614 1113 1763 1148 μεθύομεν,
1779 1115 1835 1145 πῶς

1047 1159 1164 1194 ἄναγνον
1175 1159 1313 1191 ποιοῦντες
1323 1160 1373 1195 τὴν
1390 1159 1497 1195 ἡμέραν
1513 1159 1654 1193 ἑορτάζειν
1666 1160 1731 1191 τοὺς
1742 1160 1834 1194 ἁγίους

1048 1206 1182 1240 ὶέγομενς
1210 1205 1291 1233 Ἀλλὰ
1323 1206 1361 1240 μὴ
1396 1204 1481 1237 οὕτως
1498 1205 1684 1241 ἑορτάζωμεν,
1715 1206 1833 1240 ἀδελφοὶ,

1049 1251 1211 1286 παρακαλῶ,
1228 1251 1298 1279 ἀλλὰ
1312 1252 1536 1287 παραστήσωμεν
1552 1253 1600 1278 καὶ
1612 1253 1694 1287 ἡμεῖς
1722 1252 1835 1287 σῶματά

1047 1307 1076 1325 τε
1092 1298 1138 1325 καὶ
1152 1298 1241 1333 ψυχὰς
1259 1298 1427 1333 εὐαρέστους
1444 1297 1483 1332 τῷ
1502 1298 1572 1333 Θεῷ,
1583 1299 1643 1325 κατ’
1664 1299 1751 1330 αὑτὰς
1770 1298 1833 1332 γοῦν

1047 1345 1096 1376 τὰς
1123 1344 1244 1378 top-stout;
1274 1343 1390 1378 ἡμέρας.
1411 1344 1456 1370 ἵνα
1484 1344 1644 1379 πρεσϐείαις
1671 1345 1728 1371 τῶν
1751 1346 1834 1379 ἁγίων

1050 1389 1158 1424 μέτοχοι
1186 1389 1234 1416 καὶ
1263 1390 1341 1417 αὐτοὶ
1361 1389 1505 1425 γενώμεθα
1522 1391 1571 1425 τῆς
1587 1391 1774 1426 πανηγύρεως
1790 1391 1835 1417 καὶ

1047 1435 1218 1471 εὐφροσύνης
1230 1436 1337 1470 ἐκείνης
1349 1436 1398 1470 τῆς
1411 1436 1566 1470 ἀπεράντου
1580 1444 1587 1452 ·
1605 1434 1638 1472 ἧς
1651 1437 1756 1470 γένοιτο
1768 1437 1835 1463 πάν-

1048 1490 1095 1512 τας
1119 1482 1194 1515 ἡμᾶς
1219 1482 1361 1516 ἐπιτυχεῖν
1388 1481 1480 1516 χάριτι
1509 1483 1556 1509 καὶ
1583 1483 1775 1518 φιλανθρωπίᾳ
1790 1483 1836 1509 τοῦ

1012 1520 1033 1549 c
1051 1527 1155 1562 Κυρίου
1185 1528 1265 1563 ήμῶν
1285 1528 1372 1562 Ἰησοῦ
1402 1528 1523 1563 Χριστοῦ
1535 1537 1542 1544 ·
1561 1526 1583 1563 ᾧ
1600 1529 1698 1563 πρέπει
1712 1529 1775 1562 δόξα
1790 1530 1836 1556 σὺν

208 1581 248 1615 τῷ
258 1581 368 1615 ἀνάρχῳ
379 1579 461 1606 αὑτοῦ
474 1579 569 1614 Πατρὶ,
588 1579 636 1605 καὶ
649 1578 688 1613 τῷ
703 1578 826 1613 navari-9
839 1578 886 1604 καὶ
901 1576 997 1612 ἁγαθῷ
1018 1577 1064 1603 καὶ
1093 1576 1217 1611 ζωοποιῷ
1247 1571 1396 1612 Πνεύματι,
1414 1577 1462 1605 νῦν
1479 1578 1527 1605 καὶ
1549 1579 1604 1612 ἀεὶ,
1621 1579 1669 1606 καὶ
1705 1579 1745 1611 εἰς
1774 1580 1836 1612 τοὺς

209 1627 313 1658 αἰῶνας
328 1626 381 1653 τῶν
398 1625 514 1652 αίώνων.
535 1626 632 1661 “Λμήν.

478 1682 620 1710 llOMlLlA
639 1682 734 1709 XXVI.

269 1731 344 1757 Dicta
361 1730 450 1757 "testis
463 1735 592 1764 tempore;
607 1729 650 1756 ubi
666 1730 697 1755 de
708 1728 841 1765 spiriltmli
855 1737 946 1756 messe.

248 1807 374 1836 Omnium
387 1807 500 1834 Crcator
510 1811 537 1833 et
552 1807 683 1834 Dominus
698 1807 744 1841 qui
755 1807 846 1834 omnia
861 1814 893 1833 cx
913 1806 1000 1834 nihilo

211 1854 276 1881 fecit
296 1861 342 1888 per
363 1861 439 1880 suam
460 1853 620 1885 bonitatem,
638 1856 699 1887 post
723 1852 826 1885 omnia,
849 1853 1000 1880 secundum

212 1900 404 1926 abundantiam
419 1900 529 1926 virtutis
540 1906 596 1926 sua:
608 1904 634 1926 et
643 1898 795 1926 ineffabiles
804 1907 853 1926 nec
862 1899 942 1926 ctiam
956 1907 1002 1926 co—

211 1947 335 1981 gitabiles
365 1946 477 1973 divitias
509 1945 650 1981 sapientia:
677 1950 704 1972 ct
741 1945 917 1981 benignitatis
945 1953 1002 1973 sua:

213 1993 348 2020 hominem
386 1992 504 2024 creavit,
543 1991 704 2018 mirabiliter
733 1991 759 2018 iu
787 1999 843 2018 uno
865 1996 892 2019 ct
918 1998 1001 2027 parvo

212 2048 292 2075 opere
313 2039 427 2067 collecta
443 2044 470 2065 et
486 2039 563 2073 quasi
583 2043 746 2073 congregata
770 2043 827 2065 tola
850 2038 999 2065 creatione.

212 2087 274 2114 Ideo
285 2092 346 2113 eum
366 2085 462 2112 ultimo
475 2085 579 2111 creavit
592 2092 625 2111 ex
637 2089 755 2119 utroque
772 2084 874 2112 mundo
887 2092 1001 2119 compo-

212 2133 308 2163 situm,
323 2135 352 2159 et
370 2135 517 2165 utrumque
534 2131 664 2158 mundum
689 2134 887 2162 exornantem;
903 2131 1000 2158 visibi-

212 2178 264 2204 lem
279 2177 341 2204 dico
355 2181 383 2203 et
395 2176 572 2204 invisibilem.
589 2176 704 2203 Mentem
724 2176 797 2203 enim
815 2181 844 2204 et
860 2184 959 2204 sensus
973 2177 1000 2204 in

213 2224 273 2256 ipso
290 2221 463 2249 incﬂ'abililer
488 2222 637 2248 connexuit
653 2228 721 2255 quos
739 2222 837 2249 mediis
859 2223 937 2256 quasi
955 2230 1002 2257 per

1311 1681 1432 1708 0mm
1448 1680 1509 1715 Kq'
1529 1681 1578 1716 (ι).

1057 1726 1285 1761 Ἐκφωνηθεῖση
1293 1727 1330 1754 ἐν
1340 1726 1378 1759 τῷ
1393 1727 1484 1761 καιρῷ
1498 1725 1674 1763 τοῦθέρους
1687 1737 1690 1741 ”
1704 1727 1738 1754 έν
1754 1724 1772 1763 ἧ
1789 1727 1835 1754 καί

1234 1762 1300 1796 περὶ
1315 1762 1519 1796 πνευματικοῦ
1533 1762 1650 1795 θέρους.

1092 1809 1121 1836 '0
1137 1809 1191 1835 τῶν
1208 1809 1337 1835 ἁπάντων
1354 1809 1470 1844 ποιητὴς
1486 1809 1530 1835 καὶ
1545 1809 1686 1844 Δεσπότης
1704 1810 1792 1836 πάντα
1807 1811 1836 1835 ὲκ

1053 1857 1091 1891 μὴ
1106 1856 1190 1882 ὄντων
1205 1855 1320 1890 ποιήσας
1338 1854 1371 1881 δι’
1383 1855 1548 1889 ἀγαθάτητα,
1570 1855 1639 1889 μετὰ
1656 1856 1755 1888 πάντα,
1769 1856 1837 1882 κατὰ

1051 1903 1081 1929 τὸ
1097 1902 1191 1936 περιὸν
1204 1901 1277 1936 αὐτῷ
1292 1902 1341 1936 τῆς
1362 1901 1515 1936 δυνάμεως,
1541 1902 1588 1927 καὶ
1602 1902 1648 1928 τόν
1662 1902 1766 1936 ἄφατον
1792 1902 1837 1929 καὶ

1051 1949 1234 1983 ἀ-ιερινόητον
1258 1947 1373 1973 πλοῦτον
1387 1948 1434 1982 τῆς
1450 1947 1533 1974 αὐτοῦ
1549 1948 1648 1982 σοφίας
1664 1957 1695 1975 τε
1708 1950 1755 1976 καὶ
1770 1959 1837 1984 χρῖ-

1053 1994 1191 2030 στότητος,
1220 1994 1266 2020 τὸν
1291 1993 1436 2028 ἄνθρωπον
1462 1994 1651 2029 ἀπειργάσατο
1668 1997 1838 2031 «apt/6’1in

1051 2041 1092 2072 εἰς
1118 2039 1147 2066 ἓν
1162 2041 1209 2067 καὶ
1234 2040 1320 2076 βραχὺ
1354 2041 1469 2076 πλάσμα
1496 2041 1689 2077 συναθροίσας,
1710 2043 1758 2068 καὶ
1783 2040 1838 2068 οἷον

1051 2087 1365 2121 συγκεφαλαιωσάμενος
1395 2086 1444 2122 τὴν
1472 2086 1581 2114 ἃπασαν
1597 2088 1697 2115 κτίσιν.
1731 2089 1777 2115 Διὸ
1793 2089 1839 2115 χει

1051 2133 1165 2160 ὕστατον
1181 2132 1276 2159 τοῦτον
1288 2133 1500 2168 ὲδημιούργητε,
1518 2133 1572 2159 τῶν
1590 2134 1703 2169 κόσμων
1720 2135 1838 2170 ἀμφοτέ-

1052 2188 1105 2214 ρων
1117 2179 1256 2214 ἐχόμενον,
1285 2182 1333 2206 καὶ
1360 2180 1534 2215 ἀμφοτέρους
1558 2181 1764 2216 ἐπικοσμοῦντα
1778 2182 1838 2212 τοὺς

1051 2226 1182 2258 κόσμους,
1204 2225 1251 2250 τὸν
1268 2224 1365 2259 ὁρατὸν
1381 2225 1476 2250 τοῦτον
1493 2224 1565 2259 λέγω
1582 2226 1630 2252 καὶ
1643 2226 1688 2252 τὸν
1703 2228 1819 2262 ἀόρατον
1830 2234 1836 2241 ·

212 2269 321 2296 Vincula
343 2269 488 2303 conjunxit
505 2267 709 2301 solertissimis,
732 2268 892 2303 phantasia,
907 2270 977 2304 speci

1063 2270 1114 2298 νοῦν
1133 2271 1188 2306 γὰρ
1217 2271 1264 2297 καὶ
1290 2270 1415 2305 αἴσθησιν
1442 2271 1532 2307 ἑαυτῷ
1559 2271 1678 2307 συνῆψεν
1702 2273 1837 2309 ἀρρήτως,

213 2321 239 2342 ct
255 2315 422 2350 imaginandi
447 2314 585 2342 facultate.
603 2315 642 2341 Ita
665 2315 735 2342 idem
760 2316 861 2344 animal
879 2318 1002 2345 condidit

216 2361 400 2389 iutellcctualc
413 2361 496 2388 simul
506 2365 532 2387 ct
543 2361 661 2392 visibile,
673 2361 852 2389 sicutcaslum
868 2363 1002 2398 irrequie-

215 2411 271 2434 tum
290 2415 338 2443 per
356 2407 443 2434 media
459 2407 589 2433 immobili
602 2413 679 2434 terrae
695 2409 958 2442 accommodaverat,
975 2414 1002 2437 et

214 2454 341 2481 eu‘mdem
356 2453 486 2479 mundqu
503 2452 604 2480 fecerat
619 2461 729 2488 semper
745 2459 860 2482 stantem
878 2462 1002 2490 semper-

215 2507 268 2534 que
279 2504 420 2534 gyrantem
435 2507 442 2531 ;
456 2506 518 2526 nam
534 2499 566 2526 ad
581 2499 668 2527 instar
682 2500 816 2528 machinae
830 2502 864 2529 ab
882 2509 937 2529 uno
954 2510 1000 2528 ar-

217 2545 290 2572 tiﬁce
304 2548 470 2572 constructae
486 2545 565 2571 homo
578 2549 605 2571 et
624 2545 675 2572 iste
691 2546 808 2573 mtmdus
823 2546 935 2573 multam
953 2546 1002 2573 ha-

217 2591 283 2617 bent
308 2591 379 2617 inler
396 2597 427 2617 se
452 2591 703 2626 propinquitatem;
728 2593 778 2620 sibi
801 2593 917 2620 invicem
935 2601 1002 2629 pne-

217 2641 302 2669 stant,
316 2637 385 2663 alius
402 2638 509 2670 quidem
527 2639 723 2672 maguiwdine,
737 2639 807 2666 alius
824 2647 887 2667 vero
900 2641 1002 2668 intelli-

255 2727 276 2743 '“
290 2726 362 2753 Psal.
379 2735 451 2760 xtlx,
476 2728 507 2755 l9
525 2736 601 2763 seqq.

245 2819 286 2852 (1)
301 2819 386 2846 Exstat
397 2824 460 2852 apud
473 2820 630 2850 Matthmium,
644 2829 668 2852 p.
683 2820 732 2848 H7.

1053 2318 1148 2353 μέσοις
1174 2315 1232 2344 οἷον
1267 2318 1427 2351 συνδέσμοις
1452 2320 1651 2353 γνησιωτὰτοις
1668 2320 1839 2355 χρησάμενος

1053 2365 1191 2398 φαντασίᾳ
1207 2363 1254 2390 καὶ
1270 2364 1333 2399 δόξῃ
1349 2365 1396 2390 καὶ
1409 2364 1525 2399 διανοίᾳ,
1554 2365 1601 2392 καὶ
1626 2365 1699 2392 οὕτω
1726 2367 1756 2392 τὸ
1775 2366 1840 2393 αὐτὸ

1052 2410 1187 2444 πεποίηκε
1201 2409 1270 2441 ζῶον
1286 2412 1380 2444 νοερὸν
1404 2412 1451 2440 καὶ
1462 2411 1612 2446 ὁρώμενον,
1623 2411 1718 2447 ὥσπερ
1741 2413 1786 2439 καὶ
1797 2413 1840 2439 τὶιν

1055 2455 1133 2491 147
1148 2457 1304 2491 ἀεικίνητον
1333 2457 1449 2492 οὐρανὸν
1464 2458 1507 2485 διὰ
1527 2458 1580 2485 τῶν
1609 2460 1711 2494 μεταξὺ
1728 2462 1762 2496 τῇ
1781 2461 1840 2486 ἀκι-

1055 2505 1128 2538 νήτῳ
1145 2503 1247 2538 συνῆψε
1265 2505 1299 2539 γῇ
1313 2511 1318 2517 ·
1351 2504 1398 2530 καὶ
1425 2505 1472 2530 τὸν
1489 2504 1572 2531 αὐτὸν
1592 2506 1727 2541 πεποίηκε
1740 2507 1841 2541 κόσμον

1056 2548 1164 2575 ἑστῶτα
1178 2549 1222 2575 ἀεὶ
1241 2549 1288 2576 καὶ
1315 2550 1476 2584 κινούμενον
1487 2558 1494 2566 ⁸
1521 2551 1558 2582 ὡς
1581 2551 1635 2587 γὰρ
1649 2553 1708 2584 ἑνὸς
1721 2553 1840 2588 τεχνίτου

1056 2594 1095 2629 τῷ
1108 2595 1202 2630 τρόπῳ
1216 2595 1265 2630 τῆς
1282 2597 1456 2632 κατασκευῆς
1472 2597 1615 2633 ἄνθρωπός
1625 2608 1654 2625 τε
1668 2599 1715 2626 καὶ
1729 2601 1842 2634 κόσμος,

1057 2641 1141 2674 οὕτως
1158 2642 1257 2679 πολλὴν
1274 2642 1367 2678 ἔχουσι
1390 2641 1464 2678 ⁴πρὸς
1477 2644 1581 2680 ἄλληλα
1598 2645 1646 2681 τὴν
1664 2647 1822 2681 συγγένειαν
1833 2654 1840 2661 ·
