1888 3067
80 108 129 141 333

83 170 243 205 ὑπερέχουσι
260 168 289 195 δὲ
319 167 444 202 ἀλλήλων
472 166 485 193 ὁ
502 167 550 202 μὲν
565 165 604 200 τῷ
630 164 753 201 μεγέθει,
768 165 782 191 ὁ
793 163 820 190 δέ
834 164 866 199 τῇ

82 217 197 243 συνέσει.
214 215 269 241 Καὶ.
288 213 411 240 σύνεστιν
428 213 441 239 ὸ
456 212 598 247 ἄνθρωπος
615 211 866 246 ἐντεθησαυρισμέ-

82 273 123 294 νος
138 262 177 297 τῷ
192 262 299 297 κόσμῳ,
319 260 444 295 καθάπερ
461 260 489 286 ἐν
505 259 578 294 οἰκίᾳ
597 259 703 295 μεγάλῃ
719 257 867 284 πολύολϐον

81 318 105 336 τι
116 309 223 344 χρῆμα,
237 308 327 342 πολλῷ
343 306 380 341 τῷ
392 307 485 341 μέτρῳ
494 305 541 332 τοῦ
556 306 729 341 περιέχοντος
740 303 868 331 ὀλϐιώτε-

85 364 138 390 ρον,
151 355 198 380 καὶ
214 351 270 380 οἷον
289 353 316 378 ἐν
332 352 481 387 βασιλείοις
507 350 634 386 βασιλική
653 358 695 381 τις
714 349 798 382 σκευὴ
810 357 869 374 ποι-

82 402 141 436 κίλη
154 401 200 427 καὶ
217 400 417 434 πολυτίμη-ος·
431 398 465 424 τὰ
483 398 531 432 μὲν
545 397 599 431 γᾶρ
617 396 755 430 μεγίστοις
774 394 867 428 λίθοις,

83 447 137 474 ἀλλ’
151 446 265 477 εῦὼνοις
288 446 335 472 καὶ
354 445 409 476 τοίς
428 443 568 478 τυχοῦσιν,
585 443 602 478 ἡ
621 442 650 468 δὲ
668 442 786 477 μικροῖς,
802 440 870 467 ἀλλὰ

83 493 276 528 δυσπορίστοις
296 492 343 518 καὶ
371 490 567 524 πολυτιμήτοις
579 488 753 514 ἐσκεύασται.
785 487 870 513 Πόσον

83 539 197 574 οὐρανοῦ
217 537 350 573 κρείττων
376 537 390 562 ὁ
417 534 587 569 ἀνθρώπινος
603 532 676 564 νοῦς,
699 531 728 562 ὃς
743 531 825 558 εἰκών
842 531 871 556 τὲ

84 587 141 611 ἐστι
159 585 243 616 Θεοῦ,
258 584 305 609 καὶ
319 582 385 616 ρεδν
398 580 465 613 οἶδε,
478 579 525 606 καὶ
537 580 618 615 μόνος
636 579 690 604 τῶν
702 577 870 612 ἐγκοσμίων,

85 631 108 657 εί
127 631 268 665 βούλεται,
291 614 409 663 γίιέται,
438 625 635 660 συναναφέρων
663 624 693 651 τὺ
714 623 795 658 σῶμα
821 623 873 658 τῆς

85 675 288 705 ταπεινώσεως.
306 674 392 700 Πόσον
413 672 541 706 αίσθησις
559 669 716 704 ἀνθρωπίνη
731 669 872 704 διηνήνοχε

86 722 147 756 γῆς,
176 721 194 756 ἦ
212 722 250 755 μὴ
269 720 349 754 μόνον
365 719 473 752 μέτρων
490 716 538 743 καὶ
567 715 717 749 ποιοτήτων
743 714 874 740 ποικίλων

85 767 185 801 ταύτης
202 764 446 799 ἀντιλαμῆἀνεται,
464 762 522 788 ἀλλ’
539 761 590 796 ἤδη
605 761 652 787 καὶ
672 760 725 787 τῶν
741 760 874 795 οὐρανίων

83 814 169 850 4Ιξιίροιτο
185 815 221 848 τῇ
234 813 335 846 γνώσει
348 810 482 845 σφαιρῶν,
500 809 546 835 καὶ
559 809 694 843 κινήσεων
707 807 805 843 ᾔσθετο
820 807 877 833 δια-

85 862 187 897 φόρων,
215 860 266 886 καὶ
292 858 496 892 πολυσχήμους,
512 856 582 890 τάχα
595 855 623 881 δὲ
641 856 688 881 καὶ⁸
702 854 877 888 πολυσημανι-

86 916 145 939 τους
161 906 290 936 συνόδους
308 905 415 936 ἄστρων
430 912 458 929 τε
476 903 522 929 καὶ
534 902 659 935 ἀστέρων
674 900 744 934 ἔγνω
757 900 804 926 καὶ
817 901 877 925 δια-

86 954 208 984 στάτεις,
226 950 376 978 κάντεῦθεν
394 950 453 980 ταῖς
469 948 541 975 κατὰ
556 947 617 974 νοῦν
636 947 802 981 ἐπιστήμαις
828 946 877 981 τὴν

85 998 171 1033 ἀρχὴν
187 997 347 1032 ἐχαρίσατο.
364 995 419 1021 Καὶ
430 994 464 1020 τὰ
484 993 586 1027 μεταξὺ
601 992 624 1018 δ’
640 991 756 1027 οὐρανοῦ
768 991 814 1017 καὶ
826 991 878 1026 γῆς

85 1045 138 1070 τῶν
154 1044 184 1069 ὲν
198 1041 321 1077 μεθορίῳ
333 1040 378 1066 νοῦ
391 1041 438 1067 καὶ
452 1039 604 1073 αἰσθήσεως
625 1038 728 1064 ἐλάττω
741 1037 812 1063 κατὰ
828 1037 878 1072 τὴν

85 1091 163 1124 ἀξῖαν
180 1089 253 1120 ἐστὶ,
273 1088 364 1122 λόγοις
390 1086 536 1118 ἀναλογίας
556 1086 618 1111 ὄντα
644 1084 740 1116 ταυτὰ,
759 1084 805 1110 καὶ
822 1085 878 1115 τοῖς

85 1136 262 1170 περιέχουσιν
274 1134 366 1168 ὗγκοις
380 1133 421 1159 ὅτι
437 1132 555 1167 μάλιστα
566 1130 741 1166 διαφέροντα.
758 1130 881 1156 Κατεκό-

84 1189 176 1216 σμησε
192 1181 250 1214 γὰρ
264 1179 314 1214 τὴν
342 1179 481 1214 ἡμετέραν
507 1177 588 1211 φύσιν
615 1177 628 1203 ὁ
646 1175 711 1207 Θεὸς
727 1175 824 1207 οὕτως,
841 1176 879 1207 ὡς

85 1227 190 1254 οἰκείαν
217 1225 352 1260 ἐσομένην
368 1224 533 1259 περιὸολήν·
561 1222 711 1257 ἐπειδήπερ
725 1222 757 1247 ἐκ
775 1221 879 1255 παρθε-

85 1273 169 1301 νικῶν
184 1273 313 1306 αίμάτων
328 1269 486 1297 ὲνδύσεσθαι
499 1268 600 1303 ταύτην
609 1267 716 1302 ἔμελλε,
730 1267 775 1293 καὶ
786 1275 878 1301 κρειτ-

85 1320 170 1350 τόνως
185 1317 417 1353 μετασκευάσειν,
432 1315 480 1342 καὶ
491 1315 548 1342 ἄνω
561 1314 665 1349 θήσειν,
681 1313 809 1349 ὑπεράνω
825 1313 879 1338 πάι-

84 1374 137 1400 σης
151 1364 242 1400 ἀρχῆς
264 1364 311 1390 καὶ
327 1362 461 1394 ἐξουσίας,
489 1361 537 1388 καὶ
563 1359 662 1391 παντὸς
677 1359 808 1394 ὀνόματος
822 1359 880 1384 ὀνο-

86 1411 259 1446 μαζομένου,
272 1409 327 1435 εἴτε
338 1409 367 1434 ἐν
381 1407 421 1442 τῷ
435 1407 484 1433 νῦν
495 1405 584 1438 αίῶνι,
600 1405 654 1431 εἴτε
671 1405 699 1430 ἐν
716 1404 754 1439 τῷ
768 1404 879 1439 μέλλον-

86 1466 122 1484 τι.
138 1456 228 1483 Τοῦτο
242 1455 275 1490 δὴ
291 1456 338 1481 καὶ
352 1452 555 1489 προοικονομῶν
573 1451 662 1485 σοφῶς
685 1450 744 1485 ἅμα
757 1450 804 1476 καὶ
820 1450 880 1483 φιλ-

83 1504 254 1539 ανθρώπως,
278 1500 350 1528 οὕτω
378 1499 502 1532 πολλαῖς,
530 1497 630 1533 μᾶλλον
645 1497 672 1523 δὲ
694 1496 879 1528 παντοδαπαῖς

85 1550 174 1583 αὐτὴν
191 1548 308 1581 ἐτίμησε
322 1545 431 1581 χάρισιν
441 1553 449 1560 '
463 1543 557 1579 ἐπειδὴ
572 1542 600 1569 δὲ
618 1543 664 1569 καὶ
683 1542 789 1575 διπλᾶς,
811 1542 880 1577 pax-

85 1592 131 1619 λον
148 1592 177 1618 δὲ
197 1591 247 1617 καὶ
266 1590 423 1620 πολλαπλᾶς
447 1589 514 1624 ἡμῖν
540 1588 624 1614 ἔδωκε
649 1587 699 1619 τὰς
725 1587 879 1621 γνωστικὰς

84 1637 231 1672 δυνάμεις,
246 1636 311 1663 νοῦν
324 1643 354 1661 τε
369 1635 416 1661 καὶ
431 1634 568 1668 αἴσθησιν,
590 1632 638 1659 καὶ
657 1632 692 1659 τὰ
710 1632 811 1667 μεταξὺ
828 1640 878 1667 χα-

84 1684 247 1720 ρισᾶμενος,
260 1683 306 1709 διὰ
321 1681 399 1708 τοῦτο
415 1681 462 1708 καὶ
476 1680 531 1707 τῶν
545 1680 584 1712 είς
595 1679 696 1713 γνῶσιν
713 1678 760 1705 καὶ¹
777 1679 877 1713 πρᾶξιν

84 1730 201 1764 ποίηκεν
219 1728 345 1754 ἕκαστον.

122 1775 227 1809 Θέρους
240 1772 287 1799 οὖν
305 1772 405 1807 ἀρτίως
421 1771 496 1798 ἐστὶν
511 1770 633 1801 ἐπέτειος
655 1769 724 1805 ὥρα,
741 1769 789 1796 καὶ
802 1769 880 1804 θέρος

90 1821 142 1847 οὒκ
158 1821 188 1846 ἐν
206 1820 274 1854 ἡμῖν
288 1825 295 1832 ·
314 1819 343 1844 οὐ
365 1818 419 1852 γὰρ
432 1816 562 1852 αίσθητδν
585 1817 678 1851 μόνον,
693 1818 761 1845 ἀλλὰ
776 1817 823 1844 καὶ
837 1817 881 1844 λο-

86 1867 165 1901 γικὸν
181 1867 230 1892 καὶ
248 1863 436 1899 πνευματικὸν
462 1864 528 1898 παρ’
554 1863 622 1898 ἡμῖν
640 1863 699 1890 ἐστι
715 1863 813 1899 θέρος,·
835 1864 883 1891 καὶ⁵

86 1914 142 1939 τῶν
160 1911 293 1938 τοιούτων
322 1911 453 1944 ἐκατέρου
479 1909 576 1943 θέρους
602 1910 698 1944 καιρὸς
717 1910 730 1936 ό
758 1910 880 1936 ἐνιαυτοῦ

87 1959 187 1989 κύκλος
202 1958 287 1988 ἄπας.
304 1956 361 1983 Νῦν
377 1955 424 1982 οὖν
436 1956 497 1982 ἐπεὶ
511 1955 565 1981 τῶν
579 1955 626 1981 τοῦ
644 1955 717 1991 ἱεροῦ
730 1955 881 1991 περιὸόλων

85 2005 162 2036 ἐντος
195 2002 343 2037 ἱστάμεθα,
374 2002 472 2037 μικρὸν
499 2001 688 2035 ἀνακύψαντες
701 2001 816 2034 ἐκεῖθεν,
833 2001 882 2032 τὰς

85 2050 200 2080 ἐλπίδας
213 2048 257 2074 ἐπ’
272 2048 353 2074 αὐτὴν
366 2048 488 2082 σχῶμιν,
513 2047 560 2073 καὶ
580 2046 745 2081 μεταθέντες
756 2046 821 2079 ,ἄνω
836 2046 881 2072 τὸν

87 2095 226 2130 ἡμέτερον
251 2092 327 2125 νοῦν,
358 2093 406 2118 τοῦ
441 2091 552 2125 λογικοῦ
582 2099 612 2117 τε
630 2092 678 2118 καὶ
694 2090 880 2125 πνευματικοῦ

85 2141 184 2175 θέρους
200 2141 230 2166 ἐν
257 2138 383 2174 περινοίᾳ
411 2136 572 2172 γενώμεθα·
595 2137 659 2172 περὶ
673 2134 710 2164 ὧν
726 2137 773 2163 καὶ
799 2137 880 2172 ἡμεῖς

87 2187 165 2221 ὀλίγα
178 2186 313 2220 πρὺςξτὴν
323 2185 458 2219 ὑμετέραν
470 2184 581 2218 ἀγάπην
593 2183 710 2217 ἐροῦμεν
724 2182 783 2213 νῦν.
797 2183 883 2217 ἀφορ-

88 2233 143 2268 μὴν
155 2233 222 2267 ὑμῖν
237 2231 384 2258 κάντεῦθεν
400 2230 468 2265 πρδς
482 2229 620 2265 σωτηρίαν
631 2229 800 2263 πορίζοντες.
812 2228 884 2263 Ἐγὼ

88 2279 144 2313 γὰρ
161 2277 224 2304 καθ’
239 2277 359 2311 ἑκάστην
376 2276 422 2302 τοῦ
439 2275 563 2302 ἐνιαυτοῦ
582 2274 717 2310 περίοδον,
735 2275 839 2310 ταύτης
852 2274 884 2309 δὴ

88 2325 138 2360 τῆς
156 2324 234 2360 ὥρας
262 2323 457 2358 ὲφισταμένης,
476 2323 548 2358 ὀρῶν
565 2322 627 2353 τοὺς
645 2321 754 2352 πλείους
767 2322 820 2353 ἔξω
835 2320 884 2348 τοῦ

89 2371 196 2402 ἄστεως
210 2370 369 2405 χεομένους,
383 2370 432 2395 καὶ
451 2369 514 2404 περὶ
532 2370 563 2395 τὸ
575 2369 654 2403 θέρος
668 2368 827 2400 πονοῦντας,
837 2367 885 2394 καὶ

88 2418 137 2452 τὴν
151 2417 208 2443 τῶν
223 2414 339 2449 καρπῶν
350 2415 482 2450 συλλογὴν
491 2414 539 2440 καλ⁸
549 2414 727 2448 συγκομιδὴν,
743 2413 880 2445 τοιούτους

87 2464 130 2489 ἐπ’
153 2461 279 2497 ἐμαυτοῦ
308 2462 418 2495 στρέφω
443 2462 504 2492 τοὺς
529 2460 687 2495 λογισμοὺς,
704 2460 741 2492 ὡς
754 2460 816 2486 ἐπεὶ
833 2459 881 2486 καὶ

88 2509 167 2544 θέρος
182 2509 261 2535 ἐστὶν
290 2507 454 2543 ἀνθρώπων,
472 2507 584 2538 τούτους
608 2505 742 2532 ἐκκόπτον
761 2506 815 2531 ἀπὸ
833 2505 880 2532 τοῦ

87 2555 224 2589 παρόντος
252 2553 422 2588 προσκαίρου
452 2553 499 2580 καὶ
524 2552 728 2588 παραρρέοντος
748 2551 818 2586 βίου,
835 2550 882 2577 καὶ

90 2601 210 2633 μετάγον
236 2599 278 2630 εἰς
300 2598 393 2633 ἕτερον
415 2599 548 2634 μέλλοντα
565 2600 611 2626 καὶ
633 2598 797 2633 διαμένοντα
813 2598 880 2634 βίον,

86 2640 139 2677 ἆρα
157 2643 201 2674 τίς
215 2644 280 2674 τοὺς
297 2644 418 2679 ἀψύχους
442 2644 557 2680 θερίζων
594 2644 704 2679 στάχυς,
731 2645 748 2679 ἦ
763 2645 881 2680 θερίζειν

87 2690 195 2725 ἐτέρους
215 2689 410 2724 μισθούμενος,
436 2693 482 2717 καὶ
500 2691 563 2722 τοὺς
580 2690 703 2726 καρποὺς
720 2690 849 2725 ἐκλέγων,
862 2691 880 2725 ἢ

88 2740 161 2773 παρὰ
175 2737 233 2764 τῶν
263 2737 429 2770 ἐκλεγόντων
453 2737 619 2772 ὠνούμενος,
636 2736 684 2762 καὶ
701 2737 825 2770 συνάγων
840 2737 881 2767 εἰς

87 2785 243 2820 ἀποθήκην,
270 2784 317 2810 καὶ
334 2783 381 2810 τοῦ
409 2784 553 2819 μέλλοντος
569 2783 651 2810 αὐτὸν
670 2782 880 2818 καταλήψεσθαι

88 2830 220 2866 θερισμοῦ
237 2830 334 2857 τούτου
356 2831 470 2857 ποιεῖται
489 2831 612 2867 μνήμην,
629 2830 677 2856 καὶ
688 2829 828 2864 φροντίζει
842 2828 881 2863 τῷ

740 102 901 134 HOMILIA
923 103 1027 134 XXVI.

1648 100 1699 132 335

884 163 905 194 Α
920 163 1025 199 gentia,
1049 167 1076 190 et
1099 162 1165 190 inesl
1190 163 1272 190 homo
1296 162 1369 190 velut
1385 162 1531 189 thesaurus
1555 161 1582 189 in
1601 162 1703 189 mundo

918 210 1038 237 insertus
1053 209 1282 244 quemadmodum
1313 210 1339 236 in
1358 216 1456 244 magna
1478 209 1559 236 domo
1574 215 1641 242 opes
1656 215 1702 235 sn-
1741 204 1744 210 ’

918 257 1008 291 perbze
1023 257 1107 283 multa
1121 256 1219 283 domus
1232 255 1397 283 continentis
1411 262 1539 282 mensura
1558 254 1705 289 pretiosio-

920 309 974 330 res.
991 301 1023 328 Et
1040 302 1152 337 perinde
1169 309 1200 329 ac
1212 302 1238 328 in
1248 301 1356 336 palatiis
1370 302 1441 329 mdes
1453 302 1532 337 regiae
1548 301 1629 327 varize
1640 305 1705 327 sunt

920 353 947 376 et
972 348 1098 382 pretiosa
1116 357 1123 375 :
1139 348 1191 375 alia
1209 348 1280 374 enim
1298 347 1452 383 ingentibus
1467 351 1593 374 constant
1607 347 1706 382 lapidi-

920 395 982 427 bus,
995 395 1042 421 sed
1056 395 1154 421 vilibus
1164 400 1189 421 et
1199 394 1271 427 parvi
1290 394 1383 428 pretii;
1396 394 1446 420 alia
1463 401 1527 420 vero
1541 393 1641 428 parvis,
1658 393 1704 420 sed

921 439 1228 473 cbarisetsumptuosis.
1244 438 1380 471 Quantum
1395 439 1464 466 coelo
1477 439 1614 466 antecellit
1630 447 1706 466 mens

922 487 1040 513 humana
1058 494 1119 520 qua:
1135 489 1175 513 est
1192 485 1280 520 imago
1294 485 1351 517 Dei,
1369 485 1509 519 Deumque
1524 485 1623 518 noscit,
1643 489 1669 512 et
1684 485 1707 511 si

923 533 1000 565 velis,
1017 533 1091 560 solus
1107 532 1275 559 terrestrium
1293 531 1375 564 Dens,
1393 531 1590 558 circumferens
1608 539 1708 565 corpus

923 579 1103 615 humilitatis?
1123 577 1260 611 Quantum
1290 585 1388 605 sensus
1418 579 1555 606 humanus
1579 577 1669 604 differt
1693 585 1709 604 a

924 629 997 652 terra
1012 625 1059 659 qui
1070 632 1119 651 nec
1136 628 1240 651 tantum
1261 624 1369 651 telluris
1386 632 1529 652 mensuras
1543 628 1570 651 et
1586 624 1710 651 diversas

925 671 1040 706 percipit
1054 678 1161 705 operas,
1180 670 1226 697 sed
1243 675 1271 697 et
1293 670 1419 697 caelestes
1436 670 1544 705 attingit
1569 670 1660 701 orbes,
1682 675 1710 696 et.

925 718 1016 745 varios
1039 716 1276 751 multiformesquc
1293 724 1387 743 eorum
1404 721 1493 743 motus
1518 715 1710 751 apprehendit,

926 771 1031 790 necnon
1060 764 1207 789 multorum
1234 763 1335 790 indicia
1364 763 1712 797 easnum,conjunctiones

927 809 1068 837 stellarum
1088 813 1114 835 et
1132 809 1251 835 siderum
1275 816 1425 843 eorumque
1447 808 1617 840 discrimina,
1641 808 1714 835 unde

929 855 1124 882 intellectuales
1146 855 1288 882 doctorum
1321 855 1529 889 supputationes
1554 860 1715 882 mutuantur

929 903 1080 938 originem:
1096 902 1251 938 pariterque
1266 902 1354 929 media
1367 902 1437 928 inter
1451 903 1548 929 caelum
1570 908 1596 930 et
1612 908 1713 930 terram

930 949 1044 977 minoris
1061 954 1125 977 sunt
1142 949 1332 976 alstimationis
1349 957 1381 975 ac
1395 957 1425 977 ea
1438 957 1497 984 qua:
1515 954 1577 976 sunt
1589 950 1615 976 in
1630 949 1716 977 limite

930 1003 1026 1023 sensus
1042 999 1069 1022 et
1082 995 1181 1023 mentis
1201 1004 1260 1022 eum
1276 997 1332 1023 sint
1355 997 1406 1023 sub
1422 997 1517 1024 eadem
1536 997 1640 1024 ratione
1651 1005 1717 1024 cou-

931 1042 1059 1076 grnentize
1082 1048 1114 1068 ac
1132 1049 1245 1076 corpora
1273 1042 1371 1076 quibus
1396 1042 1543 1070 intersunt.
1569 1043 1614 1071 Sic
1642 1045 1716 1072 enim

930 1087 1002 1115 Deus
1025 1091 1146 1114 nostram
1178 1088 1321 1115 exornavit
1340 1093 1464 1116 naturam
1491 1090 1568 1124 quasi
1592 1090 1715 1118 futurum

930 1133 990 1167 ejus
1006 1133 1195 1161 indumentum
1212 1141 1293 1168 quam
1317 1142 1349 1161 ex
1368 1134 1492 1168 virginali
1519 1136 1651 1169 sanguine
1667 1137 1716 1162 du-

930 1179 1014 1205 bebal
1028 1179 1141 1205 induere
1161 1182 1188 1205 et
1204 1177 1230 1204 in
1251 1178 1346 1206 melius
1360 1183 1540 1212 commutare,
1560 1184 1586 1206 et
1598 1187 1717 1214 superne

930 1224 1064 1251 collocare
1078 1230 1160 1258 super
1177 1231 1285 1250 omnem
1305 1224 1487 1258 principatum
1505 1229 1532 1251 et
1552 1230 1714 1259 potestatem

931 1274 957 1297 ('1
972 1277 1051 1296 onme
1067 1277 1164 1296 nomen
1180 1269 1347 1296 nominatum
1361 1270 1418 1297 sive
1435 1270 1460 1296 in
1476 1271 1603 1304 prmsenti
1616 1272 1716 1299 sarculo

931 1315 989 1342 sive
1007 1314 1032 1340 in
1053 1313 1156 1341 futuro.
1178 1314 1255 1347 Quod
1272 1315 1419 1350 praeseiens
1436 1321 1463 1342 et
1482 1317 1627 1350 providens
1646 1317 1717 1345 Deus

931 1361 1066 1394 sapienter
1089 1360 1170 1388 simul
1190 1365 1216 1388 et
1238 1361 1393 1389 humaniter
1416 1363 1452 1390 ita
1472 1370 1532 1390 eam
1558 1364 1651 1391 multis
1669 1373 1718 1392 se:

931 1407 1021 1442 potius
1049 1407 1263 1435 multiformibus
1276 1408 1415 1435 decoravit
1431 1409 1579 1437 beneﬁciis.
1589 1411 1718 1445 Propter—

931 1459 962 1478 ea
987 1451 1068 1479 etiam
1094 1451 1216 1486 duplices
1229 1460 1276 1479 seu
1288 1453 1376 1486 potius
1395 1454 1559 1488 multiplices
1579 1456 1657 1483 nobis
1671 1457 1719 1483 de-

894 1506 915 1535 c
931 1497 971 1524 dit
994 1497 1176 1531 cognoscendi
1202 1497 1366 1532 facultates;
1396 1498 1527 1532 mentem,
1556 1508 1665 1529 sensum
1691 1509 1718 1529 et

936 1543 1021 1570 media
1047 1543 1118 1570 inter
1138 1544 1196 1578 ipsa
1217 1544 1344 1580 largitus,
1365 1545 1428 1572 item
1447 1554 1640 1582 quamcunque
1667 1556 1717 1583 po-

934 1588 1078 1615 tentiorum
1100 1589 1133 1616 ad
1161 1590 1345 1624 cognitionem
1371 1596 1398 1618 et
1426 1593 1613 1626 operationem
1640 1595 1720 1622 nobis

933 1633 1085 1661 infusarum
1105 1635 1239 1670 duplicem
1258 1637 1470 1671 multiplicemve
1484 1639 1635 1666 constituit.

897 1681 1087 1716 προκειμένων
1111 1683 1177 1716 ἡμῖν
1191 1683 1302 1710 διπλοῦν
1322 1693 1351 1710 τε
1388 1685 1434 1711 καὶ
1471 1680 1641 1714 πολλα-πλοῦν
1669 1697 1720 1714 πε-

968 1769 1037 1796 Eece
1060 1768 1137 1796 adest
1159 1774 1267 1803 tempus
1289 1771 1398 1802 messis.
1418 1777 1444 1799 et
1462 1774 1559 1801 messis
1585 1774 1610 1801 in
1640 1777 1719 1803 nobis

931 1815 1017 1842 deest.
1033 1814 1092 1841 Non
1107 1815 1178 1842 enim
1191 1816 1328 1843 sensibilis
1347 1821 1463 1850 tantum,
1482 1819 1529 1845 sed
1544 1825 1568 1846 et
1587 1822 1719 1854 spiritua-

931 1861 966 1889 lis
982 1861 1254 1895 mentalisquenobis
1269 1866 1311 1888 est
1331 1863 1437 1895 messis.
1453 1869 1481 1891 et
1496 1856 1640 1900 utriusque
1652 1875 1721 1895 mes-

932 1907 970 1934 sis
990 1910 1096 1942 tempus
1110 1908 1173 1934 auni
1190 1907 1264 1935 orbis
1290 1912 1375 1936 totus.
1393 1909 1475 1944 Igitur
1488 1919 1538 1938 nos
1562 1912 1642 1940 hodie
1657 1921 1720 1940 eum

933 1953 1019 1981 sacris
1037 1953 1143 1980 aedibus
1160 1953 1335 1981 continemur
1355 1959 1383 1982 et
1416 1954 1471 1983 Deo
1494 1962 1627 1991 astamus,
1649 1967 1719 1993 pau-

931 2000 1018 2026 lulum
1041 1998 1104 2025 inde
1126 2003 1242 2026 mentem
1258 2000 1395 2036 erigentes
1411 2009 1486 2036 spem
1504 2004 1530 2028 in
1546 2011 1577 2030 eo
1595 2009 1718 2032 nostram

931 2052 1075 2080 ponamus.
1086 2044 1174 2072 Mente
1185 2046 1218 2072 ad
1231 2053 1347 2080 superna
1363 2048 1505 2080 translata,
1517 2048 1543 2074 in
1556 2049 1721 2084 cogitatione

931 2091 1120 2119 intellectualis
1146 2097 1173 2118 et
1200 2092 1351 2126 spiritualis
1386 2094 1482 2121 messis
1510 2102 1661 2129 versemur,
1688 2097 1721 2123 de

930 2145 983 2173 qua
1002 2145 1050 2165 nos
1063 2137 1142 2164 hodie
1157 2144 1243 2172 pauca
1259 2143 1355 2165 vestrae
1365 2139 1491 2166 cbaritati
1504 2140 1626 2169 dicemus
1644 2150 1651 2175 ;
1668 2142 1721 2169 uti-

898 2176 920 2205 D
935 2191 995 2210 nam
1011 2183 1073 2211 inde
1095 2184 1184 2211 studia
1202 2185 1227 2210 in
1244 2183 1359 2211 salutem
1374 2186 1567 2214 accendamus.
1581 2186 1636 2222 Ego
1648 2188 1720 2215 enim

934 2229 1050 2265 singulis
1077 2231 1140 2258 anni
1167 2231 1297 2265 periodis,
1317 2231 1480 2260 adveniente
1506 2233 1557 2261 hoc
1580 2238 1721 2270 tempore,

934 2284 995 2304 eum
1015 2277 1158 2312 plerosque
1173 2277 1251 2304 \ideo
1264 2281 1339 2304 extra
1356 2279 1452 2305 urbem
1463 2279 1576 2307 dili‘usos
1597 2285 1624 2308 et
1635 2281 1723 2309 labori

935 2323 1126 2350 incumbentes
1142 2323 1241 2350 messis
1258 2330 1363 2350 necnon
1383 2323 1491 2360 frugum
1512 2325 1682 2353 collectionis
1693 2332 1722 2354 et

935 2368 1163 2399 coaeervationis,
1194 2368 1260 2394 istas
1282 2368 1308 2394 in
1342 2376 1385 2395 me
1406 2370 1485 2396 volvo
1504 2370 1685 2405 cogitationes
1711 2381 1720 2398 :

930 2413 1030 2448 quippe
1043 2421 1104 2440 cum
1125 2413 1287 2440 adveniente
1308 2414 1449 2440 hominum
1466 2423 1566 2447 messe,
1585 2424 1721 2443 messores

931 2460 981 2486 bos
997 2459 1143 2486 succidunt
1160 2461 1193 2486 ab
1209 2460 1258 2486 hac
1277 2461 1402 2494 praesenti
1422 2465 1449 2487 et
1464 2461 1638 2495 pereﬂluente
1654 2463 1720 2496 vita,

931 2508 956 2532 et
973 2512 1020 2532 eos
1040 2504 1178 2532 adducunt
1193 2506 1220 2532 in
1239 2506 1352 2532 alteram
1369 2506 1488 2533 futuram
1508 2511 1534 2533 et
1554 2515 1721 2541 permanen-

933 2555 987 2578 tem
1001 2550 1097 2583 vitam,
1119 2551 1253 2584 numquid
1270 2556 1313 2579 est
1328 2559 1360 2579 ex
1375 2552 1537 2579 metentibus
1552 2553 1642 2586 spicas
1661 2553 1721 2580 ina-

933 2598 1031 2630 nimes,
1047 2597 1090 2624 vel
1105 2604 1139 2624 ex
1161 2597 1230 2625 alios
1250 2598 1467 2626 conducentibus
1485 2598 1518 2626 ad
1535 2606 1662 2631 messem,
1679 2599 1722 2627 vel

931 2653 962 2672 ex
978 2644 1168 2678 colligentibus
1186 2644 1303 2678 fruetus,
1313 2654 1360 2673 seu
1377 2653 1408 2673 ex
1424 2646 1578 2673 ementibus
1595 2654 1628 2673 ac
1645 2647 1722 2673 euilu-

932 2691 1058 2726 gt-ntibus
1073 2695 1099 2718 et
1117 2691 1143 2718 in
1159 2691 1257 2718 horrea
1277 2692 1504 2719 coacervantibus
1521 2692 1568 2727 qui
1586 2700 1723 2719 memore-

932 2743 976 2764 tur
986 2744 1103 2764 messem
1115 2737 1189 2764 illam
1203 2742 1372 2770 manentem,
1384 2742 1410 2764 et
1420 2739 1723 2773 cogitetdeanimarum

930 2783 1062 2817 agricola.
1076 2783 1235 2810 desiderans
1244 2790 1321 2810 suam
1336 2783 1361 2809 in
1380 2788 1500 2818 tempore
1515 2784 1633 2811 futuram
1647 2793 1722 2811 rere-

931 2830 1058 2858 Iatio::cm
1076 2835 1103 2858 et
1118 2829 1269 2858 mercedem
1295 2829 1480 2866 recipiendam
1501 2831 1527 2859 in
1543 2831 1649 2859 horreis
1664 2837 1721 2858 cce-
