1888 3067
61 119 107 151 329

729 116 898 148 HOMlLlA
916 116 1006 146 XXV-

1625 105 1678 136 2-30
1714 126 1717 134 .

60 176 101 201 σία
109 173 152 200 τοῦ
160 172 282 207 Χριατοῦ
296 172 404 207 τιμῶσα
415 172 463 199 καὶ
479 173 549 207 μετὰ
565 172 680 201 θάνατον
691 174 754 204 τοὺς
771 171 844 198 κατὰ

938 178 955 197 n
977 170 1024 204 qui
1041 169 1104 196 hinc
1119 168 1146 194 in
1162 166 1207 194 illa
1223 165 1268 192 die
1280 164 1457 192 decesserunt
1472 166 1500 188 et
1514 168 1546 188 ex
1563 161 1614 187 hac
1625 161 1682 187 vita

59 221 118 247 Θεὸν
131 219 166 251 ὥς
174 219 286 254 ἀληθῶς
297 218 444 253 ζήσαντας,
461 218 522 245 καθ’
535 219 653 253 ἑκάστην
676 219 784 254 ἡμέραν
796 217 842 244 τοῦ

60 265 174 292 ἐνιαυτοῦ
192 265 305 299 μνήμην
323 266 440 291 ποιεῖται
449 265 504 291 τῶν
513 265 573 291 κατ’
586 265 673 300 αὐτὴν
689 265 841 300 μεταστάν-

60 321 107 338 των
123 311 261 343 ἐντεῦθεν,
276 310 324 337 καὶ
341 311 390 344 τῆς
407 311 544 346 ὲπικήρου
557 311 660 346 ταύτης
685 310 758 345 ζωῆς
776 311 844 337 ἀπο-

60 359 236 393 δημησὰντων
250 357 336 391 ἁγίων
351 364 358 371 ·
379 356 424 383 τόν
436 365 467 382 τε
485 357 541 392 βίον
553 357 669 384 ἑκάστου
685 356 843 392 προτιθείσα

59 407 102 438 τῆς
116 404 192 438 ἡμῶν
211 403 306 430 ἕνεκεν
336 402 479 436 ὠφελείας,
508 403 555 429 καὶ
567 403 597 430 τὸ
626 403 701 434 τέλος
723 403 846 429 ὑποδεικ-

62 450 130 481 vim,
145 449 200 475 εἴτε
219 449 280 482 μετ’
294 448 406 482 εἰρήνης
421 447 596 483 κεκοίμηται,
614 448 668 474 εἴτε
680 447 844 483 μαρτυρικῷ

60 496 120 522 τέλει
134 496 179 521 τὸν
197 493 433 529 βίηνκατέκλεισε.
450 493 508 519 Νῦν
521 494 550 520 δὲ
574 494 643 528 μετὰ
658 493 708 529 τὴν
741 494 844 528 Πεντη-

60 541 150 575 κοστὴν
162 539 232 574 ὁμοῦ
242 541 346 572 πάντας
360 540 564 575 συναγαγοῦσα,
573 540 662 567 κοινὺν
675 541 766 572 αὐτοῖς
779 541 843 566 ἀνα-

59 585 213 619 πέμπειτὺν
225 584 322 619 ὕμνον,
351 586 381 611 οὐ
414 586 494 621 μόνον
521 586 561 611 ὅτι
586 585 689 617 πάντες
714 585 843 620 ἀλλήλοις

58 631 181 665 ἧνωνται,
192 631 242 657 χαί
254 631 325 658 κατὰ
338 632 387 664 τὴν
399 631 563 666 δεσποτικὴν
592 631 675 666 εὐχὴν
691 631 721 658 ἓν
751 631 822 658 εἰσιν
835 639 842 647 ·

62 686 70 702 ι
84 678 130 708 Δὸς
143 678 199 713 γὰρ
213 678 315 709 αὐτοῖς.
335 679 401 712 φησὶ
415 677 483 712 πρὸς
506 677 553 704 τὸν
576 677 673 704 ἑαυτοῦ
694 678 802 713 Πατέρα
816 679 845 704 ὲν

895 217 998 243 caduca
1014 215 1210 249 migraverunt,
1228 216 1281 238 tam
1308 208 1524 243 uniuscujusque
1547 207 1629 233 vitam
1655 207 1682 232 in

897 261 985 288 tnedio
1003 265 1158 294 proponens
1172 260 1282 292 propter
1298 254 1439 282 utilitatem
1451 257 1584 283 nostram,
1597 258 1682 286 quam

897 315 1011 335 mortem
1023 307 1180 337 ostendens,
1191 306 1248 331 sive
1258 303 1328 338 quod
1341 302 1366 328 iu
1377 308 1442 336 pace
1452 299 1624 332 dormierint,
1634 306 1682 326 seu

897 355 968 390 quod
987 353 1116 389 martyrio
1133 353 1215 379 vitam
1235 350 1396 378 clauserint.
1417 347 1503 374 llodie
1518 351 1609 374 autent
1621 351 1684 380 post

898 401 1088 432 I'entecosten,
1105 397 1234 425 omnibus
1260 395 1342 423 simul
1359 393 1544 428 eungregatis,
1558 400 1684 420 commu-

898 453 959 473 nem
975 445 1007 472 ad
1025 452 1071 472 eos
1088 444 1218 479 hymnum
1230 441 1341 474 emittit,
1362 448 1414 467 non
1430 444 1535 466 tantum
1552 439 1682 473 quoniam

894 498 993 518 omnes
1015 490 1066 518 sibi
1082 489 1197 516 invicem
1215 487 1355 522 conjuncti
1377 491 1450 517 sunt.
1473 490 1502 514 et
1515 486 1579 519 quia
1598 493 1682 511 unum

898 541 963 564 sunt
974 535 1125 563 secundum
1138 533 1290 560 orationem
1307 531 1472 558 dominicam
1489 539 1496 557 :
1515 531 1552 556 ait
1566 530 1637 557 enim
1650 530 1684 556 ad

899 582 1006 610 Patrem
1029 581 1056 607 in
1076 578 1229 614 Evangeliis
1249 577 1388 604 Dominus.
1405 585 1412 603 :
1433 587 1444 603 ἰ
1470 577 1508 603 Da
1525 576 1564 603 eis
1582 581 1610 602 ut
1631 576 1686 602 sit

899 635 996 660 unum,
1006 627 1076 655 sicut
1090 632 1153 660 ego,
1165 624 1255 656 Pater;
1268 624 1294 650 in
1311 628 1346 656 tc,
1362 626 1389 649 et
1402 627 1428 649 ιιι
1443 623 1470 649 in
1485 630 1537 655 me,
1553 627 1620 649 utet
1633 622 1658 656 ip
1677 622 1686 648 i

900 677 927 704 in
946 674 1025 702 nobis
1043 679 1127 699 unum
1149 671 1204 698 sint
1225 670 1252 697 in
1268 669 1382 696 veritate
1396 669 1429 695 το.
1447 678 1456 694 ι

59 723 230 757 Εὑαγγελίοις
245 723 260 750 6
272 723 384 759 Κύριος,
403 733 412 749 ι
432 724 475 750 ἵνα
504 726 602 755 πάντες
626 724 655 750 ἓν
673 721 736 754 ὦσι.
754 724 880 758 καθάπερ
899 721 965 757 ἐγὼ,
981 719 1085 754 Πάτερ,
1104 718 1133 744 ὲν
1149 717 1202 750 σοὶ,
1218 715 1266 742 καὶ
1282 716 1313 742 σὺ
1327 714 1445 749 ἕωὲμοὶ,
1465 714 1509 741 ἴνα
1534 714 1580 740 καὶ
1611 714 1688 742 αὐτοὶ

63 773 89 798 ἐν
100 772 164 805 ἡμῖν
181 771 211 797 ἒν
227 767 295 798 ὦσιν
305 772 332 797 ὲν
347 771 472 808 ἀληθείᾳ.
489 780 499 798 ι

90 818 124 845 Οὐ
141 818 226 851 μόνον
243 818 334 844 τοίνυν
351 818 396 844 διὰ
411 818 490 844 τοῦτο
502 819 591 845 κοινὸν
608 819 702 850 αὐτοῖς
717 820 784 846 πᾶσι
799 819 844 846 τδν

938 816 1006 850 Νοη,
1020 817 1143 850 inquam.
1155 816 1266 848 propter
1279 812 1331 840 hoc
1348 811 1436 839 solum
1451 818 1622 838 communem
1634 819 1690 838 0m-

60 864 139 899 ἷιμνον
154 865 322 891 ἀποδίδωσιν
341 865 417 899 ήτοῦ
444 864 511 891 Θεοῦ
545 865 706 899 Ἐκκλησία,
726 865 783 892 ἀλλ’
801 867 842 893 ὅτι

60 911 103 938 καὶ
120 910 224 945 σπουδὴ
240 910 327 945 ταύτῃ
346 910 390 937 διά
406 919 436 937 τε
448 911 497 944 τῆς
508 911 589 944 ἁγίας
603 911 842 947 Τεσσαρακοστῆς,

59 957 164 992 καὶτῆς
189 957 251 991 μετ’
282 957 367 992 αὐτὴν
391 957 592 992 Πεντηκοστῆς,
619 958 710 985 πάντα
727 958 760 984 τὰ
776 958 845 992 ἔργα

60 1002 172 1036 ἐκφῆναι
200 1001 251 1028 καὶ
268 1002 422 1037 ἁνυμνῆσαι
435 1001 481 1028 τοῦ
508 1002 586 1029 Θεοῦ.
606 1002 684 1029 Ἐπεὶ
697 1000 744 1030 οὖν
756 1004 845 1029 πάντα

60 1049 174 1080 ἐξεῖπεν,
205 1048 245 1079 ὡς
273 1048 348 1074 ῐστε·
365 1047 423 1079 πῶς
447 1048 497 1082 τὴν
521 1047 633 1083 ἀρχὴνό
652 1049 754 1082 κόσμος
769 1045 845 1080 οὗτος

59 1095 128 1126 ἅπας
142 1094 254 1128 ἐγένετο
274 1094 327 1120 ὑπὸ
342 1093 428 1120 Θεοῦ’
449 1093 508 1125 πῶς
524 1094 538 1120 ὁ
560 1094 642 1129 Ἀδὰμ
668 1093 776 1129 siti)an
798 1094 846 1121 τοῦ

59 1140 224 1176 παραδείσου
237 1140 286 1166 κα)⁸
300 1139 346 1166 τοῦ
358 1139 425 1166 Θεοῦ
436 1147 443 1154 ·
458 1139 514 1170 πῶς
527 1140 541 1165 ὁ
552 1140 637 1166 πάλαι
649 1140 716 1171 λαὸς
732 1141 845 1176 ἐκλήθησ

60 1188 114 1218 πῶς
138 1187 188 1213 καὶ
217 1185 297 1213 αὐτοὶ
322 1185 496 1220 παραϐάντες
516 1184 676 1220 ἐξώσθησαν
698 1186 748 1220 τῆς
778 1187 845 1220 πρὸς

58 1235 122 1261 Θεὸν
135 1233 323 1266 οἰκειότητος·
343 1232 400 1263 πῶς
413 1232 426 1257 ὁ
449 1231 495 1258 τοῦ
523 1231 590 1258 Θεοῦ
619 1233 770 1267 μονογενὴς
785 1233 848 1265 Υἱὸς

61 1279 152 1310 κλίνας
167 1278 301 1313 οὐρανοὺς
317 1277 386 1312 ὑπὲρ
403 1277 483 1313 ἡμῶν
511 1277 642 1311 κατῆλθε,
656 1278 703 1304 καὶ
728 1278 848 1314 ἔπραξεν

59 1325 126 1360 ὑπὲρ
138 1324 220 1359 ἡμῶν
232 1324 353 1356 ἐξαίσια,
371 1326 418 1351 καὶ
434 1324 539 1355 ἐδίδαξε
560 1324 594 1351 τὰ
610 1324 743 1359 σωτήρια,
761 1325 847 1352 ἔπαθέ

58 1378 86 1397 τε
99 1370 146 1396 καὶ
157 1369 299 1396 ἀπέθανεν
318 1368 388 1404 ὑι.ὲρ
405 1369 495 1403 ἡμῶν,
514 1369 562 1395 καὶ
581 1368 670 1404 ἐτάφη
690 1369 728 1401 ὡς
741 1370 850 1406 ἄνθρω-

58 1423 116 1447 πος,
135 1416 183 1441 καὶ
200 1414 240 1445 ὡς
266 1414 332 1446 Θεὸς
346 1413 446 1448 ἀνέστη
459 1414 619 1449 τριήμερος,
639 1415 686 1441 καὶ
709 1416 748 1446 εἰς
765 1416 849 1451 οὐρα-

60 1461 133 1492 νοὺς,
147 1460 210 1487 ὃθεν
225 1461 276 1487 καὶ
293 1459 437 1492 κατῆλθεν,
454 1459 568 1494 ὓστερον
584 1460 654 1494 μετὰ
670 1461 773 1495 σαρκὸς
787 1463 848 1488 ἀνε-

57 1506 158 1541 λήφθη,
180 1506 230 1532 καὶ
245 1505 363 1536 καθίσας
376 1506 408 1532 ἐκ
421 1505 517 1538 δεξιῶν
531 1505 578 1532 τοῦ
595 1506 711 1541 Πατρὶς,
725 1506 849 1541 ἔπεμψεν

57 1551 162 1577 ἐκεῖθεν
177 1551 362 1584 τοὶπανάγιον
378 1550 491 1585 Πνεῦμα
504 1558 510 1565 ·
525 1550 587 1577 Επεὶ
600 1549 648 1578 οὖν
662 1552 752 1579 πάντα
763 1551 849 1579 ταῦτα

59 1595 218 1631 ὰνύμνησεν
230 1597 247 1630 ἡ
265 1595 314 1622 τοῦ
330 1597 398 1622 Θεοῦ
422 1596 582 1632 Ἐκκλησία,
593 1597 641 1623 νῦν
653 1597 701 1624 καὶ
714 1597 745 1623 τὺ
757 1597 850 1624 λεῖπον

58 1642 241 1677 προστιθεῖσα
256 1650 286 1668 τε
298 1641 366 1677 ὁμοῦ
383 1642 431 1669 καὶ
445 1643 586 1676 δεικνῦσα,
598 1643 702 1675 πόσους
717 1644 764 1670 καὶ
776 1644 848 1675 οἴους

59 1687 186 1722 καρποὺς
199 1687 339 1722 συνήγαγε
355 1687 421 1722 πρὸς
439 1687 512 1724 ζωὴν
523 1687 632 1715 αἰώνιον
648 1689 665 1723 ὴ
681 1688 728 1714 τοῦ
745 1689 847 1724 Κυρίου

60 1734 107 1760 καὶ
121 1733 190 1759 Θεοῦ
206 1733 255 1759 καὶ
270 1732 396 1768 Σωτῆρος
409 1733 488 1768 ἡμῶν
510 1733 597 1768 Ἰησοῦ
608 1733 728 1769 Χριστοῦ
746 1742 849 1769 παρου-

60 1779 118 1812 σία,
133 1780 180 1805 xa‘t
192 1779 210 1813 ἡ
223 1777 271 1804 τοῦ
283 1779 417 1812 παναγιου
433 1779 590 1814 Πνεῦματος
604 1779 849 1814 δύναμις,πάντων

60 1824 130 1858 ὁμοῦ
146 1825 267 1850 ποιεῖται
285 1823 338 1850 τῶν
359 1824 444 1856 ἁγίων
460 1825 509 1859 τὴν
525 1825 649 1859 μνήμην,
661 1825 707 1852 καὶ
726 1826 793 1852 πᾶσι
804 1825 850 1852 τὸν

59 1870 144 1905 ὕμνον
160 1870 209 1896 καὶ
223 1869 274 1904 τὴν
284 1870 367 1904 τιμὴν
381 1870 529 1896 ἀποδίδωσι
543 1872 673 1906 σήμερον.

92 1915 267 1950 Τιμήσωμεν
291 1914 338 1941 οὖν
367 1916 413 1942 καὶ
434 1917 527 1951 ἡμεῖς,
542 1917 667 1951 ἀδελφοὶ,
684 1917 746 1949 τοὺς
758 1917 853 1952 ἁγίους

57 1961 103 1988 τοῦ
122 1961 203 1988 Θεοῦ.
223 1961 385 1996 Τιμήσομεν
407 1962 435 1988 δὲ
459 1962 536 1997 πῶςς
563 1963 626 1989 Ἐὰν
649 1962 720 1989 κατὰ
736 1964 853 1998 μίμησιν

58 2007 173 2033 ἐκείνων
198 2005 368 2041 καθάρωμεν
385 2008 498 2039 ἑαυτοὺς
520 2009 574 2035 ἀπὸ
591 2009 692 2041 παντὸς
710 2009 853 2044 μολυσμοῦ

57 2053 160 2088 σαρκὸς
177 2053 225 2078 καὶ
240 2052 409 2087 πνεύματος,
427 2056 473 2081 καὶ
493 2055 657 2090 ἁποστῶμεν
686 2056 741 2082 τῶν
758 2048 852 2083 κακῶν

55 2102 127 2132 τέως
141 2101 188 2127 διὰ
198 2101 250 2135 τῆς
267 2101 371 2136 ἀποχῆς
383 2101 485 2129 τούτων
508 2103 577 2138 πρὸς
594 2103 752 2138 ἁγιωσύνην
769 2105 850 2140 φερό‹

58 2155 135 2181 μενοι
146 2155 153 2161 ·
170 2147 220 2172 ἐὰν
235 2146 390 2181 παύσωμεν
404 2148 454 2182 τὴν
465 2148 592 2182 γλῶσσαν
609 2150 688 2184 ἡμῶν
700 2151 754 2177 ἀπὸ
766 2151 850 2186 ὅρκου

56 2193 103 2218 καὶ
119 2194 282 2228 ἐπιορκίας,
309 2193 443 2227 ληρωδίας
458 2202 486 2220 τε
505 2196 553 2222 καὶ
575 2195 720 2230 λοιδορίας,
742 2197 789 2223 καὶ
815 2197 850 2223 τὰ

55 2239 131 2274 χειλη
144 2239 228 2274 ἡμῶν
244 2239 299 2265 ἀπὸ
312 2239 426 2273 ψεύδους
439 2241 486 2266 καὶ
503 2242 700 2275 συκοφαντίας,
717 2242 764 2268 καὶ
778 2242 849 2269 οὕτω

54 2286 101 2319 si};
113 2285 258 2321 εὐφημίαν
268 2285 359 2316 αὐτοῖς
375 2287 570 2323 προσάγωμεν,
591 2287 655 2314 Ἐὰν
670 2288 698 2314 δὲ
713 2288 751 2323 μὴ
766 2288 851 2320 οὕτως

55 2331 168 2362 ἑαυτοὺς
185 2330 366 2365 καθάρωμεν,
379 2331 558 2367 ἀκουσόμεθα
580 2333 694 2364 δικαίως
715 2334 779 2368 παρ’
797 2334 848 2360 αὐ-

53 2376 106 2402 τῶν
121 2377 170 2402 καὶ
190 2377 270 2411 ήμῶν
284 2376 400 2408 ἕκαστος
416 2378 509 2405 ἐκεῖνα
521 2378 556 2404 τὰ.
570 2378 617 2404 τοῦ
634 2378 702 2405 Θεοῦ
721 2379 789 2414 πρὸς
805 2380 851 2406 τὸν

54 2422 220 2457 ἁμαρτωλὸν
247 2422 376 2458 ρήματα’
397 2423 454 2450 ’Ἱνα
469 2423 495 2450 τί
523 2425 627 2460 τολμᾷς
644 2425 852 2460 ἀναλαμϐάνειν

51 2469 99 2494 ἐπὶ
118 2470 247 2504 μνήμης,
271 2470 319 2495 καὶ
337 2469 425 2497 λαλεῖν
446 2471 491 2497 διὰ
516 2470 640 2506 γλώττης
657 2472 710 2498 καὶι
729 2472 800 2499 αὐτὰ
816 2471 852 2498 τὰ

51 2515 106 2542 τῶν
122 2516 211 2550 ἁγίων
226 2515 358 2550 ὀνόματα,
377 2517 424 2543 καὶ
435 2517 590 2552 διηγεῖσθαι
608 2515 657 2553 τὴν
677 2518 766 2553 πάσης
784 2519 850 2552 ἀρε-

51 2561 102 2595 τῆς
119 2563 169 2588 καὶ
189 2561 378 2596 καθαρότητος
403 2564 628 2600 πεπληρωμένην
760 2564 851 2591 αὐτῶν

51 2607 215 2643 διαγωγήν;
247 2608 282 2633 Σὺ
299 2608 328 2634 δὲ
344 2609 479 2644 ὲμῐσησας
495 2611 542 2635 τιν
569 2611 698 2644 ἐνάρετον
720 2610 790 2646 βίον,
803 2611 850 2636 καὶ

51 2653 108 2679 ἀπὸ
125 2653 230 2680 σαυτοῦ
246 2653 296 2688 τὴν
312 2653 360 2688 τῆς
374 2655 462 2690 ψυχῆς
474 2655 576 2682 καὶτοῦ
591 2655 719 2690 σώματος
731 2655 850 2682 ἀπεδίω-

54 2700 101 2731 Ea;
113 2700 304 2736 καθαρότητα.
326 2710 335 2726 ι
354 2701 522 2737 Εἰὲθεώρεις
539 2702 670 2736 κλέπτην,
689 2703 851 2736 συνέτρεχες

55 2746 137 2780 αὐτῷ,
158 2748 206 2772 καὶ
224 2747 295 2780 μετὰ
315 2746 410 2781 μοιχοῦ
425 2747 478 2782 τὴν
490 2747 589 2782 μερίδα
608 2756 654 2773 σου
680 2748 780 2778 ἐτίθεις
794 2754 801 2762 ⁸
822 2746 853 2772 τὸ

56 2793 145 2826 στόμα
162 2801 210 2819 σου
223 2793 373 2820 ἐπλεόνασε
392 2795 502 2827 κακίας,
518 2796 563 2821 καὶ
581 2795 597 2830 ἡ
613 2794 724 2828 γλῶσσά
738 2803 785 2821 σου
805 2802 852 2820 πε-

96 2853 120 2870 "
135 2854 221 2882 Joan.
237 2861 306 2886 xvn,
329 2853 375 2881 20.

186 2903 328 2931 ΡΔτιιοι.
348 2902 406 2931 Gtt.
426 2903 487 2932 CLI

897 865 978 893 nibus
998 864 1129 899 hymnum
1140 859 1352 890 solvitEcclesia
1365 858 1424 891 Dei,
1441 860 1488 885 sed
1498 859 1579 885 etiam
1595 863 1624 884 ut
1638 858 1690 885 hoc

895 910 988 938 studio
1004 917 1052 944 per
1063 915 1170 935 sacram
1185 905 1426 940 Quadragesimam
1442 905 1582 939 ipsamque
1594 905 1691 932 subse-

895 961 1023 991 quentem
1046 954 1215 981 Pentecoste:
1239 951 1416 979 festivitatem
1432 951 1523 977 omnia
1544 951 1590 977 Dei
1606 959 1690 986 opera

895 1002 1070 1037 proferantur
1080 1005 1106 1028 et
1119 999 1245 1028 laudibus
1256 998 1421 1031 efferantur;
1433 1003 1462 1024 ut
1470 998 1564 1025 sciatis
1586 998 1689 1031 (omnia

896 1047 970 1076 brevi
981 1054 1107 1075 sermone
1120 1044 1372 1080 comprehendam),
1381 1044 1518 1078 quomodo
1530 1051 1544 1069 a
1558 1044 1689 1078 principio

898 1094 1016 1121 mundus
1027 1093 1079 1120 istc
1091 1096 1165 1119 totus
1180 1099 1195 1118 a
1211 1090 1264 1118 Deo
1277 1090 1365 1117 factus
1379 1094 1437 1122 est;
1454 1090 1591 1123 quomodo
1601 1090 1688 1117 Adam

898 1148 912 1167 a
927 1139 1055 1175 paradiso
1078 1134 1105 1165 et
1120 1138 1174 1165 Deo
1194 1137 1297 1172 ejectus
1313 1141 1370 1170 est;
1394 1137 1531 1171 quomodo
1547 1140 1624 1164 vetus
1642 1137 1688 1164 Dei

898 1186 1014 1221 populus
1028 1190 1143 1212 vocatus
1159 1184 1230 1217 fuit;
1247 1183 1384 1218 quomodo
1401 1183 1450 1218 ipsi
1471 1190 1580 1218 quoque
1596 1188 1688 1210 trans~

899 1233 983 1267 gressi
993 1233 1076 1260 amoti
1087 1237 1151 1260 sunt
1161 1239 1175 1258 ο
1186 1230 1370 1258 familiaritate
1377 1230 1438 1262 Dei;
1449 1229 1586 1264 quomodo
1596 1229 1676 1263 unige
1683 1243 1693 1248 -

899 1278 974 1306 nitus
986 1278 1033 1305 Dei
1046 1278 1131 1305 Filius
1143 1277 1227 1305 cmlos
1236 1276 1371 1303 inclinans
1382 1283 1431 1309 pro
1443 1275 1521 1302 nobis
1533 1275 1686 1302 descendit.

899 1329 926 1352 et
939 1331 988 1360 pro
999 1325 1078 1352 nobis
1090 1331 1159 1350 nova
1170 1323 1236 1350 fecit
1246 1327 1273 1350 et
1288 1322 1419 1350 salutaria
1434 1322 1536 1354 docuit,
1551 1329 1601 1356 pro
1613 1321 1692 1348 nobis

901 1378 999 1406 passus
1018 1375 1059 1398 est
1073 1375 1102 1397 et
1118 1375 1256 1401 mortuus,
1276 1369 1399 1403 sepultus
1419 1374 1448 1395 ut
1465 1368 1556 1401 homo,
1572 1374 1599 1395 ιιι
1618 1368 1691 1395 Deus

901 1422 961 1452 post
977 1422 1033 1444 tres
1047 1417 1103 1444 dies
1120 1406 1281 1446 resurrexit.
1302 1415 1329 1442 in
1346 1414 1446 1442 caelum
1466 1414 1537 1441 unde
1551 1414 1691 1451 descendit

902 1467 995 1498 postea
1006 1470 1067 1491 cum
1079 1469 1195 1496 corpore
1206 1460 1341 1492 ascendit,
1353 1465 1379 1487 et
1392 1460 1491 1488 sedens
1504 1460 1539 1487 ad
1551 1460 1689 1488 dexteram

862 1499 884 1530 ο
900 1509 1000 1540 Patris,
1027 1508 1101 1535 misit
1118 1507 1181 1534 inde
1210 1506 1341 1541 Spiritum
1366 1506 1582 1533 sanctissimum.
1607 1507 1691 1541 Igitur

899 1559 1042 1590 postquam
1069 1553 1126 1580 ha:c
1142 1552 1234 1579 omnia
1257 1551 1377 1578 laudavit
1394 1551 1439 1578 Dei
1460 1551 1591 1584 Ecclesia,
1608 1551 1690 1579 hodie

900 1601 1011 1634 insuper
1022 1603 1118 1626 caetera
1127 1598 1281 1633 produccns
1295 1597 1432 1632 simulque
1447 1597 1607 1629 ostendens,
1623 1603 1691 1631 quot

899 1651 927 1673 ct
947 1645 1041 1680 quales
1061 1645 1165 1672 fructus
1188 1643 1214 1670 in
1237 1644 1318 1670 vitam
1335 1648 1464 1670 aeternam
1481 1643 1688 1678 rongregaverit

899 1691 1008 1719 Domini
1025 1695 1052 1718 et
1068 1690 1113 1717 Dei
1132 1695 1158 1717 et
1171 1690 1318 1718 Salvatoris
1334 1689 1419 1716 nostri
1437 1688 1500 1716 Jcsu
1519 1688 1619 1716 Christi
1637 1688 1687 1715 ad-

901 1742 1009 1770 ventus,
1028 1744 1133 1764 necnon
1161 1736 1247 1763 virtus
1271 1735 1437 1763 sanctissimi
1465 1735 1594 1769 Spiritus,
1630 1742 1692 1761 om-

904 1782 979 1809 nium
999 1781 1081 1809 simul
1095 1784 1251 1808 sanctorum
1269 1780 1429 1807 memoriam
1447 1779 1526 1811 facit,
1545 1779 1690 1807 omnibus-

904 1836 957 1863 que
969 1828 1099 1863 hymnum
1119 1831 1146 1854 et
1162 1827 1292 1853 honorem
1311 1826 1361 1852 hac
1378 1825 1421 1851 die
1439 1825 1580 1860 persolvit.

938 1917 992 1945 Nos
1007 1925 1136 1957 \quoque,
1155 1916 1266 1949 fratres,
1283 1916 1308 1943 in
1333 1915 1437 1943 honore
1454 1915 1603 1943 habeamus
1628 1924 1692 1943 satis

904 1969 962 1993 ctos
979 1964 1038 1992 Dei.
1055 1964 1089 1990 At
1111 1963 1249 1997 quomodo
1267 1963 1371 1990 honore
1398 1961 1576 1988 habebimus?
1600 1962 1628 1989 Si
1645 1971 1692 1989 eos

904 2010 1001 2037 imitati
1022 2009 1201 2036 emnndemus
1224 2016 1274 2036 nos
1299 2009 1332 2035 ab
1356 2008 1431 2036 omni
1453 2009 1534 2036 sorde
1551 2009 1643 2035 carnis
1664 2014 1692 2035 et

903 2057 1027 2091 spiritus,
1044 2063 1059 2083 a
1074 2056 1153 2083 malis
1177 2055 1364 2083 abstineamus
1388 2055 1476 2082 donec
1495 2061 1540 2088 per
1556 2055 1627 2082 hanc
1644 2055 1692 2082 ab-

903 2103 1061 2131 stinentiam
1089 2101 1123 2129 ad
1147 2108 1244 2128 eorum
1267 2101 1478 2129 sanetimoniam
1502 2101 1632 2129 feramur.
1662 2102 1691 2128 Si

901 2150 992 2184 lingua
1002 2153 1095 2177 nostra
1110 2156 1123 2175 a
1136 2147 1302 2183 iuramentis
1326 2153 1353 2175 et
1364 2148 1492 2182 periuriis
1507 2148 1649 2182 quieverit,
1666 2149 1691 2175 si

901 2204 916 2224 a
930 2195 1092 2230 vaniloquiis
1107 2199 1134 2222 et
1145 2194 1312 2229 opprobriis,
1328 2193 1351 2221 si
1366 2194 1436 2221 labia
1448 2196 1541 2221 nostra
1550 2202 1600 2221 nec
1614 2201 1689 2221 meu-

900 2243 1007 2270 dacium
1036 2248 1125 2275 neque
1156 2239 1361 2275 sycophantiam
1394 2240 1484 2267 locuta
1515 2240 1627 2274 fuerint,
1654 2239 1692 2267 ita

901 2289 995 2316 laudes
1019 2288 1104 2315 bonas
1122 2287 1162 2313 eis
1178 2287 1377 2321 persolvemus.
1400 2285 1428 2313 Si
1448 2291 1540 2313 autem
1566 2292 1691 2314 nosmet-

863 2325 890 2355 Ῑ)
903 2335 978 2369 ipsos
997 2333 1037 2361 sic
1062 2340 1116 2360 non
1133 2332 1381 2362 emendaverimus.
1397 2331 1457 2366 jure
1474 2332 1573 2366 singuli
1595 2333 1629 2360 ab
1652 2333 1693 2360 eis

900 2381 1043 2409 audiemus
1051 2387 1084 2407 ea
1101 2387 1161 2414 qua:
1178 2379 1248 2405 Deus
1263 2379 1399 2412 peccatori
1412 2379 1478 2406 dicit
1489 2379 1570 2406 verba
1588 2388 1595 2407 :
1615 2388 1623 2404 ι
1642 2380 1693 2407 Ut-

900 2425 964 2460 quid
980 2432 1064 2452 ausus
1078 2432 1106 2452 es
1121 2424 1147 2450 in
1160 2423 1319 2450 memoriam
1331 2430 1472 2452 assumere
1483 2428 1511 2451 et
1522 2423 1612 2458 lingua
1628 2431 1694 2458 pro-

900 2475 972 2501 ferre
1003 2475 1160 2499 sanctorum
1186 2471 1308 2503 nomina,
1338 2471 1501 2505 plenamque
1529 2470 1637 2498 virtutis
1665 2476 1693 2497 et

902 2519 1044 2547 munditiae
1056 2517 1292 2546 conversationem
1305 2525 1400 2544 eorum
1411 2516 1559 2544 enarrare?
1572 2516 1612 2544 Tu
1626 2524 1693 2544 vero

901 2565 964 2592 odio
979 2566 1090 2600 probam
1108 2564 1225 2592 habebas
1240 2563 1332 2596 vitam,
1349 2568 1376 2590 ct
1387 2563 1467 2597 longe
1480 2571 1494 2589 a
1511 2568 1537 2590 te
1550 2563 1649 2590 anima:
1665 2568 1692 2589 et

901 2612 1026 2645 corporis
1049 2610 1154 2646 ejecisti
1179 2609 1351 2637 munditiam.
1376 2617 1386 2634 ‹
1413 2608 1442 2635 Si
1459 2609 1571 2636 videbas
1592 2609 1691 2640 furem.

902 2657 1103 2684 rurrebascum
1124 2665 1169 2690 eo,
1184 2661 1210 2684 et
1224 2663 1286 2683 cum
1302 2655 1433 2682 adulteris
1451 2655 1601 2689 portionem
1616 2659 1691 2681 tuam

902 2703 1033 2737 ponebas.
1047 2705 1083 2730 Os
1104 2708 1180 2730 tuum
1198 2703 1346 2730 abundarit
1360 2701 1473 2734 malitia,
1487 2705 1514 2729 et
1534 2701 1625 2736 lingua
1643 2704 1692 2727 tua

903 2749 1083 2777 concinnabat
1105 2750 1192 2778 dolos.
1208 2749 1314 2777 Sedens
1330 2748 1462 2776 adversus
1485 2748 1595 2774 fratrem
1613 2751 1688 2773 ιιιιιιιι
1723 2774 1731 2777 _

904 2794 1074 2829 loquebaris,
1093 2799 1120 2823 ct
1145 2795 1277 2823 adversus
1292 2795 1378 2822 lilium
1395 2795 1493 2822 matris
1509 2799 1561 2820 tua‘.
1574 2792 1694 2827 ponebas

1442 2904 1475 2933 ff
