1888 3067
192 63 244 97 331

826 61 848 92 G
855 61 1018 93 REGORII
1038 61 1166 93 PALAM
1172 61 1203 91 4E

1772 64 1821 95 332

194 119 352 149 scandalum
368 119 417 146 τί.»
434 119 570 154 llymnum
587 126 641 146 non
659 119 765 154 recipit,
779 118 891 150 fratres,
909 118 964 146 Dcu

1064 120 1164 147 ἑπλεκε
1177 118 1334 154 δολιότητας
1345 126 1352 134 ·
1377 117 1535 154 καθήμενος
1550 117 1620 145 att-:3
1643 118 1691 146 τοῦ
1709 119 1820 155 ἀδελφῄ

193 174 207 193 a
237 166 337 193 talibus
361 165 466 198 oribus,
492 165 538 192 sed
562 172 652 199 neque
677 165 763 193 sancti
784 165 852 198 Dei;
872 173 933 192 nam
957 167 978 193 si

192 212 381 247 unusquisque
393 215 528 242 nostrum,
543 211 566 238 si
583 219 664 237 manu
678 217 783 238 stercus
795 211 923 245 tetigerit,
936 212 980 239 illa

193 259 242 286 sibi
269 259 376 285 admota
407 265 456 284 nos
477 258 563 285 utitur
582 257 632 284 nisi
651 258 726 292 prius
752 265 812 284 eam
843 258 979 291 abluerit,

192 303 330 339 quomodo
349 304 419 330 Deus
434 302 505 330 dona
520 302 634 337 accipiet
650 309 664 328 a
681 299 797 336 corpore
817 309 918 337 oreque
932 302 982 329 im-

194 352 306 383 mundo,
328 351 379 377 nisi
404 349 479 384 prius
504 356 552 376 nos
576 347 779 375 cmuudemus?
805 346 872 374 Nam
897 349 982 374 multo

193 398 307 426 fmdim-a
324 402 446 424 stercore
463 401 615 431 peccatum,
630 396 721 427 dolus,
738 395 923 428 mendacium,
941 395 983 421 iu-

192 444 275 475 vidia,
286 433 389 474 odium.
401 442 527 474 avaritia,
542 442 669 477 proditio,
685 447 778 476 turpes
790 441 982 476 cogitationes,

193 489 341 524 turpiaque
357 489 453 520 verba.
469 489 642 523 infamesque
656 492 734 516 actus
748 488 793 515 illa
814 496 985 523 consequen-

193 541 244 562 tes.
258 533 310 561 Sed
323 535 461 569 quomodo
471 533 719 567 emuudabiturqui
734 532 761 560 in
775 532 826 559 ista
839 531 984 559 inciderit!

191 580 244 614 Per
270 581 471 618 paenitentiam,
502 587 550 614 per
573 578 784 610 confessionem,
811 585 859 612 per
880 578 979 605 bonam

191 629 389 662 operationem.
406 634 454 661 per
467 625 607 653 assiduam
625 625 658 652 ad
678 624 761 651 Deum
777 624 942 650 oralionem.

1031 175 1077 193 σου
1095 165 1266 196 κατελάλεις.
1285 166 1332 192 καὶ
1358 165 1430 192 κατὰ
1447 166 1494 192 τοῦ
1510 165 1569 192 υίοῦ
1589 166 1638 201 τῆς
1654 165 1759 200 μητρός
1777 174 1820 192 σου

1029 213 1130 243 ἐτίθεις
1142 211 1299 239 σκάνδαλον.
1317 222 1326 238 ι
1345 212 1382 238 Οὐ
1394 211 1503 246 δέχεται
1519 211 1616 249 ὕμνον⁷
1633 211 1756 245 ἀδελφοὶ,
1772 211 1821 238 ἀπὸ

1029 259 1158 285 τοιούτων
1179 258 1322 293 στομάτων
1348 256 1410 283 οὔτε
1439 257 1453 283 ὁ
1469 257 1547 289 Θεὸς,
1566 256 1626 283 οὔτε
1643 258 1668 283 oi
1694 257 1742 283 τοῦ
1756 257 1820 283 Θεοῦ

1031 306 1122 339 ἅγιοι·
1135 305 1159 331 εί
1180 305 1235 338 γὰρ
1263 304 1378 335 ἕκαστος
1392 304 1471 338 ἡμῶν
1489 304 1538 339 τὴν
1559 304 1657 330 ἑαυτοῦ
1682 304 1764 338 χεῖρα
1779 303 1820 329 κό-

1032 360 1102 387 πρου
1123 350 1281 385 ἁψαμένην,
1309 349 1339 376 οὺ
1356 349 1464 384 δέχεται
1488 350 1683 384 προσενεγκεῖν
1703 349 1778 384 αὐτῷ
1795 358 1820 376 τι

1034 396 1104 431 πρὸς
1115 396 1221 431 χρείαν,
1234 395 1267 421 ἂν
1288 395 1326 430 μὴ
1344 396 1480 431 πρότερον
1497 395 1587 430 αὐτὴν
1610 395 1748 431 ὲκπλὺνῃ,
1765 395 1821 426 πῶς

1032 442 1047 469 ὀ
1061 442 1128 473 Θεὸς
1147 442 1253 474 δέξεται
1268 442 1302 468 τὰ
1327 442 1382 468 ἀπὸ
1400 441 1527 477 σώματος
1542 443 1592 468 καὶ
1606 442 1744 476 στόματος
1757 441 1820 468 ἀκα-

1033 487 1134 522 θάρτου
1152 487 1376 522 προσφερόμενα,
1394 487 1427 513 ἂν
1445 487 1483 522 μὴ
1499 487 1632 522 πρότερον
1648 487 1764 518 ἑαυτοὺς
1776 487 1819 514 ὲκ-

1033 531 1217 567 καθάρωμεν;
1243 532 1313 558 Πολὺ
1331 532 1385 566 γὰρ
1411 531 1462 567 τῆς
1477 532 1581 568 κόπρου
1600 533 1818 568 βδελυρωτέραὴ

1033 577 1165 613 ἁμαρτία,
1176 578 1190 604 ὁ
1208 578 1295 610 δόλος,
1318 579 1348 604 τδ
1361 577 1467 612 ψεῦδος,
1497 579 1511 604 ὁ
1526 579 1633 612 φθόνος,
1649 579 1680 605 τὺ
1700 580 1786 613 μῖσος,
1804 579 1819 612 ἡ

1033 623 1188 655 πλεονεξία,
1201 624 1218 658 ἡ
1233 623 1375 658 προδοσία,
1390 624 1424 650 τὰ
1435 625 1536 659 αίσχρὰ
1550 624 1722 666 διανοήματά
1736 632 1765 650 τε
1775 620 1819 649 καὶ

193 675 313 709 ῥήματα,
329 675 375 701 καὶ
390 674 418 701 αι
433 673 537 703 τούτοις
553 670 785 698 ὲπακολουθοῦσαι
799 671 897 704 μιαραὶ
908 669 1032 704 πράξεις.
1058 669 1141 696 Ἀλλὰ
1177 670 1237 702 πῶς
1250 671 1265 696 ό
1281 670 1387 701 τούτοις
1420 669 1578 705 περιπεσὼν
1608 671 1691 697 πάλιν
1726 669 1819 696 καθαί-

193 729 288 756 ρεται;
306 721 350 748 διὰ
366 720 416 755 τῆς
442 719 597 754 μετανοίας,
624 718 668 745 διὰ
683 718 732 753 τῆς
758 717 990 752 ὲξομο).ογήσεως,
1010 717 1055 744 διὰ
1082 717 1133 752 τῆς
1157 717 1350 753 ἀγαθοεργίας,
1377 719 1422 746 διὰ
1451 719 1501 755 τῆς
1526 718 1652 750 ὲκτενοῦς
1681 719 1752 754 πρὸς
1777 719 1820 749 τὸν

191 770 257 797 Θεὸν
270 770 398 805 δεήσεως.

231 817 317 852 Igitur
331 817 358 843 in
370 815 430 843 istis
442 822 511 849 quas
521 813 694 847 celebramus
707 816 866 840 sanctorum
879 819 982 840 memo—
998 822 1018 850 Β

191 866 251 902 riis,
266 870 327 890 cum
353 869 368 888 a
383 860 486 887 ucstris
506 859 611 886 artibus
630 864 657 886 el
673 858 811 886 laboribus
833 865 962 886 vacamus
974 878 982 891 ,

193 913 250 938 lmc
272 909 308 937 sit
321 907 400 934 nobis
416 906 568 938 meditatio,
584 904 722 940 quomodo
736 906 893 932 recedentes
904 905 984 932 liberi

192 957 295 985 erimus
319 954 352 981 ab
367 954 406 981 eis
421 953 447 980 in
473 959 542 987 quas
564 951 682 986 quisque
695 951 826 978 ceciderit
844 951 931 986 culpis
956 955 984 978 et

193 1002 330 1030 sordibus.
349 1001 378 1026 Si
393 1003 485 1026 autem
501 1003 596 1025 contra
611 997 718 1024 animas
734 1001 840 1024 nostras
855 997 928 1024 ludis
941 997 983 1024 vel

193 1049 273 1083 nugis
286 1047 326 1074 vel
337 1045 665 1079 ebrietatiiudulgeamus,
678 1044 816 1079 quomodo
829 1043 901 1070 fcedo
911 1043 984 1070 diem

193 1099 304 1129 agentes
316 1093 453 1119 (elebrare
467 1096 577 1118 sanctos
589 1091 724 1117 dicimus?
742 1089 853 1123 Verum,
870 1090 981 1122 fratres,

193 1141 318 1176 obsecro.
337 1139 410 1166 absit
428 1142 457 1164 ut
473 1137 509 1164 ita
529 1144 575 1164 eos
598 1136 780 1168 celebremus,
801 1136 847 1163 sed
867 1136 982 1163 acceda-

193 1193 255 1212 mus
269 1189 296 1212 et
316 1192 365 1211 nos
380 1191 494 1218 corpore
511 1187 538 1210 et
554 1183 644 1209 anima
663 1181 719 1209 Deo
738 1181 917 1215 acciiptabiles
928 1201 935 1213 ,
955 1181 982 1208 in

193 1231 248 1258 illis
266 1229 424 1258 festivitatis
437 1228 545 1260 diebus,
565 1233 594 1254 ut
615 1228 713 1254 fiamus
727 1231 753 1254 et
771 1235 820 1253 nos
837 1226 983 1261 participes

194 1276 322 1311 precibus
338 1279 496 1302 sanctorum
513 1274 604 1308 gloria:
629 1280 735 1300 necnon
757 1277 866 1300 αξιοι-[κο
886 1280 981 1300 eorum

196 1323 297 1350 latitius
308 1343 315 1354 ,
331 1329 401 1357 quas
415 1329 466 1349 nos
488 1328 583 1348 omnes
600 1318 730 1354 consequi
747 1320 882 1347 tribuatur
896 1320 982 1354 gratia

196 1375 223 1396 et
250 1368 420 1403 benignitate
433 1367 542 1394 Domini
567 1367 652 1394 nostri
679 1366 743 1394 Jesu
768 1366 879 1398 Christi,
902 1375 981 1401 quem

194 1416 274 1443 decet
291 1414 376 1450 gloria
392 1420 454 1440 eam
465 1417 566 1440 :eterno
587 1413 646 1447 ejus
661 1413 751 1445 l‘atre,
768 1419 794 1440 et
809 1413 982 1440 sanctissimo

196 1462 321 1496 bonoque
340 1465 422 1495 atque
438 1459 546 1487 viviﬁco
561 1459 676 1494 Spiritu,
695 1467 768 1486 nunc
784 1464 812 1486 et
833 1466 940 1494 semper
955 1463 981 1485 et

196 1508 222 1534 iu
238 1507 339 1533 saecula
360 1506 534 1533 saculorum.
550 1506 648 1532 Amen.

1069 811 1154 839 Ὅταν
1168 811 1259 838 τοίνυν
1270 811 1300 838 ὲν
1326 811 1387 842 ταῖς
1415 811 1629 847 ἑορταζομεναις
1655 811 1711 838 τῶν
1737 812 1822 846 ἁγίων

1037 858 1158 893 μνήμαις
1178 857 1232 884 ἀπὸ
1248 857 1303 884 τῶν
1321 856 1426 892 τεχνῶν
1450 857 1588 893 ἡμῶνκαὶ
1609 857 1665 884 τῶν
1675 858 1821 893 ἐπιτηδευ-

1037 906 1128 940 μάτων
1144 904 1258 935 ἒκαστος
1284 904 1470 938 σχολάζωμεν,
1496 903 1576 930 τοῦτο
1592 903 1671 938 ἡμῶν
1688 904 1759 931 ἔστω
1775 913 1822 939 με·

1034 951 1150 986 λέτημα,
1176 950 1234 981 πῶς
1258 949 1301 976 ἵνα
1318 950 1484 984 ἀποστῶμεν
1505 950 1552 976 καὶ
1570 950 1711 986 ἐλεύθεροι
1737 952 1823 985 γενώ-

1036 998 1107 1033 μεθα
1121 991 1174 1024 τῶν
1189 994 1227 1024 ὦν
1240 997 1357 1028 ἕκαστος
1374 998 1540 1032 περιέπεσεν
1552 998 1696 1033 ἁμαρτιῶν
1710 998 1758 1024 καὶ
1777 1007 1824 1033 μο-

1034 1044 1154 1080 λυσμῶν.
1170 1044 1200 1070 El
1209 1044 1238 1070 δὲ
1248 1043 1296 1070 καὶ
1312 1044 1373 1070 τότε
1387 1043 1521 1078 παίζομεν
1531 1044 1601 1070 κατὰ
1609 1044 1664 1071 τῶν
1677 1045 1823 1080 ἡμετέρων

1034 1091 1124 1117 αὐτῶν
1140 1090 1234 1125 ψυχῶν
1249 1090 1296 1117 καὶ
1310 1090 1515 1125 ἀδιαφοροῦμεν
1535 1090 1583 1117 καὶ
1600 1090 1750 1125 μεθύομεν,
1765 1092 1825 1123 πῶς

1034 1136 1150 1170 ἄναγνον
1161 1136 1300 1168 ποιοῦντες
1310 1137 1359 1171 τὴν
1377 1136 1483 1172 ἡμέραν
1499 1136 1640 1170 ἑορτάζειν
1653 1137 1717 1168 τοὺς
1728 1137 1823 1171 ἁγίους

1034 1182 1168 1216 ὶέγομενς
1196 1181 1278 1209 Ἀλλὰ
1309 1183 1348 1217 μὴ
1382 1181 1468 1214 οὕτως
1484 1182 1670 1218 ἑορτάζωμεν,
1700 1183 1822 1218 ἀδελφοὶ,

1034 1228 1197 1262 παρακαλῶ,
1215 1228 1284 1256 ἀλλὰ
1298 1230 1522 1263 παραστήσωμεν
1538 1229 1586 1256 καὶ
1598 1230 1679 1264 ἡμεῖς
1707 1229 1823 1264 σώματά

1033 1283 1062 1301 τε
1078 1275 1124 1301 καὶ
1138 1275 1227 1309 ψυχὰς
1245 1275 1413 1310 εὐαρέστους
1430 1274 1469 1309 τῷ
1488 1275 1558 1310 Θεῷ,
1569 1276 1629 1302 κατ’
1651 1276 1737 1307 αὑτὰς
1756 1275 1822 1310 γοῦν

1033 1321 1081 1352 τὰς
1109 1321 1230 1355 ἐορτίους
1261 1320 1376 1355 ἡμέρας,
1397 1320 1442 1347 ἵνα
1470 1321 1630 1356 πρεσϐείαις
1656 1322 1714 1348 τῶν
1737 1323 1822 1356 ἁγίων

1035 1366 1144 1401 μέτοχοι
1172 1366 1220 1392 καὶ
1249 1366 1327 1394 αὐτοὶ
1347 1365 1491 1402 γενώμεθα
1508 1368 1557 1402 τῆς
1574 1368 1760 1404 πανηγύρεως
1775 1369 1823 1394 καὶ

1033 1412 1204 1447 εὐφροσύνης
1216 1412 1323 1447 ἐκείνης
1335 1412 1384 1447 τῆς
1397 1413 1552 1447 ἀπεράντου
1566 1421 1573 1428 ⁶
1591 1411 1624 1448 ἦς
1637 1414 1744 1447 γένοιτο
1755 1414 1824 1440 πάν-

1034 1467 1081 1489 τας
1105 1459 1180 1492 ἠμᾱς
1205 1458 1347 1492 ἐπιτυχεῖν
1373 1458 1466 1493 χάριτι
1495 1459 1542 1486 καὶ
1568 1460 1762 1495 φιλανθρωπίᾳ
1775 1460 1824 1486 τοῦ

998 1497 1019 1525 C
1037 1504 1141 1538 Κυρίου
1171 1505 1251 1540 ἡμῶν
1271 1505 1358 1539 Ἰησοῦ
1388 1505 1509 1539 Χριστοῦ
1521 1514 1528 1521 ι
1548 1502 1569 1539 ᾧ
1586 1507 1683 1541 πρέπει
1698 1507 1761 1539 δόξα
1776 1507 1826 1534 σὺν

194 1556 233 1591 τῷ
244 1556 354 1591 ἀνάρχῳ
365 1554 447 1582 αὑτοῦ
460 1555 556 1590 Πατρὶ,
575 1555 623 1581 καὶ
635 1554 674 1588 τῷ
689 1554 812 1589 παναγίιμ
826 1554 873 1580 καὶ
887 1552 983 1588 ἀγαθῷ
1004 1553 1050 1580 καὶ
1078 1553 1203 1588 ζωοποιῷ
1233 1553 1382 1589 Πνεῦματι,
1400 1554 1448 1582 νῦν
1465 1555 1512 1582 καὶ
1535 1556 1589 1589 ἀεὶ,
1606 1556 1655 1583 καὶ
1690 1557 1731 1588 εἰς
1761 1557 1826 1589 τοὺς

195 1602 299 1634 αἰῶνας
314 1602 367 1628 τῶν
384 1601 500 1628 αἰώνων.
522 1601 618 1636 “Δμὴν.

465 1657 607 1686 ΙΙΟΜΙΙιΙΑ
625 1658 720 1685 XXVI.

255 1706 330 1732 Dicta
347 1706 436 1733 messis
449 1710 578 1740 tempore;
594 1705 636 1731 ubi
652 1706 683 1731 de
693 1705 827 1740 spirituali
841 1713 931 1732 messe.

233 1783 360 1811 Omnium
373 1782 486 1810 Creator
497 1786 523 1808 et
538 1782 669 1810 Dominus
684 1783 729 1818 qui
741 1784 832 1810 omnia
847 1791 879 1810 ex
898 1783 986 1810 nihilo

197 1829 261 1856 fecit
282 1837 328 1863 per
348 1836 425 1856 suam
445 1828 605 1861 bonitatem,
624 1832 684 1863 post
709 1829 812 1862 omnia,
835 1829 986 1856 secundum

198 1875 389 1902 abundantiam
405 1875 515 1902 virtutis
526 1882 581 1902 sua:
593 1879 619 1902 et
629 1875 781 1902 ineffabiles
790 1884 839 1902 nec
847 1875 927 1903 etiam
942 1883 988 1902 co-

197 1922 321 1956 gitabilcs
351 1921 463 1948 divitias
495 1921 635 1956 sapientiae
663 1926 690 1948 et
727 1922 902 1957 benignitatis
931 1929 988 1949 suae

198 1969 334 1995 hominem
372 1967 490 1999 creavit,
529 1967 690 1994 mirabiliter
719 1967 744 1994 in
773 1975 828 1994 uno
851 1972 878 1994 et
903 1974 987 2002 parvo

197 2022 278 2050 opere
299 2014 412 2043 collecta
429 2020 456 2041 et
471 2015 548 2049 quasi
569 2019 731 2049 congregata
756 2019 813 2041 tota
836 2014 984 2041 creatione.

197 2061 259 2088 Ideo
270 2068 331 2088 eum
350 2060 448 2087 ultimo
460 2060 564 2087 creavit
578 2068 611 2087 ex
622 2065 741 2094 utroque
757 2060 860 2088 mundo
873 2068 986 2095 compo-

197 2108 293 2138 situm,
308 2111 337 2134 et
355 2111 503 2141 utrumque
519 2107 650 2134 mundum
674 2110 872 2138 exornaulem;
888 2107 985 2134 visibi-

197 2153 249 2179 lem
264 2152 326 2179 dico
341 2156 368 2178 et
380 2152 558 2180 iuvisibilem.
574 2152 690 2179 Mentem
710 2151 782 2179 enim
801 2157 829 2180 et
845 2160 944 2180 sensus
958 2153 986 2180 in

198 2199 258 2231 ipso
274 2197 448 2225 iueﬂ'abiliter
473 2198 622 2224 conuexuit
638 2204 707 2231 quos
724 2198 822 2225 mediis
844 2198 922 2233 quasi
939 2206 987 2233 per

1297 1657 1418 1685 OMIAIA
1434 1657 1495 1692 κεῖν
1515 1657 1564 1693 (l).

1043 1702 1271 1738 Ἔκφωνηθεῖσα
1279 1704 1315 1731 ἐν
1326 1703 1364 1736 τῷ
1378 1703 1470 1738 καιρῷ
1484 1702 1660 1740 ζοῦγθέρους
1672 1714 1676 1718 “
1689 1704 1725 1730 ἐν
1741 1701 1760 1740 ᾖ
1776 1705 1825 1732 καὶ

1220 1740 1286 1773 περὶ
1301 1739 1505 1773 πνευματικοῦ
1518 1739 1635 1772 θέρους.

1077 1786 1107 1812 '0
1123 1786 1176 1812 τῶν
1193 1785 1323 1812 ἁπάντων
1340 1785 1455 1821 ποιητὴς
1471 1786 1516 1811 καὶ
1531 1786 1671 1821 Δεσπότης
1688 1787 1779 1814 πάντα
1794 1788 1827 1814 ὲκ

1039 1833 1076 1867 μὴ
1092 1832 1176 1859 ὄντων
1191 1831 1306 1866 ποιήσας
1324 1831 1357 1857 δι’
1368 1832 1534 1866 ἁγαοὸτητα,
1555 1832 1624 1866 μετὰ
1641 1833 1742 1866 πάντα,
1756 1834 1828 1860 κατὰ

1037 1879 1067 1905 τὸ
1082 1878 1177 1912 περιὸν
1190 1877 1263 1913 αὐτῷ
1277 1879 1327 1912 τῆς
1347 1877 1500 1912 δυνάμεως,
1526 1880 1573 1904 καὶ
1587 1879 1634 1905 τὺν
1647 1879 1753 1913 ἄφατον
1779 1881 1828 1907 καὶ

1037 1925 1219 1959 ἀ-ιερινόητον
1243 1924 1358 1950 πλοῦτον
1373 1924 1420 1959 τῆς
1435 1925 1518 1950 αὑτοῦ
1535 1925 1632 1959 σοφίας
1649 1934 1679 1952 τε
1692 1927 1741 1953 καὶ
1757 1936 1828 1962 χρη-

1038 1970 1176 2006 στότητος,
1205 1970 1251 1997 τὸν
1277 1970 1421 2005 ἄνθρωπον
1447 1971 1636 2006 ἀπειργάσατο
1653 1974 1828 2008 παραδόξως,

1037 2017 1077 2048 εἰς
1104 2016 1133 2043 ἓν
1148 2017 1194 2043 καὶ
1219 2017 1305 2052 βραχὺ
1339 2017 1455 2052 πλάσμα
1481 2017 1674 2054 συναθροίσας,
1695 2020 1744 2046 καὶ
1772 2017 1829 2046 οἷον

1036 2063 1350 2097 συγκεφαλαιωσάμενος
1380 2063 1429 2098 τὴν
1457 2063 1566 2091 ἃπασαν
1582 2065 1682 2092 κτίσιν.
1717 2066 1764 2092 Διὸ
1781 2067 1830 2094 κῖὶ

1037 2109 1150 2136 ὕστατον
1167 2109 1261 2136 τοῦτον
1273 2109 1486 2145 ἐδημιούργησε,
1503 2110 1557 2136 τῶν
1575 2111 1687 2146 κόσμων
1705 2113 1829 2147 ἀμφοτέ-

1037 2164 1091 2190 ρων
1102 2156 1242 2190 ἐχόμενον,
1270 2158 1318 2182 καὶ
1345 2157 1519 2191 ἀμφοτέρους
1543 2158 1750 2193 ἐπικοσμοῦντα
1766 2161 1829 2191 τοὺς

1036 2202 1167 2234 κόσμους,
1189 2201 1236 2227 τὸν
1253 2201 1350 2236 ὁρατὸν
1366 2201 1461 2227 τοῦτον
1478 2201 1550 2235 λέγω
1567 2203 1673 2229 καὶτὸν
1688 2205 1807 2239 ἀόρατον
1819 2213 1827 2220 ·

197 2244 306 2271 vincula
328 2244 474 2279 conjunxit
491 2243 695 2276 solertissimis,
717 2244 877 2279 phantasia,
893 2245 964 2280 speci

1063 2247 1100 2273 >Gv
1118 2247 1173 2282 γὰρ
1202 2247 1250 2274 καὶ
1274 2247 1400 2282 αἴσθησιν
1427 2247 1517 2283 ἑαυτῴ
1544 2249 1662 2283 συνῆψεν
1687 2251 1828 2286 ἀρρήτως,

198 2296 224 2318 ct
240 2291 407 2326 imaginaudi
432 2290 571 2318 facultate.
589 2290 627 2317 lta
651 2290 721 2318 idem
745 2292 845 2320 animal
865 2293 987 2321 condidit

201 2337 385 2364 iutellectuale
398 2336 481 2364 simul
491 2341 518 2362 et
529 2336 646 2368 visibile,
659 2336 728 2364 sicut
737 2338 837 2365 coelum
853 2339 986 2374 irrequie-

200 2387 256 2410 tum
275 2391 322 2418 per
341 2383 428 2409 media
444 2382 573 2409 immobili
587 2388 664 2410 teme
680 2385 943 2419 accommodaveral,
960 2391 988 2413 et

199 2430 325 2456 eumdem
340 2428 471 2455 mundum
488 2427 589 2456 fecerat
605 2436 714 2463 semper
730 2435 845 2458 stantem
863 2439 987 2466 semper-

200 2483 253 2510 que
263 2479 405 2510 gyrantem
421 2482 427 2506 ;
442 2482 504 2501 nam
520 2475 551 2502 ad
566 2475 653 2503 instar
667 2476 800 2503 machina:
815 2478 849 2504 ab
867 2485 922 2505 uno
939 2486 985 2505 ar-

201 2521 275 2548 tifice
289 2523 455 2547 constructae
471 2521 550 2546 homo
563 2524 590 2547 et
609 2521 660 2548 iste
675 2522 794 2549 mundus
807 2522 920 2549 multam
938 2522 987 2549 ha-

201 2567 268 2593 bent
293 2566 364 2592 inter
382 2573 412 2592 se
437 2567 688 2602 propinquitatem;
712 2569 763 2596 sibi
786 2569 902 2596 iuvicetn
920 2577 987 2604 prse-

201 2616 286 2644 stant,
301 2611 370 2638 alius
387 2613 494 2645 quidem
512 2615 708 2648 magnitudine,
723 2614 792 2642 alius
809 2622 871 2643 vero
885 2616 986 2644 intelli-

239 2703 260 2717 ⁷¹
274 2701 347 2728 Psal.
363 2710 435 2735 κως,
461 2703 491 2730 19
510 2711 586 2739 seqq.

230 2795 270 2828 (Ι)
285 2795 371 2820 Exstat
383 2798 446 2826 apud
458 2795 614 2825 Matthzeium.
627 2804 652 2828 ρ.
667 2796 716 2824 H7.

1038 2295 1133 2329 μέσοις
1159 2292 1217 2320 οἷον
1252 2294 1412 2328 συνδέσμοις
1437 2297 1635 2329 γνησιωτάτοις
1653 2297 1830 2333 χρησάμενος

1038 2341 1176 2375 φαντασίᾳ
1192 2340 1238 2366 καὶ
1255 2340 1318 2376 δόξῃ
1333 2341 1381 2367 καὶ
1394 2340 1510 2375 διανοίᾳ,
1539 2342 1585 2369 καὶ
1610 2342 1684 2369 οὕτω
1712 2345 1742 2370 τὺ
1764 2345 1830 2371 αὐτὸ

1037 2386 1172 2420 πεποίηκε
1186 2386 1254 2418 ζῶον
1271 2388 1365 2420 νοερὸν
1389 2388 1435 2417 καὶ
1447 2387 1597 2423 ὁρώμενον,
1608 2388 1704 2424 ὥσπερ
1727 2391 1775 2416 καὶ
1787 2391 1831 2418 τὸν

1133 2433 1288 2468 ἀεικίνητον
1319 2433 1434 2469 οὐρανὸν
1449 2435 1492 2461 διὰ
1512 2435 1565 2461 τῶν
1593 2436 1697 2470 μεταξὺ
1714 2439 1748 2473 τῇ
1770 2439 1832 2464 ἀκι-

1040 2481 1113 2513 νήτῳ
1130 2479 1232 2514 συνῆψε
1250 2481 1284 2515 γῇ
1297 2488 1303 2494 ·
1336 2481 1383 2506 καὶ
1410 2481 1457 2507 τὸν
1474 2481 1556 2508 αὑτὸν
1577 2482 1713 2518 πεποίηκε
1727 2485 1832 2519 κόσμον

1041 2524 1148 2551 ἑστῶτα
1163 2525 1206 2551 ἀεὶ
1226 2525 1273 2552 καὶ
1300 2526 1460 2561 κινούμενον
1471 2535 1479 2542 ·
1505 2527 1542 2559 ὼς
1566 2528 1619 2564 γὰρ
1633 2529 1693 2561 ἐνὸς
1707 2531 1831 2565 τεχνίτου

1041 2570 1080 2604 τῷ
1093 2571 1186 2606 τρόπῳ
1200 2571 1250 2606 τῆς
1267 2574 1441 2608 κατασκευῆς
1456 2574 1599 2609 ἄνθρωπός
1609 2584 1638 2601 τε
1653 2576 1701 2602 καὶ
1716 2579 1832 2612 κόσμος,

1041 2617 1126 2650 οὕτως
1143 2619 1241 2655 πολλὴν
1259 2618 1351 2654 ἔχουσι
1380 2620 1449 2655 πρὸς
1462 2621 1565 2657 ἄλληλα
1582 2621 1630 2658 τὴν
1647 2625 1811 2658 συγγένειαν
1823 2633 1830 2640 ·
