  <div class='ocr_page' id='page_1' title='image "/cluster/home/n/w/nwhite01/storage/ocr_20150623/151/njp.32101077773198/220.png"; bbox 0 0 1888 3067; ppageno 0'>
   <div class='ocr_carea' id='block_1_1' title="bbox 81 110 134 142">
    <p class='ocr_par' dir='ltr' id='par_1_1' title="bbox 81 110 134 142">
     <span class='ocr_line' id='line_1_1' title="bbox 81 110 134 142; baseline -0.019 0"><span class='ocrx_word' id='word_1_1' title='bbox 81 110 134 142; x_wconf 67' lang='grc'><strong>333</strong></span> 
     </span>
    </p>
   </div>
   <div class='ocr_carea' id='block_1_2' title="bbox 85 169 873 207">
    <p class='ocr_par' dir='ltr' id='par_1_2' title="bbox 85 169 873 207">
     <span class='ocr_line' id='line_1_2' title="bbox 85 169 873 207; baseline -0.003 -9"><span class='ocrx_word' id='word_1_2' title='bbox 85 171 249 207; x_wconf 73' lang='grc' dir='ltr'>ὑπερέχουσι</span> <span class='ocrx_word' id='word_1_3' title='bbox 267 171 296 198; x_wconf 82' lang='grc' dir='ltr'><strong>δὲ</strong></span> <span class='ocrx_word' id='word_1_4' title='bbox 327 170 451 206; x_wconf 74' lang='grc' dir='ltr'>ἀλλήλων</span> <span class='ocrx_word' id='word_1_5' title='bbox 479 170 492 197; x_wconf 82' lang='grc' dir='ltr'><strong>ὀ</strong></span> <span class='ocrx_word' id='word_1_6' title='bbox 509 171 557 206; x_wconf 73' lang='grc' dir='ltr'>μὲν</span> <span class='ocrx_word' id='word_1_7' title='bbox 572 169 611 205; x_wconf 85' lang='grc' dir='ltr'>τῷ</span> <span class='ocrx_word' id='word_1_8' title='bbox 637 170 759 206; x_wconf 79' lang='grc' dir='ltr'><strong>μεγέθει,</strong></span> <span class='ocrx_word' id='word_1_9' title='bbox 775 171 788 197; x_wconf 83' lang='grc' dir='ltr'>ὁ</span> <span class='ocrx_word' id='word_1_10' title='bbox 800 170 827 196; x_wconf 79' lang='grc' dir='ltr'><strong>δὲ</strong></span> <span class='ocrx_word' id='word_1_11' title='bbox 841 170 873 205; x_wconf 80' lang='grc' dir='ltr'><strong>τῇ</strong></span> 
     </span>
    </p>
   </div>
   <div class='ocr_carea' id='block_1_3' title="bbox 84 216 873 252">
    <p class='ocr_par' dir='ltr' id='par_1_3' title="bbox 84 216 873 252">
     <span class='ocr_line' id='line_1_3' title="bbox 84 216 873 252; baseline -0.003 -7"><span class='ocrx_word' id='word_1_12' title='bbox 84 219 201 245; x_wconf 71' lang='grc' dir='ltr'>συνέσει.</span> <span class='ocrx_word' id='word_1_13' title='bbox 219 217 276 244; x_wconf 69' lang='grc' dir='ltr'><strong>Καὶ</strong></span> <span class='ocrx_word' id='word_1_14' title='bbox 295 216 418 243; x_wconf 75' lang='grc' dir='ltr'><strong>σύνεστιν</strong></span> <span class='ocrx_word' id='word_1_15' title='bbox 435 217 448 243; x_wconf 84' lang='grc' dir='ltr'>ὁ</span> <span class='ocrx_word' id='word_1_16' title='bbox 462 216 605 252; x_wconf 78' lang='grc' dir='ltr'>ἄνθρωπος</span> <span class='ocrx_word' id='word_1_17' title='bbox 622 217 873 252; x_wconf 80' lang='grc' dir='ltr'>ἐντεθησαυρισμέ-</span> 
     </span>
    </p>
   </div>
   <div class='ocr_carea' id='block_1_4' title="bbox 84 263 874 300">
    <p class='ocr_par' dir='ltr' id='par_1_4' title="bbox 84 263 874 300">
     <span class='ocr_line' id='line_1_4' title="bbox 84 263 874 300; baseline -0.003 -9"><span class='ocrx_word' id='word_1_18' title='bbox 84 274 128 296; x_wconf 88' lang='grc' dir='ltr'><strong>νος</strong></span> <span class='ocrx_word' id='word_1_19' title='bbox 143 264 181 299; x_wconf 84' lang='grc' dir='ltr'><strong>τῷ</strong></span> <span class='ocrx_word' id='word_1_20' title='bbox 197 265 306 300; x_wconf 78' lang='grc' dir='ltr'>κόσμῳ,</span> <span class='ocrx_word' id='word_1_21' title='bbox 325 263 451 299; x_wconf 84' lang='grc' dir='ltr'>καθάπερ</span> <span class='ocrx_word' id='word_1_22' title='bbox 467 264 496 290; x_wconf 85' lang='grc' dir='ltr'><strong>ἐν</strong></span> <span class='ocrx_word' id='word_1_23' title='bbox 511 264 584 299; x_wconf 75' lang='grc' dir='ltr'>οἰκίᾳ</span> <span class='ocrx_word' id='word_1_24' title='bbox 603 264 709 300; x_wconf 81' lang='grc' dir='ltr'><strong>μεγάλῃ</strong></span> <span class='ocrx_word' id='word_1_25' title='bbox 726 263 874 290; x_wconf 70' lang='grc' dir='ltr'>πολύολϐον</span> 
     </span>
    </p>
   </div>
   <div class='ocr_carea' id='block_1_5' title="bbox 82 309 875 346">
    <p class='ocr_par' dir='ltr' id='par_1_5' title="bbox 82 309 875 346">
     <span class='ocr_line' id='line_1_5' title="bbox 82 309 875 346; baseline -0.004 -8"><span class='ocrx_word' id='word_1_26' title='bbox 82 319 109 338; x_wconf 80' lang='grc' dir='ltr'><strong>τι</strong></span> <span class='ocrx_word' id='word_1_27' title='bbox 121 312 228 346; x_wconf 78' lang='grc' dir='ltr'>χρῆμα,</span> <span class='ocrx_word' id='word_1_28' title='bbox 243 311 334 345; x_wconf 80' lang='grc' dir='ltr'>πολλῷ</span> <span class='ocrx_word' id='word_1_29' title='bbox 349 310 387 344; x_wconf 83' lang='grc' dir='ltr'><strong>τῷ</strong></span> <span class='ocrx_word' id='word_1_30' title='bbox 399 311 491 345; x_wconf 79' lang='grc' dir='ltr'>μέτρῳ</span> <span class='ocrx_word' id='word_1_31' title='bbox 500 309 547 336; x_wconf 84' lang='grc' dir='ltr'><strong>τοῦ</strong></span> <span class='ocrx_word' id='word_1_32' title='bbox 562 311 735 346; x_wconf 79' lang='grc' dir='ltr'><strong>περιέχοντος</strong></span> <span class='ocrx_word' id='word_1_33' title='bbox 746 309 875 336; x_wconf 78' lang='grc' dir='ltr'>ὀλϐιώτε-</span> 
     </span>
    </p>
   </div>
   <div class='ocr_carea' id='block_1_6' title="bbox 86 353 875 392">
    <p class='ocr_par' dir='ltr' id='par_1_6' title="bbox 86 353 875 392">
     <span class='ocr_line' id='line_1_6' title="bbox 86 353 875 392; baseline -0.004 -9"><span class='ocrx_word' id='word_1_34' title='bbox 86 366 143 392; x_wconf 80' lang='grc' dir='ltr'>ρον,</span> <span class='ocrx_word' id='word_1_35' title='bbox 156 357 202 382; x_wconf 72' lang='grc' dir='ltr'>καὶ</span> <span class='ocrx_word' id='word_1_36' title='bbox 218 353 277 383; x_wconf 79' lang='grc' dir='ltr'>οἷον</span> <span class='ocrx_word' id='word_1_37' title='bbox 295 357 322 382; x_wconf 78' lang='grc' dir='ltr'><strong>ἐν</strong></span> <span class='ocrx_word' id='word_1_38' title='bbox 338 355 488 390; x_wconf 77' lang='grc' dir='ltr'><strong>βασιλείοις</strong></span> <span class='ocrx_word' id='word_1_39' title='bbox 513 355 640 391; x_wconf 81' lang='grc' dir='ltr'>βασιλική</span> <span class='ocrx_word' id='word_1_40' title='bbox 659 363 700 386; x_wconf 91' lang='grc' dir='ltr'><strong>τις</strong></span> <span class='ocrx_word' id='word_1_41' title='bbox 720 354 804 388; x_wconf 84' lang='grc' dir='ltr'>σκευὴ</span> <span class='ocrx_word' id='word_1_42' title='bbox 816 363 875 380; x_wconf 78' lang='grc' dir='ltr'>ποι-</span> 
     </span>
    </p>
   </div>
   <div class='ocr_carea' id='block_1_7' title="bbox 84 401 873 437">
    <p class='ocr_par' dir='ltr' id='par_1_7' title="bbox 84 401 873 437">
     <span class='ocr_line' id='line_1_7' title="bbox 84 401 873 437; baseline -0.004 -8"><span class='ocrx_word' id='word_1_43' title='bbox 84 404 147 437; x_wconf 82' lang='grc' dir='ltr'>κίλη</span> <span class='ocrx_word' id='word_1_44' title='bbox 159 403 204 429; x_wconf 82' lang='grc' dir='ltr'>καὶ</span> <span class='ocrx_word' id='word_1_45' title='bbox 221 403 423 437; x_wconf 79' lang='grc' dir='ltr'>πολυτίμηός’</span> <span class='ocrx_word' id='word_1_46' title='bbox 437 402 471 428; x_wconf 75' lang='grc' dir='ltr'><strong>τὰ</strong></span> <span class='ocrx_word' id='word_1_47' title='bbox 489 402 537 437; x_wconf 84' lang='grc' dir='ltr'>μὲν</span> <span class='ocrx_word' id='word_1_48' title='bbox 549 401 604 437; x_wconf 63' lang='grc' dir='ltr'>,γὰρ</span> <span class='ocrx_word' id='word_1_49' title='bbox 622 401 760 435; x_wconf 76' lang='grc' dir='ltr'><strong>μεγίστοις</strong></span> <span class='ocrx_word' id='word_1_50' title='bbox 780 401 873 433; x_wconf 82' lang='grc' dir='ltr'>λίθοις,</span> 
     </span>
    </p>
   </div>
   <div class='ocr_carea' id='block_1_8' title="bbox 84 446 876 483">
    <p class='ocr_par' dir='ltr' id='par_1_8' title="bbox 84 446 876 483">
     <span class='ocr_line' id='line_1_8' title="bbox 84 446 876 483; baseline -0.004 -8"><span class='ocrx_word' id='word_1_51' title='bbox 84 449 142 475; x_wconf 74' lang='grc' dir='ltr'>ἀλλ’</span> <span class='ocrx_word' id='word_1_52' title='bbox 155 449 270 480; x_wconf 84' lang='grc' dir='ltr'>εὐώνοις</span> <span class='ocrx_word' id='word_1_53' title='bbox 294 449 341 475; x_wconf 84' lang='grc' dir='ltr'>καὶ</span> <span class='ocrx_word' id='word_1_54' title='bbox 359 449 415 480; x_wconf 79' lang='grc' dir='ltr'><strong>τοίς</strong></span> <span class='ocrx_word' id='word_1_55' title='bbox 434 448 574 482; x_wconf 77' lang='grc' dir='ltr'><strong>τυχοῦσιν,</strong></span> <span class='ocrx_word' id='word_1_56' title='bbox 591 448 608 483; x_wconf 81' lang='grc' dir='ltr'>ἡ</span> <span class='ocrx_word' id='word_1_57' title='bbox 627 447 655 473; x_wconf 82' lang='grc' dir='ltr'><strong>δὲ</strong></span> <span class='ocrx_word' id='word_1_58' title='bbox 673 448 791 483; x_wconf 78' lang='grc' dir='ltr'><strong>μικροῖς,</strong></span> <span class='ocrx_word' id='word_1_59' title='bbox 807 446 876 473; x_wconf 84' lang='grc' dir='ltr'>ἀλλὰ</span> 
     </span>
    </p>
   </div>
   <div class='ocr_carea' id='block_1_9' title="bbox 84 493 876 530">
    <p class='ocr_par' dir='ltr' id='par_1_9' title="bbox 84 493 876 530">
     <span class='ocr_line' id='line_1_9' title="bbox 84 493 876 530; baseline -0.004 -9"><span class='ocrx_word' id='word_1_60' title='bbox 84 495 281 530; x_wconf 77' lang='grc' dir='ltr'>δυσπορίστοις</span> <span class='ocrx_word' id='word_1_61' title='bbox 302 495 349 521; x_wconf 74' lang='grc' dir='ltr'>καὶ</span> <span class='ocrx_word' id='word_1_62' title='bbox 376 494 573 528; x_wconf 82' lang='grc' dir='ltr'>πολυτιμήτοις</span> <span class='ocrx_word' id='word_1_63' title='bbox 585 493 758 520; x_wconf 82' lang='grc' dir='ltr'>ἐσκεύασται.</span> <span class='ocrx_word' id='word_1_64' title='bbox 790 493 876 518; x_wconf 74' lang='grc' dir='ltr'>Πόσον</span> 
     </span>
    </p>
   </div>
   <div class='ocr_carea' id='block_1_10' title="bbox 84 536 875 576">
    <p class='ocr_par' dir='ltr' id='par_1_10' title="bbox 84 536 875 576">
     <span class='ocr_line' id='line_1_10' title="bbox 84 536 875 576; baseline -0.005 -9"><span class='ocrx_word' id='word_1_65' title='bbox 84 541 202 576; x_wconf 79' lang='grc' dir='ltr'>οὐρανοῦ</span> <span class='ocrx_word' id='word_1_66' title='bbox 221 540 356 575; x_wconf 79' lang='grc' dir='ltr'><strong>κρείττων</strong></span> <span class='ocrx_word' id='word_1_67' title='bbox 382 540 396 565; x_wconf 87' lang='grc' dir='ltr'><strong><em>ὁ</em></strong></span> <span class='ocrx_word' id='word_1_68' title='bbox 422 538 593 574; x_wconf 71' lang='grc' dir='ltr'>ἀνθρώπινος</span> <span class='ocrx_word' id='word_1_69' title='bbox 609 538 681 569; x_wconf 82' lang='grc' dir='ltr'>νοῦς,</span> <span class='ocrx_word' id='word_1_70' title='bbox 704 537 734 568; x_wconf 81' lang='grc' dir='ltr'>ὃς</span> <span class='ocrx_word' id='word_1_71' title='bbox 748 536 830 564; x_wconf 83' lang='grc' dir='ltr'>εἰκών</span> <span class='ocrx_word' id='word_1_72' title='bbox 847 538 875 563; x_wconf 86' lang='grc' dir='ltr'><em>τέ</em></span> 
     </span>
    </p>
   </div>
   <div class='ocr_carea' id='block_1_11' title="bbox 86 583 875 619">
    <p class='ocr_par' dir='ltr' id='par_1_11' title="bbox 86 583 875 619">
     <span class='ocr_line' id='line_1_11' title="bbox 86 583 875 619; baseline -0.005 -6"><span class='ocrx_word' id='word_1_73' title='bbox 86 588 144 613; x_wconf 74' lang='grc' dir='ltr'>ἐστι</span> <span class='ocrx_word' id='word_1_74' title='bbox 164 587 248 618; x_wconf 83' lang='grc' dir='ltr'>Θεοῦ,</span> <span class='ocrx_word' id='word_1_75' title='bbox 263 587 310 612; x_wconf 77' lang='grc' dir='ltr'>καὶ</span> <span class='ocrx_word' id='word_1_76' title='bbox 324 586 390 619; x_wconf 59' lang='grc' dir='ltr'>θεὸν</span> <span class='ocrx_word' id='word_1_77' title='bbox 403 583 470 617; x_wconf 82' lang='grc' dir='ltr'>οἶδε,</span> <span class='ocrx_word' id='word_1_78' title='bbox 483 584 530 610; x_wconf 81' lang='grc' dir='ltr'>καὶ</span> <span class='ocrx_word' id='word_1_79' title='bbox 543 584 623 619; x_wconf 85' lang='grc' dir='ltr'>μόνος</span> <span class='ocrx_word' id='word_1_80' title='bbox 641 584 695 609; x_wconf 82' lang='grc' dir='ltr'>τῶν</span> <span class='ocrx_word' id='word_1_81' title='bbox 707 583 875 618; x_wconf 80' lang='grc' dir='ltr'>ὲγκοσμίων,</span> 
     </span>
    </p>
   </div>
   <div class='ocr_carea' id='block_1_12' title="bbox 86 617 877 667">
    <p class='ocr_par' dir='ltr' id='par_1_12' title="bbox 86 617 877 667">
     <span class='ocr_line' id='line_1_12' title="bbox 86 617 877 667; baseline -0.005 -8"><span class='ocrx_word' id='word_1_82' title='bbox 86 633 110 659; x_wconf 77' lang='grc' dir='ltr'>εἰ</span> <span class='ocrx_word' id='word_1_83' title='bbox 130 633 272 667; x_wconf 74' lang='grc' dir='ltr'>βούλεται,</span> <span class='ocrx_word' id='word_1_84' title='bbox 295 617 414 665; x_wconf 46' lang='grc' dir='ltr'>τίῆται,</span> <span class='ocrx_word' id='word_1_85' title='bbox 443 630 640 665; x_wconf 74' lang='grc' dir='ltr'>συναναφέρων</span> <span class='ocrx_word' id='word_1_86' title='bbox 667 629 698 656; x_wconf 84' lang='grc' dir='ltr'><strong>τὺ</strong></span> <span class='ocrx_word' id='word_1_87' title='bbox 719 629 799 664; x_wconf 85' lang='grc' dir='ltr'>σῶμα</span> <span class='ocrx_word' id='word_1_88' title='bbox 826 629 877 663; x_wconf 83' lang='grc' dir='ltr'>τῆς</span> 
     </span>
    </p>
   </div>
   <div class='ocr_carea' id='block_1_13' title="bbox 86 674 877 710">
    <p class='ocr_par' dir='ltr' id='par_1_13' title="bbox 86 674 877 710">
     <span class='ocr_line' id='line_1_13' title="bbox 86 674 877 710; baseline -0.004 -6"><span class='ocrx_word' id='word_1_89' title='bbox 86 678 293 708; x_wconf 78' lang='grc' dir='ltr'>ταπεινώσεως.</span> <span class='ocrx_word' id='word_1_90' title='bbox 311 677 396 703; x_wconf 78' lang='grc' dir='ltr'>Πόσον</span> <span class='ocrx_word' id='word_1_91' title='bbox 418 676 545 710; x_wconf 72' lang='grc' dir='ltr'>αἴσθησις</span> <span class='ocrx_word' id='word_1_92' title='bbox 564 674 720 710; x_wconf 72' lang='grc' dir='ltr'>ἀνθρωπίνη</span> <span class='ocrx_word' id='word_1_93' title='bbox 735 675 877 710; x_wconf 81' lang='grc' dir='ltr'>διηνήνοχε</span> 
     </span>
    </p>
   </div>
   <div class='ocr_carea' id='block_1_14' title="bbox 87 720 878 759">
    <p class='ocr_par' dir='ltr' id='par_1_14' title="bbox 87 720 878 759">
     <span class='ocr_line' id='line_1_14' title="bbox 87 720 878 759; baseline -0.001 -12"><span class='ocrx_word' id='word_1_94' title='bbox 87 724 150 758; x_wconf 75' lang='grc' dir='ltr'>γῆς,</span> <span class='ocrx_word' id='word_1_95' title='bbox 181 724 199 759; x_wconf 77' lang='grc' dir='ltr'>ἢ</span> <span class='ocrx_word' id='word_1_96' title='bbox 217 724 254 758; x_wconf 77' lang='grc' dir='ltr'>μὴ</span> <span class='ocrx_word' id='word_1_97' title='bbox 273 723 354 756; x_wconf 86' lang='grc' dir='ltr'>μόνον</span> <span class='ocrx_word' id='word_1_98' title='bbox 370 722 477 756; x_wconf 82' lang='grc' dir='ltr'>μέτρων</span> <span class='ocrx_word' id='word_1_99' title='bbox 494 721 542 747; x_wconf 78' lang='grc' dir='ltr'>καὶ</span> <span class='ocrx_word' id='word_1_100' title='bbox 572 721 721 754; x_wconf 79' lang='grc' dir='ltr'>ποιοτήτων</span> <span class='ocrx_word' id='word_1_101' title='bbox 747 720 878 746; x_wconf 79' lang='grc' dir='ltr'>ποικίλων</span> 
     </span>
    </p>
   </div>
   <div class='ocr_carea' id='block_1_15' title="bbox 86 766 878 804">
    <p class='ocr_par' dir='ltr' id='par_1_15' title="bbox 86 766 878 804">
     <span class='ocr_line' id='line_1_15' title="bbox 86 766 878 804; baseline -0.003 -10"><span class='ocrx_word' id='word_1_102' title='bbox 86 769 190 804; x_wconf 79' lang='grc' dir='ltr'>ταύτης</span> <span class='ocrx_word' id='word_1_103' title='bbox 207 767 449 802; x_wconf 72' lang='grc' dir='ltr'>ἀντιλαμϐάνεται,</span> <span class='ocrx_word' id='word_1_104' title='bbox 469 766 526 792; x_wconf 79' lang='grc' dir='ltr'>ἀλλ’</span> <span class='ocrx_word' id='word_1_105' title='bbox 543 766 594 801; x_wconf 74' lang='grc' dir='ltr'>ἤδη</span> <span class='ocrx_word' id='word_1_106' title='bbox 609 766 656 792; x_wconf 83' lang='grc' dir='ltr'>καὶ</span> <span class='ocrx_word' id='word_1_107' title='bbox 676 766 729 792; x_wconf 64' lang='grc' dir='ltr'>τῶν</span> <span class='ocrx_word' id='word_1_108' title='bbox 745 766 878 801; x_wconf 72' lang='grc' dir='ltr'>οὐρανίων</span> 
     </span>
    </p>
   </div>
   <div class='ocr_carea' id='block_1_16' title="bbox 84 813 880 852">
    <p class='ocr_par' dir='ltr' id='par_1_16' title="bbox 84 813 880 852">
     <span class='ocr_line' id='line_1_16' title="bbox 84 813 880 852; baseline -0.005 -10"><span class='ocrx_word' id='word_1_109' title='bbox 84 817 173 852; x_wconf 62' lang='grc' dir='ltr'>ἥψατο</span> <span class='ocrx_word' id='word_1_110' title='bbox 189 817 224 851; x_wconf 69' lang='grc' dir='ltr'>τῇ</span> <span class='ocrx_word' id='word_1_111' title='bbox 238 816 339 849; x_wconf 79' lang='grc' dir='ltr'>γνώσει</span> <span class='ocrx_word' id='word_1_112' title='bbox 351 813 486 848; x_wconf 79' lang='grc' dir='ltr'>σφαιρῶν,</span> <span class='ocrx_word' id='word_1_113' title='bbox 504 813 550 840; x_wconf 76' lang='grc' dir='ltr'>καὶ</span> <span class='ocrx_word' id='word_1_114' title='bbox 563 814 698 848; x_wconf 83' lang='grc' dir='ltr'>κινήσεων</span> <span class='ocrx_word' id='word_1_115' title='bbox 711 813 808 848; x_wconf 73' lang='grc' dir='ltr'>ᾔσθετο</span> <span class='ocrx_word' id='word_1_116' title='bbox 823 813 880 839; x_wconf 85' lang='grc' dir='ltr'>δια-</span> 
     </span>
    </p>
   </div>
   <div class='ocr_carea' id='block_1_17' title="bbox 86 860 906 898">
    <p class='ocr_par' dir='ltr' id='par_1_17' title="bbox 86 860 906 898">
     <span class='ocr_line' id='line_1_17' title="bbox 86 860 906 898; baseline -0.006 -8"><span class='ocrx_word' id='word_1_117' title='bbox 86 864 192 898; x_wconf 70' lang='grc' dir='ltr'>φόρων,</span> <span class='ocrx_word' id='word_1_118' title='bbox 219 862 269 889; x_wconf 72' lang='grc' dir='ltr'>καὶ</span> <span class='ocrx_word' id='word_1_119' title='bbox 296 861 499 896; x_wconf 45' lang='lat' dir='ltr'><strong>minax-queo;</strong></span> <span class='ocrx_word' id='word_1_120' title='bbox 516 861 587 895; x_wconf 85' lang='grc' dir='ltr'>τάχα</span> <span class='ocrx_word' id='word_1_121' title='bbox 599 860 627 886; x_wconf 78' lang='grc' dir='ltr'><strong>δὲ</strong></span> <span class='ocrx_word' id='word_1_122' title='bbox 645 861 691 886; x_wconf 80' lang='grc' dir='ltr'>καὶ</span> <span class='ocrx_word' id='word_1_123' title='bbox 705 860 881 894; x_wconf 66' lang='grc' dir='ltr'>πολυσημὰντ-</span> <span class='ocrx_word' id='word_1_124' title='bbox 896 860 906 869; x_wconf 70' lang='grc'><strong><em>³</em></strong></span> 
     </span>
    </p>
   </div>
   <div class='ocr_carea' id='block_1_18' title="bbox 86 906 880 941">
    <p class='ocr_par' dir='ltr' id='par_1_18' title="bbox 86 906 880 941">
     <span class='ocr_line' id='line_1_18' title="bbox 86 906 880 941; baseline -0.005 -5"><span class='ocrx_word' id='word_1_125' title='bbox 86 918 147 941; x_wconf 80' lang='grc' dir='ltr'>τους</span> <span class='ocrx_word' id='word_1_126' title='bbox 163 909 294 940; x_wconf 74' lang='grc' dir='ltr'>συνόδους</span> <span class='ocrx_word' id='word_1_127' title='bbox 311 909 418 940; x_wconf 77' lang='grc' dir='ltr'>ἄστρων</span> <span class='ocrx_word' id='word_1_128' title='bbox 433 916 463 933; x_wconf 85' lang='grc' dir='ltr'><strong>τε</strong></span> <span class='ocrx_word' id='word_1_129' title='bbox 480 907 525 933; x_wconf 74' lang='grc' dir='ltr'>καὶ</span> <span class='ocrx_word' id='word_1_130' title='bbox 537 907 662 941; x_wconf 82' lang='grc' dir='ltr'>ἀστέρων</span> <span class='ocrx_word' id='word_1_131' title='bbox 677 906 747 939; x_wconf 77' lang='grc' dir='ltr'>ἔγνω</span> <span class='ocrx_word' id='word_1_132' title='bbox 760 907 807 932; x_wconf 79' lang='grc' dir='ltr'>καὶ</span> <span class='ocrx_word' id='word_1_133' title='bbox 820 907 880 932; x_wconf 85' lang='grc' dir='ltr'>δια-</span> 
     </span>
    </p>
   </div>
   <div class='ocr_carea' id='block_1_19' title="bbox 86 950 880 987">
    <p class='ocr_par' dir='ltr' id='par_1_19' title="bbox 86 950 880 987">
     <span class='ocr_line' id='line_1_19' title="bbox 86 950 880 987; baseline -0.003 -6"><span class='ocrx_word' id='word_1_134' title='bbox 86 956 212 987; x_wconf 78' lang='grc' dir='ltr'>στάτεις,</span> <span class='ocrx_word' id='word_1_135' title='bbox 229 954 379 980; x_wconf 72' lang='grc' dir='ltr'>κάντεῦθεν</span> <span class='ocrx_word' id='word_1_136' title='bbox 397 954 457 984; x_wconf 80' lang='grc' dir='ltr'>ταῖς</span> <span class='ocrx_word' id='word_1_137' title='bbox 473 953 544 979; x_wconf 79' lang='grc' dir='ltr'>κατὰ</span> <span class='ocrx_word' id='word_1_138' title='bbox 558 950 621 978; x_wconf 83' lang='grc' dir='ltr'>νοῦν</span> <span class='ocrx_word' id='word_1_139' title='bbox 639 953 804 987; x_wconf 72' lang='grc' dir='ltr'>ἐπιστήμαις</span> <span class='ocrx_word' id='word_1_140' title='bbox 831 952 880 987; x_wconf 78' lang='grc' dir='ltr'>τὴν</span> 
     </span>
    </p>
   </div>
   <div class='ocr_carea' id='block_1_20' title="bbox 86 997 880 1034">
    <p class='ocr_par' dir='ltr' id='par_1_20' title="bbox 86 997 880 1034">
     <span class='ocr_line' id='line_1_20' title="bbox 86 997 880 1034; baseline -0.003 -9"><span class='ocrx_word' id='word_1_141' title='bbox 86 1000 174 1034; x_wconf 77' lang='grc' dir='ltr'>ἀρχὴν</span> <span class='ocrx_word' id='word_1_142' title='bbox 191 1000 350 1034; x_wconf 73' lang='grc' dir='ltr'>ἐχαρίσατο.</span> <span class='ocrx_word' id='word_1_143' title='bbox 367 998 422 1024; x_wconf 76' lang='grc' dir='ltr'><strong>Καὶ</strong></span> <span class='ocrx_word' id='word_1_144' title='bbox 433 997 467 1024; x_wconf 85' lang='grc' dir='ltr'><strong>τὰ</strong></span> <span class='ocrx_word' id='word_1_145' title='bbox 487 997 588 1031; x_wconf 75' lang='grc' dir='ltr'>μεταξὺ</span> <span class='ocrx_word' id='word_1_146' title='bbox 604 997 626 1023; x_wconf 82' lang='grc' dir='ltr'><strong>δ’</strong></span> <span class='ocrx_word' id='word_1_147' title='bbox 642 997 758 1032; x_wconf 77' lang='grc' dir='ltr'>οὐρανοῦ</span> <span class='ocrx_word' id='word_1_148' title='bbox 771 997 817 1023; x_wconf 72' lang='grc' dir='ltr'>καὶ</span> <span class='ocrx_word' id='word_1_149' title='bbox 829 997 880 1032; x_wconf 78' lang='grc' dir='ltr'>γῆς</span> 
     </span>
    </p>
   </div>
   <div class='ocr_carea' id='block_1_21' title="bbox 85 1043 880 1079">
    <p class='ocr_par' dir='ltr' id='par_1_21' title="bbox 85 1043 880 1079">
     <span class='ocr_line' id='line_1_21' title="bbox 85 1043 880 1079; baseline -0.004 -7"><span class='ocrx_word' id='word_1_150' title='bbox 85 1046 140 1072; x_wconf 82' lang='grc' dir='ltr'>τῶν</span> <span class='ocrx_word' id='word_1_151' title='bbox 155 1047 187 1071; x_wconf 78' lang='grc' dir='ltr'><strong>ἐν</strong></span> <span class='ocrx_word' id='word_1_152' title='bbox 201 1044 324 1079; x_wconf 82' lang='grc' dir='ltr'>μεθορίῳ</span> <span class='ocrx_word' id='word_1_153' title='bbox 336 1043 381 1070; x_wconf 76' lang='grc' dir='ltr'><strong>νοῦ</strong></span> <span class='ocrx_word' id='word_1_154' title='bbox 394 1045 441 1070; x_wconf 72' lang='grc' dir='ltr'>καὶ</span> <span class='ocrx_word' id='word_1_155' title='bbox 455 1043 607 1078; x_wconf 82' lang='grc' dir='ltr'>αἰσθήσεως</span> <span class='ocrx_word' id='word_1_156' title='bbox 627 1043 731 1069; x_wconf 80' lang='grc' dir='ltr'>ἐλάττω</span> <span class='ocrx_word' id='word_1_157' title='bbox 744 1043 814 1069; x_wconf 82' lang='grc' dir='ltr'>κατᾶ</span> <span class='ocrx_word' id='word_1_158' title='bbox 831 1043 880 1078; x_wconf 82' lang='grc' dir='ltr'>τὴν</span> 
     </span>
    </p>
   </div>
   <div class='ocr_carea' id='block_1_22' title="bbox 85 1089 881 1126">
    <p class='ocr_par' dir='ltr' id='par_1_22' title="bbox 85 1089 881 1126">
     <span class='ocr_line' id='line_1_22' title="bbox 85 1089 881 1126; baseline -0.001 -9"><span class='ocrx_word' id='word_1_159' title='bbox 85 1094 165 1126; x_wconf 78' lang='grc' dir='ltr'>ὰξῖαν</span> <span class='ocrx_word' id='word_1_160' title='bbox 183 1091 255 1124; x_wconf 74' lang='grc' dir='ltr'>ἐστὶ,</span> <span class='ocrx_word' id='word_1_161' title='bbox 276 1091 367 1125; x_wconf 82' lang='grc' dir='ltr'>λόγοις</span> <span class='ocrx_word' id='word_1_162' title='bbox 392 1089 538 1123; x_wconf 73' lang='grc' dir='ltr'>ἀναλογίας</span> <span class='ocrx_word' id='word_1_163' title='bbox 558 1090 620 1116; x_wconf 76' lang='grc' dir='ltr'>ὄντα</span> <span class='ocrx_word' id='word_1_164' title='bbox 645 1090 742 1122; x_wconf 73' lang='grc' dir='ltr'>ταυτὰ,</span> <span class='ocrx_word' id='word_1_165' title='bbox 761 1090 881 1122; x_wconf 76' lang='grc' dir='ltr'>καὶτοῖς</span> 
     </span>
    </p>
   </div>
   <div class='ocr_carea' id='block_1_23' title="bbox 85 1135 882 1172">
    <p class='ocr_par' dir='ltr' id='par_1_23' title="bbox 85 1135 882 1172">
     <span class='ocr_line' id='line_1_23' title="bbox 85 1135 882 1172; baseline -0.003 -8"><span class='ocrx_word' id='word_1_166' title='bbox 85 1138 264 1172; x_wconf 73' lang='grc' dir='ltr'>περιέχουσιν</span> <span class='ocrx_word' id='word_1_167' title='bbox 276 1137 368 1171; x_wconf 71' lang='grc' dir='ltr'>ὄγκοις</span> <span class='ocrx_word' id='word_1_168' title='bbox 382 1137 423 1162; x_wconf 74' lang='grc' dir='ltr'>ὅτι</span> <span class='ocrx_word' id='word_1_169' title='bbox 440 1136 557 1170; x_wconf 86' lang='grc' dir='ltr'>μάλιστα</span> <span class='ocrx_word' id='word_1_170' title='bbox 568 1135 743 1170; x_wconf 73' lang='grc' dir='ltr'>διαφέροντα.</span> <span class='ocrx_word' id='word_1_171' title='bbox 760 1135 882 1162; x_wconf 84' lang='grc' dir='ltr'>Κατεκό-</span> 
     </span>
    </p>
   </div>
   <div class='ocr_carea' id='block_1_24' title="bbox 85 1180 880 1219">
    <p class='ocr_par' dir='ltr' id='par_1_24' title="bbox 85 1180 880 1219">
     <span class='ocr_line' id='line_1_24' title="bbox 85 1180 880 1219; baseline -0.001 -10"><span class='ocrx_word' id='word_1_172' title='bbox 85 1191 179 1219; x_wconf 74' lang='grc' dir='ltr'>σμησε</span> <span class='ocrx_word' id='word_1_173' title='bbox 195 1184 252 1217; x_wconf 81' lang='grc' dir='ltr'><strong>γὰρ</strong></span> <span class='ocrx_word' id='word_1_174' title='bbox 265 1183 315 1217; x_wconf 85' lang='grc' dir='ltr'>τὴν</span> <span class='ocrx_word' id='word_1_175' title='bbox 344 1183 483 1217; x_wconf 74' lang='grc' dir='ltr'>ἡμετέραν</span> <span class='ocrx_word' id='word_1_176' title='bbox 509 1181 590 1215; x_wconf 81' lang='grc' dir='ltr'>φύσιν</span> <span class='ocrx_word' id='word_1_177' title='bbox 617 1182 630 1207; x_wconf 84' lang='grc' dir='ltr'><strong>ό</strong></span> <span class='ocrx_word' id='word_1_178' title='bbox 648 1181 713 1212; x_wconf 78' lang='grc' dir='ltr'>Θεὸς</span> <span class='ocrx_word' id='word_1_179' title='bbox 729 1180 826 1213; x_wconf 77' lang='grc' dir='ltr'>οὕτως,</span> <span class='ocrx_word' id='word_1_180' title='bbox 842 1182 880 1213; x_wconf 84' lang='grc' dir='ltr'>ὡς</span> 
     </span>
    </p>
   </div>
   <div class='ocr_carea' id='block_1_25' title="bbox 85 1227 880 1263">
    <p class='ocr_par' dir='ltr' id='par_1_25' title="bbox 85 1227 880 1263">
     <span class='ocr_line' id='line_1_25' title="bbox 85 1227 880 1263; baseline -0.004 -7"><span class='ocrx_word' id='word_1_181' title='bbox 85 1230 193 1256; x_wconf 69' lang='grc' dir='ltr'>οἰκείαν</span> <span class='ocrx_word' id='word_1_182' title='bbox 219 1228 353 1263; x_wconf 78' lang='grc' dir='ltr'>ἐσομένην</span> <span class='ocrx_word' id='word_1_183' title='bbox 370 1228 535 1263; x_wconf 71' lang='grc' dir='ltr'>περιϐολήν·</span> <span class='ocrx_word' id='word_1_184' title='bbox 562 1227 712 1262; x_wconf 74' lang='grc' dir='ltr'>ἐπειδήπερ</span> <span class='ocrx_word' id='word_1_185' title='bbox 726 1228 758 1253; x_wconf 83' lang='grc' dir='ltr'><strong>ἐκ</strong></span> <span class='ocrx_word' id='word_1_186' title='bbox 776 1227 880 1261; x_wconf 74' lang='grc' dir='ltr'>παρθε-</span> 
     </span>
    </p>
   </div>
   <div class='ocr_carea' id='block_1_26' title="bbox 85 1272 879 1309">
    <p class='ocr_par' dir='ltr' id='par_1_26' title="bbox 85 1272 879 1309">
     <span class='ocr_line' id='line_1_26' title="bbox 85 1272 879 1309; baseline -0.006 -6"><span class='ocrx_word' id='word_1_187' title='bbox 85 1276 170 1303; x_wconf 78' lang='grc' dir='ltr'>νικῶν</span> <span class='ocrx_word' id='word_1_188' title='bbox 186 1275 314 1309; x_wconf 70' lang='grc' dir='ltr'>αἱμάτων</span> <span class='ocrx_word' id='word_1_189' title='bbox 329 1273 487 1300; x_wconf 73' lang='grc' dir='ltr'>ὲνδύσεσθαι</span> <span class='ocrx_word' id='word_1_190' title='bbox 500 1272 601 1308; x_wconf 83' lang='grc' dir='ltr'>ταύτην</span> <span class='ocrx_word' id='word_1_191' title='bbox 611 1272 717 1307; x_wconf 77' lang='grc' dir='ltr'>ἔμελλε,</span> <span class='ocrx_word' id='word_1_192' title='bbox 732 1273 776 1298; x_wconf 68' lang='lat' dir='ltr'><strong>xxi.</strong></span> <span class='ocrx_word' id='word_1_193' title='bbox 787 1281 879 1307; x_wconf 84' lang='grc' dir='ltr'>κρειτ-</span> 
     </span>
    </p>
   </div>
   <div class='ocr_carea' id='block_1_27' title="bbox 85 1319 879 1355">
    <p class='ocr_par' dir='ltr' id='par_1_27' title="bbox 85 1319 879 1355">
     <span class='ocr_line' id='line_1_27' title="bbox 85 1319 879 1355; baseline -0.006 -6"><span class='ocrx_word' id='word_1_194' title='bbox 85 1322 171 1353; x_wconf 78' lang='grc' dir='ltr'>τόνως</span> <span class='ocrx_word' id='word_1_195' title='bbox 188 1320 418 1355; x_wconf 72' lang='grc' dir='ltr'>μεταπκευάσειν,</span> <span class='ocrx_word' id='word_1_196' title='bbox 434 1319 481 1346; x_wconf 62' lang='grc' dir='ltr'><strong>και.)⁸</strong></span> <span class='ocrx_word' id='word_1_197' title='bbox 492 1319 549 1346; x_wconf 78' lang='grc' dir='ltr'>ἄνω</span> <span class='ocrx_word' id='word_1_198' title='bbox 561 1319 666 1354; x_wconf 80' lang='grc' dir='ltr'>θήσειν,</span> <span class='ocrx_word' id='word_1_199' title='bbox 682 1319 810 1355; x_wconf 80' lang='grc' dir='ltr'>ὑπεράνω</span> <span class='ocrx_word' id='word_1_200' title='bbox 826 1319 879 1345; x_wconf 72' lang='grc' dir='ltr'><strong>πᾶ-</strong></span> 
     </span>
    </p>
   </div>
   <div class='ocr_carea' id='block_1_28' title="bbox 84 1364 881 1403">
    <p class='ocr_par' dir='ltr' id='par_1_28' title="bbox 84 1364 881 1403">
     <span class='ocr_line' id='line_1_28' title="bbox 84 1364 881 1403; baseline -0.005 -9"><span class='ocrx_word' id='word_1_201' title='bbox 84 1376 136 1403; x_wconf 77' lang='grc' dir='ltr'><strong>σης</strong></span> <span class='ocrx_word' id='word_1_202' title='bbox 150 1367 244 1403; x_wconf 77' lang='grc' dir='ltr'>ἀρχῆς</span> <span class='ocrx_word' id='word_1_203' title='bbox 264 1367 312 1393; x_wconf 73' lang='grc' dir='ltr'>καὶ</span> <span class='ocrx_word' id='word_1_204' title='bbox 327 1366 462 1398; x_wconf 79' lang='grc' dir='ltr'>ἐξουσίας,</span> <span class='ocrx_word' id='word_1_205' title='bbox 489 1365 537 1392; x_wconf 60' lang='grc' dir='ltr'><strong>καίΙ</strong></span> <span class='ocrx_word' id='word_1_206' title='bbox 564 1364 663 1396; x_wconf 72' lang='grc' dir='ltr'>παντὸς</span> <span class='ocrx_word' id='word_1_207' title='bbox 677 1364 808 1399; x_wconf 77' lang='grc' dir='ltr'>ὀνόματος</span> <span class='ocrx_word' id='word_1_208' title='bbox 823 1364 881 1391; x_wconf 82' lang='grc' dir='ltr'>ὀνο-</span> 
     </span>
    </p>
   </div>
   <div class='ocr_carea' id='block_1_29' title="bbox 84 1409 879 1448">
    <p class='ocr_par' dir='ltr' id='par_1_29' title="bbox 84 1409 879 1448">
     <span class='ocr_line' id='line_1_29' title="bbox 84 1409 879 1448; baseline -0.004 -9"><span class='ocrx_word' id='word_1_209' title='bbox 84 1413 259 1448; x_wconf 80' lang='grc' dir='ltr'>μαζομένου,</span> <span class='ocrx_word' id='word_1_210' title='bbox 272 1411 328 1438; x_wconf 75' lang='grc' dir='ltr'>εἶτε</span> <span class='ocrx_word' id='word_1_211' title='bbox 339 1412 368 1437; x_wconf 79' lang='grc' dir='ltr'><strong>ἐν</strong></span> <span class='ocrx_word' id='word_1_212' title='bbox 382 1410 422 1445; x_wconf 86' lang='grc' dir='ltr'>τῷ</span> <span class='ocrx_word' id='word_1_213' title='bbox 437 1410 484 1437; x_wconf 90' lang='grc' dir='ltr'><strong>νῦν</strong></span> <span class='ocrx_word' id='word_1_214' title='bbox 496 1410 584 1444; x_wconf 81' lang='grc' dir='ltr'>αίῶνι,</span> <span class='ocrx_word' id='word_1_215' title='bbox 600 1410 655 1436; x_wconf 77' lang='grc' dir='ltr'>εἴτε</span> <span class='ocrx_word' id='word_1_216' title='bbox 671 1410 700 1436; x_wconf 76' lang='grc' dir='ltr'>ὲν</span> <span class='ocrx_word' id='word_1_217' title='bbox 717 1409 754 1445; x_wconf 85' lang='grc' dir='ltr'>τῷ</span> <span class='ocrx_word' id='word_1_218' title='bbox 768 1410 879 1445; x_wconf 90' lang='grc' dir='ltr'>μέλλον-</span> 
     </span>
    </p>
   </div>
   <div class='ocr_carea' id='block_1_30' title="bbox 85 1455 880 1493">
    <p class='ocr_par' dir='ltr' id='par_1_30' title="bbox 85 1455 880 1493">
     <span class='ocr_line' id='line_1_30' title="bbox 85 1455 880 1493; baseline -0.004 -8"><span class='ocrx_word' id='word_1_219' title='bbox 85 1468 121 1486; x_wconf 79' lang='grc' dir='ltr'>τι.</span> <span class='ocrx_word' id='word_1_220' title='bbox 138 1459 228 1486; x_wconf 84' lang='grc' dir='ltr'>Τοῦτο</span> <span class='ocrx_word' id='word_1_221' title='bbox 242 1458 275 1493; x_wconf 81' lang='grc' dir='ltr'><strong>δὴ</strong></span> <span class='ocrx_word' id='word_1_222' title='bbox 292 1459 338 1484; x_wconf 78' lang='grc' dir='ltr'>καὶ</span> <span class='ocrx_word' id='word_1_223' title='bbox 352 1456 556 1492; x_wconf 78' lang='grc' dir='ltr'>προοικονομῶν</span> <span class='ocrx_word' id='word_1_224' title='bbox 573 1456 662 1490; x_wconf 79' lang='grc' dir='ltr'>σοφῶς</span> <span class='ocrx_word' id='word_1_225' title='bbox 685 1455 744 1490; x_wconf 73' lang='grc' dir='ltr'>ἅμα</span> <span class='ocrx_word' id='word_1_226' title='bbox 757 1456 805 1482; x_wconf 77' lang='grc' dir='ltr'>καὶ</span> <span class='ocrx_word' id='word_1_227' title='bbox 820 1456 880 1490; x_wconf 86' lang='grc' dir='ltr'>φιλ-</span> 
     </span>
    </p>
   </div>
   <div class='ocr_carea' id='block_1_31' title="bbox 82 1502 879 1541">
    <p class='ocr_par' dir='ltr' id='par_1_31' title="bbox 82 1502 879 1541">
     <span class='ocr_line' id='line_1_31' title="bbox 82 1502 879 1541; baseline -0.005 -9"><span class='ocrx_word' id='word_1_228' title='bbox 82 1506 254 1541; x_wconf 69' lang='grc' dir='ltr'>ανθρώπως,</span> <span class='ocrx_word' id='word_1_229' title='bbox 279 1503 350 1530; x_wconf 79' lang='grc' dir='ltr'>οὕτω</span> <span class='ocrx_word' id='word_1_230' title='bbox 377 1503 501 1537; x_wconf 80' lang='grc' dir='ltr'>πολλοῖς,</span> <span class='ocrx_word' id='word_1_231' title='bbox 530 1502 630 1538; x_wconf 77' lang='grc' dir='ltr'>μᾶλλον</span> <span class='ocrx_word' id='word_1_232' title='bbox 645 1502 672 1528; x_wconf 87' lang='grc' dir='ltr'><strong>δὲ</strong></span> <span class='ocrx_word' id='word_1_233' title='bbox 694 1502 879 1534; x_wconf 82' lang='grc' dir='ltr'>παντοδαπαῖς</span> 
     </span>
    </p>
   </div>
   <div class='ocr_carea' id='block_1_32' title="bbox 84 1547 879 1586">
    <p class='ocr_par' dir='ltr' id='par_1_32' title="bbox 84 1547 879 1586">
     <span class='ocr_line' id='line_1_32' title="bbox 84 1547 879 1586; baseline -0.006 -8"><span class='ocrx_word' id='word_1_234' title='bbox 84 1552 173 1586; x_wconf 81' lang='grc' dir='ltr'>αὐτὴν</span> <span class='ocrx_word' id='word_1_235' title='bbox 192 1550 308 1584; x_wconf 77' lang='grc' dir='ltr'>ἐτίμησε</span> <span class='ocrx_word' id='word_1_236' title='bbox 322 1549 432 1584; x_wconf 76' lang='grc' dir='ltr'>χάρισιν</span> <span class='ocrx_word' id='word_1_237' title='bbox 442 1557 450 1564; x_wconf 74' lang='grc' dir='ltr'><strong>ν</strong></span> <span class='ocrx_word' id='word_1_238' title='bbox 463 1547 557 1583; x_wconf 83' lang='grc' dir='ltr'>ἐπειδὴ</span> <span class='ocrx_word' id='word_1_239' title='bbox 572 1547 600 1574; x_wconf 83' lang='grc' dir='ltr'><strong>δὲ</strong></span> <span class='ocrx_word' id='word_1_240' title='bbox 617 1548 664 1574; x_wconf 76' lang='grc' dir='ltr'>καὶ</span> <span class='ocrx_word' id='word_1_241' title='bbox 683 1547 789 1581; x_wconf 79' lang='grc' dir='ltr'>διπλᾶς,</span> <span class='ocrx_word' id='word_1_242' title='bbox 810 1548 879 1583; x_wconf 78' lang='grc' dir='ltr'><strong>μᾶλ-</strong></span> 
     </span>
    </p>
   </div>
   <div class='ocr_carea' id='block_1_33' title="bbox 84 1593 878 1627">
    <p class='ocr_par' dir='ltr' id='par_1_33' title="bbox 84 1593 878 1627">
     <span class='ocr_line' id='line_1_33' title="bbox 84 1593 878 1627; baseline 0 -7"><span class='ocrx_word' id='word_1_243' title='bbox 84 1595 129 1621; x_wconf 87' lang='grc' dir='ltr'><strong>λον</strong></span> <span class='ocrx_word' id='word_1_244' title='bbox 145 1594 176 1621; x_wconf 74' lang='grc' dir='ltr'><strong>δὲ</strong></span> <span class='ocrx_word' id='word_1_245' title='bbox 197 1594 246 1620; x_wconf 83' lang='grc' dir='ltr'>καὶ</span> <span class='ocrx_word' id='word_1_246' title='bbox 265 1593 422 1623; x_wconf 81' lang='grc' dir='ltr'>πολλαπλᾶς</span> <span class='ocrx_word' id='word_1_247' title='bbox 447 1594 514 1627; x_wconf 82' lang='grc' dir='ltr'>ἡμῖν</span> <span class='ocrx_word' id='word_1_248' title='bbox 539 1593 623 1619; x_wconf 73' lang='grc' dir='ltr'>ἔδωκε</span> <span class='ocrx_word' id='word_1_249' title='bbox 649 1593 698 1624; x_wconf 79' lang='grc' dir='ltr'>τὰς</span> <span class='ocrx_word' id='word_1_250' title='bbox 724 1593 878 1627; x_wconf 75' lang='grc' dir='ltr'>γνωστικὰς</span> 
     </span>
    </p>
   </div>
   <div class='ocr_carea' id='block_1_34' title="bbox 83 1637 878 1674">
    <p class='ocr_par' dir='ltr' id='par_1_34' title="bbox 83 1637 878 1674">
     <span class='ocr_line' id='line_1_34' title="bbox 83 1637 878 1674; baseline -0.004 -8"><span class='ocrx_word' id='word_1_251' title='bbox 83 1639 230 1674; x_wconf 70' lang='grc' dir='ltr'>δυνάμεις,</span> <span class='ocrx_word' id='word_1_252' title='bbox 245 1638 310 1665; x_wconf 81' lang='grc' dir='ltr'>νοῦν</span> <span class='ocrx_word' id='word_1_253' title='bbox 324 1647 353 1664; x_wconf 83' lang='grc' dir='ltr'><strong>τε</strong></span> <span class='ocrx_word' id='word_1_254' title='bbox 369 1639 415 1665; x_wconf 66' lang='grc' dir='ltr'>καὶ</span> <span class='ocrx_word' id='word_1_255' title='bbox 431 1637 567 1673; x_wconf 77' lang='grc' dir='ltr'>αἴσθησιν,</span> <span class='ocrx_word' id='word_1_256' title='bbox 589 1637 637 1664; x_wconf 77' lang='grc' dir='ltr'>καὶ</span> <span class='ocrx_word' id='word_1_257' title='bbox 656 1637 690 1664; x_wconf 80' lang='grc' dir='ltr'><strong>τὰ</strong></span> <span class='ocrx_word' id='word_1_258' title='bbox 709 1637 810 1672; x_wconf 80' lang='grc' dir='ltr'>μεταξὺ</span> <span class='ocrx_word' id='word_1_259' title='bbox 827 1647 878 1673; x_wconf 81' lang='grc' dir='ltr'><strong>χα-</strong></span> 
     </span>
    </p>
   </div>
   <div class='ocr_carea' id='block_1_35' title="bbox 83 1684 876 1722">
    <p class='ocr_par' dir='ltr' id='par_1_35' title="bbox 83 1684 876 1722">
     <span class='ocr_line' id='line_1_35' title="bbox 83 1684 876 1722; baseline 0.001 -11"><span class='ocrx_word' id='word_1_260' title='bbox 83 1687 246 1722; x_wconf 76' lang='grc' dir='ltr'>ρισάμενος,</span> <span class='ocrx_word' id='word_1_261' title='bbox 259 1686 305 1712; x_wconf 67' lang='grc' dir='ltr'><strong>διὰ</strong></span> <span class='ocrx_word' id='word_1_262' title='bbox 320 1685 399 1712; x_wconf 85' lang='grc' dir='ltr'>τοῦτο</span> <span class='ocrx_word' id='word_1_263' title='bbox 414 1684 462 1712; x_wconf 80' lang='grc' dir='ltr'>καὶ</span> <span class='ocrx_word' id='word_1_264' title='bbox 475 1685 530 1711; x_wconf 85' lang='grc' dir='ltr'>τῶν</span> <span class='ocrx_word' id='word_1_265' title='bbox 544 1685 583 1717; x_wconf 84' lang='grc' dir='ltr'><strong>είς</strong></span> <span class='ocrx_word' id='word_1_266' title='bbox 594 1684 695 1719; x_wconf 83' lang='grc' dir='ltr'>γνῶσιν</span> <span class='ocrx_word' id='word_1_267' title='bbox 712 1684 759 1711; x_wconf 71' lang='grc' dir='ltr'>καὶ</span> <span class='ocrx_word' id='word_1_268' title='bbox 776 1685 876 1720; x_wconf 76' lang='grc' dir='ltr'>πρᾶξιν</span> 
     </span>
    </p>
   </div>
   <div class='ocr_carea' id='block_1_36' title="bbox 83 1731 344 1766">
    <p class='ocr_par' dir='ltr' id='par_1_36' title="bbox 83 1731 344 1766">
     <span class='ocr_line' id='line_1_36' title="bbox 83 1731 344 1766; baseline -0.008 -8"><span class='ocrx_word' id='word_1_269' title='bbox 83 1731 201 1766; x_wconf 77' lang='grc' dir='ltr'>ποίηκεν</span> <span class='ocrx_word' id='word_1_270' title='bbox 218 1731 344 1757; x_wconf 73' lang='grc' dir='ltr'>ἕκαστον.</span> 
     </span>
    </p>
   </div>
   <div class='ocr_carea' id='block_1_37' title="bbox 118 1774 879 1812">
    <p class='ocr_par' dir='ltr' id='par_1_37' title="bbox 118 1774 879 1812">
     <span class='ocr_line' id='line_1_37' title="bbox 118 1774 879 1812; baseline -0.003 -10"><span class='ocrx_word' id='word_1_271' title='bbox 118 1778 226 1812; x_wconf 79' lang='grc' dir='ltr'>Θέρους</span> <span class='ocrx_word' id='word_1_272' title='bbox 239 1775 286 1802; x_wconf 73' lang='grc' dir='ltr'>οὖν</span> <span class='ocrx_word' id='word_1_273' title='bbox 303 1776 404 1810; x_wconf 83' lang='grc' dir='ltr'>ἀρτίως</span> <span class='ocrx_word' id='word_1_274' title='bbox 419 1775 493 1802; x_wconf 70' lang='grc' dir='ltr'>ἐστὶν</span> <span class='ocrx_word' id='word_1_275' title='bbox 510 1774 631 1806; x_wconf 73' lang='grc' dir='ltr'>ἐπέτειος</span> <span class='ocrx_word' id='word_1_276' title='bbox 653 1774 722 1810; x_wconf 87' lang='grc' dir='ltr'>ὥρα,</span> <span class='ocrx_word' id='word_1_277' title='bbox 739 1775 788 1802; x_wconf 79' lang='grc' dir='ltr'>καὶ</span> <span class='ocrx_word' id='word_1_278' title='bbox 801 1774 879 1810; x_wconf 79' lang='grc' dir='ltr'>θέρος</span> 
     </span>
    </p>
   </div>
   <div class='ocr_carea' id='block_1_38' title="bbox 88 1821 880 1856">
    <p class='ocr_par' dir='ltr' id='par_1_38' title="bbox 88 1821 880 1856">
     <span class='ocr_line' id='line_1_38' title="bbox 88 1821 880 1856; baseline 0.003 -7"><span class='ocrx_word' id='word_1_279' title='bbox 88 1823 138 1849; x_wconf 75' lang='grc' dir='ltr'><strong>οὐχ</strong></span> <span class='ocrx_word' id='word_1_280' title='bbox 155 1823 187 1848; x_wconf 82' lang='grc' dir='ltr'><strong>ἐν</strong></span> <span class='ocrx_word' id='word_1_281' title='bbox 205 1823 272 1856; x_wconf 75' lang='grc' dir='ltr'>ἡμῖν</span> <span class='ocrx_word' id='word_1_282' title='bbox 286 1828 292 1835; x_wconf 87' lang='grc'><strong>·</strong></span> <span class='ocrx_word' id='word_1_283' title='bbox 312 1822 341 1847; x_wconf 83' lang='grc' dir='ltr'>οὐ</span> <span class='ocrx_word' id='word_1_284' title='bbox 364 1822 417 1856; x_wconf 83' lang='grc' dir='ltr'>γὰρ</span> <span class='ocrx_word' id='word_1_285' title='bbox 430 1821 560 1856; x_wconf 69' lang='grc' dir='ltr'>αἰσθητὸν</span> <span class='ocrx_word' id='word_1_286' title='bbox 583 1822 676 1856; x_wconf 85' lang='grc' dir='ltr'>μόνον,</span> <span class='ocrx_word' id='word_1_287' title='bbox 691 1823 760 1850; x_wconf 85' lang='grc' dir='ltr'>ἀλλὰ</span> <span class='ocrx_word' id='word_1_288' title='bbox 774 1824 821 1850; x_wconf 73' lang='grc' dir='ltr'>καὶ</span> <span class='ocrx_word' id='word_1_289' title='bbox 835 1824 880 1851; x_wconf 85' lang='grc' dir='ltr'>λο-</span> 
     </span>
    </p>
   </div>
   <div class='ocr_carea' id='block_1_39' title="bbox 84 1867 880 1905">
    <p class='ocr_par' dir='ltr' id='par_1_39' title="bbox 84 1867 880 1905">
     <span class='ocr_line' id='line_1_39' title="bbox 84 1867 880 1905; baseline -0.003 -10"><span class='ocrx_word' id='word_1_290' title='bbox 84 1870 161 1902; x_wconf 58' lang='grc' dir='ltr'>γικὶν</span> <span class='ocrx_word' id='word_1_291' title='bbox 179 1869 228 1894; x_wconf 74' lang='grc' dir='ltr'>καὶ.</span> <span class='ocrx_word' id='word_1_292' title='bbox 246 1867 434 1902; x_wconf 72' lang='grc' dir='ltr'>πνευματικὸν</span> <span class='ocrx_word' id='word_1_293' title='bbox 460 1868 525 1902; x_wconf 82' lang='grc' dir='ltr'>παρ’</span> <span class='ocrx_word' id='word_1_294' title='bbox 552 1868 620 1903; x_wconf 78' lang='grc' dir='ltr'>ἡμῖν</span> <span class='ocrx_word' id='word_1_295' title='bbox 638 1869 697 1895; x_wconf 87' lang='grc' dir='ltr'>ἐστι</span> <span class='ocrx_word' id='word_1_296' title='bbox 713 1869 811 1905; x_wconf 32' lang='grc' dir='ltr'>θέροςγ·</span> <span class='ocrx_word' id='word_1_297' title='bbox 833 1871 880 1897; x_wconf 76' lang='grc' dir='ltr'>καὶ</span> 
     </span>
    </p>
   </div>
   <div class='ocr_carea' id='block_1_40' title="bbox 84 1914 877 1950">
    <p class='ocr_par' dir='ltr' id='par_1_40' title="bbox 84 1914 877 1950">
     <span class='ocr_line' id='line_1_40' title="bbox 84 1914 877 1950; baseline 0.003 -9"><span class='ocrx_word' id='word_1_298' title='bbox 84 1916 137 1941; x_wconf 78' lang='grc' dir='ltr'>τῶν</span> <span class='ocrx_word' id='word_1_299' title='bbox 156 1914 290 1940; x_wconf 83' lang='grc' dir='ltr'>τοιούτων</span> <span class='ocrx_word' id='word_1_300' title='bbox 320 1914 452 1948; x_wconf 83' lang='grc' dir='ltr'>ἐκατέρου</span> <span class='ocrx_word' id='word_1_301' title='bbox 477 1914 573 1948; x_wconf 82' lang='grc' dir='ltr'>θέρους</span> <span class='ocrx_word' id='word_1_302' title='bbox 599 1915 695 1950; x_wconf 73' lang='grc' dir='ltr'>καιρὸς</span> <span class='ocrx_word' id='word_1_303' title='bbox 714 1915 728 1941; x_wconf 84' lang='grc' dir='ltr'>ὀ</span> <span class='ocrx_word' id='word_1_304' title='bbox 755 1916 877 1943; x_wconf 76' lang='grc' dir='ltr'>ἐνιαυτοῦ</span> 
     </span>
    </p>
   </div>
   <div class='ocr_carea' id='block_1_41' title="bbox 85 1959 879 1997">
    <p class='ocr_par' dir='ltr' id='par_1_41' title="bbox 85 1959 879 1997">
     <span class='ocr_line' id='line_1_41' title="bbox 85 1959 879 1997; baseline 0.001 -10"><span class='ocrx_word' id='word_1_305' title='bbox 85 1961 185 1991; x_wconf 77' lang='grc' dir='ltr'>κύκλος</span> <span class='ocrx_word' id='word_1_306' title='bbox 200 1960 284 1990; x_wconf 68' lang='grc' dir='ltr'>ἄπας.</span> <span class='ocrx_word' id='word_1_307' title='bbox 301 1959 358 1986; x_wconf 78' lang='grc' dir='ltr'>Νῦν</span> <span class='ocrx_word' id='word_1_308' title='bbox 375 1959 421 1986; x_wconf 86' lang='grc' dir='ltr'><strong>οῦν</strong></span> <span class='ocrx_word' id='word_1_309' title='bbox 433 1959 494 1986; x_wconf 80' lang='grc' dir='ltr'>ἐπεὶ</span> <span class='ocrx_word' id='word_1_310' title='bbox 508 1960 562 1986; x_wconf 85' lang='grc' dir='ltr'>τῶν</span> <span class='ocrx_word' id='word_1_311' title='bbox 577 1960 624 1986; x_wconf 85' lang='grc' dir='ltr'><strong>τοῦ</strong></span> <span class='ocrx_word' id='word_1_312' title='bbox 641 1960 715 1996; x_wconf 76' lang='grc' dir='ltr'>ἱεροῦ</span> <span class='ocrx_word' id='word_1_313' title='bbox 728 1961 879 1997; x_wconf 75' lang='grc' dir='ltr'>περιϐόλων</span> 
     </span>
    </p>
   </div>
   <div class='ocr_carea' id='block_1_42' title="bbox 83 2005 879 2040">
    <p class='ocr_par' dir='ltr' id='par_1_42' title="bbox 83 2005 879 2040">
     <span class='ocr_line' id='line_1_42' title="bbox 83 2005 879 2040; baseline 0.001 -8"><span class='ocrx_word' id='word_1_314' title='bbox 83 2007 157 2038; x_wconf 58' lang='grc' dir='ltr'>ἐντος</span> <span class='ocrx_word' id='word_1_315' title='bbox 194 2005 339 2040; x_wconf 75' lang='grc' dir='ltr'>ἱστάμεθα,</span> <span class='ocrx_word' id='word_1_316' title='bbox 371 2005 470 2040; x_wconf 81' lang='grc' dir='ltr'>μικρὸν</span> <span class='ocrx_word' id='word_1_317' title='bbox 496 2005 685 2040; x_wconf 73' lang='grc' dir='ltr'>ἀνακύψαντες</span> <span class='ocrx_word' id='word_1_318' title='bbox 698 2007 814 2039; x_wconf 82' lang='grc' dir='ltr'>ἐκεῖθεν,</span> <span class='ocrx_word' id='word_1_319' title='bbox 830 2007 879 2038; x_wconf 81' lang='grc' dir='ltr'><strong>τὰς</strong></span> 
     </span>
    </p>
   </div>
   <div class='ocr_carea' id='block_1_43' title="bbox 83 2050 878 2086">
    <p class='ocr_par' dir='ltr' id='par_1_43' title="bbox 83 2050 878 2086">
     <span class='ocr_line' id='line_1_43' title="bbox 83 2050 878 2086; baseline 0.001 -9"><span class='ocrx_word' id='word_1_320' title='bbox 83 2052 198 2082; x_wconf 74' lang='grc' dir='ltr'>ἐλπίδας</span> <span class='ocrx_word' id='word_1_321' title='bbox 210 2050 254 2077; x_wconf 83' lang='grc' dir='ltr'><strong>ἐπ’</strong></span> <span class='ocrx_word' id='word_1_322' title='bbox 269 2050 350 2076; x_wconf 68' lang='grc' dir='ltr'>αὑτὸν</span> <span class='ocrx_word' id='word_1_323' title='bbox 362 2051 485 2086; x_wconf 74' lang='grc' dir='ltr'>σχῶμεν,</span> <span class='ocrx_word' id='word_1_324' title='bbox 510 2051 557 2077; x_wconf 82' lang='grc' dir='ltr'>καὶ</span> <span class='ocrx_word' id='word_1_325' title='bbox 577 2051 742 2086; x_wconf 77' lang='grc' dir='ltr'>μεταθέντες</span> <span class='ocrx_word' id='word_1_326' title='bbox 762 2052 819 2078; x_wconf 77' lang='grc' dir='ltr'>ἄνω</span> <span class='ocrx_word' id='word_1_327' title='bbox 833 2052 878 2079; x_wconf 79' lang='grc' dir='ltr'>τὸν</span> 
     </span>
    </p>
   </div>
   <div class='ocr_carea' id='block_1_44' title="bbox 84 2095 877 2131">
    <p class='ocr_par' dir='ltr' id='par_1_44' title="bbox 84 2095 877 2131">
     <span class='ocr_line' id='line_1_44' title="bbox 84 2095 877 2131; baseline 0.001 -9"><span class='ocrx_word' id='word_1_328' title='bbox 84 2097 223 2131; x_wconf 78' lang='grc' dir='ltr'>ἡμέτερον</span> <span class='ocrx_word' id='word_1_329' title='bbox 246 2095 324 2127; x_wconf 80' lang='grc' dir='ltr'>νοῦν,</span> <span class='ocrx_word' id='word_1_330' title='bbox 353 2096 403 2122; x_wconf 82' lang='grc' dir='ltr'><strong>τοῦ</strong></span> <span class='ocrx_word' id='word_1_331' title='bbox 439 2095 549 2129; x_wconf 78' lang='grc' dir='ltr'>λογικοῦ</span> <span class='ocrx_word' id='word_1_332' title='bbox 578 2104 608 2122; x_wconf 81' lang='grc' dir='ltr'><strong>τε</strong></span> <span class='ocrx_word' id='word_1_333' title='bbox 626 2097 674 2123; x_wconf 75' lang='grc' dir='ltr'>καὶ</span> <span class='ocrx_word' id='word_1_334' title='bbox 691 2095 877 2131; x_wconf 81' lang='grc' dir='ltr'>πνευματικοῦ</span> 
     </span>
    </p>
   </div>
   <div class='ocr_carea' id='block_1_45' title="bbox 82 2139 877 2178">
    <p class='ocr_par' dir='ltr' id='par_1_45' title="bbox 82 2139 877 2178">
     <span class='ocr_line' id='line_1_45' title="bbox 82 2139 877 2178; baseline 0.001 -10"><span class='ocrx_word' id='word_1_335' title='bbox 82 2143 182 2177; x_wconf 79' lang='grc' dir='ltr'>θέρους</span> <span class='ocrx_word' id='word_1_336' title='bbox 197 2144 227 2168; x_wconf 82' lang='grc' dir='ltr'><strong>ἐν</strong></span> <span class='ocrx_word' id='word_1_337' title='bbox 254 2142 379 2177; x_wconf 77' lang='grc' dir='ltr'>περινοίᾳ</span> <span class='ocrx_word' id='word_1_338' title='bbox 407 2141 569 2175; x_wconf 70' lang='grc' dir='ltr'>γενώμεθα*</span> <span class='ocrx_word' id='word_1_339' title='bbox 591 2142 655 2177; x_wconf 77' lang='grc' dir='ltr'>περὶ</span> <span class='ocrx_word' id='word_1_340' title='bbox 669 2139 706 2169; x_wconf 84' lang='grc' dir='ltr'>ὧν</span> <span class='ocrx_word' id='word_1_341' title='bbox 722 2143 770 2169; x_wconf 79' lang='grc' dir='ltr'>καὶ</span> <span class='ocrx_word' id='word_1_342' title='bbox 796 2143 877 2178; x_wconf 84' lang='grc' dir='ltr'>ἡμεῖς</span> 
     </span>
    </p>
   </div>
   <div class='ocr_carea' id='block_1_46' title="bbox 83 2187 880 2224">
    <p class='ocr_par' dir='ltr' id='par_1_46' title="bbox 83 2187 880 2224">
     <span class='ocr_line' id='line_1_46' title="bbox 83 2187 880 2224; baseline 0 -9"><span class='ocrx_word' id='word_1_343' title='bbox 83 2189 160 2223; x_wconf 80' lang='grc' dir='ltr'>ὀλίγα</span> <span class='ocrx_word' id='word_1_344' title='bbox 175 2189 308 2223; x_wconf 66' lang='grc' dir='ltr'>πρὸςςτὴν</span> <span class='ocrx_word' id='word_1_345' title='bbox 319 2187 455 2223; x_wconf 82' lang='grc' dir='ltr'>ὑμετέραν</span> <span class='ocrx_word' id='word_1_346' title='bbox 466 2188 577 2222; x_wconf 84' lang='grc' dir='ltr'>ἀγάπην</span> <span class='ocrx_word' id='word_1_347' title='bbox 589 2188 706 2223; x_wconf 79' lang='grc' dir='ltr'>ἐροῦμεν</span> <span class='ocrx_word' id='word_1_348' title='bbox 720 2187 779 2219; x_wconf 86' lang='grc' dir='ltr'>νῦν.</span> <span class='ocrx_word' id='word_1_349' title='bbox 794 2188 880 2224; x_wconf 76' lang='grc' dir='ltr'>ἀφορ-</span> 
     </span>
    </p>
   </div>
   <div class='ocr_carea' id='block_1_47' title="bbox 84 2233 880 2269">
    <p class='ocr_par' dir='ltr' id='par_1_47' title="bbox 84 2233 880 2269">
     <span class='ocr_line' id='line_1_47' title="bbox 84 2233 880 2269; baseline 0 -8"><span class='ocrx_word' id='word_1_350' title='bbox 84 2235 137 2269; x_wconf 73' lang='grc' dir='ltr'>μὴν</span> <span class='ocrx_word' id='word_1_351' title='bbox 150 2235 218 2269; x_wconf 81' lang='grc' dir='ltr'>ὑμῖν</span> <span class='ocrx_word' id='word_1_352' title='bbox 234 2233 380 2260; x_wconf 69' lang='grc' dir='ltr'>κάντεῦθεν</span> <span class='ocrx_word' id='word_1_353' title='bbox 395 2234 464 2269; x_wconf 71' lang='grc' dir='ltr'>προς</span> <span class='ocrx_word' id='word_1_354' title='bbox 478 2234 616 2269; x_wconf 84' lang='grc' dir='ltr'>σωτηρίαν</span> <span class='ocrx_word' id='word_1_355' title='bbox 627 2234 796 2269; x_wconf 77' lang='grc' dir='ltr'>πορίζοντες.</span> <span class='ocrx_word' id='word_1_356' title='bbox 807 2234 880 2269; x_wconf 72' lang='grc' dir='ltr'><strong>Ἐγὼ</strong></span> 
     </span>
    </p>
   </div>
   <div class='ocr_carea' id='block_1_48' title="bbox 84 2279 880 2316">
    <p class='ocr_par' dir='ltr' id='par_1_48' title="bbox 84 2279 880 2316">
     <span class='ocr_line' id='line_1_48' title="bbox 84 2279 880 2316; baseline 0.001 -10"><span class='ocrx_word' id='word_1_357' title='bbox 84 2281 138 2316; x_wconf 76' lang='grc' dir='ltr'><strong>γὰρ</strong></span> <span class='ocrx_word' id='word_1_358' title='bbox 156 2280 220 2306; x_wconf 78' lang='grc' dir='ltr'>καθ’</span> <span class='ocrx_word' id='word_1_359' title='bbox 235 2279 354 2314; x_wconf 79' lang='grc' dir='ltr'>ἑκάστην</span> <span class='ocrx_word' id='word_1_360' title='bbox 371 2279 418 2306; x_wconf 84' lang='grc' dir='ltr'><strong>τοῦ</strong></span> <span class='ocrx_word' id='word_1_361' title='bbox 434 2280 558 2307; x_wconf 79' lang='grc' dir='ltr'>ἐνιαυτοῦ</span> <span class='ocrx_word' id='word_1_362' title='bbox 578 2280 712 2315; x_wconf 82' lang='grc' dir='ltr'>περίοδον,</span> <span class='ocrx_word' id='word_1_363' title='bbox 731 2280 836 2316; x_wconf 84' lang='grc' dir='ltr'>ταύτης</span> <span class='ocrx_word' id='word_1_364' title='bbox 848 2280 880 2316; x_wconf 79' lang='grc' dir='ltr'><strong>δὴ</strong></span> 
     </span>
    </p>
   </div>
   <div class='ocr_carea' id='block_1_49' title="bbox 84 2326 880 2362">
    <p class='ocr_par' dir='ltr' id='par_1_49' title="bbox 84 2326 880 2362">
     <span class='ocr_line' id='line_1_49' title="bbox 84 2326 880 2362; baseline 0.001 -9"><span class='ocrx_word' id='word_1_365' title='bbox 84 2326 133 2361; x_wconf 74' lang='grc' dir='ltr'>τῆς</span> <span class='ocrx_word' id='word_1_366' title='bbox 151 2327 230 2362; x_wconf 78' lang='grc' dir='ltr'>ὧρας</span> <span class='ocrx_word' id='word_1_367' title='bbox 257 2326 452 2361; x_wconf 71' lang='grc' dir='ltr'>ἐφισταμένης,</span> <span class='ocrx_word' id='word_1_368' title='bbox 471 2327 543 2362; x_wconf 79' lang='grc' dir='ltr'>ὁρῶν</span> <span class='ocrx_word' id='word_1_369' title='bbox 560 2327 623 2358; x_wconf 78' lang='grc' dir='ltr'>τοὺς</span> <span class='ocrx_word' id='word_1_370' title='bbox 640 2327 749 2358; x_wconf 87' lang='grc' dir='ltr'>πλείους</span> <span class='ocrx_word' id='word_1_371' title='bbox 762 2327 815 2358; x_wconf 74' lang='grc' dir='ltr'><strong>ἔξω</strong></span> <span class='ocrx_word' id='word_1_372' title='bbox 831 2327 880 2354; x_wconf 88' lang='grc' dir='ltr'><strong>τοῦ</strong></span> 
     </span>
    </p>
   </div>
   <div class='ocr_carea' id='block_1_50' title="bbox 84 2372 880 2408">
    <p class='ocr_par' dir='ltr' id='par_1_50' title="bbox 84 2372 880 2408">
     <span class='ocr_line' id='line_1_50' title="bbox 84 2372 880 2408; baseline 0.001 -9"><span class='ocrx_word' id='word_1_373' title='bbox 84 2372 192 2404; x_wconf 74' lang='grc' dir='ltr'>ἄστεως</span> <span class='ocrx_word' id='word_1_374' title='bbox 206 2373 364 2407; x_wconf 83' lang='grc' dir='ltr'>χεομένους,</span> <span class='ocrx_word' id='word_1_375' title='bbox 378 2374 427 2399; x_wconf 74' lang='grc' dir='ltr'>καὶ</span> <span class='ocrx_word' id='word_1_376' title='bbox 446 2374 510 2408; x_wconf 64' lang='grc' dir='ltr'>περὶ</span> <span class='ocrx_word' id='word_1_377' title='bbox 527 2374 558 2399; x_wconf 79' lang='grc' dir='ltr'>τὸ</span> <span class='ocrx_word' id='word_1_378' title='bbox 570 2373 649 2408; x_wconf 85' lang='grc' dir='ltr'>θέρος</span> <span class='ocrx_word' id='word_1_379' title='bbox 662 2374 822 2406; x_wconf 81' lang='grc' dir='ltr'>πονοῦντας,</span> <span class='ocrx_word' id='word_1_380' title='bbox 833 2373 880 2400; x_wconf 81' lang='grc' dir='ltr'>καὶ</span> 
     </span>
    </p>
   </div>
   <div class='ocr_carea' id='block_1_51' title="bbox 83 2418 876 2454">
    <p class='ocr_par' dir='ltr' id='par_1_51' title="bbox 83 2418 876 2454">
     <span class='ocr_line' id='line_1_51' title="bbox 83 2418 876 2454; baseline 0 -9"><span class='ocrx_word' id='word_1_381' title='bbox 83 2419 131 2454; x_wconf 77' lang='grc' dir='ltr'>τὴν</span> <span class='ocrx_word' id='word_1_382' title='bbox 146 2419 204 2445; x_wconf 84' lang='grc' dir='ltr'>τῶν</span> <span class='ocrx_word' id='word_1_383' title='bbox 219 2418 334 2452; x_wconf 77' lang='grc' dir='ltr'>καρπῶν</span> <span class='ocrx_word' id='word_1_384' title='bbox 345 2418 477 2453; x_wconf 79' lang='grc' dir='ltr'>συλλογὴν</span> <span class='ocrx_word' id='word_1_385' title='bbox 486 2419 533 2445; x_wconf 73' lang='lat' dir='ltr'><strong>xui.</strong></span> <span class='ocrx_word' id='word_1_386' title='bbox 544 2419 721 2454; x_wconf 71' lang='grc' dir='ltr'>συγκομιδὴν,</span> <span class='ocrx_word' id='word_1_387' title='bbox 738 2419 876 2451; x_wconf 82' lang='grc' dir='ltr'>τοιούτους</span> 
     </span>
    </p>
   </div>
   <div class='ocr_carea' id='block_1_52' title="bbox 83 2464 876 2499">
    <p class='ocr_par' dir='ltr' id='par_1_52' title="bbox 83 2464 876 2499">
     <span class='ocr_line' id='line_1_52' title="bbox 83 2464 876 2499; baseline 0.003 -9"><span class='ocrx_word' id='word_1_388' title='bbox 83 2465 125 2490; x_wconf 75' lang='grc' dir='ltr'>ἐπ’</span> <span class='ocrx_word' id='word_1_389' title='bbox 148 2464 273 2499; x_wconf 78' lang='grc' dir='ltr'>ἐμαυτοῦ</span> <span class='ocrx_word' id='word_1_390' title='bbox 303 2466 412 2499; x_wconf 77' lang='grc' dir='ltr'>στρέφω</span> <span class='ocrx_word' id='word_1_391' title='bbox 437 2465 498 2496; x_wconf 79' lang='grc' dir='ltr'>τοὺς</span> <span class='ocrx_word' id='word_1_392' title='bbox 524 2465 681 2499; x_wconf 77' lang='grc' dir='ltr'>λογισμοὺς,</span> <span class='ocrx_word' id='word_1_393' title='bbox 699 2466 736 2498; x_wconf 85' lang='grc' dir='ltr'>ὠς</span> <span class='ocrx_word' id='word_1_394' title='bbox 748 2466 811 2492; x_wconf 73' lang='grc' dir='ltr'>ἐπεὶ</span> <span class='ocrx_word' id='word_1_395' title='bbox 828 2465 876 2492; x_wconf 75' lang='grc' dir='ltr'>καὶ</span> 
     </span>
    </p>
   </div>
   <div class='ocr_carea' id='block_1_53' title="bbox 83 2510 875 2546">
    <p class='ocr_par' dir='ltr' id='par_1_53' title="bbox 83 2510 875 2546">
     <span class='ocr_line' id='line_1_53' title="bbox 83 2510 875 2546; baseline 0.001 -10"><span class='ocrx_word' id='word_1_396' title='bbox 83 2510 162 2546; x_wconf 84' lang='grc' dir='ltr'>θέρος</span> <span class='ocrx_word' id='word_1_397' title='bbox 178 2512 254 2537; x_wconf 78' lang='grc' dir='ltr'>ἐστὶν</span> <span class='ocrx_word' id='word_1_398' title='bbox 284 2511 449 2546; x_wconf 80' lang='grc' dir='ltr'>ἀνθρώπων,</span> <span class='ocrx_word' id='word_1_399' title='bbox 466 2511 578 2543; x_wconf 80' lang='grc' dir='ltr'>τούτους</span> <span class='ocrx_word' id='word_1_400' title='bbox 602 2511 736 2538; x_wconf 81' lang='grc' dir='ltr'>ὲκκόπτον</span> <span class='ocrx_word' id='word_1_401' title='bbox 755 2511 809 2537; x_wconf 78' lang='grc' dir='ltr'><strong>ἀπὸ</strong></span> <span class='ocrx_word' id='word_1_402' title='bbox 826 2511 875 2538; x_wconf 86' lang='grc' dir='ltr'><strong>τοῦ</strong></span> 
     </span>
    </p>
   </div>
   <div class='ocr_carea' id='block_1_54' title="bbox 82 2556 876 2593">
    <p class='ocr_par' dir='ltr' id='par_1_54' title="bbox 82 2556 876 2593">
     <span class='ocr_line' id='line_1_54' title="bbox 82 2556 876 2593; baseline 0.004 -13"><span class='ocrx_word' id='word_1_403' title='bbox 82 2556 219 2590; x_wconf 57' lang='lat' dir='ltr'><strong>stag/Syro;</strong></span> <span class='ocrx_word' id='word_1_404' title='bbox 245 2557 416 2592; x_wconf 70' lang='grc' dir='ltr'>προτκαίρου</span> <span class='ocrx_word' id='word_1_405' title='bbox 445 2557 493 2584; x_wconf 76' lang='grc' dir='ltr'>καὶ</span> <span class='ocrx_word' id='word_1_406' title='bbox 518 2557 722 2593; x_wconf 68' lang='grc' dir='ltr'>παραρρέοντος</span> <span class='ocrx_word' id='word_1_407' title='bbox 742 2557 812 2591; x_wconf 80' lang='grc' dir='ltr'>βίου,</span> <span class='ocrx_word' id='word_1_408' title='bbox 829 2557 876 2583; x_wconf 81' lang='grc' dir='ltr'><strong>καὶ</strong></span> 
     </span>
    </p>
   </div>
   <div class='ocr_carea' id='block_1_55' title="bbox 85 2602 873 2640">
    <p class='ocr_par' dir='ltr' id='par_1_55' title="bbox 85 2602 873 2640">
     <span class='ocr_line' id='line_1_55' title="bbox 85 2602 873 2640; baseline 0.008 -15"><span class='ocrx_word' id='word_1_409' title='bbox 85 2602 205 2635; x_wconf 74' lang='grc' dir='ltr'>μετάγον</span> <span class='ocrx_word' id='word_1_410' title='bbox 231 2602 272 2632; x_wconf 79' lang='grc' dir='ltr'><strong>εἰς</strong></span> <span class='ocrx_word' id='word_1_411' title='bbox 293 2602 387 2637; x_wconf 72' lang='grc' dir='ltr'>ἕτερον</span> <span class='ocrx_word' id='word_1_412' title='bbox 409 2603 542 2638; x_wconf 84' lang='grc' dir='ltr'>μέλλοντα</span> <span class='ocrx_word' id='word_1_413' title='bbox 559 2605 605 2630; x_wconf 78' lang='grc' dir='ltr'><strong>καὶ</strong></span> <span class='ocrx_word' id='word_1_414' title='bbox 628 2604 791 2639; x_wconf 69' lang='grc' dir='ltr'>διαμένοντα</span> <span class='ocrx_word' id='word_1_415' title='bbox 806 2605 873 2640; x_wconf 82' lang='grc' dir='ltr'>βίον,</span> 
     </span>
    </p>
   </div>
   <div class='ocr_carea' id='block_1_56' title="bbox 81 2641 875 2686">
    <p class='ocr_par' dir='ltr' id='par_1_56' title="bbox 81 2641 875 2686">
     <span class='ocr_line' id='line_1_56' title="bbox 81 2641 875 2686; baseline 0.009 -16"><span class='ocrx_word' id='word_1_416' title='bbox 81 2641 135 2678; x_wconf 72' lang='grc' dir='ltr'><strong>ἄρα</strong></span> <span class='ocrx_word' id='word_1_417' title='bbox 152 2645 196 2677; x_wconf 82' lang='grc' dir='ltr'><strong>τίς</strong></span> <span class='ocrx_word' id='word_1_418' title='bbox 209 2646 274 2677; x_wconf 78' lang='grc' dir='ltr'>τοὺς</span> <span class='ocrx_word' id='word_1_419' title='bbox 291 2647 411 2683; x_wconf 69' lang='grc' dir='ltr'>ἀψύχους</span> <span class='ocrx_word' id='word_1_420' title='bbox 435 2648 551 2684; x_wconf 81' lang='grc' dir='ltr'>θερίζων</span> <span class='ocrx_word' id='word_1_421' title='bbox 588 2649 698 2685; x_wconf 80' lang='grc' dir='ltr'>στάχυς,</span> <span class='ocrx_word' id='word_1_422' title='bbox 725 2650 741 2686; x_wconf 87' lang='grc' dir='ltr'>ἢ</span> <span class='ocrx_word' id='word_1_423' title='bbox 757 2651 875 2686; x_wconf 81' lang='grc' dir='ltr'>θερίζειν</span> 
     </span>
    </p>
   </div>
   <div class='ocr_carea' id='block_1_57' title="bbox 82 2691 873 2732">
    <p class='ocr_par' dir='ltr' id='par_1_57' title="bbox 82 2691 873 2732">
     <span class='ocr_line' id='line_1_57' title="bbox 82 2691 873 2732; baseline 0.009 -16"><span class='ocrx_word' id='word_1_424' title='bbox 82 2691 190 2726; x_wconf 74' lang='grc' dir='ltr'>ἑτέρους</span> <span class='ocrx_word' id='word_1_425' title='bbox 209 2692 403 2727; x_wconf 75' lang='grc' dir='ltr'>μισθούμενος,</span> <span class='ocrx_word' id='word_1_426' title='bbox 429 2697 476 2721; x_wconf 82' lang='grc' dir='ltr'>καὶ</span> <span class='ocrx_word' id='word_1_427' title='bbox 494 2695 557 2727; x_wconf 72' lang='grc' dir='ltr'>τοὺς</span> <span class='ocrx_word' id='word_1_428' title='bbox 574 2697 697 2731; x_wconf 78' lang='grc' dir='ltr'>καρποὺς</span> <span class='ocrx_word' id='word_1_429' title='bbox 713 2696 843 2731; x_wconf 81' lang='grc' dir='ltr'>ἐκλέγων,</span> <span class='ocrx_word' id='word_1_430' title='bbox 856 2697 873 2732; x_wconf 81' lang='grc' dir='ltr'>ἢ</span> 
     </span>
    </p>
   </div>
   <div class='ocr_carea' id='block_1_58' title="bbox 82 2740 874 2776">
    <p class='ocr_par' dir='ltr' id='par_1_58' title="bbox 82 2740 874 2776">
     <span class='ocr_line' id='line_1_58' title="bbox 82 2740 874 2776; baseline 0.005 -12"><span class='ocrx_word' id='word_1_431' title='bbox 82 2741 156 2774; x_wconf 80' lang='grc' dir='ltr'>παρὰ</span> <span class='ocrx_word' id='word_1_432' title='bbox 171 2740 227 2766; x_wconf 81' lang='grc' dir='ltr'>τῶν</span> <span class='ocrx_word' id='word_1_433' title='bbox 255 2740 422 2774; x_wconf 76' lang='grc' dir='ltr'>ἐκλεγόντων</span> <span class='ocrx_word' id='word_1_434' title='bbox 446 2741 613 2776; x_wconf 78' lang='grc' dir='ltr'>ὠνούμενος,</span> <span class='ocrx_word' id='word_1_435' title='bbox 630 2742 677 2768; x_wconf 69' lang='grc' dir='ltr'>καὶ</span> <span class='ocrx_word' id='word_1_436' title='bbox 695 2742 819 2775; x_wconf 81' lang='grc' dir='ltr'>συνάγων</span> <span class='ocrx_word' id='word_1_437' title='bbox 833 2742 874 2773; x_wconf 80' lang='grc' dir='ltr'><strong>εἰς</strong></span> 
     </span>
    </p>
   </div>
   <div class='ocr_carea' id='block_1_59' title="bbox 81 2786 873 2823">
    <p class='ocr_par' dir='ltr' id='par_1_59' title="bbox 81 2786 873 2823">
     <span class='ocr_line' id='line_1_59' title="bbox 81 2786 873 2823; baseline 0.004 -12"><span class='ocrx_word' id='word_1_438' title='bbox 81 2786 236 2822; x_wconf 78' lang='grc' dir='ltr'>ἀποθήκην,</span> <span class='ocrx_word' id='word_1_439' title='bbox 264 2787 309 2812; x_wconf 74' lang='grc' dir='ltr'>καὶ</span> <span class='ocrx_word' id='word_1_440' title='bbox 326 2787 373 2813; x_wconf 84' lang='grc' dir='ltr'><strong>τοῦ</strong></span> <span class='ocrx_word' id='word_1_441' title='bbox 402 2787 547 2822; x_wconf 82' lang='grc' dir='ltr'>μέλλοντος</span> <span class='ocrx_word' id='word_1_442' title='bbox 563 2789 645 2815; x_wconf 71' lang='grc' dir='ltr'>αὑτὸν</span> <span class='ocrx_word' id='word_1_443' title='bbox 664 2788 873 2823; x_wconf 80' lang='grc' dir='ltr'>καταλήψεσθαι</span> 
     </span>
    </p>
   </div>
   <div class='ocr_carea' id='block_1_60' title="bbox 83 2831 873 2872">
    <p class='ocr_par' dir='ltr' id='par_1_60' title="bbox 83 2831 873 2872">
     <span class='ocr_line' id='line_1_60' title="bbox 83 2831 873 2872; baseline 0.004 -14"><span class='ocrx_word' id='word_1_444' title='bbox 83 2831 215 2868; x_wconf 64' lang='grc' dir='ltr'>θερισμοῦ</span> <span class='ocrx_word' id='word_1_445' title='bbox 231 2832 326 2859; x_wconf 79' lang='grc' dir='ltr'>τούτου</span> <span class='ocrx_word' id='word_1_446' title='bbox 348 2835 464 2862; x_wconf 75' lang='grc' dir='ltr'>ποιεῖται</span> <span class='ocrx_word' id='word_1_447' title='bbox 483 2835 606 2872; x_wconf 84' lang='grc' dir='ltr'>μνήμην,</span> <span class='ocrx_word' id='word_1_448' title='bbox 623 2835 670 2863; x_wconf 71' lang='grc' dir='ltr'><strong>καὶ</strong></span> <span class='ocrx_word' id='word_1_449' title='bbox 681 2835 820 2870; x_wconf 72' lang='grc' dir='ltr'>φροντίζει</span> <span class='ocrx_word' id='word_1_450' title='bbox 835 2834 873 2869; x_wconf 83' lang='grc' dir='ltr'>τῷ</span> 
     </span>
    </p>
   </div>
   <div class='ocr_carea' id='block_1_61' title="bbox 747 109 1034 142">
    <p class='ocr_par' dir='ltr' id='par_1_61' title="bbox 747 109 1034 142">
     <span class='ocr_line' id='line_1_61' title="bbox 747 109 1034 142; baseline 0.007 -3"><span class='ocrx_word' id='word_1_451' title='bbox 747 109 909 140; x_wconf 80' lang='lat' dir='ltr'><strong>HOMILIA</strong></span> <span class='ocrx_word' id='word_1_452' title='bbox 931 110 1034 142; x_wconf 76' lang='lat' dir='ltr'><strong>XXVI.</strong></span> 
     </span>
    </p>
   </div>
   <div class='ocr_carea' id='block_1_62' title="bbox 1655 111 1707 143">
    <p class='ocr_par' dir='ltr' id='par_1_62' title="bbox 1655 111 1707 143">
     <span class='ocr_line' id='line_1_62' title="bbox 1655 111 1707 143; baseline -0.019 0"><span class='ocrx_word' id='word_1_453' title='bbox 1655 111 1707 143; x_wconf 65' lang='lat'><strong>33$</strong></span> 
     </span>
    </p>
   </div>
   <div class='ocr_carea' id='block_1_63' title="bbox 891 169 1711 205">
    <p class='ocr_par' dir='ltr' id='par_1_63' title="bbox 891 169 1711 205">
     <span class='ocr_line' id='line_1_63' title="bbox 891 169 1711 205; baseline 0.004 -8"><span class='ocrx_word' id='word_1_454' title='bbox 891 169 912 201; x_wconf 71' lang='grc' dir='ltr'><strong>Δ</strong></span> <span class='ocrx_word' id='word_1_455' title='bbox 927 170 1032 205; x_wconf 78' lang='lat' dir='ltr'><strong>gentia,</strong></span> <span class='ocrx_word' id='word_1_456' title='bbox 1057 175 1083 198; x_wconf 84' lang='lat' dir='ltr'><strong>ct</strong></span> <span class='ocrx_word' id='word_1_457' title='bbox 1106 170 1172 198; x_wconf 90' lang='lat' dir='ltr'><strong>ines&#39;</strong></span> <span class='ocrx_word' id='word_1_458' title='bbox 1198 171 1280 198; x_wconf 81' lang='lat' dir='ltr'><strong>homo</strong></span> <span class='ocrx_word' id='word_1_459' title='bbox 1303 171 1376 199; x_wconf 79' lang='lat' dir='ltr'><strong>velut</strong></span> <span class='ocrx_word' id='word_1_460' title='bbox 1392 172 1538 200; x_wconf 74' lang='lat' dir='ltr'><strong>thesaurus</strong></span> <span class='ocrx_word' id='word_1_461' title='bbox 1562 172 1588 200; x_wconf 91' lang='lat' dir='ltr'><strong>in</strong></span> <span class='ocrx_word' id='word_1_462' title='bbox 1608 173 1711 200; x_wconf 87' lang='lat' dir='ltr'><strong>mundo</strong></span> 
     </span>
    </p>
   </div>
   <div class='ocr_carea' id='block_1_64' title="bbox 924 216 1753 254">
    <p class='ocr_par' dir='ltr' id='par_1_64' title="bbox 924 216 1753 254">
     <span class='ocr_line' id='line_1_64' title="bbox 924 216 1753 254; baseline 0.004 -11"><span class='ocrx_word' id='word_1_463' title='bbox 924 216 1044 244; x_wconf 88' lang='lat' dir='ltr'><strong>insertus</strong></span> <span class='ocrx_word' id='word_1_464' title='bbox 1060 217 1290 252; x_wconf 91' lang='lat' dir='ltr'><strong>quemadmodum</strong></span> <span class='ocrx_word' id='word_1_465' title='bbox 1320 218 1346 245; x_wconf 91' lang='lat' dir='ltr'><strong>in</strong></span> <span class='ocrx_word' id='word_1_466' title='bbox 1366 226 1462 254; x_wconf 80' lang='lat' dir='ltr'><strong>magna</strong></span> <span class='ocrx_word' id='word_1_467' title='bbox 1485 219 1565 246; x_wconf 88' lang='lat' dir='ltr'><strong>domo</strong></span> <span class='ocrx_word' id='word_1_468' title='bbox 1582 227 1647 254; x_wconf 83' lang='lat' dir='ltr'><strong>opes</strong></span> <span class='ocrx_word' id='word_1_469' title='bbox 1663 227 1710 247; x_wconf 89' lang='lat' dir='ltr'><strong>su-</strong></span> <span class='ocrx_word' id='word_1_470' title='bbox 1748 216 1753 222; x_wconf 79' lang='grc'><em>’</em></span> 
     </span>
    </p>
   </div>
   <div class='ocr_carea' id='block_1_65' title="bbox 925 264 1712 300">
    <p class='ocr_par' dir='ltr' id='par_1_65' title="bbox 925 264 1712 300">
     <span class='ocr_line' id='line_1_65' title="bbox 925 264 1712 300; baseline 0.004 -11"><span class='ocrx_word' id='word_1_471' title='bbox 925 264 1014 298; x_wconf 68' lang='lat' dir='ltr'><strong>perlue</strong></span> <span class='ocrx_word' id='word_1_472' title='bbox 1029 264 1114 290; x_wconf 87' lang='lat' dir='ltr'><strong>multa</strong></span> <span class='ocrx_word' id='word_1_473' title='bbox 1127 264 1225 291; x_wconf 90' lang='lat' dir='ltr'><strong>domus</strong></span> <span class='ocrx_word' id='word_1_474' title='bbox 1239 264 1404 293; x_wconf 74' lang='lat' dir='ltr'><strong>continentis</strong></span> <span class='ocrx_word' id='word_1_475' title='bbox 1418 273 1545 292; x_wconf 87' lang='lat' dir='ltr'><strong>mensura</strong></span> <span class='ocrx_word' id='word_1_476' title='bbox 1564 265 1712 300; x_wconf 87' lang='lat' dir='ltr'><strong>pretiosio-</strong></span> 
     </span>
    </p>
   </div>
   <div class='ocr_carea' id='block_1_66' title="bbox 926 309 1712 347">
    <p class='ocr_par' dir='ltr' id='par_1_66' title="bbox 926 309 1712 347">
     <span class='ocr_line' id='line_1_66' title="bbox 926 309 1712 347; baseline 0.003 -11"><span class='ocrx_word' id='word_1_477' title='bbox 926 316 980 336; x_wconf 85' lang='lat' dir='ltr'><strong>res.</strong></span> <span class='ocrx_word' id='word_1_478' title='bbox 997 309 1030 336; x_wconf 88' lang='lat' dir='ltr'><strong>Et</strong></span> <span class='ocrx_word' id='word_1_479' title='bbox 1046 310 1159 344; x_wconf 90' lang='lat' dir='ltr'><strong>perinde</strong></span> <span class='ocrx_word' id='word_1_480' title='bbox 1175 318 1206 337; x_wconf 84' lang='lat' dir='ltr'><strong>ac</strong></span> <span class='ocrx_word' id='word_1_481' title='bbox 1219 310 1244 337; x_wconf 91' lang='lat' dir='ltr'><strong>in</strong></span> <span class='ocrx_word' id='word_1_482' title='bbox 1255 310 1362 345; x_wconf 81' lang='lat' dir='ltr'><strong>palatiis</strong></span> <span class='ocrx_word' id='word_1_483' title='bbox 1376 311 1447 338; x_wconf 71' lang='lat' dir='ltr'><strong>mdes</strong></span> <span class='ocrx_word' id='word_1_484' title='bbox 1459 312 1538 347; x_wconf 70' lang='lat' dir='ltr'><strong>regite</strong></span> <span class='ocrx_word' id='word_1_485' title='bbox 1554 313 1635 338; x_wconf 71' lang='lat' dir='ltr'><strong>varire</strong></span> <span class='ocrx_word' id='word_1_486' title='bbox 1647 317 1712 339; x_wconf 88' lang='lat' dir='ltr'><strong>sunt</strong></span> 
     </span>
    </p>
   </div>
   <div class='ocr_carea' id='block_1_67' title="bbox 926 356 1713 393">
    <p class='ocr_par' dir='ltr' id='par_1_67' title="bbox 926 356 1713 393">
     <span class='ocr_line' id='line_1_67' title="bbox 926 356 1713 393; baseline 0.003 -11"><span class='ocrx_word' id='word_1_487' title='bbox 926 359 952 382; x_wconf 88' lang='lat' dir='ltr'><strong>et</strong></span> <span class='ocrx_word' id='word_1_488' title='bbox 978 356 1104 390; x_wconf 65' lang='lat' dir='ltr'><strong>pretiosa:</strong></span> <span class='ocrx_word' id='word_1_489' title='bbox 1122 364 1129 382; x_wconf 87' lang='lat'>:</span> <span class='ocrx_word' id='word_1_490' title='bbox 1145 356 1197 383; x_wconf 86' lang='lat' dir='ltr'><strong>alia</strong></span> <span class='ocrx_word' id='word_1_491' title='bbox 1215 356 1286 382; x_wconf 88' lang='lat' dir='ltr'><strong>enim</strong></span> <span class='ocrx_word' id='word_1_492' title='bbox 1304 357 1458 392; x_wconf 76' lang='lat' dir='ltr'><strong>ingentibus</strong></span> <span class='ocrx_word' id='word_1_493' title='bbox 1473 362 1599 385; x_wconf 85' lang='lat' dir='ltr'><strong>constant</strong></span> <span class='ocrx_word' id='word_1_494' title='bbox 1613 357 1713 393; x_wconf 86' lang='lat' dir='ltr'><strong>lapidi-</strong></span> 
     </span>
    </p>
   </div>
   <div class='ocr_carea' id='block_1_68' title="bbox 926 402 1711 438">
    <p class='ocr_par' dir='ltr' id='par_1_68' title="bbox 926 402 1711 438">
     <span class='ocr_line' id='line_1_68' title="bbox 926 402 1711 438; baseline 0.004 -10"><span class='ocrx_word' id='word_1_495' title='bbox 926 402 988 433; x_wconf 97' lang='lat' dir='ltr'><strong>bus,</strong></span> <span class='ocrx_word' id='word_1_496' title='bbox 1001 402 1048 429; x_wconf 85' lang='lat' dir='ltr'><strong>sed</strong></span> <span class='ocrx_word' id='word_1_497' title='bbox 1062 402 1160 429; x_wconf 86' lang='lat' dir='ltr'><strong>vilibus</strong></span> <span class='ocrx_word' id='word_1_498' title='bbox 1170 408 1195 429; x_wconf 90' lang='lat' dir='ltr'><strong>et</strong></span> <span class='ocrx_word' id='word_1_499' title='bbox 1205 403 1277 436; x_wconf 81' lang='lat' dir='ltr'><strong>parvi</strong></span> <span class='ocrx_word' id='word_1_500' title='bbox 1295 403 1389 437; x_wconf 84' lang='lat' dir='ltr'><strong>pretii;</strong></span> <span class='ocrx_word' id='word_1_501' title='bbox 1402 404 1453 430; x_wconf 79' lang='lat' dir='ltr'><strong>alia</strong></span> <span class='ocrx_word' id='word_1_502' title='bbox 1469 411 1534 430; x_wconf 91' lang='lat' dir='ltr'><strong>vero</strong></span> <span class='ocrx_word' id='word_1_503' title='bbox 1547 404 1647 438; x_wconf 84' lang='lat' dir='ltr'><strong>parvis,</strong></span> <span class='ocrx_word' id='word_1_504' title='bbox 1665 405 1711 431; x_wconf 86' lang='lat' dir='ltr'><strong>sed</strong></span> 
     </span>
    </p>
   </div>
   <div class='ocr_carea' id='block_1_69' title="bbox 926 446 1712 481">
    <p class='ocr_par' dir='ltr' id='par_1_69' title="bbox 926 446 1712 481">
     <span class='ocr_line' id='line_1_69' title="bbox 926 446 1712 481; baseline 0.004 -7"><span class='ocrx_word' id='word_1_505' title='bbox 926 447 1234 481; x_wconf 81' lang='lat' dir='ltr'><strong>cliarisetsumptuosis.</strong></span> <span class='ocrx_word' id='word_1_506' title='bbox 1250 446 1386 480; x_wconf 85' lang='lat' dir='ltr'><strong>Quantum</strong></span> <span class='ocrx_word' id='word_1_507' title='bbox 1401 449 1469 476; x_wconf 85' lang='lat' dir='ltr'><strong>coelo</strong></span> <span class='ocrx_word' id='word_1_508' title='bbox 1483 450 1620 477; x_wconf 83' lang='lat' dir='ltr'><strong>antecellit</strong></span> <span class='ocrx_word' id='word_1_509' title='bbox 1636 458 1712 477; x_wconf 85' lang='lat' dir='ltr'><strong>mens</strong></span> 
     </span>
    </p>
   </div>
   <div class='ocr_carea' id='block_1_70' title="bbox 927 493 1713 529">
    <p class='ocr_par' dir='ltr' id='par_1_70' title="bbox 927 493 1713 529">
     <span class='ocr_line' id='line_1_70' title="bbox 927 493 1713 529; baseline 0.005 -10"><span class='ocrx_word' id='word_1_510' title='bbox 927 493 1046 520; x_wconf 85' lang='lat' dir='ltr'><strong>humana</strong></span> <span class='ocrx_word' id='word_1_511' title='bbox 1063 501 1124 528; x_wconf 70' lang='lat' dir='ltr'><strong>qua:</strong></span> <span class='ocrx_word' id='word_1_512' title='bbox 1141 497 1181 521; x_wconf 88' lang='lat' dir='ltr'><strong>est</strong></span> <span class='ocrx_word' id='word_1_513' title='bbox 1198 494 1286 528; x_wconf 79' lang='lat' dir='ltr'><strong>imago</strong></span> <span class='ocrx_word' id='word_1_514' title='bbox 1300 493 1356 526; x_wconf 87' lang='lat' dir='ltr'><strong>Dei,</strong></span> <span class='ocrx_word' id='word_1_515' title='bbox 1375 495 1515 529; x_wconf 77' lang='lat' dir='ltr'><strong>Deumque</strong></span> <span class='ocrx_word' id='word_1_516' title='bbox 1530 496 1628 529; x_wconf 82' lang='lat' dir='ltr'><strong>noscit,</strong></span> <span class='ocrx_word' id='word_1_517' title='bbox 1649 500 1675 523; x_wconf 88' lang='lat' dir='ltr'><strong>ct</strong></span> <span class='ocrx_word' id='word_1_518' title='bbox 1690 497 1713 523; x_wconf 89' lang='lat' dir='ltr'><strong>si</strong></span> 
     </span>
    </p>
   </div>
   <div class='ocr_carea' id='block_1_71' title="bbox 929 540 1714 576">
    <p class='ocr_par' dir='ltr' id='par_1_71' title="bbox 929 540 1714 576">
     <span class='ocr_line' id='line_1_71' title="bbox 929 540 1714 576; baseline 0.004 -11"><span class='ocrx_word' id='word_1_519' title='bbox 929 540 1005 572; x_wconf 84' lang='lat' dir='ltr'><strong>velis,</strong></span> <span class='ocrx_word' id='word_1_520' title='bbox 1022 540 1096 567; x_wconf 88' lang='lat' dir='ltr'><strong>solus</strong></span> <span class='ocrx_word' id='word_1_521' title='bbox 1112 540 1280 567; x_wconf 79' lang='lat' dir='ltr'><strong>terrestrium</strong></span> <span class='ocrx_word' id='word_1_522' title='bbox 1299 540 1380 574; x_wconf 82' lang='lat' dir='ltr'><strong>Deus,</strong></span> <span class='ocrx_word' id='word_1_523' title='bbox 1399 541 1596 568; x_wconf 77' lang='lat' dir='ltr'><strong>circumferens</strong></span> <span class='ocrx_word' id='word_1_524' title='bbox 1613 549 1714 576; x_wconf 85' lang='lat' dir='ltr'><strong>corpus</strong></span> 
     </span>
    </p>
   </div>
   <div class='ocr_carea' id='block_1_72' title="bbox 928 585 1714 623">
    <p class='ocr_par' dir='ltr' id='par_1_72' title="bbox 928 585 1714 623">
     <span class='ocr_line' id='line_1_72' title="bbox 928 585 1714 623; baseline 0.005 -11"><span class='ocrx_word' id='word_1_525' title='bbox 928 586 1108 623; x_wconf 79' lang='lat' dir='ltr'><strong>humilitatis?</strong></span> <span class='ocrx_word' id='word_1_526' title='bbox 1128 585 1266 619; x_wconf 84' lang='lat' dir='ltr'><strong>Quantum</strong></span> <span class='ocrx_word' id='word_1_527' title='bbox 1296 594 1394 615; x_wconf 83' lang='lat' dir='ltr'><strong>sensus</strong></span> <span class='ocrx_word' id='word_1_528' title='bbox 1423 589 1561 616; x_wconf 87' lang='lat' dir='ltr'><strong>humanus</strong></span> <span class='ocrx_word' id='word_1_529' title='bbox 1585 588 1675 615; x_wconf 75' lang='lat' dir='ltr'><strong>differt</strong></span> <span class='ocrx_word' id='word_1_530' title='bbox 1699 597 1714 616; x_wconf 84' lang='lat' dir='ltr'><strong>a</strong></span> 
     </span>
    </p>
   </div>
   <div class='ocr_carea' id='block_1_73' title="bbox 928 631 1715 666">
    <p class='ocr_par' dir='ltr' id='par_1_73' title="bbox 928 631 1715 666">
     <span class='ocr_line' id='line_1_73' title="bbox 928 631 1715 666; baseline 0.005 -8"><span class='ocrx_word' id='word_1_531' title='bbox 928 636 1002 659; x_wconf 88' lang='lat' dir='ltr'><strong>terra</strong></span> <span class='ocrx_word' id='word_1_532' title='bbox 1017 631 1064 666; x_wconf 92' lang='lat' dir='ltr'><strong>qui</strong></span> <span class='ocrx_word' id='word_1_533' title='bbox 1075 640 1124 659; x_wconf 77' lang='lat' dir='ltr'><strong>nec</strong></span> <span class='ocrx_word' id='word_1_534' title='bbox 1141 637 1246 659; x_wconf 82' lang='lat' dir='ltr'><strong>tantum</strong></span> <span class='ocrx_word' id='word_1_535' title='bbox 1267 633 1375 661; x_wconf 85' lang='lat' dir='ltr'><strong>telluris</strong></span> <span class='ocrx_word' id='word_1_536' title='bbox 1392 642 1535 662; x_wconf 84' lang='lat' dir='ltr'><strong>mensuras</strong></span> <span class='ocrx_word' id='word_1_537' title='bbox 1549 639 1576 662; x_wconf 89' lang='lat' dir='ltr'><strong>et</strong></span> <span class='ocrx_word' id='word_1_538' title='bbox 1592 635 1715 662; x_wconf 73' lang='lat' dir='ltr'><strong>diversas</strong></span> 
     </span>
    </p>
   </div>
   <div class='ocr_carea' id='block_1_74' title="bbox 929 678 1715 715">
    <p class='ocr_par' dir='ltr' id='par_1_74' title="bbox 929 678 1715 715">
     <span class='ocr_line' id='line_1_74' title="bbox 929 678 1715 715; baseline 0.005 -11"><span class='ocrx_word' id='word_1_539' title='bbox 929 678 1045 712; x_wconf 83' lang='lat' dir='ltr'><strong>percipit</strong></span> <span class='ocrx_word' id='word_1_540' title='bbox 1059 685 1167 712; x_wconf 79' lang='lat' dir='ltr'><strong>operas,</strong></span> <span class='ocrx_word' id='word_1_541' title='bbox 1186 679 1232 705; x_wconf 84' lang='lat' dir='ltr'><strong>sed</strong></span> <span class='ocrx_word' id='word_1_542' title='bbox 1249 683 1276 706; x_wconf 87' lang='lat' dir='ltr'><strong>et</strong></span> <span class='ocrx_word' id='word_1_543' title='bbox 1298 679 1424 707; x_wconf 59' lang='lat' dir='ltr'><strong>caelestes</strong></span> <span class='ocrx_word' id='word_1_544' title='bbox 1441 681 1549 715; x_wconf 78' lang='lat' dir='ltr'><strong>attingit</strong></span> <span class='ocrx_word' id='word_1_545' title='bbox 1574 681 1665 712; x_wconf 84' lang='lat' dir='ltr'><strong>orbes,</strong></span> <span class='ocrx_word' id='word_1_546' title='bbox 1687 687 1715 708; x_wconf 88' lang='lat' dir='ltr'><strong>et</strong></span> 
     </span>
    </p>
   </div>
   <div class='ocr_carea' id='block_1_75' title="bbox 930 724 1715 762">
    <p class='ocr_par' dir='ltr' id='par_1_75' title="bbox 930 724 1715 762">
     <span class='ocr_line' id='line_1_75' title="bbox 930 724 1715 762; baseline 0.003 -10"><span class='ocrx_word' id='word_1_547' title='bbox 930 724 1020 752; x_wconf 85' lang='lat' dir='ltr'><strong>varios</strong></span> <span class='ocrx_word' id='word_1_548' title='bbox 1045 724 1280 759; x_wconf 72' lang='lat' dir='ltr'><strong>multiformeSque</strong></span> <span class='ocrx_word' id='word_1_549' title='bbox 1298 733 1392 752; x_wconf 80' lang='lat' dir='ltr'><strong>eorum</strong></span> <span class='ocrx_word' id='word_1_550' title='bbox 1408 731 1499 753; x_wconf 87' lang='lat' dir='ltr'><strong>motus</strong></span> <span class='ocrx_word' id='word_1_551' title='bbox 1523 727 1715 762; x_wconf 85' lang='lat' dir='ltr'><strong>apprehendit,</strong></span> 
     </span>
    </p>
   </div>
   <div class='ocr_carea' id='block_1_76' title="bbox 929 771 1716 808">
    <p class='ocr_par' dir='ltr' id='par_1_76' title="bbox 929 771 1716 808">
     <span class='ocr_line' id='line_1_76' title="bbox 929 771 1716 808; baseline 0.005 -11"><span class='ocrx_word' id='word_1_552' title='bbox 929 778 1035 798; x_wconf 88' lang='lat' dir='ltr'><strong>necnon</strong></span> <span class='ocrx_word' id='word_1_553' title='bbox 1065 771 1211 797; x_wconf 85' lang='lat' dir='ltr'><strong>multorum</strong></span> <span class='ocrx_word' id='word_1_554' title='bbox 1239 771 1340 799; x_wconf 84' lang='lat' dir='ltr'><strong>indicia</strong></span> <span class='ocrx_word' id='word_1_555' title='bbox 1369 780 1495 805; x_wconf 78' lang='lat' dir='ltr'><strong>casuum,</strong></span> <span class='ocrx_word' id='word_1_556' title='bbox 1510 774 1716 808; x_wconf 82' lang='lat' dir='ltr'><strong>conjunctiones</strong></span> 
     </span>
    </p>
   </div>
   <div class='ocr_carea' id='block_1_77' title="bbox 931 816 1717 852">
    <p class='ocr_par' dir='ltr' id='par_1_77' title="bbox 931 816 1717 852">
     <span class='ocr_line' id='line_1_77' title="bbox 931 816 1717 852; baseline 0.005 -9"><span class='ocrx_word' id='word_1_557' title='bbox 931 816 1072 843; x_wconf 82' lang='lat' dir='ltr'><strong>stellarum</strong></span> <span class='ocrx_word' id='word_1_558' title='bbox 1091 821 1117 843; x_wconf 83' lang='lat' dir='ltr'><strong>ct</strong></span> <span class='ocrx_word' id='word_1_559' title='bbox 1136 817 1255 844; x_wconf 89' lang='lat' dir='ltr'><strong>siderum</strong></span> <span class='ocrx_word' id='word_1_560' title='bbox 1279 825 1429 852; x_wconf 60' lang='lat' dir='ltr'><strong>eorumque</strong></span> <span class='ocrx_word' id='word_1_561' title='bbox 1451 818 1621 851; x_wconf 86' lang='lat' dir='ltr'><strong>discrimina,</strong></span> <span class='ocrx_word' id='word_1_562' title='bbox 1646 819 1717 847; x_wconf 90' lang='lat' dir='ltr'><strong>unde</strong></span> 
     </span>
    </p>
   </div>
   <div class='ocr_carea' id='block_1_78' title="bbox 932 862 1719 899">
    <p class='ocr_par' dir='ltr' id='par_1_78' title="bbox 932 862 1719 899">
     <span class='ocr_line' id='line_1_78' title="bbox 932 862 1719 899; baseline 0.004 -9"><span class='ocrx_word' id='word_1_563' title='bbox 932 862 1127 890; x_wconf 82' lang='lat' dir='ltr'><strong>intellectuales</strong></span> <span class='ocrx_word' id='word_1_564' title='bbox 1149 863 1291 891; x_wconf 88' lang='lat' dir='ltr'><strong>doctorum</strong></span> <span class='ocrx_word' id='word_1_565' title='bbox 1324 865 1532 899; x_wconf 76' lang='lat' dir='ltr'><strong>supputationes</strong></span> <span class='ocrx_word' id='word_1_566' title='bbox 1558 871 1719 893; x_wconf 82' lang='lat' dir='ltr'><strong>mutuantur</strong></span> 
     </span>
    </p>
   </div>
   <div class='ocr_carea' id='block_1_79' title="bbox 932 910 1717 946">
    <p class='ocr_par' dir='ltr' id='par_1_79' title="bbox 932 910 1717 946">
     <span class='ocr_line' id='line_1_79' title="bbox 932 910 1717 946; baseline 0.006 -10"><span class='ocrx_word' id='word_1_567' title='bbox 932 910 1083 945; x_wconf 77' lang='lat' dir='ltr'><strong>originem:</strong></span> <span class='ocrx_word' id='word_1_568' title='bbox 1099 911 1254 946; x_wconf 83' lang='lat' dir='ltr'><strong>pariterque</strong></span> <span class='ocrx_word' id='word_1_569' title='bbox 1270 911 1357 938; x_wconf 87' lang='lat' dir='ltr'><strong>media</strong></span> <span class='ocrx_word' id='word_1_570' title='bbox 1371 911 1440 938; x_wconf 88' lang='lat' dir='ltr'><strong>inter</strong></span> <span class='ocrx_word' id='word_1_571' title='bbox 1454 913 1551 939; x_wconf 76' lang='lat' dir='ltr'><strong>cmlum</strong></span> <span class='ocrx_word' id='word_1_572' title='bbox 1573 918 1599 940; x_wconf 84' lang='lat' dir='ltr'><strong>et</strong></span> <span class='ocrx_word' id='word_1_573' title='bbox 1615 919 1717 941; x_wconf 84' lang='lat' dir='ltr'><strong>terram</strong></span> 
     </span>
    </p>
   </div>
   <div class='ocr_carea' id='block_1_80' title="bbox 932 956 1719 994">
    <p class='ocr_par' dir='ltr' id='par_1_80' title="bbox 932 956 1719 994">
     <span class='ocr_line' id='line_1_80' title="bbox 932 956 1719 994; baseline 0.005 -10"><span class='ocrx_word' id='word_1_574' title='bbox 932 956 1047 984; x_wconf 85' lang='lat' dir='ltr'><strong>minoris</strong></span> <span class='ocrx_word' id='word_1_575' title='bbox 1063 962 1128 985; x_wconf 83' lang='lat' dir='ltr'><strong>sunt</strong></span> <span class='ocrx_word' id='word_1_576' title='bbox 1145 958 1336 985; x_wconf 59' lang='lat' dir='ltr'><strong>aestimationis</strong></span> <span class='ocrx_word' id='word_1_577' title='bbox 1351 966 1384 985; x_wconf 87' lang='lat' dir='ltr'><strong>ac</strong></span> <span class='ocrx_word' id='word_1_578' title='bbox 1397 966 1429 986; x_wconf 87' lang='lat' dir='ltr'><strong>ea</strong></span> <span class='ocrx_word' id='word_1_579' title='bbox 1441 967 1500 994; x_wconf 72' lang='lat' dir='ltr'><strong>qua:</strong></span> <span class='ocrx_word' id='word_1_580' title='bbox 1517 965 1580 986; x_wconf 87' lang='lat' dir='ltr'><strong>sunt</strong></span> <span class='ocrx_word' id='word_1_581' title='bbox 1592 960 1617 986; x_wconf 93' lang='lat' dir='ltr'><strong>in</strong></span> <span class='ocrx_word' id='word_1_582' title='bbox 1633 960 1719 988; x_wconf 86' lang='lat' dir='ltr'><strong>limite</strong></span> 
     </span>
    </p>
   </div>
   <div class='ocr_carea' id='block_1_81' title="bbox 933 1004 1720 1035">
    <p class='ocr_par' dir='ltr' id='par_1_81' title="bbox 933 1004 1720 1035">
     <span class='ocr_line' id='line_1_81' title="bbox 933 1004 1720 1035; baseline 0.008 -6"><span class='ocrx_word' id='word_1_583' title='bbox 933 1010 1029 1030; x_wconf 82' lang='lat' dir='ltr'><strong>sensus</strong></span> <span class='ocrx_word' id='word_1_584' title='bbox 1045 1007 1071 1029; x_wconf 82' lang='lat' dir='ltr'><strong>et</strong></span> <span class='ocrx_word' id='word_1_585' title='bbox 1085 1004 1183 1031; x_wconf 83' lang='lat' dir='ltr'><strong>mentis</strong></span> <span class='ocrx_word' id='word_1_586' title='bbox 1203 1012 1263 1031; x_wconf 85' lang='lat' dir='ltr'><strong>cum</strong></span> <span class='ocrx_word' id='word_1_587' title='bbox 1279 1006 1334 1032; x_wconf 89' lang='lat' dir='ltr'><strong>sint</strong></span> <span class='ocrx_word' id='word_1_588' title='bbox 1357 1006 1408 1032; x_wconf 87' lang='lat' dir='ltr'><strong>sub</strong></span> <span class='ocrx_word' id='word_1_589' title='bbox 1425 1007 1519 1033; x_wconf 87' lang='lat' dir='ltr'><strong>eadem</strong></span> <span class='ocrx_word' id='word_1_590' title='bbox 1539 1008 1643 1035; x_wconf 83' lang='lat' dir='ltr'><strong>ratione</strong></span> <span class='ocrx_word' id='word_1_591' title='bbox 1654 1015 1720 1035; x_wconf 87' lang='lat' dir='ltr'><strong>con-</strong></span> 
     </span>
    </p>
   </div>
   <div class='ocr_carea' id='block_1_82' title="bbox 933 1049 1718 1085">
    <p class='ocr_par' dir='ltr' id='par_1_82' title="bbox 933 1049 1718 1085">
     <span class='ocr_line' id='line_1_82' title="bbox 933 1049 1718 1085; baseline 0.011 -11"><span class='ocrx_word' id='word_1_592' title='bbox 933 1049 1062 1083; x_wconf 70' lang='lat' dir='ltr'><strong>gruentia:</strong></span> <span class='ocrx_word' id='word_1_593' title='bbox 1085 1056 1117 1076; x_wconf 82' lang='lat' dir='ltr'><strong>ac</strong></span> <span class='ocrx_word' id='word_1_594' title='bbox 1134 1057 1247 1084; x_wconf 85' lang='lat' dir='ltr'><strong>corpora</strong></span> <span class='ocrx_word' id='word_1_595' title='bbox 1275 1051 1373 1085; x_wconf 88' lang='lat' dir='ltr'><strong>quibus</strong></span> <span class='ocrx_word' id='word_1_596' title='bbox 1398 1052 1546 1080; x_wconf 83' lang='lat' dir='ltr'><strong>intersunt.</strong></span> <span class='ocrx_word' id='word_1_597' title='bbox 1572 1054 1616 1082; x_wconf 87' lang='lat' dir='ltr'><strong>Sic</strong></span> <span class='ocrx_word' id='word_1_598' title='bbox 1645 1057 1718 1083; x_wconf 87' lang='lat' dir='ltr'><strong>enim</strong></span> 
     </span>
    </p>
   </div>
   <div class='ocr_carea' id='block_1_83' title="bbox 933 1094 1717 1134">
    <p class='ocr_par' dir='ltr' id='par_1_83' title="bbox 933 1094 1717 1134">
     <span class='ocr_line' id='line_1_83' title="bbox 933 1094 1717 1134; baseline 0.009 -12"><span class='ocrx_word' id='word_1_599' title='bbox 933 1094 1004 1122; x_wconf 90' lang='lat' dir='ltr'><strong>Deus</strong></span> <span class='ocrx_word' id='word_1_600' title='bbox 1027 1099 1148 1122; x_wconf 85' lang='lat' dir='ltr'><strong>nostram</strong></span> <span class='ocrx_word' id='word_1_601' title='bbox 1180 1097 1323 1124; x_wconf 79' lang='lat' dir='ltr'><strong>exornavit</strong></span> <span class='ocrx_word' id='word_1_602' title='bbox 1342 1101 1466 1125; x_wconf 87' lang='lat' dir='ltr'><strong>naturam</strong></span> <span class='ocrx_word' id='word_1_603' title='bbox 1493 1100 1570 1134; x_wconf 89' lang='lat' dir='ltr'><strong>quasi</strong></span> <span class='ocrx_word' id='word_1_604' title='bbox 1595 1101 1717 1129; x_wconf 88' lang='lat' dir='ltr'><strong>futurum</strong></span> 
     </span>
    </p>
   </div>
   <div class='ocr_carea' id='block_1_84' title="bbox 932 1141 1718 1179">
    <p class='ocr_par' dir='ltr' id='par_1_84' title="bbox 932 1141 1718 1179">
     <span class='ocr_line' id='line_1_84' title="bbox 932 1141 1718 1179; baseline 0.006 -11"><span class='ocrx_word' id='word_1_605' title='bbox 932 1141 992 1174; x_wconf 88' lang='lat' dir='ltr'><strong>ejus</strong></span> <span class='ocrx_word' id='word_1_606' title='bbox 1008 1141 1197 1168; x_wconf 88' lang='lat' dir='ltr'><strong>indumentum</strong></span> <span class='ocrx_word' id='word_1_607' title='bbox 1214 1149 1294 1176; x_wconf 89' lang='lat' dir='ltr'><strong>quam</strong></span> <span class='ocrx_word' id='word_1_608' title='bbox 1318 1151 1351 1170; x_wconf 79' lang='lat' dir='ltr'><strong>ex</strong></span> <span class='ocrx_word' id='word_1_609' title='bbox 1371 1143 1494 1178; x_wconf 78' lang='lat' dir='ltr'><strong>virginztii</strong></span> <span class='ocrx_word' id='word_1_610' title='bbox 1521 1146 1653 1179; x_wconf 79' lang='lat' dir='ltr'><strong>sanguine</strong></span> <span class='ocrx_word' id='word_1_611' title='bbox 1669 1148 1718 1173; x_wconf 73' lang='lat' dir='ltr'><strong>dc-</strong></span> 
     </span>
    </p>
   </div>
   <div class='ocr_carea' id='block_1_85' title="bbox 932 1185 1718 1224">
    <p class='ocr_par' dir='ltr' id='par_1_85' title="bbox 932 1185 1718 1224">
     <span class='ocr_line' id='line_1_85' title="bbox 932 1185 1718 1224; baseline 0.006 -12"><span class='ocrx_word' id='word_1_612' title='bbox 932 1185 1015 1212; x_wconf 79' lang='lat' dir='ltr'><strong>bebal</strong></span> <span class='ocrx_word' id='word_1_613' title='bbox 1030 1186 1143 1213; x_wconf 83' lang='lat' dir='ltr'><strong>induere</strong></span> <span class='ocrx_word' id='word_1_614' title='bbox 1162 1190 1189 1213; x_wconf 86' lang='lat' dir='ltr'><strong>et</strong></span> <span class='ocrx_word' id='word_1_615' title='bbox 1206 1186 1231 1213; x_wconf 95' lang='lat' dir='ltr'><strong>in</strong></span> <span class='ocrx_word' id='word_1_616' title='bbox 1252 1187 1348 1214; x_wconf 83' lang='lat' dir='ltr'><strong>melius</strong></span> <span class='ocrx_word' id='word_1_617' title='bbox 1362 1192 1542 1222; x_wconf 77' lang='lat' dir='ltr'><strong>commutare,</strong></span> <span class='ocrx_word' id='word_1_618' title='bbox 1561 1194 1588 1217; x_wconf 83' lang='lat' dir='ltr'><strong>et</strong></span> <span class='ocrx_word' id='word_1_619' title='bbox 1600 1198 1718 1224; x_wconf 87' lang='lat' dir='ltr'><strong>superne</strong></span> 
     </span>
    </p>
   </div>
   <div class='ocr_carea' id='block_1_86' title="bbox 931 1231 1716 1269">
    <p class='ocr_par' dir='ltr' id='par_1_86' title="bbox 931 1231 1716 1269">
     <span class='ocr_line' id='line_1_86' title="bbox 931 1231 1716 1269; baseline 0.008 -12"><span class='ocrx_word' id='word_1_620' title='bbox 931 1231 1066 1258; x_wconf 84' lang='lat' dir='ltr'><strong>collocare</strong></span> <span class='ocrx_word' id='word_1_621' title='bbox 1079 1239 1161 1266; x_wconf 82' lang='lat' dir='ltr'><strong>super</strong></span> <span class='ocrx_word' id='word_1_622' title='bbox 1178 1239 1287 1259; x_wconf 90' lang='lat' dir='ltr'><strong>omnem</strong></span> <span class='ocrx_word' id='word_1_623' title='bbox 1307 1233 1488 1267; x_wconf 84' lang='lat' dir='ltr'><strong>principatum</strong></span> <span class='ocrx_word' id='word_1_624' title='bbox 1506 1239 1533 1261; x_wconf 89' lang='lat' dir='ltr'><strong>et</strong></span> <span class='ocrx_word' id='word_1_625' title='bbox 1553 1240 1716 1269; x_wconf 77' lang='lat' dir='ltr'><strong>potestatem</strong></span> 
     </span>
    </p>
   </div>
   <div class='ocr_carea' id='block_1_87' title="bbox 931 1278 1717 1314">
    <p class='ocr_par' dir='ltr' id='par_1_87' title="bbox 931 1278 1717 1314">
     <span class='ocr_line' id='line_1_87' title="bbox 931 1278 1717 1314; baseline 0.009 -11"><span class='ocrx_word' id='word_1_626' title='bbox 931 1281 958 1304; x_wconf 68' lang='lat' dir='ltr'><strong>et</strong></span> <span class='ocrx_word' id='word_1_627' title='bbox 973 1284 1052 1304; x_wconf 91' lang='lat' dir='ltr'><strong>omne</strong></span> <span class='ocrx_word' id='word_1_628' title='bbox 1068 1284 1165 1304; x_wconf 81' lang='lat' dir='ltr'><strong>nomen</strong></span> <span class='ocrx_word' id='word_1_629' title='bbox 1181 1278 1348 1305; x_wconf 88' lang='lat' dir='ltr'><strong>nominatum</strong></span> <span class='ocrx_word' id='word_1_630' title='bbox 1362 1280 1419 1306; x_wconf 85' lang='lat' dir='ltr'><strong>sive</strong></span> <span class='ocrx_word' id='word_1_631' title='bbox 1436 1279 1461 1306; x_wconf 91' lang='lat' dir='ltr'><strong>in</strong></span> <span class='ocrx_word' id='word_1_632' title='bbox 1477 1282 1604 1314; x_wconf 58' lang='lat' dir='ltr'><strong>praesenti</strong></span> <span class='ocrx_word' id='word_1_633' title='bbox 1618 1283 1717 1310; x_wconf 69' lang='lat' dir='ltr'><strong>sateulo</strong></span> 
     </span>
    </p>
   </div>
   <div class='ocr_carea' id='block_1_88' title="bbox 932 1321 1718 1360">
    <p class='ocr_par' dir='ltr' id='par_1_88' title="bbox 932 1321 1718 1360">
     <span class='ocr_line' id='line_1_88' title="bbox 932 1321 1718 1360; baseline 0.009 -12"><span class='ocrx_word' id='word_1_634' title='bbox 932 1322 990 1348; x_wconf 73' lang='lat' dir='ltr'><strong>sive</strong></span> <span class='ocrx_word' id='word_1_635' title='bbox 1008 1321 1033 1347; x_wconf 90' lang='lat' dir='ltr'><strong>in</strong></span> <span class='ocrx_word' id='word_1_636' title='bbox 1054 1321 1157 1349; x_wconf 87' lang='lat' dir='ltr'><strong>futuro.</strong></span> <span class='ocrx_word' id='word_1_637' title='bbox 1178 1322 1255 1355; x_wconf 86' lang='lat' dir='ltr'><strong>Quod</strong></span> <span class='ocrx_word' id='word_1_638' title='bbox 1273 1325 1420 1359; x_wconf 66' lang='lat' dir='ltr'><strong>prmsciens</strong></span> <span class='ocrx_word' id='word_1_639' title='bbox 1436 1330 1464 1352; x_wconf 88' lang='lat' dir='ltr'><strong>et</strong></span> <span class='ocrx_word' id='word_1_640' title='bbox 1483 1327 1628 1360; x_wconf 89' lang='lat' dir='ltr'><strong>providens</strong></span> <span class='ocrx_word' id='word_1_641' title='bbox 1646 1328 1718 1356; x_wconf 82' lang='lat' dir='ltr'><strong>Deus</strong></span> 
     </span>
    </p>
   </div>
   <div class='ocr_carea' id='block_1_89' title="bbox 931 1368 1718 1403">
    <p class='ocr_par' dir='ltr' id='par_1_89' title="bbox 931 1368 1718 1403">
     <span class='ocr_line' id='line_1_89' title="bbox 931 1368 1718 1403; baseline 0.011 -9"><span class='ocrx_word' id='word_1_642' title='bbox 931 1368 1067 1402; x_wconf 81' lang='lat' dir='ltr'><strong>sapienter</strong></span> <span class='ocrx_word' id='word_1_643' title='bbox 1090 1369 1170 1396; x_wconf 86' lang='lat' dir='ltr'><strong>simul</strong></span> <span class='ocrx_word' id='word_1_644' title='bbox 1190 1373 1217 1396; x_wconf 90' lang='lat' dir='ltr'><strong>et</strong></span> <span class='ocrx_word' id='word_1_645' title='bbox 1239 1370 1394 1398; x_wconf 87' lang='lat' dir='ltr'><strong>humaniter</strong></span> <span class='ocrx_word' id='word_1_646' title='bbox 1416 1372 1452 1399; x_wconf 86' lang='lat' dir='ltr'><strong>ita</strong></span> <span class='ocrx_word' id='word_1_647' title='bbox 1473 1380 1532 1400; x_wconf 87' lang='lat' dir='ltr'><strong>eam</strong></span> <span class='ocrx_word' id='word_1_648' title='bbox 1558 1375 1651 1402; x_wconf 90' lang='lat' dir='ltr'><strong>multis</strong></span> <span class='ocrx_word' id='word_1_649' title='bbox 1669 1383 1718 1403; x_wconf 72' lang='lat' dir='ltr'><strong>seu</strong></span> 
     </span>
    </p>
   </div>
   <div class='ocr_carea' id='block_1_90' title="bbox 932 1414 1718 1456">
    <p class='ocr_par' dir='ltr' id='par_1_90' title="bbox 932 1414 1718 1456">
     <span class='ocr_line' id='line_1_90' title="bbox 932 1414 1718 1456; baseline 0.01 -15"><span class='ocrx_word' id='word_1_650' title='bbox 932 1414 1021 1448; x_wconf 79' lang='lat' dir='ltr'><strong>potius</strong></span> <span class='ocrx_word' id='word_1_651' title='bbox 1050 1414 1263 1443; x_wconf 76' lang='lat' dir='ltr'><strong>multiformibus</strong></span> <span class='ocrx_word' id='word_1_652' title='bbox 1276 1417 1415 1444; x_wconf 78' lang='lat' dir='ltr'><strong>decuravit</strong></span> <span class='ocrx_word' id='word_1_653' title='bbox 1431 1418 1579 1447; x_wconf 80' lang='lat' dir='ltr'><strong>beneficiis.</strong></span> <span class='ocrx_word' id='word_1_654' title='bbox 1590 1421 1718 1456; x_wconf 77' lang='lat' dir='ltr'><strong>Propter—</strong></span> 
     </span>
    </p>
   </div>
   <div class='ocr_carea' id='block_1_91' title="bbox 931 1459 1719 1498">
    <p class='ocr_par' dir='ltr' id='par_1_91' title="bbox 931 1459 1719 1498">
     <span class='ocr_line' id='line_1_91' title="bbox 931 1459 1719 1498; baseline 0.011 -13"><span class='ocrx_word' id='word_1_655' title='bbox 931 1465 962 1485; x_wconf 85' lang='lat' dir='ltr'><strong>ea</strong></span> <span class='ocrx_word' id='word_1_656' title='bbox 987 1459 1068 1486; x_wconf 85' lang='lat' dir='ltr'><strong>etiam</strong></span> <span class='ocrx_word' id='word_1_657' title='bbox 1094 1459 1216 1494; x_wconf 75' lang='lat' dir='ltr'><strong>duplices</strong></span> <span class='ocrx_word' id='word_1_658' title='bbox 1230 1468 1276 1487; x_wconf 90' lang='lat' dir='ltr'><strong>seu</strong></span> <span class='ocrx_word' id='word_1_659' title='bbox 1288 1462 1376 1495; x_wconf 90' lang='lat' dir='ltr'><strong>potius</strong></span> <span class='ocrx_word' id='word_1_660' title='bbox 1395 1463 1559 1498; x_wconf 84' lang='lat' dir='ltr'><strong>multiplices</strong></span> <span class='ocrx_word' id='word_1_661' title='bbox 1579 1466 1657 1494; x_wconf 89' lang='lat' dir='ltr'><strong>nobis</strong></span> <span class='ocrx_word' id='word_1_662' title='bbox 1671 1468 1719 1494; x_wconf 89' lang='lat' dir='ltr'><strong>de-</strong></span> 
     </span>
    </p>
   </div>
   <div class='ocr_carea' id='block_1_92' title="bbox 894 1504 1718 1542">
    <p class='ocr_par' dir='ltr' id='par_1_92' title="bbox 894 1504 1718 1542">
     <span class='ocr_line' id='line_1_92' title="bbox 894 1504 1718 1542; baseline 0.013 -13"><span class='ocrx_word' id='word_1_663' title='bbox 894 1513 915 1542; x_wconf 77' lang='lat' dir='ltr'>c</span> <span class='ocrx_word' id='word_1_664' title='bbox 931 1504 971 1531; x_wconf 84' lang='lat' dir='ltr'><strong>dit</strong></span> <span class='ocrx_word' id='word_1_665' title='bbox 994 1505 1175 1540; x_wconf 82' lang='lat' dir='ltr'><strong>cognoscendi</strong></span> <span class='ocrx_word' id='word_1_666' title='bbox 1201 1505 1365 1541; x_wconf 77' lang='lat' dir='ltr'><strong>facultates;</strong></span> <span class='ocrx_word' id='word_1_667' title='bbox 1396 1508 1526 1542; x_wconf 78' lang='lat' dir='ltr'><strong>mentem,</strong></span> <span class='ocrx_word' id='word_1_668' title='bbox 1556 1518 1665 1539; x_wconf 86' lang='lat' dir='ltr'><strong>sensum</strong></span> <span class='ocrx_word' id='word_1_669' title='bbox 1690 1519 1718 1540; x_wconf 78' lang='lat' dir='ltr'><strong>et</strong></span> 
     </span>
    </p>
   </div>
   <div class='ocr_carea' id='block_1_93' title="bbox 935 1550 1717 1594">
    <p class='ocr_par' dir='ltr' id='par_1_93' title="bbox 935 1550 1717 1594">
     <span class='ocr_line' id='line_1_93' title="bbox 935 1550 1717 1594; baseline 0.013 -18"><span class='ocrx_word' id='word_1_670' title='bbox 935 1550 1021 1577; x_wconf 86' lang='lat' dir='ltr'><strong>media</strong></span> <span class='ocrx_word' id='word_1_671' title='bbox 1047 1551 1117 1578; x_wconf 88' lang='lat' dir='ltr'><strong>inter</strong></span> <span class='ocrx_word' id='word_1_672' title='bbox 1137 1552 1195 1586; x_wconf 90' lang='lat' dir='ltr'><strong>ipsa</strong></span> <span class='ocrx_word' id='word_1_673' title='bbox 1217 1552 1343 1588; x_wconf 72' lang='lat' dir='ltr'><strong>largitus,</strong></span> <span class='ocrx_word' id='word_1_674' title='bbox 1364 1555 1427 1582; x_wconf 91' lang='lat' dir='ltr'><strong>item</strong></span> <span class='ocrx_word' id='word_1_675' title='bbox 1447 1564 1640 1592; x_wconf 82' lang='lat' dir='ltr'><strong>quamcunque</strong></span> <span class='ocrx_word' id='word_1_676' title='bbox 1667 1567 1717 1594; x_wconf 90' lang='lat' dir='ltr'><strong>po-</strong></span> 
     </span>
    </p>
   </div>
   <div class='ocr_carea' id='block_1_94' title="bbox 933 1596 1719 1636">
    <p class='ocr_par' dir='ltr' id='par_1_94' title="bbox 933 1596 1719 1636">
     <span class='ocr_line' id='line_1_94' title="bbox 933 1596 1719 1636; baseline 0.015 -16"><span class='ocrx_word' id='word_1_677' title='bbox 933 1596 1077 1622; x_wconf 84' lang='lat' dir='ltr'><strong>tentiarum</strong></span> <span class='ocrx_word' id='word_1_678' title='bbox 1100 1597 1132 1624; x_wconf 88' lang='lat' dir='ltr'><strong>ad</strong></span> <span class='ocrx_word' id='word_1_679' title='bbox 1161 1598 1344 1632; x_wconf 75' lang='lat' dir='ltr'><strong>cognitionem</strong></span> <span class='ocrx_word' id='word_1_680' title='bbox 1370 1605 1397 1627; x_wconf 88' lang='lat' dir='ltr'><strong>et</strong></span> <span class='ocrx_word' id='word_1_681' title='bbox 1426 1603 1612 1636; x_wconf 81' lang='lat' dir='ltr'><strong>operationem</strong></span> <span class='ocrx_word' id='word_1_682' title='bbox 1639 1606 1719 1632; x_wconf 84' lang='lat' dir='ltr'><strong>nobis</strong></span> 
     </span>
    </p>
   </div>
   <div class='ocr_carea' id='block_1_95' title="bbox 932 1640 1634 1680">
    <p class='ocr_par' dir='ltr' id='par_1_95' title="bbox 932 1640 1634 1680">
     <span class='ocr_line' id='line_1_95' title="bbox 932 1640 1634 1680; baseline 0.014 -13"><span class='ocrx_word' id='word_1_683' title='bbox 932 1640 1084 1669; x_wconf 89' lang='lat' dir='ltr'><strong>infusarum</strong></span> <span class='ocrx_word' id='word_1_684' title='bbox 1104 1643 1238 1678; x_wconf 83' lang='lat' dir='ltr'><strong>duplicem</strong></span> <span class='ocrx_word' id='word_1_685' title='bbox 1257 1645 1468 1680; x_wconf 85' lang='lat' dir='ltr'><strong>multiplicemve</strong></span> <span class='ocrx_word' id='word_1_686' title='bbox 1483 1650 1634 1677; x_wconf 76' lang='lat' dir='ltr'><strong>caustituit.</strong></span> 
     </span>
    </p>
   </div>
   <div class='ocr_carea' id='block_1_96' title="bbox 896 1689 1718 1726">
    <p class='ocr_par' dir='ltr' id='par_1_96' title="bbox 896 1689 1718 1726">
     <span class='ocr_line' id='line_1_96' title="bbox 896 1689 1718 1726; baseline 0.016 -14"><span class='ocrx_word' id='word_1_687' title='bbox 896 1689 1086 1723; x_wconf 84' lang='grc' dir='ltr'>προκειμένων</span> <span class='ocrx_word' id='word_1_688' title='bbox 1110 1690 1176 1724; x_wconf 78' lang='grc' dir='ltr'>ῆμῖν</span> <span class='ocrx_word' id='word_1_689' title='bbox 1189 1692 1301 1719; x_wconf 76' lang='grc' dir='ltr'>διπλοῦν</span> <span class='ocrx_word' id='word_1_690' title='bbox 1321 1702 1350 1719; x_wconf 88' lang='grc' dir='ltr'><strong>τε</strong></span> <span class='ocrx_word' id='word_1_691' title='bbox 1386 1694 1433 1720; x_wconf 75' lang='grc' dir='ltr'>καὶ</span> <span class='ocrx_word' id='word_1_692' title='bbox 1470 1690 1640 1724; x_wconf 48' lang='lat' dir='ltr'><strong>«Examinat:</strong></span> <span class='ocrx_word' id='word_1_693' title='bbox 1667 1708 1718 1726; x_wconf 79' lang='grc' dir='ltr'>πε-</span> 
     </span>
    </p>
   </div>
   <div class='ocr_carea' id='block_1_97' title="bbox 966 1776 1717 1814">
    <p class='ocr_par' dir='ltr' id='par_1_97' title="bbox 966 1776 1717 1814">
     <span class='ocr_line' id='line_1_97' title="bbox 966 1776 1717 1814; baseline 0.016 -12"><span class='ocrx_word' id='word_1_694' title='bbox 966 1776 1036 1803; x_wconf 79' lang='lat' dir='ltr'><strong>Eece</strong></span> <span class='ocrx_word' id='word_1_695' title='bbox 1059 1776 1135 1804; x_wconf 85' lang='lat' dir='ltr'><strong>adest</strong></span> <span class='ocrx_word' id='word_1_696' title='bbox 1158 1782 1265 1811; x_wconf 87' lang='lat' dir='ltr'><strong>tempus</strong></span> <span class='ocrx_word' id='word_1_697' title='bbox 1288 1780 1396 1811; x_wconf 86' lang='lat' dir='ltr'><strong>messis,</strong></span> <span class='ocrx_word' id='word_1_698' title='bbox 1416 1785 1442 1808; x_wconf 90' lang='lat' dir='ltr'><strong>et</strong></span> <span class='ocrx_word' id='word_1_699' title='bbox 1460 1783 1557 1811; x_wconf 84' lang='lat' dir='ltr'><strong>messis</strong></span> <span class='ocrx_word' id='word_1_700' title='bbox 1583 1784 1609 1812; x_wconf 94' lang='lat' dir='ltr'><strong>in</strong></span> <span class='ocrx_word' id='word_1_701' title='bbox 1638 1787 1717 1814; x_wconf 88' lang='lat' dir='ltr'><strong>nobis</strong></span> 
     </span>
    </p>
   </div>
   <div class='ocr_carea' id='block_1_98' title="bbox 929 1822 1717 1865">
    <p class='ocr_par' dir='ltr' id='par_1_98' title="bbox 929 1822 1717 1865">
     <span class='ocr_line' id='line_1_98' title="bbox 929 1822 1717 1865; baseline 0.013 -16"><span class='ocrx_word' id='word_1_702' title='bbox 929 1822 1016 1850; x_wconf 79' lang='lat' dir='ltr'><strong>deest.</strong></span> <span class='ocrx_word' id='word_1_703' title='bbox 1032 1822 1090 1849; x_wconf 89' lang='lat' dir='ltr'><strong>Non</strong></span> <span class='ocrx_word' id='word_1_704' title='bbox 1105 1823 1176 1850; x_wconf 84' lang='lat' dir='ltr'><strong>enim</strong></span> <span class='ocrx_word' id='word_1_705' title='bbox 1190 1824 1326 1852; x_wconf 86' lang='lat' dir='ltr'><strong>sensibilis</strong></span> <span class='ocrx_word' id='word_1_706' title='bbox 1344 1830 1461 1860; x_wconf 86' lang='lat' dir='ltr'><strong>tantum,</strong></span> <span class='ocrx_word' id='word_1_707' title='bbox 1479 1829 1527 1855; x_wconf 85' lang='lat' dir='ltr'><strong>sed</strong></span> <span class='ocrx_word' id='word_1_708' title='bbox 1541 1835 1566 1856; x_wconf 90' lang='lat' dir='ltr'><strong>et</strong></span> <span class='ocrx_word' id='word_1_709' title='bbox 1584 1832 1717 1865; x_wconf 86' lang='lat' dir='ltr'><strong>spiritua-</strong></span> 
     </span>
    </p>
   </div>
   <div class='ocr_carea' id='block_1_99' title="bbox 929 1867 1718 1911">
    <p class='ocr_par' dir='ltr' id='par_1_99' title="bbox 929 1867 1718 1911">
     <span class='ocr_line' id='line_1_99' title="bbox 929 1867 1718 1911; baseline 0.016 -18"><span class='ocrx_word' id='word_1_710' title='bbox 929 1867 964 1896; x_wconf 88' lang='lat' dir='ltr'><strong>lis</strong></span> <span class='ocrx_word' id='word_1_711' title='bbox 981 1869 1252 1903; x_wconf 86' lang='lat' dir='ltr'><strong>mentalisqueuobis</strong></span> <span class='ocrx_word' id='word_1_712' title='bbox 1268 1875 1310 1898; x_wconf 87' lang='lat' dir='ltr'><strong>est</strong></span> <span class='ocrx_word' id='word_1_713' title='bbox 1329 1873 1435 1904; x_wconf 85' lang='lat' dir='ltr'><strong>messis,</strong></span> <span class='ocrx_word' id='word_1_714' title='bbox 1451 1879 1478 1901; x_wconf 89' lang='lat' dir='ltr'><strong>et</strong></span> <span class='ocrx_word' id='word_1_715' title='bbox 1494 1867 1638 1911; x_wconf 76' lang='lat' dir='ltr'><strong>utriusque</strong></span> <span class='ocrx_word' id='word_1_716' title='bbox 1649 1887 1718 1906; x_wconf 79' lang='lat' dir='ltr'><strong>mes-</strong></span> 
     </span>
    </p>
   </div>
   <div class='ocr_carea' id='block_1_100' title="bbox 930 1913 1718 1954">
    <p class='ocr_par' dir='ltr' id='par_1_100' title="bbox 930 1913 1718 1954">
     <span class='ocr_line' id='line_1_100' title="bbox 930 1913 1718 1954; baseline 0.013 -12"><span class='ocrx_word' id='word_1_717' title='bbox 930 1913 968 1942; x_wconf 82' lang='lat' dir='ltr'><strong>sis</strong></span> <span class='ocrx_word' id='word_1_718' title='bbox 988 1919 1094 1949; x_wconf 86' lang='lat' dir='ltr'><strong>tempus</strong></span> <span class='ocrx_word' id='word_1_719' title='bbox 1107 1916 1171 1942; x_wconf 88' lang='lat' dir='ltr'><strong>anni</strong></span> <span class='ocrx_word' id='word_1_720' title='bbox 1188 1917 1262 1944; x_wconf 86' lang='lat' dir='ltr'><strong>orbis</strong></span> <span class='ocrx_word' id='word_1_721' title='bbox 1288 1922 1372 1945; x_wconf 88' lang='lat' dir='ltr'><strong>totus.</strong></span> <span class='ocrx_word' id='word_1_722' title='bbox 1391 1918 1535 1954; x_wconf 73' lang='lat' dir='ltr'><strong>lgiturnos</strong></span> <span class='ocrx_word' id='word_1_723' title='bbox 1560 1923 1639 1950; x_wconf 89' lang='lat' dir='ltr'><strong>bodie</strong></span> <span class='ocrx_word' id='word_1_724' title='bbox 1655 1932 1718 1952; x_wconf 88' lang='lat' dir='ltr'><strong>eum</strong></span> 
     </span>
    </p>
   </div>
   <div class='ocr_carea' id='block_1_101' title="bbox 930 1960 1716 2004">
    <p class='ocr_par' dir='ltr' id='par_1_101' title="bbox 930 1960 1716 2004">
     <span class='ocr_line' id='line_1_101' title="bbox 930 1960 1716 2004; baseline 0.011 -17"><span class='ocrx_word' id='word_1_725' title='bbox 930 1961 1016 1988; x_wconf 88' lang='lat' dir='ltr'><strong>sacris</strong></span> <span class='ocrx_word' id='word_1_726' title='bbox 1034 1960 1140 1988; x_wconf 69' lang='lat' dir='ltr'><strong>aedibus</strong></span> <span class='ocrx_word' id='word_1_727' title='bbox 1158 1962 1333 1991; x_wconf 86' lang='lat' dir='ltr'><strong>continemur</strong></span> <span class='ocrx_word' id='word_1_728' title='bbox 1353 1969 1381 1991; x_wconf 87' lang='lat' dir='ltr'><strong>et</strong></span> <span class='ocrx_word' id='word_1_729' title='bbox 1414 1964 1468 1993; x_wconf 89' lang='lat' dir='ltr'><strong>Deo</strong></span> <span class='ocrx_word' id='word_1_730' title='bbox 1492 1972 1624 2002; x_wconf 81' lang='lat' dir='ltr'><strong>astamus,</strong></span> <span class='ocrx_word' id='word_1_731' title='bbox 1647 1978 1716 2004; x_wconf 92' lang='lat' dir='ltr'><strong>pau-</strong></span> 
     </span>
    </p>
   </div>
   <div class='ocr_carea' id='block_1_102' title="bbox 929 2006 1715 2046">
    <p class='ocr_par' dir='ltr' id='par_1_102' title="bbox 929 2006 1715 2046">
     <span class='ocr_line' id='line_1_102' title="bbox 929 2006 1715 2046; baseline 0.013 -14"><span class='ocrx_word' id='word_1_732' title='bbox 929 2006 1015 2033; x_wconf 90' lang='lat' dir='ltr'><strong>lulum</strong></span> <span class='ocrx_word' id='word_1_733' title='bbox 1038 2006 1102 2033; x_wconf 85' lang='lat' dir='ltr'><strong>inde</strong></span> <span class='ocrx_word' id='word_1_734' title='bbox 1123 2012 1240 2035; x_wconf 88' lang='lat' dir='ltr'><strong>mentem</strong></span> <span class='ocrx_word' id='word_1_735' title='bbox 1255 2010 1392 2045; x_wconf 76' lang='lat' dir='ltr'><strong>erigentes</strong></span> <span class='ocrx_word' id='word_1_736' title='bbox 1408 2019 1483 2046; x_wconf 84' lang='lat' dir='ltr'><strong>spem</strong></span> <span class='ocrx_word' id='word_1_737' title='bbox 1501 2014 1526 2039; x_wconf 92' lang='lat' dir='ltr'><strong>in</strong></span> <span class='ocrx_word' id='word_1_738' title='bbox 1543 2022 1575 2040; x_wconf 85' lang='lat' dir='ltr'><strong>eo</strong></span> <span class='ocrx_word' id='word_1_739' title='bbox 1592 2020 1715 2042; x_wconf 82' lang='lat' dir='ltr'><strong>nostrain</strong></span> 
     </span>
    </p>
   </div>
   <div class='ocr_carea' id='block_1_103' title="bbox 928 2052 1717 2095">
    <p class='ocr_par' dir='ltr' id='par_1_103' title="bbox 928 2052 1717 2095">
     <span class='ocr_line' id='line_1_103' title="bbox 928 2052 1717 2095; baseline 0.011 -16"><span class='ocrx_word' id='word_1_740' title='bbox 928 2059 1072 2087; x_wconf 84' lang='lat' dir='ltr'><strong>ponamus.</strong></span> <span class='ocrx_word' id='word_1_741' title='bbox 1082 2052 1171 2080; x_wconf 84' lang='lat' dir='ltr'><strong>Mente</strong></span> <span class='ocrx_word' id='word_1_742' title='bbox 1182 2054 1215 2080; x_wconf 89' lang='lat' dir='ltr'><strong>ad</strong></span> <span class='ocrx_word' id='word_1_743' title='bbox 1227 2062 1344 2089; x_wconf 87' lang='lat' dir='ltr'><strong>superna</strong></span> <span class='ocrx_word' id='word_1_744' title='bbox 1361 2058 1503 2090; x_wconf 86' lang='lat' dir='ltr'><strong>translata,</strong></span> <span class='ocrx_word' id='word_1_745' title='bbox 1514 2058 1540 2085; x_wconf 91' lang='lat' dir='ltr'><strong>in</strong></span> <span class='ocrx_word' id='word_1_746' title='bbox 1553 2060 1717 2095; x_wconf 72' lang='lat' dir='ltr'><strong>cogitatione</strong></span> 
     </span>
    </p>
   </div>
   <div class='ocr_carea' id='block_1_104' title="bbox 928 2098 1718 2140">
    <p class='ocr_par' dir='ltr' id='par_1_104' title="bbox 928 2098 1718 2140">
     <span class='ocr_line' id='line_1_104' title="bbox 928 2098 1718 2140; baseline 0.013 -16"><span class='ocrx_word' id='word_1_747' title='bbox 928 2098 1117 2125; x_wconf 88' lang='lat' dir='ltr'><strong>intellectualis</strong></span> <span class='ocrx_word' id='word_1_748' title='bbox 1143 2104 1170 2125; x_wconf 84' lang='lat' dir='ltr'><strong>et</strong></span> <span class='ocrx_word' id='word_1_749' title='bbox 1197 2101 1348 2134; x_wconf 85' lang='lat' dir='ltr'><strong>spiritualis</strong></span> <span class='ocrx_word' id='word_1_750' title='bbox 1383 2105 1480 2131; x_wconf 88' lang='lat' dir='ltr'><strong>messis</strong></span> <span class='ocrx_word' id='word_1_751' title='bbox 1507 2113 1657 2140; x_wconf 80' lang='lat' dir='ltr'><strong>versemur,</strong></span> <span class='ocrx_word' id='word_1_752' title='bbox 1684 2108 1718 2134; x_wconf 87' lang='lat' dir='ltr'><strong>de</strong></span> 
     </span>
    </p>
   </div>
   <div class='ocr_carea' id='block_1_105' title="bbox 927 2144 1718 2186">
    <p class='ocr_par' dir='ltr' id='par_1_105' title="bbox 927 2144 1718 2186">
     <span class='ocr_line' id='line_1_105' title="bbox 927 2144 1718 2186; baseline 0.013 -16"><span class='ocrx_word' id='word_1_753' title='bbox 927 2152 979 2180; x_wconf 85' lang='lat' dir='ltr'><strong>qua</strong></span> <span class='ocrx_word' id='word_1_754' title='bbox 998 2152 1047 2172; x_wconf 92' lang='lat' dir='ltr'><strong>nos</strong></span> <span class='ocrx_word' id='word_1_755' title='bbox 1059 2144 1138 2171; x_wconf 89' lang='lat' dir='ltr'><strong>hodie</strong></span> <span class='ocrx_word' id='word_1_756' title='bbox 1153 2152 1239 2180; x_wconf 78' lang='lat' dir='ltr'><strong>pauca</strong></span> <span class='ocrx_word' id='word_1_757' title='bbox 1256 2152 1352 2175; x_wconf 73' lang='lat' dir='ltr'><strong>vestra:</strong></span> <span class='ocrx_word' id='word_1_758' title='bbox 1362 2149 1488 2177; x_wconf 77' lang='lat' dir='ltr'><strong>cbaritati</strong></span> <span class='ocrx_word' id='word_1_759' title='bbox 1500 2151 1623 2180; x_wconf 89' lang='lat' dir='ltr'><strong>dicemus</strong></span> <span class='ocrx_word' id='word_1_760' title='bbox 1641 2162 1647 2186; x_wconf 91' lang='lat'>;</span> <span class='ocrx_word' id='word_1_761' title='bbox 1665 2153 1718 2180; x_wconf 90' lang='lat' dir='ltr'><strong>uti-</strong></span> 
     </span>
    </p>
   </div>
   <div class='ocr_carea' id='block_1_106' title="bbox 894 2182 1716 2233">
    <p class='ocr_par' dir='ltr' id='par_1_106' title="bbox 894 2182 1716 2233">
     <span class='ocr_line' id='line_1_106' title="bbox 894 2182 1716 2233; baseline 0.013 -17"><span class='ocrx_word' id='word_1_762' title='bbox 894 2182 916 2212; x_wconf 76' lang='grc' dir='ltr'><strong>ο</strong></span> <span class='ocrx_word' id='word_1_763' title='bbox 931 2198 992 2217; x_wconf 88' lang='lat' dir='ltr'><strong>nam</strong></span> <span class='ocrx_word' id='word_1_764' title='bbox 1007 2190 1070 2218; x_wconf 89' lang='lat' dir='ltr'><strong>inde</strong></span> <span class='ocrx_word' id='word_1_765' title='bbox 1091 2191 1180 2218; x_wconf 86' lang='lat' dir='ltr'><strong>studia</strong></span> <span class='ocrx_word' id='word_1_766' title='bbox 1198 2193 1223 2218; x_wconf 89' lang='lat' dir='ltr'><strong>in</strong></span> <span class='ocrx_word' id='word_1_767' title='bbox 1240 2192 1356 2220; x_wconf 88' lang='lat' dir='ltr'><strong>salutem</strong></span> <span class='ocrx_word' id='word_1_768' title='bbox 1370 2196 1564 2225; x_wconf 84' lang='lat' dir='ltr'><strong>accendamus.</strong></span> <span class='ocrx_word' id='word_1_769' title='bbox 1578 2198 1632 2233; x_wconf 78' lang='lat' dir='ltr'><strong>Ego</strong></span> <span class='ocrx_word' id='word_1_770' title='bbox 1644 2199 1716 2226; x_wconf 88' lang='lat' dir='ltr'><strong>enim</strong></span> 
     </span>
    </p>
   </div>
   <div class='ocr_carea' id='block_1_107' title="bbox 931 2237 1717 2280">
    <p class='ocr_par' dir='ltr' id='par_1_107' title="bbox 931 2237 1717 2280">
     <span class='ocr_line' id='line_1_107' title="bbox 931 2237 1717 2280; baseline 0.011 -15"><span class='ocrx_word' id='word_1_771' title='bbox 931 2237 1046 2272; x_wconf 82' lang='lat' dir='ltr'><strong>singulis</strong></span> <span class='ocrx_word' id='word_1_772' title='bbox 1073 2239 1135 2265; x_wconf 87' lang='lat' dir='ltr'><strong>anni</strong></span> <span class='ocrx_word' id='word_1_773' title='bbox 1163 2239 1293 2273; x_wconf 77' lang='lat' dir='ltr'><strong>periodis,</strong></span> <span class='ocrx_word' id='word_1_774' title='bbox 1313 2240 1476 2269; x_wconf 83' lang='lat' dir='ltr'><strong>adveniente</strong></span> <span class='ocrx_word' id='word_1_775' title='bbox 1502 2244 1553 2272; x_wconf 89' lang='lat' dir='ltr'><strong>hoc</strong></span> <span class='ocrx_word' id='word_1_776' title='bbox 1576 2249 1717 2280; x_wconf 86' lang='lat' dir='ltr'><strong>tempore.</strong></span> 
     </span>
    </p>
   </div>
   <div class='ocr_carea' id='block_1_108' title="bbox 930 2285 1718 2320">
    <p class='ocr_par' dir='ltr' id='par_1_108' title="bbox 930 2285 1718 2320">
     <span class='ocr_line' id='line_1_108' title="bbox 930 2285 1718 2320; baseline 0.013 -10"><span class='ocrx_word' id='word_1_777' title='bbox 930 2291 991 2311; x_wconf 90' lang='lat' dir='ltr'><strong>cum</strong></span> <span class='ocrx_word' id='word_1_778' title='bbox 1012 2285 1154 2319; x_wconf 84' lang='lat' dir='ltr'><strong>plerosque</strong></span> <span class='ocrx_word' id='word_1_779' title='bbox 1169 2285 1247 2312; x_wconf 81' lang='lat' dir='ltr'><strong>\ideo</strong></span> <span class='ocrx_word' id='word_1_780' title='bbox 1260 2290 1334 2312; x_wconf 82' lang='lat' dir='ltr'><strong>extra</strong></span> <span class='ocrx_word' id='word_1_781' title='bbox 1351 2288 1447 2314; x_wconf 89' lang='lat' dir='ltr'><strong>urbem</strong></span> <span class='ocrx_word' id='word_1_782' title='bbox 1459 2289 1572 2318; x_wconf 72' lang='lat' dir='ltr'><strong>diffusos</strong></span> <span class='ocrx_word' id='word_1_783' title='bbox 1593 2297 1620 2319; x_wconf 92' lang='lat' dir='ltr'><strong>et</strong></span> <span class='ocrx_word' id='word_1_784' title='bbox 1630 2293 1718 2320; x_wconf 90' lang='lat' dir='ltr'><strong>labori</strong></span> 
     </span>
    </p>
   </div>
   <div class='ocr_carea' id='block_1_109' title="bbox 931 2329 1717 2368">
    <p class='ocr_par' dir='ltr' id='par_1_109' title="bbox 931 2329 1717 2368">
     <span class='ocr_line' id='line_1_109' title="bbox 931 2329 1717 2368; baseline 0.011 -12"><span class='ocrx_word' id='word_1_785' title='bbox 931 2329 1122 2357; x_wconf 73' lang='lat' dir='ltr'><strong>incumbentes</strong></span> <span class='ocrx_word' id='word_1_786' title='bbox 1139 2331 1236 2358; x_wconf 82' lang='lat' dir='ltr'><strong>messis</strong></span> <span class='ocrx_word' id='word_1_787' title='bbox 1253 2339 1359 2359; x_wconf 87' lang='lat' dir='ltr'><strong>necnon</strong></span> <span class='ocrx_word' id='word_1_788' title='bbox 1379 2332 1486 2368; x_wconf 78' lang='lat' dir='ltr'><strong>frugum</strong></span> <span class='ocrx_word' id='word_1_789' title='bbox 1507 2336 1678 2365; x_wconf 77' lang='lat' dir='ltr'><strong>collectionis</strong></span> <span class='ocrx_word' id='word_1_790' title='bbox 1689 2343 1717 2365; x_wconf 91' lang='lat' dir='ltr'><strong>et</strong></span> 
     </span>
    </p>
   </div>
   <div class='ocr_carea' id='block_1_110' title="bbox 930 2376 1715 2415">
    <p class='ocr_par' dir='ltr' id='par_1_110' title="bbox 930 2376 1715 2415">
     <span class='ocr_line' id='line_1_110' title="bbox 930 2376 1715 2415; baseline 0.011 -14"><span class='ocrx_word' id='word_1_791' title='bbox 930 2376 1159 2407; x_wconf 87' lang='lat' dir='ltr'><strong>coaeervationis,</strong></span> <span class='ocrx_word' id='word_1_792' title='bbox 1190 2376 1255 2403; x_wconf 84' lang='lat' dir='ltr'><strong>istas</strong></span> <span class='ocrx_word' id='word_1_793' title='bbox 1277 2377 1303 2402; x_wconf 94' lang='lat' dir='ltr'><strong>iu</strong></span> <span class='ocrx_word' id='word_1_794' title='bbox 1337 2385 1380 2404; x_wconf 90' lang='lat' dir='ltr'><strong>me</strong></span> <span class='ocrx_word' id='word_1_795' title='bbox 1402 2379 1480 2405; x_wconf 77' lang='lat' dir='ltr'><strong>volvo</strong></span> <span class='ocrx_word' id='word_1_796' title='bbox 1499 2380 1680 2415; x_wconf 79' lang='lat' dir='ltr'><strong>cogitationes</strong></span> <span class='ocrx_word' id='word_1_797' title='bbox 1706 2392 1715 2410; x_wconf 89' lang='lat'><strong>:</strong></span> 
     </span>
    </p>
   </div>
   <div class='ocr_carea' id='block_1_111' title="bbox 925 2420 1716 2458">
    <p class='ocr_par' dir='ltr' id='par_1_111' title="bbox 925 2420 1716 2458">
     <span class='ocr_line' id='line_1_111' title="bbox 925 2420 1716 2458; baseline 0.011 -14"><span class='ocrx_word' id='word_1_798' title='bbox 925 2420 1025 2454; x_wconf 83' lang='lat' dir='ltr'><strong>quippe</strong></span> <span class='ocrx_word' id='word_1_799' title='bbox 1038 2428 1100 2448; x_wconf 90' lang='lat' dir='ltr'><strong>cum</strong></span> <span class='ocrx_word' id='word_1_800' title='bbox 1121 2422 1282 2449; x_wconf 82' lang='lat' dir='ltr'><strong>adveniente</strong></span> <span class='ocrx_word' id='word_1_801' title='bbox 1303 2422 1443 2450; x_wconf 90' lang='lat' dir='ltr'><strong>hominum</strong></span> <span class='ocrx_word' id='word_1_802' title='bbox 1461 2433 1561 2458; x_wconf 78' lang='lat' dir='ltr'><strong>messe,</strong></span> <span class='ocrx_word' id='word_1_803' title='bbox 1580 2435 1716 2455; x_wconf 83' lang='lat' dir='ltr'><strong>messores</strong></span> 
     </span>
    </p>
   </div>
   <div class='ocr_carea' id='block_1_112' title="bbox 926 2466 1714 2508">
    <p class='ocr_par' dir='ltr' id='par_1_112' title="bbox 926 2466 1714 2508">
     <span class='ocr_line' id='line_1_112' title="bbox 926 2466 1714 2508; baseline 0.013 -16"><span class='ocrx_word' id='word_1_804' title='bbox 926 2466 976 2493; x_wconf 82' lang='lat' dir='ltr'><strong>bos</strong></span> <span class='ocrx_word' id='word_1_805' title='bbox 992 2467 1138 2494; x_wconf 88' lang='lat' dir='ltr'><strong>succidunt</strong></span> <span class='ocrx_word' id='word_1_806' title='bbox 1155 2469 1189 2495; x_wconf 83' lang='lat' dir='ltr'><strong>ab</strong></span> <span class='ocrx_word' id='word_1_807' title='bbox 1204 2469 1254 2495; x_wconf 85' lang='lat' dir='ltr'><strong>hac</strong></span> <span class='ocrx_word' id='word_1_808' title='bbox 1272 2469 1397 2503; x_wconf 69' lang='lat' dir='ltr'><strong>praesenti</strong></span> <span class='ocrx_word' id='word_1_809' title='bbox 1417 2474 1443 2496; x_wconf 86' lang='lat' dir='ltr'><strong>et</strong></span> <span class='ocrx_word' id='word_1_810' title='bbox 1459 2472 1633 2504; x_wconf 80' lang='lat' dir='ltr'><strong>pereli‘luente</strong></span> <span class='ocrx_word' id='word_1_811' title='bbox 1649 2474 1714 2508; x_wconf 88' lang='lat' dir='ltr'><strong>vita,</strong></span> 
     </span>
    </p>
   </div>
   <div class='ocr_carea' id='block_1_113' title="bbox 925 2512 1716 2552">
    <p class='ocr_par' dir='ltr' id='par_1_113' title="bbox 925 2512 1716 2552">
     <span class='ocr_line' id='line_1_113' title="bbox 925 2512 1716 2552; baseline 0.011 -14"><span class='ocrx_word' id='word_1_812' title='bbox 925 2515 950 2538; x_wconf 90' lang='lat' dir='ltr'><strong>et</strong></span> <span class='ocrx_word' id='word_1_813' title='bbox 967 2519 1014 2539; x_wconf 89' lang='lat' dir='ltr'><strong>eos</strong></span> <span class='ocrx_word' id='word_1_814' title='bbox 1035 2512 1173 2540; x_wconf 83' lang='lat' dir='ltr'><strong>adducunt</strong></span> <span class='ocrx_word' id='word_1_815' title='bbox 1188 2515 1215 2541; x_wconf 87' lang='lat' dir='ltr'><strong>in</strong></span> <span class='ocrx_word' id='word_1_816' title='bbox 1233 2515 1347 2542; x_wconf 83' lang='lat' dir='ltr'><strong>alteram</strong></span> <span class='ocrx_word' id='word_1_817' title='bbox 1364 2516 1482 2542; x_wconf 87' lang='lat' dir='ltr'><strong>futuram</strong></span> <span class='ocrx_word' id='word_1_818' title='bbox 1502 2521 1528 2543; x_wconf 83' lang='lat' dir='ltr'><strong>et</strong></span> <span class='ocrx_word' id='word_1_819' title='bbox 1549 2525 1716 2552; x_wconf 88' lang='lat' dir='ltr'><strong>permanen-</strong></span> 
     </span>
    </p>
   </div>
   <div class='ocr_carea' id='block_1_114' title="bbox 927 2557 1715 2596">
    <p class='ocr_par' dir='ltr' id='par_1_114' title="bbox 927 2557 1715 2596">
     <span class='ocr_line' id='line_1_114' title="bbox 927 2557 1715 2596; baseline 0.011 -13"><span class='ocrx_word' id='word_1_820' title='bbox 927 2561 981 2584; x_wconf 84' lang='lat' dir='ltr'><strong>tcm</strong></span> <span class='ocrx_word' id='word_1_821' title='bbox 995 2557 1091 2591; x_wconf 87' lang='lat' dir='ltr'><strong>vitam,</strong></span> <span class='ocrx_word' id='word_1_822' title='bbox 1113 2560 1246 2593; x_wconf 85' lang='lat' dir='ltr'><strong>numquid</strong></span> <span class='ocrx_word' id='word_1_823' title='bbox 1265 2565 1307 2588; x_wconf 82' lang='lat' dir='ltr'><strong>est</strong></span> <span class='ocrx_word' id='word_1_824' title='bbox 1323 2569 1354 2588; x_wconf 76' lang='lat' dir='ltr'><strong>ex</strong></span> <span class='ocrx_word' id='word_1_825' title='bbox 1368 2561 1532 2590; x_wconf 87' lang='lat' dir='ltr'><strong>metentibus</strong></span> <span class='ocrx_word' id='word_1_826' title='bbox 1547 2564 1636 2596; x_wconf 80' lang='lat' dir='ltr'><strong>spicas</strong></span> <span class='ocrx_word' id='word_1_827' title='bbox 1655 2565 1715 2592; x_wconf 88' lang='lat' dir='ltr'><strong>ina-</strong></span> 
     </span>
    </p>
   </div>
   <div class='ocr_carea' id='block_1_115' title="bbox 928 2603 1716 2642">
    <p class='ocr_par' dir='ltr' id='par_1_115' title="bbox 928 2603 1716 2642">
     <span class='ocr_line' id='line_1_115' title="bbox 928 2603 1716 2642; baseline 0.01 -12"><span class='ocrx_word' id='word_1_828' title='bbox 928 2605 1024 2637; x_wconf 87' lang='lat' dir='ltr'><strong>nimes,</strong></span> <span class='ocrx_word' id='word_1_829' title='bbox 1041 2603 1083 2631; x_wconf 86' lang='lat' dir='ltr'><strong>vel</strong></span> <span class='ocrx_word' id='word_1_830' title='bbox 1099 2611 1132 2631; x_wconf 82' lang='lat' dir='ltr'><strong>ex</strong></span> <span class='ocrx_word' id='word_1_831' title='bbox 1154 2605 1224 2633; x_wconf 89' lang='lat' dir='ltr'><strong>alios</strong></span> <span class='ocrx_word' id='word_1_832' title='bbox 1244 2608 1460 2636; x_wconf 85' lang='lat' dir='ltr'><strong>conducentibus</strong></span> <span class='ocrx_word' id='word_1_833' title='bbox 1479 2608 1512 2636; x_wconf 86' lang='lat' dir='ltr'><strong>ad</strong></span> <span class='ocrx_word' id='word_1_834' title='bbox 1528 2616 1656 2642; x_wconf 86' lang='lat' dir='ltr'><strong>messem,</strong></span> <span class='ocrx_word' id='word_1_835' title='bbox 1673 2611 1716 2638; x_wconf 81' lang='lat' dir='ltr'><strong>vel</strong></span> 
     </span>
    </p>
   </div>
   <div class='ocr_carea' id='block_1_116' title="bbox 924 2651 1716 2686">
    <p class='ocr_par' dir='ltr' id='par_1_116' title="bbox 924 2651 1716 2686">
     <span class='ocr_line' id='line_1_116' title="bbox 924 2651 1716 2686; baseline 0.008 -8"><span class='ocrx_word' id='word_1_836' title='bbox 924 2659 956 2679; x_wconf 79' lang='lat' dir='ltr'><strong>ex</strong></span> <span class='ocrx_word' id='word_1_837' title='bbox 972 2651 1162 2685; x_wconf 65' lang='lat' dir='ltr'><strong>colligentibus</strong></span> <span class='ocrx_word' id='word_1_838' title='bbox 1179 2652 1354 2686; x_wconf 84' lang='lat' dir='ltr'><strong>fructus,seu</strong></span> <span class='ocrx_word' id='word_1_839' title='bbox 1371 2663 1402 2682; x_wconf 85' lang='lat' dir='ltr'><strong>ex</strong></span> <span class='ocrx_word' id='word_1_840' title='bbox 1418 2656 1571 2683; x_wconf 87' lang='lat' dir='ltr'><strong>ementibus</strong></span> <span class='ocrx_word' id='word_1_841' title='bbox 1588 2664 1621 2684; x_wconf 88' lang='lat' dir='ltr'><strong>ac</strong></span> <span class='ocrx_word' id='word_1_842' title='bbox 1639 2658 1716 2684; x_wconf 78' lang='lat' dir='ltr'><strong>colli-</strong></span> 
     </span>
    </p>
   </div>
   <div class='ocr_carea' id='block_1_117' title="bbox 925 2697 1716 2737">
    <p class='ocr_par' dir='ltr' id='par_1_117' title="bbox 925 2697 1716 2737">
     <span class='ocr_line' id='line_1_117' title="bbox 925 2697 1716 2737; baseline 0.008 -14"><span class='ocrx_word' id='word_1_843' title='bbox 925 2697 1051 2732; x_wconf 69' lang='lat' dir='ltr'><strong>gentibus</strong></span> <span class='ocrx_word' id='word_1_844' title='bbox 1066 2702 1093 2725; x_wconf 90' lang='lat' dir='ltr'><strong>et</strong></span> <span class='ocrx_word' id='word_1_845' title='bbox 1110 2698 1136 2725; x_wconf 93' lang='lat' dir='ltr'><strong>in</strong></span> <span class='ocrx_word' id='word_1_846' title='bbox 1153 2698 1250 2725; x_wconf 88' lang='lat' dir='ltr'><strong>horrea</strong></span> <span class='ocrx_word' id='word_1_847' title='bbox 1270 2702 1498 2729; x_wconf 84' lang='lat' dir='ltr'><strong>coaeervantibus</strong></span> <span class='ocrx_word' id='word_1_848' title='bbox 1514 2702 1560 2737; x_wconf 90' lang='lat' dir='ltr'><strong>qui</strong></span> <span class='ocrx_word' id='word_1_849' title='bbox 1579 2710 1716 2730; x_wconf 79' lang='lat' dir='ltr'><strong>memore-</strong></span> 
     </span>
    </p>
   </div>
   <div class='ocr_carea' id='block_1_118' title="bbox 925 2743 1715 2784">
    <p class='ocr_par' dir='ltr' id='par_1_118' title="bbox 925 2743 1715 2784">
     <span class='ocr_line' id='line_1_118' title="bbox 925 2743 1715 2784; baseline 0.008 -14"><span class='ocrx_word' id='word_1_850' title='bbox 925 2749 969 2770; x_wconf 87' lang='lat' dir='ltr'><strong>tur</strong></span> <span class='ocrx_word' id='word_1_851' title='bbox 979 2751 1095 2771; x_wconf 79' lang='lat' dir='ltr'><strong>messem</strong></span> <span class='ocrx_word' id='word_1_852' title='bbox 1108 2743 1182 2771; x_wconf 85' lang='lat' dir='ltr'><strong>illam</strong></span> <span class='ocrx_word' id='word_1_853' title='bbox 1195 2750 1365 2779; x_wconf 85' lang='lat' dir='ltr'><strong>manentem,</strong></span> <span class='ocrx_word' id='word_1_854' title='bbox 1377 2752 1403 2774; x_wconf 85' lang='lat' dir='ltr'><strong>et</strong></span> <span class='ocrx_word' id='word_1_855' title='bbox 1413 2749 1715 2784; x_wconf 75' lang='lat' dir='ltr'><strong>cogitetdeanimarum</strong></span> 
     </span>
    </p>
   </div>
   <div class='ocr_carea' id='block_1_119' title="bbox 923 2789 1715 2828">
    <p class='ocr_par' dir='ltr' id='par_1_119' title="bbox 923 2789 1715 2828">
     <span class='ocr_line' id='line_1_119' title="bbox 923 2789 1715 2828; baseline 0.008 -12"><span class='ocrx_word' id='word_1_856' title='bbox 923 2789 1054 2824; x_wconf 80' lang='lat' dir='ltr'><strong>agricola,</strong></span> <span class='ocrx_word' id='word_1_857' title='bbox 1068 2790 1228 2818; x_wconf 83' lang='lat' dir='ltr'><strong>desiderans</strong></span> <span class='ocrx_word' id='word_1_858' title='bbox 1236 2798 1314 2818; x_wconf 88' lang='lat' dir='ltr'><strong>suam</strong></span> <span class='ocrx_word' id='word_1_859' title='bbox 1329 2792 1354 2818; x_wconf 89' lang='lat' dir='ltr'><strong>in</strong></span> <span class='ocrx_word' id='word_1_860' title='bbox 1373 2797 1493 2828; x_wconf 87' lang='lat' dir='ltr'><strong>tempore</strong></span> <span class='ocrx_word' id='word_1_861' title='bbox 1508 2795 1625 2822; x_wconf 83' lang='lat' dir='ltr'><strong>futuram</strong></span> <span class='ocrx_word' id='word_1_862' title='bbox 1639 2803 1715 2822; x_wconf 75' lang='lat' dir='ltr'><strong>reve-</strong></span> 
     </span>
    </p>
   </div>
   <div class='ocr_carea' id='block_1_120' title="bbox 924 2836 1713 2875">
    <p class='ocr_par' dir='ltr' id='par_1_120' title="bbox 924 2836 1713 2875">
     <span class='ocr_line' id='line_1_120' title="bbox 924 2836 1713 2875; baseline 0.009 -12"><span class='ocrx_word' id='word_1_863' title='bbox 924 2836 1050 2864; x_wconf 63' lang='lat' dir='ltr'><strong>lationcm</strong></span> <span class='ocrx_word' id='word_1_864' title='bbox 1068 2842 1095 2864; x_wconf 83' lang='lat' dir='ltr'><strong>et</strong></span> <span class='ocrx_word' id='word_1_865' title='bbox 1111 2837 1261 2866; x_wconf 83' lang='lat' dir='ltr'><strong>mercedem</strong></span> <span class='ocrx_word' id='word_1_866' title='bbox 1288 2838 1473 2875; x_wconf 83' lang='lat' dir='ltr'><strong>recipiendam</strong></span> <span class='ocrx_word' id='word_1_867' title='bbox 1493 2842 1519 2870; x_wconf 93' lang='lat' dir='ltr'><strong>in</strong></span> <span class='ocrx_word' id='word_1_868' title='bbox 1536 2842 1642 2870; x_wconf 77' lang='lat' dir='ltr'><strong>hOH&#39;CiS</strong></span> <span class='ocrx_word' id='word_1_869' title='bbox 1656 2849 1713 2869; x_wconf 69' lang='lat' dir='ltr'><strong>cu:-</strong></span> 
     </span>
    </p>
   </div>
  </div>
