1888 3067
158 202 211 234 339

806 208 1000 238 GREGORII
1018 209 1181 239 PALAM/E

1727 209 1777 241 340

155 262 242 292 fures.
255 267 366 294 avaros,
379 261 510 296 injustos,
521 262 687 297 praedatores
703 263 805 291 faciunt
815 272 864 292 eos
875 272 937 300 quos

996 267 1088 302 σματά
1098 276 1128 294 τε
1143 267 1189 294 καὶ
1201 268 1399 303 ὲπιτρίμματα,
1418 267 1503 295 ταῦτα
1518 267 1548 295 δὲ
1570 267 1693 299 δαπάνας
1716 269 1777 295 ὲπι-

153 308 337 343 pertrahunt;
360 313 385 335 et
401 309 466 343 quid
487 317 599 337 necesse
615 310 762 338 estdicere
780 311 841 338 inde
855 310 941 338 tition-

152 354 192 381 tia
206 354 268 381 odia
283 358 311 381 et
328 361 433 388 pugnas
448 358 476 381 et
493 353 665 382 innumeram
680 356 787 382 turbam
805 356 940 390 cupidita-

154 405 211 427 tum
236 404 264 427 et
291 399 489 434 cogitationum
508 400 609 435 quibus
627 400 747 428 obnoxia
773 401 831 428 htee
849 402 940 428 anima

153 445 300 474 obruitur?
324 444 377 477 Qui
404 445 487 480 igitur
508 446 542 474 ab
568 445 628 474 istis
644 453 673 473 se
689 454 743 474 non
759 451 940 474 servaverunt

153 500 206 520 nec
219 492 304 520 Deum
323 492 470 526 propitium
485 499 533 526 per
545 491 747 519 confessionem
764 497 789 519 et
805 493 940 528 pmniten-

154 540 220 566 tiam
232 538 419 569 reddiderunt,
429 542 574 573 resurgant
584 539 705 572 quidem,
717 539 764 566 sed
775 539 937 566 amatiorem

153 589 244 612 morte
262 586 343 611 vitam
360 584 546 618 experientur,
565 583 706 611 doloribus
728 589 755 611 et
770 585 897 612 utrumuis
912 589 938 612 et

155 631 290 665 angustiis
304 635 328 657 et
339 631 493 658 confusioni
505 630 597 657 traditi
609 630 756 665 perpetuis,
765 635 788 658 et
800 631 938 658 vermibus

154 677 308 712 irrequietis
327 676 399 705 exesi
415 684 518 704 necnon
536 677 680 704 tenebroso
691 682 716 704 et
728 677 938 711 inexstinguibili

155 723 218 758 igne
233 723 407 757 consumpti,
436 723 472 750 ita
494 727 524 750 ut
542 722 627 750 Isaias
654 723 786 759 propheta
816 724 936 752 dixerit:

158 779 168 794 ε
189 769 391 796 (Iunsumentur
410 767 486 802 impii
501 773 528 796 ct
543 773 698 803 peccatores
714 769 807 802 simul,
823 777 873 797 nee
886 771 938 796 erit

153 815 199 850 qui
214 815 370 849 exstinguat
385 815 471 842 ""‘u
485 814 547 841 ideo
564 820 590 842 et
603 815 748 849 Apostolus
764 815 795 842 arl
805 815 937 850 Ephesios

154 863 207 889 boe
224 862 262 889 ait
277 871 284 889 :
304 870 312 887 ι
330 861 433 888 Scitote
455 860 636 895 intelligentes
649 860 722 895 quod
738 860 828 887 omnis
847 860 936 887 forni-

154 912 232 936 cator
245 912 292 935 aut
306 907 462 934 immundus
479 912 524 933 aut
538 914 636 933 avarus
650 906 721 940 quod
741 910 783 933 est
801 905 934 932 idolorum

155 954 287 986 servitus,
312 961 365 980 non
392 953 475 980 habet
493 952 678 979 brereditatem
694 952 719 978 in
738 958 821 985 regno
835 950 934 978 Christi
951 939 974 969 Β

155 1006 182 1028 et
197 1001 242 1028 Dei
255 1001 290 1028 "'.
310 1010 319 1026 ›
337 1000 369 1028 Et
385 1000 474 1027 adhuc
494 1000 614 1029 instans,
641 998 749 1032 aliaque
775 997 937 1025 docentibus

155 1056 186 1074 os
201 1046 360 1079 oceludens,
380 1055 389 1072 ι
401 1046 487 1074 Nemo
500 1053 559 1077 vos,
578 1044 663 1075 addit,
680 1043 793 1071 seducat
809 1043 938 1070 inanibus

154 1094 261 1126 verbis;
282 1097 390 1127 propter
406 1092 464 1119 hate
477 1091 549 1119 enim
565 1090 639 1118 venit
654 1091 692 1117 ira
703 1090 749 1116 Dei
763 1089 789 1116 in
804 1088 874 1116 filios
887 1087 939 1116 dif-

155 1140 283 1167 ﬁdentius.
302 1138 391 1165 Nolite
404 1145 468 1172 ergo
494 1136 565 1164 eftlci
585 1135 733 1170 participes
756 1141 852 1162 eorum
868 1133 903 1160 "'.
925 1142 934 1158 ι

156 1186 286 1212 Similiter
302 1185 335 1211 ad
350 1183 512 1211 Corinthios
527 1183 651 1210 scribens
668 1188 763 1207 rursus
781 1179 854 1207 idem
873 1178 911 1206 ait
929 1187 936 1206 :

159 1239 169 1256 α
182 1230 270 1258 Nolite
283 1237 374 1257 errare
387 1238 395 1262 ;
409 1236 495 1264 neque
515 1227 667 1260 fornicarii,
686 1233 773 1260 neque
788 1225 867 1252 idolis
883 1231 939 1251 ser-

155 1277 273 1307 vientes,
287 1283 375 1311 neque
391 1275 518 1305 adulteri,
544 1280 632 1307 neque
648 1272 753 1303 molles,
778 1278 867 1305 neque
882 1277 938 1296 ma-

155 1322 295 1351 sculorum
311 1321 514 1350 concubitores,
531 1326 620 1353 neque
643 1318 729 1349 avari,
749 1324 838 1352 neque
852 1315 936 1348 fures,

156 1375 246 1402 neque
261 1367 340 1399 ebrii,
350 1373 438 1400 neque
450 1365 585 1397 maledici,
598 1371 686 1399 neque
699 1370 810 1399 rapaces
825 1370 937 1398 regnum

156 1413 204 1440 Dei
219 1412 396 1448 possidebunt
409 1411 444 1439 ".
462 1420 471 1437 I

192 1548 276 1576 Recte
288 1551 377 1576 autem
394 1547 537 1575 credentes
554 1546 581 1573 in
594 1546 740 1574 Dominum
758 1549 881 1572 nostrum
898 1543 941 1571 Je-

994 313 1139 348 ζητοῦντα,
1155 314 1282 346 κλέπτας,
1297 314 1470 346 πλεονέκτας,
1495 313 1615 345 ἀδίκους,
1648 314 1776 348 ἀρπαγας

991 355 1138 390 ποιεῖ’τοὺς
1156 359 1281 392 ἁλόντας.
1293 359 1347 386 Καὶ
1361 360 1388 386 τί
1413 360 1454 386 δεῖ
1467 359 1558 394 λέγειν
1583 360 1618 387 τά
1652 360 1776 387 ἐντεῦθεν

991 403 1068 439 μίση,
1084 404 1132 435 τὰς
1147 404 1272 431 ἐντεῦθεν
1290 405 1390 440 μάχα;,
1410 405 1456 432 τὸν
1481 405 1578 440 μυρίον
1605 405 1691 440 ἑσμὸν
1720 406 1775 432 τῶν

990 451 1019 477 ὲν
1035 452 1067 486 τῇ
1081 451 1152 486 ψυχῇ
1165 452 1214 486 τῆς
1231 451 1345 486 ἀτιμίας
1361 451 1456 478 παθῶν
1483 453 1530 478 καὶ
1556 451 1696 487 λογισμῶν
1710 462 1717 484 ;
1744 453 1774 478 Οί

987 497 1077 524 τοίνυν
1104 497 1141 532 μὴ
1175 498 1341 532 φυλάξαντες
1369 498 1482 530 ἑαυτοὺς
1509 499 1542 524 ὲκ
1560 498 1711 532 τούτων,ἢ
1739 498 1775 533 μὴ

988 543 1195 579 ἐξιλεωσάμενοι
1207 545 1251 571 τδν
1266 545 1332 571 Θεὸν
1349 545 1381 571 δι’
1394 545 1615 580 ὲξομολογήσεως
1630 545 1678 571 καὶ
1694 554 1776 579 μετα-

988 588 1071 620 νοίας,
1087 589 1285 624 ἀναστήσονται
1300 590 1361 623 μὲν,
1379 588 1446 615 ἀλλά
1476 589 1593 615 θανάτου
1621 587 1775 623 δεινοτέραν

988 634 1185 670 ὑποστήσονται
1199 634 1284 670 ζωὴν,
1296 635 1377 670 ὀδύνῃ
1389 634 1438 661 καὶ
1456 635 1546 669 θλίψει
1578 634 1624 662 καὶ
1640 642 1774 668 στενοχω-

989 681 1045 716 ρίᾳ,
1061 680 1107 706 καὶ
1121 680 1236 716 αἰσχύνῃ
1264 679 1463 714 παραδοθέντες
1491 680 1605 714 αίωνίῳ,
1639 678 1775 713 σκώληξιν

987 727 1147 762 ἀκοιμήτοις
1163 727 1392 760 συνδιαιτώμενοι,
1405 727 1451 752 καὶ
1464 726 1594 761 σκοτεινῷ
1618 728 1665 752 καὶ
1693 725 1775 752 ἀσϐέ-

988 782 1042 807 στῳ
1054 773 1245 808 συγκαιόμενοι
1260 772 1337 807 πυρὶ,
1354 772 1390 803 ὡς
1408 772 1454 798 καὶ
1465 773 1478 798 ό
1490 772 1632 806 προφήτης
1658 771 1773 802 Ἡσαΐας

989 820 1153 854 (ausimau-
1172 828 1180 844 ι
1215 818 1450 852 Ἐκκαυθήσονται
1476 818 1501 843 οἱ
1531 818 1638 852 ἄνομοι,
1669 818 1717 844 καὶ
1744 818 1768 843 οί

988 865 1145 901 ἁμαρτωλοὶ
1157 866 1225 900 ἅμα,
1243 865 1290 890 καὶ
1313 865 1362 890 οὐκ
1375 863 1452 889 ἔσται
1473 863 1487 889 ό
1499 862 1612 889 σόέσων.
1631 872 1640 888 ι
1666 863 1713 889 Διὸ
1727 864 1773 889 καὶ

987 913 1001 939 ὁ
1022 911 1182 944 Ἀπόστολος
1194 911 1261 945 πρὸς
1281 909 1433 944 Ἐφεσίους,
1447 918 1456 934 ι
1475 908 1574 940 Τοῦτο,
1592 908 1686 943 φησιν,
1711 907 1771 934 ἐστε

988 957 1176 993 γινώσκοντες,
1192 957 1233 984 ὅτι
1249 957 1303 988 πᾶς
1318 957 1427 991 πόρνος,
1443 955 1460 991 ἢ
1477 955 1643 990 ἀκάθαρτος,
1662 954 1679 989 ἢ
1709 954 1774 980 πλε-

987 1004 1112 1038 ονέκτης,
1125 1004 1155 1034 ὃς
1168 1003 1242 1029 ἐστιν
1257 1002 1465 1036 εἰδωλολάτρης,
1481 1002 1532 1028 οὐκ
1557 1001 1614 1036 ἔχει
1641 1000 1774 1034 κληρονο-

989 1049 1054 1084 μίαν
1069 1048 1148 1083 150
1163 1049 1192 1075 ὲν
1206 1049 1239 1083 τῇ
1257 1047 1380 1083 βασιλείᾳ
1392 1047 1439 1074 τοῦ
1451 1046 1572 1082 Χριστοῦ
1587 1046 1635 1072 καὶ
1648 1045 1718 1072 Θεοῦ
1733 1053 1739 1060 ·
1760 1054 1770 1071 ι

988 1095 1036 1122 καὶ
1052 1094 1345 1129 προσασφαλισάμενος
1358 1093 1409 1124 ἔτι,
1428 1093 1475 1119 καὶ
1499 1092 1561 1124 τοὺς
1593 1092 1680 1122 ἄλλως
1701 1091 1774 1118 8:651-

990 1149 1104 1173 σκοντας
1119 1140 1301 1176 ἐπιστομίζων
1319 1139 1415 1173 ἐπάγει
1428 1147 1434 1154 ·
1450 1148 1459 1164 ι
1474 1139 1576 1172 Μηδεὶς
1599 1138 1672 1172 ὑμᾶς
1696 1138 1770 1163 ἀπα-

989 1187 1063 1214 τάτω
1079 1188 1166 1217 κενοῖς
1184 1186 1274 1219 λόγοις
1292 1193 1299 1200 ·
1314 1185 1358 1211 διά
1375 1184 1462 1211 ταῦτα
1474 1184 1528 1219 γὰρ
1542 1183 1650 1218 ἔρχεται
1674 1184 1690 1217 ή
1707 1183 1774 1218 ὀργὴ

988 1232 1037 1260 τοῦ
1067 1232 1134 1259 Θεοῦ
1154 1231 1201 1258 ἐπὶ
1216 1231 1280 1262 τοὺς
1299 1231 1374 1262 υἱοὺς
1397 1230 1448 1264 τῆς
1477 1229 1635 1260 ἀπειθείας·
1663 1229 1700 1263 μὴ
1729 1225 1775 1255 οὖν

991 1280 1101 1314 γίνεσθε
1119 1277 1286 1312 συμμέτοχοι
1301 1277 1402 1304 αὐτῶν.
1420 1286 1429 1303 ›
1451 1275 1585 1310 Καθάπερ
1600 1274 1647 1301 καὶ
1673 1275 1773 1308 Κοριν-

990 1326 1057 1358 θίοις
1072 1324 1235 1353 ἐπιστέλλων
1253 1323 1334 1350 πάλιν
1350 1324 1364 1350 ό
1387 1322 1468 1354 αὑτός
1490 1329 1557 1356 φησι
1571 1329 1578 1336 ·
1603 1329 1612 1345 ι
1629 1320 1676 1354 Μὴ
1704 1319 1772 1345 πλα-

989 1372 1071 1400 νᾶσθε
1086 1379 1093 1387 ·
1107 1371 1168 1398 οὔτε
1183 1370 1289 1405 πόρνοι,
1305 1368 1366 1396 οὔτε
1382 1367 1584 1402 εἰδωλολάτραι,
1596 1365 1657 1392 οῦτε
1675 1365 1774 1399 μοιχοὶ,

989 1418 1050 1446 οὕτε
1063 1417 1191 1453 μαλακοὶ,
1205 1415 1267 1443 οὗτε
1285 1415 1483 1450 ἀρσενοκοῖται,
1513 1413 1574 1439 οῦτε
1600 1411 1773 1440 πλεονέκται,

990 1464 1050 1491 οὗτε
1064 1464 1188 1495 κλέπται,
1205 1462 1266 1489 οὒτε
1281 1461 1403 1497 μέθυσοι,
1417 1460 1448 1486 ού
1462 1459 1587 1494 λοίδοροι,
1608 1458 1657 1492 οὐχ
1683 1456 1774 1491 ἅρπα-

991 1519 1047 1545 γες,
1065 1509 1203 1544 βασιλείαν
1212 1508 1279 1535 Θεοῦ
1299 1507 1330 1534 οὗ
1347 1506 1608 1542 κληρονομήσουσιν.
1633 1513 1643 1530 ι

1026 1557 1057 1582 Οί
1073 1555 1100 1581 δὲ
1115 1555 1288 1584 πιστεύοντες
1306 1552 1394 1588 ὀρθῶς
1424 1553 1464 1583 είς
1488 1551 1534 1577 τὴν
1564 1550 1664 1585 Κύριον
1696 1548 1776 1584 ἡμῶν

157 1602 218 1623 sum
236 1595 389 1626 Christum,
408 1598 434 1620 et
454 1593 533 1620 fidem
562 1593 691 1628 operibus
718 1592 936 1623 manifestantes,

999 1601 1103 1637 Ἰησοῦν
1119 1599 1246 1635 Χριστὸν,
1263 1598 1309 1625 καὶ
1324 1599 1372 1632 τὴν
1385 1597 1476 1624 πίστιν
1500 1596 1533 1623 δι’
1559 1596 1647 1631 ἔργων
1675 1595 1776 1622 ἐπιδει-

157 1641 335 1675 sibimetipsis
353 1640 535 1674 iuvigilantes,
545 1639 586 1666 vel
601 1646 630 1665 se
639 1645 686 1673 per
699 1637 896 1665 confessionem
913 1640 940 1663 et

155 1685 344 1721 pmnitenliam
357 1684 535 1711 cmundantes
548 1691 561 1709 a
571 1683 698 1710 sordibus
710 1687 883 1716 peccatorum
897 1688 942 1708 su-

155 1739 205 1766 pra
214 1735 446 1762 enumeratorum,
456 1733 482 1757 et
493 1729 644 1757 contrarias
657 1728 728 1755 vitiis
741 1728 853 1754 virtutes
864 1734 941 1754 exer-

157 1783 264 1810 centes,
297 1776 514 1811 temperantiam,
544 1774 744 1807 castimoniam,
768 1773 939 1805 charitatem,

148 1818 360 1860 Veleentosynam
375 1843 382 1854 ,
407 1822 542 1856 justitiam
565 1825 592 1848 et
609 1821 762 1848 veritatem.
783 1820 829 1847 Isti
846 1827 941 1846 omnes

156 1870 269 1898 redivivi
288 1869 399 1896 audient
412 1869 498 1903 ipsum
522 1867 652 1894 caelorum
675 1873 764 1900 regem
783 1874 789 1892 :
808 1874 817 1890 ι
834 1865 940 1897 Venite,

155 1916 292 1945 benedicti
312 1915 398 1942 Patris
415 1914 479 1947 tnei,
495 1913 625 1948 percipite
650 1919 774 1947 paratum
799 1911 875 1938 vobis
898 1918 940 1937 re—

157 1974 240 2001 gnum
254 1973 268 1991 a
281 1963 475 1992 constitutione
489 1961 628 1993 mundi";
643 1970 651 1986 ι
666 1965 690 1988 et
707 1961 747 1987 sic
760 1968 821 1987 cum
835 1959 941 1986 Christo

159 2011 314 2048 regnabunt
329 2017 441 2044 regnum
455 2008 566 2035 omlesle
585 2012 611 2034 ct
629 2006 770 2041 paciﬁcum
789 2005 876 2033 sortiti
889 2024 897 2036 .
915 2009 942 2031 et

159 2062 291 2094 perpetuo
307 2056 430 2083 viventes
452 2054 478 2082 iu
507 2055 568 2081 luce
586 2053 713 2080 ineffabili
727 2060 785 2087 qua'
799 2058 940 2086 vesperam

157 2114 211 2133 tton
226 2105 306 2132 habet
318 2110 368 2130 nec
382 2107 460 2130 nocte
472 2100 690 2135 interrumpitur,
705 2104 731 2126 et
746 2103 942 2126 conversantes

157 2160 219 2179 eum
237 2150 341 2178 sanctis
360 2156 374 2176 a
391 2147 490 2176 sa‘culo
509 2147 536 2174 in
553 2145 781 2174 lnenarrabilibus
795 2144 898 2171 deliciis
914 2144 940 2170 in

157 2198 220 2225 sinu
233 2196 347 2223 Abraha:
361 2195 406 2222 ubi
419 2201 472 2220 non
485 2197 526 2220 est
540 2192 627 2224 dolor,
641 2198 729 2225 neque
745 2190 836 2217 luctus
853 2197 942 2224 neque
955 2203 958 2206 ι

157 2243 284 2279 gemitus.
297 2241 460 2268 lnanimium
473 2240 546 2267 enim
560 2238 695 2272 spicarum
709 2244 761 2263 una
778 2240 818 2263 est
833 2236 939 2266 messis,

995 1647 1133 1682 κνύμενοι,
1146 1647 1193 1672 καὶ
1206 1644 1387 1678 φυλάττοντες
1403 1641 1526 1674 ἑαυτοὺς,
1539 1641 1555 1676 ἢ
1570 1641 1617 1667 καὶ
1635 1640 1667 1667 δι’
1681 1640 1776 1675 ἐξομο-

992 1694 1130 1728 λογήσεως
1142 1693 1189 1718 καὶ
1207 1690 1353 1726 μετανοίας
1367 1688 1543 1724 καθαίροντες
1557 1687 1610 1713 ἀπὸ
1639 1687 1695 1713 τῶν
1726 1695 1776 1720 μο-

991 1739 1101 1774 λυσμῶν
1114 1738 1167 1764 τῶν
1183 1735 1390 1772 προειρημένων
1409 1733 1564 1769 ἁμαρτιῶν,
1579 1733 1626 1760 καὶ
1639 1732 1690 1764 τὰς
1701 1734 1775 1760 ἀντι-

992 1785 1086 1816 θέτους
1098 1785 1151 1810 τῶν
1163 1783 1270 1810 κακιῶν
1286 1781 1388 1816 ἀρετὰς
1401 1779 1594 1816 ἐργαζόμενοι,
1604 1779 1654 1813 τὴν
1673 1779 1776 1813 ἐγκρά-

991 1839 1076 1863 τειαν,
1091 1829 1141 1864 τὴν
1154 1827 1342 1863 σωφροσύνην,
1361 1827 1410 1861 τὴν
1430 1827 1552 1860 ἀγάπην,
1587 1826 1637 1859 τὴν
1661 1826 1776 1860 ἐλεημο-

993 1877 1086 1911 σύνην,
1112 1877 1161 1910 τὴν
1175 1874 1358 1909 δικαιοσύνην,
1373 1874 1422 1909 τὴν
1440 1873 1581 1907 ἀλήθειαν,
1592 1868 1664 1898 οῦτοι
1677 1871 1775 1903 πάντες

992 1923 1157 1952 ἀναστάντες
1184 1921 1344 1947 ἀκούσονται
1374 1919 1437 1954 παρ’
1463 1918 1545 1945 αὑτοῦ
1567 1918 1614 1944 τοῦ
1643 1918 1775 1952 βασιλέως

992 1972 1045 1998 τῶν
1059 1971 1181 2005 οὐρανῶν
1196 1978 1202 1984 ·
1221 1979 1230 1995 ι
1250 1968 1330 1995 Δεῦτε
1345 1969 1370 1994 οἱ
1397 1967 1575 2002 εὐλογημένοι
1596 1965 1643 1992 τοῦ
1670 1965 1776 2000 Πατρός

994 2025 1055 2051 μου,
1073 2016 1296 2050 κληρονομήσατε
1309 2013 1359 2047 τὴν
1374 2012 1581 2048 ἡτοιμασμένην
1610 2011 1674 2046 ὑμῖν
1700 2010 1775 2045 βασι-

993 2063 1068 2089 λείαν
1079 2063 1133 2088 ἀπὸ
1147 2060 1298 2095 καταϐολῆς
1316 2059 1418 2094 κόσμου
1431 2067 1438 2074 ⁸
1458 2068 1468 2085 ι
1484 2058 1530 2085 καὶ
1541 2057 1613 2084 οὕτω
1642 2057 1777 2092 συμῦασι-

993 2105 1118 2132 λεύσουσι
1137 2105 1176 2140 τῷ
1189 2104 1311 2140 Χριστῷ,
1329 2103 1468 2139 βασιλείαν
1497 2103 1621 2138 οὐράνιον
1645 2101 1693 2128 καὶ
1711 2101 1777 2128 ἀσά-

992 2151 1086 2176 λευτον
1101 2150 1365 2185 κληρονομήσαντες,
1380 2149 1426 2175 καὶ
1443 2149 1542 2180 ζῶντες
1557 2148 1601 2175 τὸν
1617 2148 1661 2174 ἀεὶ
1682 2148 1777 2182 χρόνον

993 2197 1022 2223 ὲν
1037 2197 1106 2231 φωτὶ
1121 2196 1269 2231 ἀπορῤήτῳ
1282 2196 1326 2222 καὶ
1349 2195 1502 2230 ἀνεσπέρῳ,
1520 2195 1567 2220 καὶ
1580 2194 1701 2229 μηδεμιᾷ
1713 2202 1777 2220 ποτε

993 2243 1072 2270 νυκτὶ
1082 2242 1301 2277 διακοπτομένῳ,
1327 2241 1374 2268 καὶ
1398 2240 1620 2275 συνδιαιτώμενοι
1644 2241 1703 2271 τοῖς
1730 2239 1777 2267 ἀπ’

156 2287 380 2317 intellectualinm
401 2291 502 2318 autem,
516 2284 622 2319 generis
647 2283 756 2310 humani
775 2281 846 2313 dico,
868 2289 937 2309 unus

994 2289 1088 2320 αἰῶνος
1102 2288 1189 2323 ἁγίοις
1202 2288 1230 2313 ὲν
1247 2288 1359 2323 ἀῤῥὴτῳ
1372 2288 1472 2323 τρυφῇ,
1491 2288 1520 2313 ἐν
1534 2288 1589 2318 τοῖς
1602 2286 1716 2318 κόλποις
1728 2286 1776 2313 τοῦ

157 2339 198 2362 est
211 2342 292 2369 quem
314 2332 434 2360 diximus
450 2337 557 2358 messor
570 2337 602 2356 ex
614 2328 805 2356 incredulitate
822 2335 938 2362 congre-

155 2389 224 2416 gans
234 2379 266 2407 ad
279 2379 358 2406 fidem
369 2386 416 2406 eos
428 2377 474 2412 qui
487 2375 622 2410 rccipiunt
634 2375 770 2410 Evangelii
788 2382 937 2409 praecones.

157 2427 241 2463 Cujus
259 2426 355 2454 messis
371 2431 508 2451 messores
520 2428 582 2449 sunt
598 2421 750 2456 apostoliet
763 2421 859 2448 horum
877 2428 940 2447 suc-

157 2481 280 2502 cessores
295 2477 321 2500 et
338 2479 386 2506 pro
409 2475 530 2504 tempore
547 2468 676 2496 Ecclesia:
692 2468 828 2495 doctores.
848 2467 884 2493 De
898 2466 942 2493 bis

155 2521 282 2548 Christus
297 2525 379 2552 supra
391 2515 460 2544 dixit
474 2523 481 2542 :
498 2525 506 2540 ι
520 2514 570 2548 Qui
584 2514 670 2545 metit,
682 2515 834 2541 mercedem
845 2513 943 2548 accipit

155 2572 182 2594 et
200 2568 347 2600 congregat
361 2563 463 2589 fruetus
475 2562 500 2588 in
511 2562 592 2588 vitam
606 2566 745 2588 aeternam.
759 2559 875 2588 Eoenim
886 2568 945 2587 ma-

154 2614 241 2647 jorem
254 2620 268 2638 a
277 2611 331 2638 Deo
342 2609 472 2645 recipient
479 2607 723 2636 remunerationem
735 2606 842 2643 pietatis
850 2607 945 2634 docto-

157 2669 211 2691 res,
221 2666 274 2694 quo
283 2658 373 2692 plures
382 2657 414 2683 ad
426 2656 505 2682 vitam
518 2661 645 2682 :eternam
663 2655 865 2690 ceugregabunt
882 2661 945 2688 pcr-

157 2713 265 2733 suasos.
277 2703 336 2730 Alia
351 2702 487 2729 adltucest
501 2701 612 2729 ntchis:
626 2701 842 2735 uniuscujusque
852 2708 880 2726 ea
894 2707 943 2726 no-

157 2753 199 2779 liis
218 2759 263 2786 per
281 2755 393 2777 mortem
407 2757 420 2776 a
432 2749 558 2783 pt-resenti
575 2748 625 2775 vita
636 2747 669 2774 ad
686 2747 805 2774 futuram
827 2747 943 2774 transla-

160 2799 207 2830 tio,
227 2805 288 2832 qua:
305 2796 401 2823 messis
412 2802 463 2822 nan
475 2795 613 2830 apostolos
625 2794 670 2821 sed
682 2793 792 2828 angelos
807 2801 942 2821 messores

158 2844 249 2877 habet,
260 2843 404 2878 quialiquo
416 2842 497 2870 modo
511 2841 642 2877 apostolis
656 2844 795 2876 prmstant,
806 2840 870 2875 quia
882 2844 942 2874 post

194 2933 253 2950 "'7‘
271 2933 322 2961 lsa.
344 2940 418 2965 ιλιι,
433 2931 478 2958 24.
516 2931 539 2947 ⁷⁸
555 2930 653 2966 Ephes.
670 2937 696 2961 ν,
715 2930 731 2955 5

715 2929 740 2956 5.
779 2929 801 2945 ⁷⁶
819 2928 900 2962 lbid.,
913 2929 939 2957 6.
977 2929 999 2946 ⁷⁷
1017 2929 1025 2956 1
1040 2928 1104 2956 Cur.
1123 2935 1160 2962 Vl,
1176 2927 1203 2955 9.

994 2335 1131 2370 Ἀϐραὰμ,
1157 2333 1221 2360 ἔνθα
1236 2333 1341 2368 ἀπέδρα
1357 2334 1432 2360 πᾶσα
1447 2332 1538 2367 ὀδύνη,
1555 2332 1603 2359 καὶ
1624 2332 1709 2368 λύπη,
1727 2331 1776 2360 καὶ

992 2380 1152 2415 στεναγμός.
1171 2379 1238 2406 Ἐπὶ
1263 2379 1312 2414 μὲν
1339 2379 1393 2414 γὰρ
1419 2378 1474 2405 τῶν
1495 2378 1607 2413 ἀψύχων
1632 2379 1778 2413 ἀσταχύων

991 2424 1030 2457 εἷς
1045 2427 1116 2453 ἐστιν
1133 2426 1146 2452 ὁ
1161 2425 1301 2460 θερισμὸς,
1319 2425 1365 2451 ἐπὶ
1379 2424 1406 2451 δὲ
1420 2425 1472 2450 τῶν
1484 2423 1600 2458 λογικῶν
1615 2424 1773 2458 ἀσταχύων,

991 2473 1036 2500 τοῦ
1053 2472 1147 2507 γένους
1162 2471 1215 2498 τῶν
1235 2470 1387 2506 ἀνθρώπων
1408 2471 1491 2504 λέγω,
1510 2468 1548 2501 εἷς
1575 2470 1626 2505 μὲν
1650 2470 1726 2496 ἐστιν
1749 2471 1777 2497 ὃν

994 2519 1110 2554 ἔφημεν,
1124 2518 1241 2552 θερίζων
1258 2518 1311 2545 ἀπὸ
1323 2517 1463 2549 ἀπιστίας,
1481 2517 1528 2544 καὶ
1542 2517 1669 2550 συνάγων
1683 2517 1723 2548 εἰς
1735 2516 1778 2543 πί-

994 2574 1053 2592 στιν
1067 2565 1129 2596 τοὺς
1147 2564 1308 2599 δεχομένους
1321 2563 1366 2590 τοῦ
1386 2563 1553 2598 [εὐαγγελίου
1580 2562 1610 2589 τὸ
1637 2563 1777 2597 κήρυγμα,

993 2611 1039 2637 καὶ
1057 2610 1151 2637 τούτου
1172 2610 1218 2636 τοῦ
1235 2609 1366 2645 θερισμοῦ
1388 2608 1510 2644 θερισταί
1539 2609 1608 2634 εἰσιν
1619 2608 1644 2634 οἱ
1659 2608 1707 2634 τοῦ
1723 2609 1778 2634 Κυ-

996 2658 1052 2693 ρίου
1069 2656 1225 2688 ἀπόττολοι,
1238 2656 1286 2682 καὶ
1316 2655 1340 2681 oi
1357 2655 1460 2681 τούτων
1478 2654 1605 2690 διάδοχοι,
1631 2654 1679 2680 καὶ
1709 2654 1778 2681 κατὰ

994 2703 1108 2739 καιροὺς
1128 2703 1152 2728 οί
1167 2702 1216 2737 τῆς
1230 2701 1395 2736 Ἐκκλησίας
1405 2700 1572 2732 διδάσκαλοι,
1587 2700 1651 2735 περὶ
1669 2698 1708 2727 ῶν
1732 2700 1778 2726 καὶ

993 2749 1122 2783 ἀνωτέρω
1143 2746 1218 2774 εἶπεν
1235 2749 1248 2774 ὸ
1268 2747 1448 2783 Χριστδς,ὅτι
1463 2754 1470 2761 ⁸
1502 2755 1510 2773 t
1530 2747 1561 2773 '0
1583 2746 1701 2782 θερίζων
1732 2755 1776 2780 μι-

994 2794 1057 2821 σθὶν
1072 2794 1217 2829 λαμῦάνει,
1237 2795 1282 2820 καὶ
1299 2793 1411 2827 συνάγει
1429 2793 1534 2828 καρπὸν
1561 2793 1600 2824 εἰς
1620 2791 1695 2827 ζωὴν
1711 2791 1774 2818 αἰώ-

993 2849 1049 2868 νιον
1068 2849 1075 2857 ο
1094 2850 1103 2866 ι
1118 2840 1234 2876 ἀμοιϐὴν
1249 2840 1302 2876 γὰρ
1318 2840 1446 2874 τοιαύτην
1473 2839 1603 2874 λήψονται
1621 2839 1698 2874 παρὰ
1712 2836 1777 2865 θεοῦ

1258 2935 1264 2944 ”
1277 2928 1361 2956 Mtttb
1400 2936 1461 2962 νιν,
1480 2927 1514 2955 54
