1888 3067
87 203 134 236 241

89 305 166 332 ὤνιον
177 306 246 338 τοὺς
267 307 448 343 πειθομένους
464 309 636 344 συνάγοντες.
650 310 765 345 Ἕτερος
779 311 807 337 δέ
825 311 884 338 ἐστι

91 351 221 388 θερισμὸς
237 353 254 388 ὴ
271 354 327 380 ἀπὸ
342 355 388 381 τὸν
401 355 520 382 ἐνταῦθα
532 356 601 391 πρὸς
616 357 663 383 τὸν
677 357 810 392 μέλλοντα
826 357 885 392 βίον

91 398 168 433 ὴμῶν
182 399 303 426 ἑκάστου
319 400 363 427 διὰ
381 401 500 429 Θανάτου
528 402 673 437 μετάθεσις
692 411 699 418 ·
720 403 750 434 ὃς
773 403 820 430 καὶ
841 402 885 429 θε-

93 445 186 478 ριστὰς
202 445 234 471 οὺ
264 446 329 478 τοὺς
355 447 533 480 ἀποστόλους,
560 447 628 475 ἀλλὰ
657 449 720 480 τοὺς
751 449 884 483 ἀγγέλους

92 491 156 525 ἔχει,
185 490 300 526 ἔχοντάς
328 501 355 520 τι
379 494 426 520 καὶ
457 493 513 521 τῶν
539 494 698 521 ἀποστόλων
725 495 817 528 πλέον,
842 496 884 522 ὅτι

93 536 139 562 καὶ
154 536 226 570 μετὰ
242 538 289 563 τὸν
313 537 443 573 οερισμὸν
458 539 627 572 ἐκλέγονται,
641 540 688 566 καὶ
708 539 886 575 διαχωρίζου-

95 590 144 612 σιν.
157 581 197 612 ὡς
213 583 269 609 ἀπὸ
285 581 361 609 σίτου
385 583 419 610 τὰ
439 583 558 616 ζιζάνια,
586 584 649 616 τοὺς
675 586 808 620 πονηροὺς
833 586 886 612 ἀπὸ

94 625 147 650 τῶν
164 626 277 659 ἀγαθῶν
295 635 303 643 ·
320 627 368 654 καὶ
386 628 450 659 τοὺς
467 627 518 663 μὲν
530 627 651 662 ἀγαυοὺς
675 628 886 663 προπέμπουσιν

94 672 132 701 εἰς
145 671 196 704 τὴν
210 671 354 706 βασιλείαν
374 673 428 699 τῶν
448 673 581 708 οὐρανῶν,
607 673 670 704 τοὺς
699 673 727 700 δὲ
751 674 886 708 πονηροὺς

96 715 238 749 ῥίπτουσιν
260 718 365 753 εἰς’τὴν
380 719 494 753 γέενναν
520 719 567 745 τοῦ
599 719 696 753 πυρός.
737 719 817 746 Ἀλλὰ
838 720 886 745 καὶ

742 208 910 238 IIOMILIA
928 208 1050 238 XXVII.

87 260 134 286 καὶ
147 260 173 286 οὶ
187 260 239 295 τῆς
255 261 399 294 εὐσεϐείας
419 263 587 297 διδάσκαλοι,
605 264 643 296 ὡς
658 265 726 300 πρὸς
755 265 828 299 ζωὴν
843 265 884 292 αι-

994 271 1050 291 scut
1071 263 1176 298 eligunt
1189 269 1217 291 et
1236 251 1398 292 discernunt
1419 265 1492 291 velut
1512 272 1526 291 a
1547 263 1637 290 tritico
1653 264 1725 290 ziza-

1667 205 1722 236 342

933 309 978 336 nia
995 309 1080 336 malos
1094 316 1108 335 a
1129 309 1221 341 bonis,
1237 314 1264 336 et
1288 310 1376 337 bonos
1396 310 1508 344 quidem
1526 309 1680 337 conducent
1696 309 1723 335 in

933 363 1047 390 regnum
1063 355 1209 387 ccelorunt,
1223 356 1310 382 malos
1320 364 1385 383 vero
1405 357 1514 383 mittent
1531 356 1556 382 in
1571 356 1724 390 gehennam

932 400 1014 435 ignis.
1031 400 1133 428 Horum
1156 401 1290 428 exhibitio
1313 401 1462 429 secundum
1480 401 1582 428 Christi
1606 400 1726 432 Evange-

934 446 1013 477 lium,
1044 446 1103 480 ipso
1135 451 1242 481 tempus
1267 451 1294 474 et
1320 447 1402 474 verba
1430 447 1632 481 suppeditante,
1657 444 1727 471 alias

933 492 1104 519 ostendetur.
1122 491 1232 519 Utinam
1243 499 1272 521 el
1283 501 1332 520 IIOS
1342 494 1413 520 sicut
1426 500 1498 519 nunc
1512 499 1608 519 SlllllllS
1621 490 1726 517 electus

936 537 984 564 Dei
1001 538 1130 572 populus,
1149 545 1217 572 gens
1233 543 1337 571 sancta,
1350 539 1473 566 Ecclesia
1491 538 1536 564 Dci
1554 537 1618 568 vivi,
1635 543 1727 570 segre-

934 585 989 620 gati
1004 586 1038 612 ab
1050 585 1181 613 omnibus
1200 586 1292 620 impiis
1309 590 1336 612 et
1349 585 1521 619 irreligiosis,
1539 585 1575 611 ita
1592 584 1618 610 in
1634 583 1726 609 futuro

936 631 1037 658 smculo
1053 639 1068 658 a
1084 631 1199 659 zizaniis
1214 633 1349 666 segregati
1367 633 1538 659 inveniamur
1554 635 1581 657 et
1603 629 1709 657 salvato
1720 642 1726 648 -

939 684 1000 703 rum
1018 677 1105 704 turbae
1120 677 1239 711 adjuncti
1253 677 1279 704 in
1298 678 1357 712 ipso
1373 678 1484 705 Christo
1502 677 1618 704 Domino
1632 680 1727 702 nostro

939 723 986 757 qui
1002 727 1044 750 est
1058 723 1216 750 benedictus
1231 731 1279 756 per
1295 725 1404 752 secula.
1421 724 1518 750 Amen.

95 763 197 791 τούτων
212 765 229 800 ἡ
243 767 415 802 παράστασις
429 766 461 794 ἐκ
479 767 526 794 τοῦ
543 768 710 802 Εὐαγγελίου
737 767 784 794 τοῦ
809 769 938 802 Χριστοῦ,
954 771 1069 802 διδόντος
1087 772 1170 798 αὑτοῦ
1201 773 1296 808 καιρὸν
1319 775 1365 800 καὶ
1392 773 1480 806 λόγον,
1508 771 1600 798 ἄλλοτε
1620 770 1728 805 δειχθή⁴

96 819 180 838 σεται.
193 812 301 840 Γένοιτο
333 813 361 840 δὲ
395 814 480 849 ήμᾶ;,
494 813 587 850 ὥσπερ
609 814 662 849 νῦν
683 817 766 848 ἐσμεν
804 816 932 847 ἐκλεκτὸς
959 817 1027 844 Θεοῦ
1048 818 1120 850 λαὸς,
1135 820 1212 852 γένος
1241 820 1325 854 ἱερὸν,
1346 819 1495 853 Ἐκκλησία
1518 819 1619 851 ζῶντος
1647 817 1729 844 Θεοῦ,

97 859 287 894 κεχωρισμένη
325 860 434 886 πάντων
467 860 574 888 ἀσεϐῶν
597 870 627 888 τε
657 862 705 890 καὶ
729 862 878 895 δυσσεὸὦν,
893 862 965 890 οὕτω
980 866 1026 890 καὶ
1039 866 1084 891 ἐπὶ
1101 866 1147 892 τοῦ
1165 866 1308 900 μέλλοντος
1319 866 1428 897 αἰῶνος,
1453 866 1507 892 τῶν
1524 866 1573 900 μὲν
1601 863 1729 896 ζιζανίων

97 905 244 940 εὑρεθῆναι
266 908 498 942 κεχωρισμένους.
532 911 565 944 τῇ
600 909 629 936 δὲ
662 910 752 944 μερίδι
786 911 976 946 συνημμένους
1007 912 1060 938 τῶν
1075 913 1248 948 σωζομένων,
1280 914 1309 939 ἐν
1336 913 1410 949 αὑτῷ
1436 913 1547 948 Χριστῷ
1579 912 1616 947 τῷ
1635 912 1730 947 Κυρίῳ

98 952 184 987 ἡμῶν,
199 952 229 984 ὃς
246 954 320 980 ἐστιν
334 955 480 990 εὐλογητὸς
495 956 534 988 εἰς
547 956 609 987 τοὺς
623 957 733 988 αἰῶνας.
744 956 841 992 Ἀμήν.

349 1013 425 1049 151
445 1015 567 1042 OMIAIA
594 1017 656 1042 KZ'.

106 1067 334 1106 Ἐεςρωτηθεῇγα
345 1070 393 1096 καί
405 1070 484 1104 αὕτη
497 1071 532 1097 ἐν
546 1070 584 1103 τῷ
599 1071 689 1106 καιρῷ
699 1071 751 1098 τοῦ
761 1072 868 1105 θέρους
883 1081 890 1088 ·

132 1101 168 1167 gs;
193 1101 214 1140 ᾗ
237 1101 294 1131 ’καί
310 1106 376 1138 περὶ
401 1106 453 1132 τοῦ
472 1101 653 1140 λιέλλοᾶρτοξ
669 1101 742 1142 ἢμῖν
765 1101 890 1142 λόγωιὸῦ

166 1149 258 1172 ρους.

137 1195 146 1211 ι
171 1186 200 1213 '0
214 1187 294 1219 λόγος
310 1187 339 1214 ὃν
352 1187 482 1223 ἐλάλησα,
496 1187 599 1219 ἐκεῖνος
615 1189 704 1223 κρινεῖ
732 1188 825 1220 αὐτὸν,
851 1198 860 1214 ι
878 1190 892 1215 ό

102 1231 204 1266 Κύριος
216 1233 248 1260 ὲν
264 1233 441 1268 Εὑαγγελίοις
454 1234 531 1270 φησί.
542 1234 643 1261 Τοῦτον
658 1234 706 1261 καὶ
720 1234 800 1269 ἡμεῖς
816 1234 892 1269 ὑμίν,

102 1277 231 1311 ἀδελφοὶ,
258 1279 482 1313 καταγγέλλομεν
512 1279 558 1305 τὸν
601 1279 690 1312 λόγον.
717 1279 819 1313 Μηδεὶς
845 1277 893 1305 οὖν

102 1323 198 1354 ἀκοαῖς
227 1324 391 1359 είσδεχέσθω
406 1325 501 1352 τοῦτον
529 1325 567 1357 ὡς
593 1326 633 1356 είς
661 1325 729 1360 ἀέρα
752 1324 892 1359 λυόμενον,

103 1369 161 1395 ἀλλ’
174 1369 214 1401 ὡς
230 1371 347 1404 μένοντα
372 1371 419 1398 καὶ
436 1372 568 1406 μέλλοντα
597 1372 652 1403 τοῖς
677 1371 728 1406 μὲν
749 1371 783 1398 δι’
806 1371 894 1405 ἔργων

104 1415 279 1450 πειθομένοις
296 1416 435 1451 σωτηρίαν
454 1415 594 1450 παρέξειν,
620 1417 676 1447 τοῖς
699 1415 726 1442 δὲ
754 1415 894 1448 ἁθετοῦσι,

105 1462 152 1488 καὶ
164 1461 296 1488 τάναντία
306 1462 351 1488 διὰ
374 1462 428 1488 τῶν
444 1461 533 1496 ἔργων
549 1462 794 1496 ἐπιδεικνυμένοις,
821 1462 896 1489 ἀντι-

105 1508 328 1543 καταστήσεσθαι
341 1507 409 1543 πρὸς
421 1508 532 1542 ἔλεγχον
546 1509 593 1534 ἐπὶ
605 1504 652 1534 τοῦ
668 1508 811 1542 μέλλοντος
835 1516 897 1542 φρι-

107 1553 278 1580 κωδεστάτου
293 1553 415 1589 βήματος
443 1553 562 1581 ἐκείνου.
594 1553 726 1588 Καθάπερ
746 1551 792 1580 οὖν
817 1553 896 1588 ἡμῶν

106 1597 221 1631 Exacto;
237 1599 327 1626 οἰκίαν
340 1602 389 1634 καὶ
403 1599 567 1634 συγγένειαν
589 1600 657 1635 ἔχει,
674 1601 720 1627 καὶ
751 1601 846 1636 ἀγρὸν,
872 1601 896 1626 εἰ

107 1645 196 1681 τύχοι,
207 1647 257 1672 καὶ
267 1646 427 1680 ἀμπελῶνα,
449 1646 490 1674 ἔτι
506 1647 535 1673 δὲ
553 1647 600 1674 καὶ
621 1647 690 1679 ζῶα,
706 1647 837 1682 χρήματά
867 1655 896 1672 τε

108 1692 155 1718 καὶ
181 1692 312 1726 κτήματα
339 1693 469 1728 διάφορα,
492 1693 579 1725 οὕτως
596 1694 671 1728 ἡμᾶς
789 1680 933 1720 πάντωνς

108 1737 212 1764 τούτων
227 1737 272 1764 διὰ
295 1737 345 1773 τὴν
361 1737 444 1764 αὐτοῦ
461 1738 669 1774 φιλανθρωπίαν
690 1739 704 1765 ό
729 1738 795 1770 Θεὸς
819 1739 897 1772 ἡγεῖ·

107 1793 153 1810 ται
165 1793 171 1800 ·
187 1793 198 1810 ι
216 1783 298 1816 Οῐκος
314 1784 369 1819 γὰρ
381 1785 474 1819 ἡμεῖς,
489 1785 572 1819 φησιν
586 1785 600 1811 ὁ
625 1784 799 1817 ’Δπόστολος,
814 1785 896 1819 ἐσμὲν

109 1831 187 1865 Θεοῦ,
216 1831 321 1867 ἐάνπερ
339 1832 389 1867 τὴν
402 1831 550 1866 ὁμολογίαν
566 1832 614 1858 καὶ
632 1831 663 1858 τδ
691 1832 822 1867 καύχημα
846 1832 894 1866 τῆς

110 1877 216 1909 ἐλπίδος
249 1877 331 1913 μέχρι
345 1877 440 1909 τέλους
460 1877 573 1912 βεϐαίαν
599 1877 798 1912 κατάσχωμεν·
823 1886 832 1902 ι
854 1877 897 1903 διὰ

113 1925 161 1959 μὲν
175 1925 226 1960 τῆς
243 1924 389 1960 ὁμολογίας
403 1924 454 1960 τὴν
463 1924 617 1958 εὐσέϐειαν,
629 1924 673 1951 διὰ
686 1924 714 1950 δὲ
726 1924 774 1951 τοῦ
792 1923 897 1958 καυχή-

112 1979 196 2005 ματος
210 1971 260 2005 τῆς
279 1970 386 2002 ἐλπίδος
401 1971 447 1997 τὸν
461 1970 606 2005 Θεάρεστον
631 1970 790 2001 ὑποδεικνὺς
815 1969 871 2004 βίον
889 1977 897 1984 ·

111 2017 148 2048 ὡς
167 2017 217 2044 καὶ
235 2017 326 2048 όΘεὺς
341 2015 402 2043 εἷπε
423 2016 470 2043 διὰ
494 2016 543 2043 τοῦ
569 2017 730 2051 Προφήτου·
759 2025 768 2041 ι
788 2016 898 2042 Γίνεσθε

112 2062 195 2096 ἃγιοι,
213 2062 316 2096 ὖτιὲγὼ
323 2061 401 2095 ἅγιός
416 2062 502 2096 ειμι.»
524 2061 577 2089 Καὶ
585 2062 712 2096 Ἰωάννης
727 2061 898 2096 ὸὴγαπημέ-

111 2116 154 2140 νος
167 2108 207 2143 τῷ
221 2107 332 2143 Χριστῷ
339 2107 473 2140 δείκνυσι,
484 2107 576 2141 ,λέγων
592 2115 600 2123 ⁸
619 2117 628 2134 ι
639 2107 721 2134 οὔπω
737 2107 898 2143 ἐφανερώθη

112 2154 138 2180 τί
153 2154 287 2188 ἐσόμεθα,
302 2154 415 2188 οἴδαμεν
427 2153 458 2180 δὲ
484 2154 525 2180 δτι
543 2154 591 2181 ἐὰν
619 2153 776 2189 φανερωθῇ,
810 2154 900 2188 ὅμοιοι

113 2201 186 2235 αὖτῷ
198 2201 320 2234 ἐσόμεθα
332 2209 339 2216 ·
352 2201 400 2227 καὶ
417 2200 473 2230 πᾶς
484 2201 499 2226 ὁ
518 2201 588 2235 ἔχων
601 2201 649 2236 τὴν
669 2201 765 2227 ἐλπίδα
796 2200 900 2235 ταύτην

113 2247 219 2281 ἁγνίζει
233 2247 339 2279 ἑαυτὸν,
351 2247 446 2277 καθὼς
458 2248 560 2278 ἐκεῖνος
575 2247 656 2281 ἁγνός
670 2247 755 2274 ἐστιν.
773 2256 784 2274 ›
803 2247 902 2282 Ἑσμὲν

113 2293 158 2322 οὖν
172 2295 219 2321 καὶ
233 2293 414 2328 διαμενοῦμεν
427 2291 501 2326 οἶκος
514 2295 561 2321 τοῦ
572 2294 694 2326 είπόντος
705 2303 713 2310 ·
741 2304 750 2320 ι
777 2293 902 2330 Ἐνοικὴ-

115 2350 152 2368 σω
166 2341 196 2367 ἐν
209 2341 303 2371 αὐτοῖς
319 2341 367 2366 καὶ⁵
381 2341 612 2375 ἑμπεριπατήσω,
630 2340 677 2366 καὶ
693 2340 790 2375 ἔσομαι
813 2340 902 2367 αὐτῶν

1205 1017 1345 1045 llOMlLIA
1358 1017 1468 1044 XXVII.

944 1073 1020 1101 Dicla
1037 1074 1116 1101 etiam
1136 1079 1250 1108 tempore
1266 1074 1377 1106 metsis;
1394 1075 1437 1100 ubi
1454 1078 1478 1101 et
1496 1075 1528 1101 de
1547 1074 1640 1108 futura
1656 1073 1730 1100 nobis

1217 1118 1299 1137 messe
1318 1109 1463 1144 spiriluali.

983 1198 991 1214 ι
1009 1187 1107 1216 Sermo
1121 1197 1202 1224 quem
1218 1189 1326 1218 locuttts
1341 1197 1412 1222 sum,
1431 1189 1475 1216 ille
1487 1188 1619 1224 iudicabit
1630 1196 1703 1218 eunt,
1719 1197 1729 1214 ι

943 1233 1013 1261 dixit
1024 1234 1157 1262 Dominus
1172 1235 1198 1262 in
1211 1235 1403 1270 Evangeliis".
1417 1235 1495 1262 Hunc
1514 1235 1602 1266 vobis,
1623 1235 1734 1266 fratres,

945 1286 1098 1306 sermonem
1116 1287 1164 1308 nos
1181 1280 1389 1308 adnuntiamus.
1407 1281 1493 1308 Nemo
1510 1281 1591 1316 igitur
1605 1289 1667 1307 eum
1682 1288 1733 1307 an.

944 1325 1021 1352 ribus
1033 1325 1165 1360 percipiat
1179 1327 1258 1360 quasi
1276 1326 1303 1354 iu
1317 1334 1407 1354 aerem
1428 1327 1559 1358 solutum,
1575 1327 1620 1354 scd
1633 1332 1663 1354 ut
1677 1335 1735 1353 ma-

945 1376 1054 1398 ncntem
1075 1376 1102 1398 et
1130 1372 1244 1399 salutem
1271 1380 1319 1408 per
1333 1380 1416 1408 opera
1436 1373 1515 1400 ﬁdem
1538 1371 1734 1399 exhibentibus

946 1417 1120 1452 largiturum.
1137 1419 1328 1452 spernentibus
1353 1420 1450 1453 [autem
1470 1423 1497 1446 et
1511 1419 1651 1445 contraria
1667 1425 1734 1451 ope-

947 1464 1022 1490 ribus
1035 1463 1238 1499 proferentibus
1254 1465 1279 1491 in
1292 1465 1395 1492 crimen
1412 1465 1620 1492 adversaturum
1635 1464 1661 1490 in
1687 1463 1736 1490 illo

947 1509 1042 1537 futuro
1057 1514 1084 1538 et
1101 1510 1226 1538 horribili
1247 1511 1361 1544 judicio.
1383 1511 1490 1539 Idcirco
1502 1511 1737 1549 quemadmodum

948 1564 998 1584 nos
1011 1557 1111 1590 singuli
1126 1557 1236 1584 domum
1250 1562 1276 1584 et
1286 1562 1418 1592 cognatos
1429 1557 1574 1589 habemus,
1584 1562 1610 1584 et
1625 1564 1734 1591 agrum,

949 1603 1129 1638 fortassisque
1145 1603 1240 1635 vitem,
1250 1604 1339 1631 adhuc
1355 1608 1444 1631 autent
1462 1609 1489 1631 et
1502 1611 1599 1638 pet-ora
1614 1607 1642 1629 et
1657 1611 1737 1629 num-

950 1656 1010 1677 mos
1025 1650 1171 1685 variasque
1187 1650 1306 1683 divitias,
1329 1650 1366 1677 ita
1385 1657 1435 1677 nos
1456 1658 1504 1684 pro
1524 1650 1585 1677 istis
1606 1649 1738 1677 omnibus

951 1702 1063 1730 propter
1088 1695 1261 1723 clement’am
1291 1704 1368 1723 suam
1394 1695 1457 1723 dit'il
1480 1695 1550 1722 Deus
1569 1704 1578 1723 :
1600 1703 1609 1720 ι
1633 1695 1737 1722 Domus

950 1741 1034 1773 enim,
1050 1741 1089 1769 ait
1104 1742 1252 1776 Apostolus
1266 1742 1299 1774 '°,
1320 1741 1366 1769 Dei
1388 1749 1484 1768 smnus
1497 1761 1504 1772 ,
1523 1751 1532 1767 ι
1555 1742 1578 1768 si
1609 1741 1735 1768 ﬁduciam

950 1791 978 1814 et
998 1787 1112 1821 gloriam
1135 1787 1192 1821 spei
1215 1794 1302 1820 usque
1328 1787 1354 1813 in
1373 1787 1452 1813 linem
1484 1787 1590 1813 ﬁrmant
1618 1786 1738 1813 retinea-

951 1840 1012 1859 mus
1022 1831 1056 1864 ⁸⁸,
1072 1832 1153 1859 modo
1165 1840 1213 1866 per
1227 1832 1353 1859 fiduciam
1365 1833 1503 1866 pietatem,
1520 1837 1546 1859 et
1560 1841 1607 1866 per
1621 1832 1735 1867 gloriam

951 1877 1025 1909 ﬁdei,
1042 1877 1096 1905 Deo
1109 1878 1258 1912 placentem
1273 1878 1354 1905 vitam
1374 1878 1555 1912 proferamus,
1569 1879 1649 1905 sicuti
1666 1879 1736 1905 Deus

952 1931 1002 1958 per
1026 1925 1186 1958 prophetam
1214 1923 1306 1950 dixit:
1326 1932 1335 1948 ι
1356 1922 1448 1950 Sancti
1476 1928 1576 1955 estote,
1607 1923 1738 1957 quoniam

951 1975 1002 2003 ego
1018 1973 1131 1996 sanctus
1151 1976 1211 1996 sutn
1225 1969 1258 1996 “.
1278 1977 1287 1994 ι
1308 1967 1341 1995 Ει
1354 1967 1474 1996 Joannes
1491 1968 1601 1995 Christo
1623 1968 1740 1995 dilectus

952 2015 1075 2042 ostendit
1089 2016 1183 2043 dicens
1199 2024 1206 2042 :
1227 2025 1236 2042 ι
1255 2010 1384 2043 Nondum
1403 2015 1530 2050 apparuit
1545 2015 1609 2050 quid
1623 2015 1737 2041 erimus.

953 2061 1060 2090 Scimus
1072 2062 1200 2097 quoniam
1213 2069 1274 2090 cum
1290 2062 1447 2097 apparuerit
1459 2061 1563 2088 similes
1579 2061 1603 2087 ei
1618 2061 1737 2092 erimus;

953 2115 980 2137 et
994 2109 1085 2137 omnis
1102 2109 1148 2144 qui
1165 2109 1246 2136 habet
1269 2108 1340 2135 hanc
1361 2111 1442 2143 spem
1468 2107 1494 2134 in
1520 2115 1563 2140 eo,
1584 2106 1740 2135 sanctiﬁcat

955 2163 996 2189 se,
1015 2156 1087 2183 sicut
1105 2160 1133 2182 et
1157 2155 1202 2181 ille
1221 2160 1332 2182 sanctus
1348 2159 1390 2181 est
1405 2154 1438 2181 ⁸³.
1461 2163 1470 2179 ι
1493 2152 1596 2181 Sumus
1620 2160 1685 2187 ergo
1712 2156 1740 2178 ct

954 2209 1097 2229 manemus
1121 2200 1220 2228 domus
1239 2200 1355 2227 dicentis
1381 2209 1389 2228 :
1417 2209 1426 2225 ι
1446 2199 1608 2227 lnhabitabo
1628 2199 1653 2225 iu
1675 2198 1739 2230 illis,

954 2254 981 2276 et
996 2248 1168 2275 inambulabo
1183 2247 1254 2275 inter
1278 2255 1337 2280 eos,
1355 2251 1383 2274 et
1400 2255 1448 2275 ero
1470 2247 1577 2273 illorum
1597 2246 1668 2273 Deus
1685 2245 1737 2277 “,-

956 2294 978 2321 si
992 2294 1063 2329 piam
1078 2301 1229 2328 puramque
1240 2300 1354 2328 agamus
1365 2293 1461 2320 vitam.
1477 2293 1505 2320 Si
1518 2300 1584 2320 vero
1601 2301 1653 2319 non
1668 2296 1742 2320 recte

956 2344 982 2367 et
1012 2340 1071 2367 sine
1102 2339 1260 2374 poenitentia
1283 2339 1424 2371 vivamus,
1451 2339 1485 2366 ab
1514 2347 1547 2366 eo
1575 2339 1741 2366 audiemus:

114 2388 192 2420 Θεὸς,
216 2397 227 2414 ι
241 2388 289 2414 ἐὰν
302 2387 372 2422 μετὰ
387 2384 438 2421 τῆς
461 2387 604 2418 εὐσεϐείας
629 2387 677 2414 καὶ
705 2386 764 2421 βίον
794 2387 885 2421 ἑχωμε

991 2386 1056 2413 Ecce
1075 2385 1237 2420 relinquitur
1263 2385 1362 2412 domus
1382 2391 1470 2412 vestra
1495 2385 1603 2412 deserta
1624 2385 1665 2419 ⁸¹;
1684 2394 1692 2411 ι
1716 2391 1744 2413 et

116 2436 249 2470 καθαρόν.
271 2434 334 2460 Ἐὰν
345 2433 374 2460 δὲ
387 2434 558 2468 πλημμελῶς
571 2435 619 2460 καὶ
633 2433 827 2468 ἀμετανοήτως
850 2433 904 2465 ζῶ-

117 2491 177 2517 μεν,
193 2480 350 2516 ἆκούοομεν
365 2480 434 2515 παρ’
444 2479 548 2507 αὐτοῦ’
567 2489 579 2504 ι
601 2479 665 2507 Ἰδοὺ
681 2479 791 2514 ἀφίεται
804 2479 818 2505 ὁ
831 2477 905 2510 οἶκος

117 2529 194 2564 ὑμῶν
213 2528 330 2563 ἕρημος,
351 2537 360 2553 ι
374 2527 422 2554 καὶ
437 2526 760 2562 ὲγκαταλειφθησόμεθα,
776 2526 810 2553 ἶν’
835 2527 905 2553 εῐπω

118 2576 198 2603 πάλιν
216 2574 312 2609 τὸτῆς
331 2573 456 2608 Γραφῆς,
480 2582 490 2598 ι
514 2573 557 2604 Ὠς
585 2571 672 2607 σκηνὴ
696 2572 726 2598 ὲν
750 2572 906 2607 ἀμπελῶνι,

953 2433 1187 2467 derelinquemur,
1201 2436 1231 2459 ut
1247 2432 1344 2459 iterum
1360 2431 1509 2459 secundum
1520 2431 1689 2464 Scriptorum
1702 2433 1744 2459 lo-

953 2487 1035 2514 quar,
1054 2488 1063 2505 ι
1079 2483 1110 2506 ιιι
1124 2478 1313 2505 utnbraculum
1329 2478 1355 2504 in
1371 2477 1462 2508 vinea,
1474 2482 1500 2504 et
1512 2477 1584 2504 sicut
1603 2478 1743 2513 tugurium

955 2526 983 2552 in
998 2525 1197 2557 cucumerario,
1213 2534 1223 2550 ι
1241 2532 1312 2559 quae,
1329 2523 1423 2557 elapso
1438 2522 1530 2549 utendi
1547 2526 1682 2556 tempore,
1702 2523 1744 2549 ni-

956 2572 994 2599 hil
1012 2572 1075 2599 boni
1092 2576 1264 2599 asscrvatnm
1286 2570 1438 2598 continent.

119 2622 164 2648 καὶ
174 2621 212 2653 ὡς
224 2619 452 2654 όπωροφυλάκιον
467 2619 495 2645 ὲν
511 2618 662 2654 σικυράτῳ,
682 2627 691 2644 ι
707 2618 770 2644 ὅταν
783 2617 830 2644 τοῦ
849 2618 947 2653 καιροῦ
963 2618 1012 2653 τῆς
1046 2618 1141 2653 χρείας
1176 2617 1387 2652 παρῳχηκότος,
1425 2615 1508 2650 μηδὲν
1531 2615 1651 2650 χρηστὸν
1683 2616 1745 2642 ἐνα-

120 2669 282 2704 ποκείμενον
295 2667 404 2702 ἔχωσιν.

154 2718 217 2743 Ὀτι
231 2716 260 2742 δὲ
274 2715 372 2746 καῖΐώς
390 2714 532 2748 συγγενεῖς
544 2714 618 2748 ἡμᾶς
635 2713 743 2748 ἡγεῖται
758 2713 772 2739 ὸ
788 2712 904 2747 Κύριος,

993 2713 1069 2746 Quod
1087 2716 1178 2739 autent
1192 2710 1265 2738 velut
1276 2714 1407 2745 cognatos
1419 2714 1469 2734 nos
1486 2707 1584 2734 habeat
1598 2706 1742 2735 Dominus:

120 2764 199 2795 αὖτός
215 2764 291 2789 ἐστιν
304 2762 317 2787 ὸ
332 2761 436 2795 λέγων·
465 2770 474 2786 ι
496 2759 545 2791 ’ος
565 2759 598 2786 ἄν
625 2759 727 2794 ποιήσῃ
744 2759 776 2786 τὸ
801 2759 886 2792 ϐέλημ

991 2769 1015 2787 se
1029 2764 1070 2787 est
1083 2759 1130 2793 qui
1146 2758 1212 2785 dicit
1229 2765 1236 2783 ε
1255 2766 1265 2782 ‹
1281 2756 1332 2789 Qui
1352 2755 1448 2782 fecerit
1469 2756 1638 2781 voluntatem
1654 2753 1743 2782 Patris

123 2810 168 2836 τιιῦ
185 2809 293 2844 Πατρός
306 2816 356 2842 μου
374 2807 422 2834 τοῦ
437 2808 465 2834 ὲν
479 2807 615 2841 οὐρανοῖς,
628 2803 707 2834 οὗτος
732 2805 779 2832 καὶ
793 2805 908 2839 ἀδελφός

125 2866 174 2890 μου
185 2856 233 2883 καὶ
247 2854 350 2890 ἀδελφή
368 2862 419 2888 μου
433 2854 481 2880 καὶ
492 2854 586 2889 μήτηρ
605 2852 656 2888 μού
674 2853 758 2879 ἐστιν.
774 2861 784 2877 ι
810 2851 906 2886 Ὁρᾶτε

156 2915 178 2930 τ’
189 2913 267 2940 .loan.
281 2921 331 2943 ιιι,
355 2911 396 2939 ιε.
433 2911 456 2927 ⁸⁰
473 2911 557 2938 lCor.
579 2919 621 2941 ιιι,
638 2911 681 2938 16.
720 2910 740 2926 ⁸¹
760 2910 842 2937 lh-hr.
859 2899 906 2938 ἰιι,
923 2909 950 2936 6.

128 2958 194 2982 λιιι,
211 2949 255 2977 l2:
273 2948 292 2975 ΙΙ
309 2948 370 2976 Con
393 2954 428 2980 vt,
443 2946 486 2974 16.

958 2805 1011 2832 tnei
1027 2805 1074 2840 qui
1088 2808 1130 2832 est
1144 2804 1171 2830 in
1188 2801 1277 2834 ratiis,
1290 2801 1334 2827 hic
1353 2804 1395 2827 est
1412 2799 1498 2826 frater
1511 2807 1599 2831 meus,
1616 2803 1645 2826 et
1665 2807 1745 2826 soror

959 2859 1030 2885 mea,
1052 2857 1080 2879 et
1103 2856 1190 2878 mater
1210 2857 1268 2876 mea
1280 2848 1314 2874 ⁸⁸.
1331 2857 1340 2873 ι
1361 2845 1501 2873 Videtisne
1515 2845 1587 2881 quod
1604 2845 1684 2873 nobis
1699 2853 1746 2873 su-

999 2909 1022 2924 “
1045 2907 1131 2935 Lerit.
1151 2915 1188 2940 xx,
1204 2906 1248 2934 Η.
1304 2906 1351 2933 ⁸³1
1373 2905 1452 2933 Joan.
1478 2913 1516 2939 ιιι,
1537 2906 1564 2933 2.
1615 2905 1638 2921 "
1655 2902 1742 2931 Levit.

516 2981 518 2984 ν
539 2947 562 2964 ⁸³
582 2946 676 2974 Malth.
694 2954 770 2978 xxtu,
788 2947 848 2974 33.‘
870 2946 880 2961 ⁸
905 2944 986 2972 Mare.
1008 2952 1049 2977 tn,
1067 2943 1111 2970 55.
