1888 3067
204 176 259 210 347

816 188 1008 220 GREGORII
1029 190 1192 220 PALAME

1774 198 1826 230 348

205 233 281 264 imus
299 240 326 264 et
343 237 497 274 colligimus
513 248 543 268 ea
557 241 568 268 ?
583 251 592 267 ι
610 241 636 270 id
657 247 696 270 est
718 250 768 276 per
784 250 898 272 mortem
919 247 989 280 rapi»

1066 246 1171 280 ίρισμοῦ
1182 246 1278 273 τούτου
1291 247 1430 282 θεριστὰς.
1448 250 1495 277 καὶ
1509 250 1562 276 τῶν
1573 250 1732 278 ἀποστόλων
1757 253 1828 288 ἔχειν

207 290 268 311 mus
283 291 331 311 eos
346 291 359 310 a
377 286 470 313 terra?
485 286 619 315 Dominus
636 293 727 316 autem
744 291 784 317 eis
796 290 882 318 dixit:
896 300 904 316 ι
917 291 987 326 Non,

207 337 241 356 ne
259 330 327 358 forte
342 332 504 367 colligentes
523 334 630 361 zizania
651 336 797 364 eratlicctis
820 337 901 364 simul
925 346 988 365 cum

206 377 246 405 eis
262 378 384 406 triticum
401 379 436 407 ".
454 389 464 406 ι

1042 300 1069 318 τι
1086 292 1166 319 πλέον
1177 291 1308 326 ἐλέγομεν
1321 294 1411 328 ἡμεῖς.
1433 295 1544 328 Ἰδόντες
1561 294 1608 323 οὖν
1622 298 1646 324 οι
1669 297 1756 325 δοῦλοι
1781 299 1828 326 τοῦ

1043 339 1159 374 Κυρίου,
1176 339 1315 366 τουτέστιν
1328 340 1354 366 οἱ
1366 341 1478 375 ἄγγελοι
1491 342 1538 368 τοῦ
1562 343 1642 376 Θεοῦ,
1657 344 1693 371 τὰ
1723 345 1829 378 ζιζάνια

1044 384 1074 410 ἐν
1088 385 1128 420 τῷ
1143 385 1232 421 ἀγρῷ.
1250 386 1375 413 τουτέστι
1391 388 1454 419 τοὺς
1470 388 1611 421 δυσσεϐεῖς
1628 391 1677 417 καὶ
1695 392 1829 426 πονηροὺς

206 423 369 458 ἀνθρώπους
381 426 575 461 συνδιάγοντας
592 429 662 462 μετὰ
678 429 732 456 τῶν
745 430 854 464 ἀγαθῶν
866 450 873 461 ,
904 431 952 457 καὶ
979 431 1012 466 τῇ
1037 431 1188 466 Ἐκκλησία
1207 431 1255 458 τοῦ
1273 432 1406 467 Χριστοῦ,
1440 434 1486 460 καὶ
1504 435 1602 466 αὖτοὺς
1632 423 1831 471 συμϐιωτεύον·

208 478 267 502 τας,
281 469 357 498 εἷπον
372 473 410 508 τῷ
422 474 517 510 Κυρίῳ
530 483 537 490 ·
571 484 580 500 ι
597 476 690 509 Θέλεις
712 477 878 508 ἀπεὶθόντες
898 477 1069 512 συλλέξωμεν
1086 478 1174 511 αὐτάς
1199 487 1208 504 ι
1232 479 1356 506 τουτέστι
1374 479 1417 506 διὰ
1447 480 1494 507 τοῦ
1534 482 1649 509 Θανάτου
1670 469 1676 471 -
1691 483 1831 519 ὲξάρωμεν

207 518 306 549 αὐτοὺς
323 518 436 554 ἀπὸτῆς
448 520 521 554 γῆς;
548 520 576 548 Ὀ
585 522 612 549 δὲ
630 522 730 558 Κύριος
755 524 822 559 προς
836 524 934 556 αὐτοὺς
958 522 1035 550 εἶπεν
1054 533 1060 540 ·
1081 532 1091 550 t
1112 523 1161 558 Οὒ,
1196 526 1233 560 μή
1253 534 1318 552 ποτε
1342 526 1516 562 συλλέγοντες
1552 529 1586 556 τὰ
1616 529 1725 562 ζιζάνια
1755 518 1830 566 ἐκρι-

210 564 317 599 ξώσητε
333 565 390 600 ἅμα
403 567 492 599 αὐτοῖς
505 568 552 595 τὸν
569 570 652 597 σῖτον.
671 579 681 597 ›

245 609 390 643 Quomodo
408 612 500 647 igiturl
519 614 541 641 si
556 615 661 643 zizania
691 617 875 651 collegissent.
896 624 923 646 et
948 627 996 654 per

209 660 326 684 mortem
341 658 427 685 malos
449 663 583 688 metentes
595 669 641 690 eos
656 670 669 689 a
683 663 766 698 justis
782 665 995 700 separavissent,

212 702 362 731 accidisset
373 709 402 731 ut
419 705 540 733 triticum
553 708 624 742 quod
639 713 725 736 estex
752 710 908 739 hominibus
920 712 995 745 boui,

210 748 416 776 eradicaretur?
437 750 514 785 lmpii
532 756 559 779 et
572 757 731 786 peccatores
744 755 834 789 multi,
849 762 993 792 postquam

211 801 274 820 cum
291 795 342 829 piis
353 799 380 822 et
393 796 474 831 justis
486 797 567 825 simul
584 799 711 833 vixerint,
725 801 891 836 quandoque
907 803 995 837 poeni-

162 847 165 850 '
212 840 296 867 tentia
317 846 527 876 convertuntur,
538 844 649 872 discunt
665 845 794 880 pietatem
815 852 841 874 et
855 848 995 880 virtutem,

212 891 240 913 et
268 893 300 913 ex
327 888 440 915 zizaniis
469 890 589 916 triticum
615 891 702 924 ﬁunt;
732 892 805 920 unde
838 893 939 921 accidit
967 898 996 921 ut

213 932 332 960 triticum
347 933 373 960 in
389 942 478 962 messe
490 942 552 962 cum
566 936 680 964 zizaniis
702 938 872 966 eradicatum
885 939 994 972 fuisset,

213 978 236 1004 si
249 979 282 1005 ab
294 980 397 1014 angelis
410 981 570 1016 priusquam
596 983 770 1017 pmniterent,
796 986 873 1020 rapti.
888 991 994 1015 essent.
1012 976 1033 1003 Β

213 1024 327 1059 Insuper
342 1026 419 1054 multi
432 1026 496 1054 dum
512 1033 577 1055 sunt
587 1029 660 1062 mali,
677 1030 746 1058 ﬁlios
761 1032 905 1066 prolesque
920 1033 998 1060 bona

212 1070 363 1099 voluntatis
372 1073 502 1107 gignunt;
515 1074 575 1102 ideo
586 1076 633 1110 qui
645 1077 735 1103 omnia
746 1078 834 1105 noscit
851 1083 996 1114 antequam

213 1117 290 1149 ﬁant,
305 1119 394 1146 noluit
408 1120 511 1147 zizania
528 1126 592 1148 ante
605 1126 711 1157 tempus
725 1125 872 1152 eradicari.
891 1135 900 1150 ι
930 1125 996 1158 Sed,

213 1165 261 1196 ait,
276 1165 303 1191 in
317 1169 437 1200 tempore
453 1169 549 1195 messis
563 1169 650 1196 dicam
665 1172 834 1199 messoribus
851 1181 858 1200 :
874 1172 999 1208 Colligite

213 1218 244 1237 ea
258 1210 283 1237 in
297 1210 443 1240 fasciculos
458 1213 490 1241 ad
507 1215 724 1243 comburendum
743 1225 750 1250 ;
770 1218 891 1245 triticum
907 1225 997 1246 autem

213 1263 377 1292 congregato
392 1258 418 1285 in
434 1260 563 1287 horreum
595 1269 697 1289 meum.
713 1272 724 1287 ›
753 1263 819 1296 Quae
845 1271 1000 1294 consonant

215 1300 259 1328 his
274 1309 335 1336 qua:
355 1303 485 1332 Dominus
501 1305 565 1332 alibi
594 1307 664 1334 dixit
684 1316 690 1334 :
708 1317 717 1334 ι
755 1309 867 1338 Intravit
897 1319 943 1339 rex
971 1318 1001 1339 ut

216 1345 322 1373 videret
340 1347 554 1382 discumbentes,
571 1356 599 1379 et
614 1352 682 1380 vidit
713 1353 750 1381 ibi
775 1356 914 1384 hominem
945 1366 999 1385 nou

216 1392 344 1419 vestitum
362 1400 437 1421 veste
453 1396 579 1430 nuptiali,
609 1403 636 1426 et
652 1399 753 1428 dixitei
772 1410 779 1428 :
797 1402 903 1434 Amice,
933 1411 1002 1437 quo-

216 1437 298 1464 modo
315 1438 367 1466 huc
383 1439 492 1468 intrasti
509 1450 562 1470 nou
581 1444 685 1474 habens
698 1451 800 1474 vestem
832 1449 1003 1483 nuptialem?

216 1481 252 1509 At
269 1484 314 1512 ille
327 1486 472 1515 obmutuit.
485 1488 560 1517 Tunc
574 1490 641 1518 dixit
652 1499 698 1519 rex
728 1494 862 1522 ministris
870 1481 884 1521 -ε
900 1495 1002 1531 Ligatis

218 1528 334 1562 pedibus
351 1530 411 1564 ejus
425 1537 453 1559 et
471 1534 608 1566 manibus.
628 1536 726 1565 mittite
743 1545 805 1566 eum
822 1540 848 1566 in
876 1528 1001 1568 tenebras

218 1575 390 1606 exteriores;
415 1577 451 1604 ibi
468 1579 520 1606 erit
547 1580 626 1609 ﬂetus
640 1587 667 1609 et
681 1583 782 1611 stridor
804 1585 926 1613 dentium
939 1587 973 1614 ".
990 1597 999 1613 ι

1082 618 1144 650 Πῶς
1157 615 1213 651 οὖν,
1227 617 1307 654 εἴπερ
1321 618 1464 653 συνέλεγον
1476 619 1565 651 αὐτοῖς
1589 620 1624 647 τὰ
1641 621 1762 653 ζιζάνια,
1795 621 1832 648 εῖ-

1046 673 1099 699 περ
1117 664 1345 696 συνεκκόπτοντες
1363 665 1406 692 διὰ
1421 665 1468 691 τοῦ
1479 665 1594 692 θανάτου
1607 666 1672 698 τοὺς
1697 668 1832 702 πονηροὺς

1046 709 1178 746 ὲχώριζον
1197 710 1251 737 ἀπὸ
1265 710 1320 737 τῶν
1332 710 1456 743 δικαίων,
1474 712 1612 739 συνέϐαινε
1631 713 1680 740 καῖ
1690 713 1737 739 τὸν
1749 715 1832 743 σῖτον.

1046 757 1106 791 ἦτοι
1129 756 1194 786 τοὺς
1213 756 1334 789 ἀγαθοὺς
1364 756 1417 783 τῶν
1437 757 1600 791 ἀνθρώπων,
1630 758 1808 792 ἓκριζοῦσῧαι
1825 767 1832 791 ;

1050 801 1148 827 Πολλοὶ
1162 801 1214 827 τῶν
1224 801 1361 828 δυσσεϐὦν
1372 803 1420 829 καὶ
1445 803 1500 829 τῶν
1526 803 1696 838 ἁμαρτωλῶν
1727 804 1834 831 συνδιά-

1049 855 1144 881 γοντες
1156 848 1212 878 τοῖς
1227 846 1346 878 εὐσεϐῶς
1366 847 1410 873 καὶ
1425 848 1537 880 δικαίως
1554 849 1654 884 βιοῦσι,
1666 850 1755 884 χρόνῳ
1769 850 1833 876 ποτε

1050 892 1263 927 μεταϐάλλονται
1287 893 1321 928 τῇ
1349 894 1490 928 μετανοίᾳ,
1518 896 1566 921 καὶ
1595 895 1835 930 μεταμανθάνουσι

1048 938 1097 974 τὴν
1110 939 1251 965 εὐσέϐειαν
1268 939 1314 965 καὶ
1343 939 1391 973 τὴν
1407 940 1518 974 ἀρετὴν,
1547 942 1594 968 καὶ
1617 941 1678 967 ἀντὶ
1708 941 1836 973 ζιζανίων

1049 986 1118 1010 σῐτοι
1130 983 1250 1017 γίνονται
1268 992 1276 998 ·
1297 984 1345 1010 καὶ
1361 984 1432 1011 οὕτω
1446 985 1603 1012 συνέϐαινεν
1625 986 1654 1011 ὲν
1667 987 1700 1021 τῇ
1721 987 1835 1020 συλλογῇ

1049 1029 1102 1055 τῶν
1111 1028 1237 1060 ζιζανίων
1254 1029 1481 1063 συνεκριζοῦσθαι
1497 1030 1544 1057 καὶ
1568 1030 1615 1056 τὴν
1648 1032 1734 1062 σῖτον,
1758 1031 1838 1065 εἴπερ

1050 1074 1220 1108 ὰνὰρπαστοι
1236 1074 1314 1107 παρά
1327 1074 1380 1100 τῶν
1400 1075 1525 1109 ἀγγέλων
1541 1076 1592 1110 προ
1613 1076 1662 1110 τῆς
1689 1077 1837 1110 μετανοίας

1050 1120 1182 1154 ἐγένοντο.
1200 1120 1281 1146 Ἀλλὰ
1299 1120 1347 1146 καὶ
1365 1120 1457 1147 πολλοὶ
1471 1122 1584 1156 πονηροὶ
1608 1122 1694 1154 ὄντες,
1721 1123 1806 1148 τέκνα
1821 1122 1835 1156 ἦ

1051 1165 1149 1199 ἔγγονα
1164 1165 1353 1200 ἀπεγέννησαν
1367 1166 1472 1201 ἀγαθῆς
1489 1166 1677 1201 προαιρέσεως
1689 1175 1696 1182 ⁸
1713 1168 1760 1193 διὰ
1775 1168 1837 1193 τοῖ-

1050 1219 1081 1237 το
1098 1211 1112 1236 ὁ
1128 1211 1217 1237 πάντα
1236 1212 1300 1246 πρὶν
1322 1211 1456 1246 γενέσεως
1469 1213 1547 1243 εἰδὼς
1569 1213 1619 1239 οὑκ
1638 1213 1770 1243 ἐνέδωκεν
1794 1215 1841 1240 ὲκ-

1053 1257 1200 1292 ριζωθῆναι
1225 1257 1278 1293 πρὸ
1301 1257 1398 1292 καιροῦ
1423 1258 1457 1284 τὰ
1479 1257 1587 1290 ζιζάνια
1602 1267 1609 1274 ·
1630 1268 1640 1284 ι
1671 1259 1718 1286 Ἐν
1741 1260 1770 1286 δὲ
1800 1260 1838 1294 τῷ

1052 1302 1139 1337 καιρῷ
1161 1302 1207 1328 τοῦ
1223 1303 1363 1338 θερισμοῦ,
1383 1304 1474 1338 φησιν,
1501 1304 1556 1339 ἐρῶ
1585 1305 1642 1336 τοῖς
1673 1305 1814 1340 θερισταῖς
1829 1314 1836 1320 ·

1052 1348 1201 1381 Συλλέξατε
1220 1349 1329 1384 πρῶτον
1349 1348 1382 1376 τὰ
1393 1349 1509 1381 ζιζάνια,
1523 1350 1571 1376 καὶ
1582 1349 1684 1385 δήσατε
1705 1351 1774 1377 αὐτὰ
1800 1352 1839 1382 εἰς

1053 1394 1156 1430 δέσμας
1174 1395 1241 1428 πρδς
1254 1394 1283 1421 τὸ
1296 1395 1466 1421 κατακαῦσαι
1478 1404 1484 1410 ·
1498 1395 1544 1422 τὸν
1556 1395 1585 1422 δὲ
1609 1397 1684 1422 σῖτον
1717 1398 1839 1430 συναγὰ-

1053 1449 1116 1474 γετε
1130 1441 1170 1471 εἰς
1189 1441 1238 1475 τὴν
1253 1440 1395 1476 ἀποθήκην
1425 1449 1487 1475 μου.
1514 1450 1523 1466 ι
1552 1440 1637 1467 Τοῦτό
1663 1442 1739 1468 ἐστιν
1768 1443 1840 1469 ἄντι-

1054 1495 1132 1521 κρυς,
1149 1487 1217 1522 ὅπερ
1229 1487 1256 1512 ὲν
1270 1486 1356 1520 ἑτέρῳ
1369 1488 1451 1521 φησὶν
1468 1487 1482 1513 ὀ
1503 1486 1617 1521 Κύριος,
1635 1487 1677 1513 ὅτι
1691 1496 1698 1502 ·
1721 1497 1730 1513 ι
1748 1488 1840 1514 Εἰσελ-

1055 1532 1109 1559 θὼν
1123 1533 1137 1558 6
1153 1532 1281 1567 βασιλεὺς
1293 1532 1440 1559 θεάσασθαι
1459 1533 1521 1564 τοὺς
1533 1534 1742 1568 ἀνακειμένους,
1770 1533 1839 1560 εἶδεν

1056 1577 1113 1603 ἐκεῖ
1124 1576 1268 1611 ἄνθρωπον
1390 1577 1439 1604 οὐκ
1459 1577 1632 1612 ἐνδεδυμένον
1661 1578 1762 1613 ἔνδυμα
1794 1580 1842 1613 γά-

218 1619 287 1647 Nam
305 1623 536 1656 quemadmodum
562 1632 718 1656 erantcum
747 1631 826 1659 bouis
850 1633 999 1661 seminibus

1066 1633 1121 1656 tou,
1138 1625 1184 1650 καὶ
1197 1622 1275 1651 εἶπεν
1288 1624 1362 1659 αὐτῷ
1375 1632 1383 1640 ο
1414 1624 1534 1659 Ἑταῖρε,
1553 1624 1611 1656 πῶς
1638 1625 1764 1660 εἰσῆλθες
1789 1624 1840 1652 ὦδε

220 1667 339 1701 zizania,
356 1669 394 1695 ita
412 1669 455 1698 ille
468 1670 538 1703 inter
551 1671 635 1701 bonos
648 1676 778 1708 operibus
793 1678 871 1711 quasi
887 1679 1000 1713 nuptiali

219 1712 339 1746 diploide
356 1714 467 1742 indutos
495 1716 694 1753 discumbebat,
711 1720 757 1754 qui
787 1712 1000 1753 contaminatam

220 1757 376 1793 ftedamque
386 1759 488 1788 ferebat
501 1766 601 1790 vestem
628 1766 750 1799 peccati;
767 1772 793 1794 et
824 1769 1003 1802 quemadmo-

220 1804 282 1830 dum
299 1804 335 1831 ibi
352 1805 457 1833 zizania
480 1808 555 1842 prius
580 1809 686 1843 alligari
701 1811 780 1845 jubet
808 1813 950 1848 Dominus,
976 1820 1004 1843 et

220 1849 361 1878 deindein
384 1851 472 1886 ignem
490 1853 567 1882 illuni
581 1856 679 1888 emitti,
704 1857 741 1884 ita
757 1859 821 1886 etin
850 1860 903 1887 isto
932 1861 1002 1894 loco,

219 1902 282 1922 cum
297 1896 410 1924 dixisset
426 1905 455 1924 ει
479 1898 582 1933 Ligatis
597 1901 724 1930 manibus
735 1907 761 1930 et
773 1904 885 1938 pedibus
898 1905 967 1940 ejus,
991 1916 1000 1932 ›

219 1943 315 1974 postea
327 1941 431 1969 addidit
448 1951 456 1969 :
474 1952 483 1969 ‹
505 1944 605 1972 Mittite
630 1954 692 1973 eum
711 1947 737 1974 in
775 1949 903 1977 teni-bras
929 1954 1006 1977 exte-

220 1985 324 2018 riores;
338 1995 346 2012 ι
361 1991 387 2014 et
401 1988 506 2016 tandem
528 1990 629 2024 adjecit
651 1993 723 2026 quod
743 1993 799 2028 jam
810 1994 864 2022 illic
875 1995 980 2023 dixerat
995 2005 1003 2024 :

223 2039 233 2057 α
250 2031 289 2059 lbi
303 2032 354 2060 erit
370 2032 449 2062 ﬂetus
466 2038 492 2062 et
507 2036 609 2063 stridor
623 2037 757 2071 dentium,
779 2048 788 2065 ι
811 2039 879 2067 adeo
891 2045 919 2068 ut
931 2040 1003 2072 idem

220 2079 453 2113 sonentgehenna
477 2080 548 2116 ignis
563 2087 590 2109 et
615 2082 735 2110 tenebrae
767 2085 929 2112 exteriores.
971 2087 1005 2114 At

220 2130 306 2157 quare
322 2124 398 2152 locus
409 2125 461 2153 iste
479 2127 605 2162 caliginis
624 2129 726 2156 dicitur
739 2131 857 2158 tenebrae
890 2139 943 2158 non
959 2131 1003 2159 in-

221 2169 347 2202 teriores,
365 2172 411 2198 sed
424 2172 593 2201 exteriores?
612 2173 669 2202 Lux
684 2176 744 2203 sine
759 2183 882 2212 vespere,
896 2178 942 2205 lux
956 2186 1003 2206 ve-

220 2222 249 2242 ra
261 2221 288 2243 et
304 2221 404 2244 aeterna
421 2217 447 2244 in
466 2226 518 2253 qua
534 2227 607 2247 nunc
621 2221 729 2255 quidem
752 2227 816 2249 sunt
832 2223 931 2250 animm
959 2224 1005 2259 ju-

220 2267 338 2295 storum,
353 2268 418 2291 tunc
434 2271 499 2291 vero
511 2269 612 2292 etcum
627 2267 789 2301 corporibus
803 2274 884 2295 erunt
902 2271 1002 2302 sancti,

222 2306 294 2335 Deus
310 2312 350 2335 est
365 2317 372 2341 ;
386 2309 444 2343 ipSe
455 2309 528 2336 enim
549 2314 590 2337 cst
605 2311 645 2338 sol
661 2312 783 2346 iustitiae.
797 2321 812 2340 a
828 2321 881 2348 quo
897 2315 963 2347 sole,
975 2319 1003 2342 et

222 2353 283 2380 luce
294 2361 326 2380 ex
336 2361 369 2380 eo
380 2354 479 2381 emissa
495 2355 540 2389 qui
555 2355 656 2391 degunt
671 2357 696 2383 in
712 2359 887 2393 corruptione
896 2364 925 2387 et
936 2360 1007 2395 inju-

223 2399 300 2426 stitia
330 2401 589 2432 suntextrinsccus.
604 2403 652 2429 Sed
668 2402 711 2430 hic
725 2403 823 2430 habent
833 2412 908 2439 spem
922 2406 1009 2440 pomi-

223 2446 326 2478 tentize,
337 2445 465 2474 ctvivunt
477 2447 526 2474 hac
535 2448 657 2475 sensibili
675 2449 733 2476 luce
742 2451 891 2484 gaudentes
900 2459 1005 2480 necnon

221 2492 393 2527 iucunditate
413 2500 493 2528 quam
517 2495 705 2529 praebentaliaz
722 2495 767 2522 Dei
791 2501 934 2530 creaturae,
951 2497 1006 2526 Deo

224 2539 372 2567 clementer
395 2541 546 2569 sustinente
576 2546 602 2569 et
614 2542 806 2576 longanimiter
829 2549 1005 2579 exspectante

224 2592 320 2612 eorum
336 2586 557 2615 conversionem.
572 2588 623 2621 Qui
634 2594 724 2617 autem
738 2590 779 2618 his
795 2591 821 2617 in
845 2591 926 2618 terris
953 2599 1007 2618 non

224 2632 413 2665 pmnituerint,
447 2637 511 2661 tunc
535 2634 616 2661 etiam
645 2635 736 2663 divina
751 2637 957 2671 exspectatione
983 2641 1009 2664 et

224 2679 428 2715 longanimitate
449 2682 558 2715 spoliati
573 2687 600 2709 ct
618 2683 757 2716 voluptate
781 2691 862 2718 quam
883 2691 897 2710 a
928 2691 1008 2711 crea-

226 2725 294 2752 turis
308 2724 355 2752 Dei
375 2726 523 2761 accipiunt,
543 2727 637 2762 sicque
653 2735 667 2755 a
681 2728 736 2756 Deo
753 2728 831 2763 longe
846 2729 921 2763 facti,
936 2729 1009 2765 ipsa-

225 2779 279 2806 que
292 2779 339 2807 spe
355 2773 441 2806 cxuti,
454 2774 715 2802 :eternistradentur
729 2775 883 2810 suppliciis.

225 2820 325 2854 φωτὸς,
341 2821 446 2857 καὶτῆς
457 2821 511 2849 ἀπὸ
522 2821 575 2848 τῶν
588 2821 675 2848 ἄλλων
689 2822 847 2856 κτισμάτων
877 2822 924 2849 τοῦ
940 2822 1007 2850 Θεοῦ
1028 2821 1214 2859 παραμυθίας,
1247 2821 1296 2848 τοῦ
1332 2820 1400 2848 Θεοῦ
1427 2819 1626 2856 φιλανθρώπως

243 2915 266 2930 ³³
286 2915 379 2943 Matth.
396 2916 514 2950 “11,28,
532 2915 578 2943 ‘29.
623 2916 647 2933 "
668 2915 734 2944 ibid.
764 2916 808 2943 J2.

1057 1669 1094 1705 μὴ
1114 1669 1183 1705 ἔχων
1203 1669 1306 1705 ἔνδυμα
1321 1669 1431 1705 γάμους
1455 1670 1484 1696 Ὀ
1501 1670 1527 1696 δὲ
1542 1671 1678 1706 ἐφιμώθη,
1697 1672 1762 1698 Τότε
1779 1670 1840 1699 εἷπε

1053 1717 1110 1745 τοῖς
1124 1716 1269 1748 διακόνοις,
1285 1717 1425 1752 Δήσαντες
1451 1716 1534 1743 αὑτοῦ
1562 1719 1656 1752 χεῖρας
1668 1718 1715 1744 καὶ
1742 1719 1840 1750 πόδας.

1056 1762 1158 1797 ’Λρατε
1170 1761 1262 1794 αὐτὸν,
1285 1763 1331 1788 καὶ
1343 1761 1473 1788 ἐκϐάλετε
1486 1762 1527 1793 εις
1537 1762 1567 1789 τδ
1582 1762 1676 1794 σκότος
1689 1763 1720 1790 τὸ
1745 1763 1843 1796 ἐξώτε-

1056 1817 1102 1844 ρον
1118 1817 1125 1825 ·
1151 1809 1207 1835 ἐκεῖ
1239 1808 1315 1835 ἔσται
1342 1808 1357 1834 ὁ
1381 1807 1521 1842 κλαυθμὸς
1546 1809 1592 1834 καὶ
1614 1809 1628 1834 ὁ
1644 1808 1768 1843 βρυγμὸς
1787 1811 1840 1835 τῶν

1054 1855 1168 1881 ὀδόντων
1180 1863 1187 1870 ·
1212 1864 1221 1881 ι
1239 1854 1334 1889 ὥσπερ
1352 1853 1407 1888 γὰρ
1425 1854 1486 1880 ἐκεῖ
1505 1854 1625 1888 συνῆσαν
1649 1856 1707 1885 τοῖς
1729 1855 1840 1888 ἀγαθοῖς

1057 1901 1196 1935 σπέρμασι
1204 1900 1236 1926 τὰ
1247 1899 1367 1932 ζιζάνια,
1379 1898 1465 1930 οὕτως
1477 1899 1593 1926 ἐνταῦθα
1604 1901 1778 1927 συνανέκειτο
1785 1902 1840 1931 τοῖς

1055 1946 1103 1977 τὰς
1114 1945 1219 1979 ἀγαθὰς
1235 1945 1349 1980 πράξεις
1364 1945 1402 1976 ὡς
1416 1945 1556 1980 νυμφικὴν
1582 1945 1705 1972 διπλοΐδα
1720 1954 1842 1982 περικει-

1057 1991 1148 2027 μένοις
1161 1993 1174 2018 ὁ
1186 1991 1231 2018 τὸν
1243 1991 1469 2026 κατεφθαρμένον
1482 1991 1530 2018 καὶ
1542 1991 1780 2027 κατεσπιλωμένον
1794 2001 1842 2026 φο-

1057 2037 1111 2073 ρῶν
1127 2038 1228 2073 χιτῶνα
1250 2038 1299 2073 τῆς
1323 2038 1459 2073 ἁμαρτίας
1473 2046 1480 2053 ·
1496 2038 1545 2064 καὶ
1575 2037 1703 2074 καθάπερ
1732 2040 1791 2065 ἐκεῖ
1811 2039 1843 2065 τὰ

1056 2083 1164 2117 ζιζάνια
1178 2084 1284 2120 πρῶτον
1300 2084 1409 2119 δεθῆναι
1421 2083 1527 2110 κελεύει
1541 2085 1555 2110 ὁ
1571 2083 1683 2119 Κύριος,
1715 2082 1776 2111 εἶτα
1806 2085 1843 2115 εἰς

1056 2131 1086 2158 τὸ
1095 2131 1150 2167 πῦρ
1163 2131 1252 2157 ἐκεῖνο
1275 2131 1400 2165 ῥιφῆναι,
1421 2129 1494 2157 οὕτω
1517 2131 1564 2157 καὶ
1583 2128 1712 2161 ἐνταῦθα.
1737 2131 1842 2165 πρῶτον

1055 2177 1151 2210 εἰπὼν,
1167 2178 1302 2211 Δήσαντες
1316 2176 1400 2203 αὑτοῦ
1418 2177 1512 2211 χεῖρας
1524 2177 1571 2202 καὶ
1583 2176 1678 2207 πόδας,
1701 2174 1763 2204 εἶτά
1791 2186 1842 2211 φη-

1057 2231 1110 2256 σιν,
1138 2222 1282 2249 Ἐκϐἀλετε
1294 2222 1375 2249 αὑτὸν
1392 2223 1432 2253 είς
1451 2222 1482 2248 τὸ
1509 2221 1603 2252 σκότος
1630 2221 1661 2247 τὸ
1685 2221 1819 2256 ἐξώτερον
1834 2230 1841 2236 ·

1056 2271 1103 2295 καὶ
1115 2269 1253 2302 ἐπήγαγεν
1268 2268 1336 2303 ὅπερ
1347 2268 1394 2295 καὶ
1408 2268 1474 2299 ἐκεῖ,
1487 2267 1527 2293 ὅτι
1543 2267 1602 2293 ἐκεῖ
1614 2266 1690 2292 ἔσται
1706 2267 1721 2293 ὁ
1746 2267 1843 2294 κλαυο-

1019 2312 1040 2340 D
1057 2315 1105 2349 μδς
1131 2315 1179 2341 καὶ
1206 2314 1219 2340 ὁ
1244 2313 1366 2349 βρυγμὸς
1399 2312 1454 2339 τῶν
1477 2312 1611 2339 ὀδόντων
1640 2311 1713 2338 ὥστε
1724 2313 1755 2338 τὺ
1779 2313 1843 2339 αὑτό

1062 2362 1119 2387 ἐστι
1134 2361 1166 2394 τῇ
1182 2359 1278 2394 γεέννῃ
1306 2358 1353 2384 τοῦ
1376 2358 1460 2393 πυρος
1474 2357 1504 2384 τὸ
1529 2357 1624 2389 σκότος
1653 2357 1682 2383 τὸ
1699 2356 1841 2393 ἐξώτερον.

1066 2406 1149 2433 Ἀλλὰ
1160 2405 1218 2437 πῶς
1243 2405 1322 2431 τοῦτο
1337 2405 1538 2439 ἀφεγγέστερον
1560 2403 1599 2435 δν,
1625 2403 1676 2430 οὐκ
1706 2404 1842 2438 ἐνδότερον

1060 2452 1156 2482 σκότος
1169 2451 1289 2484 λέγεται,
1302 2450 1360 2477 ἀλλ’
1377 2450 1510 2485 ἐξώτερον
1525 2458 1531 2483 ;
1548 2449 1606 2481 Φῶς
1619 2449 1775 2484 ἀνέσπερον
1795 2450 1840 2476 καὶ

1059 2498 1185 2532 ἀληθινὸν
1198 2498 1243 2524 καὶ
1257 2497 1351 2530 ἀῖδιον,
1370 2497 1399 2524 ὲν
1419 2493 1441 2530 ᾧ
1462 2495 1509 2523 νῦν
1528 2496 1581 2522 εἰσι
1604 2495 1659 2521 τῶν
1671 2495 1787 2522 δικαίων
1810 2495 1842 2521 τὰ

1059 2544 1213 2578 πνεύματα,
1228 2543 1287 2570 τότε
1303 2543 1331 2569 δὲ
1344 2543 1390 2569 καὶ
1405 2542 1474 2577 μετὰ
1490 2541 1613 2576 σώματος
1629 2543 1653 2567 οι
1673 2543 1748 2575 ἅγιοι
1774 2541 1842 2567 ἔσον-

1057 2598 1113 2622 ται,
1124 2591 1138 2616 ὁ
1152 2590 1217 2621 Θεός
1230 2589 1304 2616 ἐστιν
1317 2597 1325 2605 ·
1341 2589 1421 2620 αὐτὸς
1438 2588 1493 2623 γάρ
1521 2588 1593 2614 ἐστιν
1604 2589 1617 2613 ὁ
1634 2589 1684 2622 τῆς
1709 2586 1842 2613 δικαιοσύ-

1057 2646 1106 2672 νης
1120 2637 1194 2672 ἥλιοε
1212 2644 1218 2652 ⁸
1236 2636 1282 2663 τοῦ
1296 2636 1371 2670 ἡλίου
1383 2636 1411 2662 δὲ
1425 2635 1531 2667 τούτου,
1543 2635 1590 2661 καὶ
1610 2634 1657 2660 τοῦ
1674 2634 1742 2668 παρ’
1763 2632 1842 2660 αὐτοῦ

1059 2685 1157 2718 φωτὺς,
1175 2685 1222 2709 καὶ
1240 2683 1287 2709 νῦν
1303 2683 1327 2710 ol
1342 2682 1442 2714 ζῶντες
1465 2683 1495 2708 ἐν
1508 2680 1665 2715 ἀκαθαρσίᾳ
1688 2680 1736 2706 καὶ
1755 2679 1842 2713 ἀδικίᾳ

1058 2730 1111 2762 ἐξω
1141 2731 1220 2761 εἰσὶν,
1242 2729 1299 2756 ἀλλ’
1328 2729 1435 2764 ἔχουσιν
1452 2727 1570 2754 ἐνταῦθα
1594 2726 1643 2762 τὴν
1675 2725 1773 2752 ἐλπίδα
1797 2725 1843 2757 τῆς

1062 2776 1218 2811 μετανοίας,
1237 2776 1285 2802 καὶ
1298 2775 1364 2808 ζῶσι
1381 2774 1427 2801 τοῦ
1440 2772 1571 2808 αἰσθητοῦ
1595 2771 1643 2800 νῦν
1661 2771 1842 2800 ἀπολαύοντες

1669 2817 1841 2853 ἀνεχομένου,
