1888 3067
43 206 91 237 349
243 249 249 254 .
694 207 820 239 Ποιιιι

892 211 1018 242 XXVII.
1608 213 1661 245 350

42 262 86 289 aut
100 259 283 296 μακροθύμως
315 261 494 296 ἐκδεχομένου
519 261 568 296 τὴν
603 261 706 289 τούτων
729 264 912 299 ἐπιστροφήν.
939 267 971 292 0t
995 267 1023 293 δὲ
1055 266 1092 302 μὴ
1129 267 1349 303 μετανοήσαντες
1373 268 1500 300 ἐνταῦθα,
1531 268 1592 295 τότε
1614 267 1660 294 καὶ

41 308 87 342 τῆς
116 308 192 339 θείας
219 308 319 343 ἀνοχῆς
348 308 396 334 καὶ
425 308 620 344 μακροθυμίας
633 309 823 345 στερηθέντες,
844 311 891 338 καὶ
918 312 968 348 τῆς
987 314 1041 341 ἀπὸ
1062 315 1116 341 τῶν
1148 315 1284 350 αἰσθητῶν
1323 316 1369 342 τοῦ
1400 316 1467 342 Θεοῦ
1502 317 1660 352 κτισμάτων

42 355 224 388 ἀπολαύσεως,
238 357 286 382 καὶ
298 356 370 384 οὕτω
384 357 431 383 τοῦ
443 357 510 384 Θεοῦ
523 357 691 394 πορρωτέρω
705 360 848 393 γεγονότες
863 360 910 386 καὶ
928 362 1013 398 αὐτῆς
1047 363 1096 398 τῆς
1130 363 1236 396 ἐλπίδος
1269 364 1499 399 ἀπεστερημένοι,
1525 365 1558 399 τῇ
1596 365 1662 390 atm-

41 405 87 440 νίῳ
103 404 338 440 παραδοθήσονται
354 405 474 433 κολάσει.

75 451 127 477 Καὶ
143 450 192 477 νῦν
207 451 255 485 μὲν
270 450 322 482 ἔξω
333 451 380 478 τοῦ
394 451 523 486 ἀληθινοῦ
535 452 624 486 φωτὸς
641 452 729 485 ὄντες,
758 451 822 485 ἐξώ-

911 452 989 480 Nunc
1002 452 1112 487 quidem
1128 452 1208 488 longe
1236 457 1329 481 sunta
1363 460 1430 480 vero
1454 452 1567 484 lutnine,
1595 457 1661 481 tunc

41 505 114 531 τερον
128 496 167 528 δὲ,
180 496 307 532 καθάπερ
328 497 446 531 ἔφημεν,
462 497 558 525 τούτου
581 497 642 524 τότε
671 497 822 532 γεγονότες,

879 498 1179 531 vern,'sicutdiximus,
1191 498 1224 526 ab
1238 507 1269 526 c0
1281 499 1388 533 longius
1401 499 1476 530 ﬁent,
1489 503 1516 525 et
1539 498 1661 525 exterio-

43 544 85 569 καὶ
103 542 141 578 τῷ
175 543 301 578 ὲξωτέρῳ
334 542 382 569 τοῦ
412 543 488 574 ὄντος
515 544 603 577 φωτὸς
627 544 824 578 παραδοθέντες
879 544 954 572 ribus
972 551 1065 571 avero
1082 544 1185 572 lumine
1202 544 1321 571 tenebris
1348 543 1504 575 traduntur,
1540 548 1566 570 et
1595 551 1661 570 cott-

45 590 138 618 σκότει,
152 589 200 615 καὶ
214 589 247 623 τῇ
270 589 479 624 ἀπαραμυθήτῳ
501 589 589 624 θλίψει
615 590 662 616 καὶ
696 598 827 624 στενοχω-

42 635 94 670 pie,
109 634 147 666 ὡς
162 634 210 661 καὶ
220 636 234 661 ὁ
255 635 415 666 Ἀπόστολός
430 635 573 670 φησιν,ὃτι
584 642 592 651 ·
624 644 633 661 ‹
645 635 681 662 Τὸ
707 635 825 671 χρηστὸν

42 680 85 707 τοῦ
100 680 168 706 Θεοῦ
177 682 217 712 είς
232 681 377 715 μετάνοιάν
394 689 422 707 σε
434 681 506 715 ἄγει,
523 681 592 708 κατὰ
612 681 641 707 δὲ
663 681 713 717 τὴν
743 681 826 716 σκλη-

43 727 140 761 ρότητά
167 735 215 753 σου
236 728 284 754 καὶ
298 727 481 762 ἀμετανόητον
509 727 827 763 καρδίαν””θησαυρίζεις

44 773 146 809 σεαυτῷ
158 773 244 810 ὀργὴν
271 775 300 801 ἐν
320 774 413 809 ἡμέρᾳ
434 774 521 809 ὀργῆς
548 775 595 801 καὶ
627 775 826 809 δικαιοκρισίας

41 820 87 846 καὶ
104 819 305 855 ἀποκαλύψεως
329 820 409 847 Θεοῦ.
428 830 436 845 ι
472 820 572 856 Ὀργὴν
600 821 628 847 δὲ
652 821 755 856 Κυρίου
784 821 827 852 τίς

41 866 163 898 ὑποίσεις
188 866 237 898 Τῖς
258 867 389 900 ὑπομενεῖ
411 866 472 893 τότε
497 867 543 893 τὶν
569 866 677 902 ἔλεγχον
709 867 757 893 καὶ
777 867 826 902 τὴν

41 912 171 948 αἰσχύνην
184 912 302 946 ἔκείνην,
315 913 348 948 ἣν
361 906 501 944 angat-tab
510 913 576 947 ἡμῖν
588 914 602 940 ό
619 913 721 948 Κύριος
745 914 774 940 ὲν
789 913 827 948 τῷ

40 957 198 992 Εὑαγγελίῳ
217 958 260 984 διὰ
284 958 333 992 τῆς
349 958 520 992 παραϐολῆς,
537 959 623 992 λέγων
640 959 708 994 πρὸς
725 959 771 986 τὸν
790 960 827 991 ὡς

39 1003 158 1035 δυσειδὲς
173 1004 276 1038 ἔνδυμα
290 1004 339 1038 τῆς
355 1004 492 1039 ἁμαρτίας
508 1005 720 1039 περικείμενον·
737 1014 745 1030 ι
765 1005 828 1036 Πῶς

40 1049 162 1083 εἰσῆλθες
177 1045 234 1083 Mel
249 1049 285 1084 μὴ
301 1049 370 1084 ἔχων
384 1049 486 1084 ἔνδυμα
497 1049 588 1084 γάμου
604 1059 611 1082 ;
629 1059 637 1075 ι
651 1051 695 1077 τὸν
716 1059 827 1086 κεχαρι-

40 1095 160 1130 τωμένον
183 1095 233 1130 τῆς
256 1095 355 1130 ἀρετῆς
367 1096 490 1130 κόσμον;
510 1096 635 1127 κάκεῖνος
652 1096 705 1131 γὰρ
722 1096 823 1131 ἐφιμώ-

40 1141 83 1175 θη,
97 1141 134 1176 μὴ
149 1141 430 1176 ἑχωνδιᾶραιστόμα.
444 1141 490 1172 Τίς
514 1142 646 1176 ὑπομενεῖ
673 1142 722 1176 τὴν
751 1142 825 1168 θείαν

41 1187 99 1221 μετ’
116 1186 202 1221 ὀργῆς
216 1187 355 1220 ἀπόφασιν
369 1187 488 1221 ἐκείνην,
504 1188 550 1214 καί
569 1188 618 1222 τὴν
633 1187 686 1214 τῶν
703 1187 825 1222 ἀγγέλων

40 1234 79 1264 εἰς
95 1233 270 1267 ἐκπλήρωσιν
283 1233 390 1267 ἐκείνης
404 1233 591 1268 αψοδροτὰτην
619 1233 716 1269 ὁρμὴν,
746 1234 826 1269 ἀναρι

41 1279 180 1311 παζόντων
193 1278 240 1305 τὸν
254 1279 420 1313 κατάκριτον
443 1279 497 1306 ἀπὸ
530 1279 577 1306 τοῦ
602 1280 684 1315 χοροῦ
710 1279 764 1306 τῶν
788 1280 826 1306 δι-

40 1327 136 1357 καίων,
152 1326 200 1351 καὶ
211 1324 383 1360 χωριζὸντων
392 1326 430 1356 ὡς
450 1326 484 1351 τὰ
507 1325 618 1357 ζιζάνια
637 1325 689 1351 ἀπὸ
706 1324 752 1351 τοῦ
786 1325 826 1351 σίο

39 1379 97 1403 του,
115 1371 163 1396 καὶ
174 1370 349 1405 δεσμούντων
370 1370 503 1405 ἀνηλεῶς,
531 1371 578 1397 καὶ
600 1370 741 1397 ὠθούντων
774 1370 823 1404 φεῦ

39 1417 77 1448 εἰς
94 1417 143 1451 τὴν
160 1417 272 1450 γέενναν
285 1417 291 1443 ί
305 1416 352 1448 Τίς
365 1417 500 1448 ὑπομενεῖ
513 1416 544 1443 τὺ
565 1416 708 1451 ἐξώτερον,
725 1417 772 1443 καὶ
784 1418 824 1448 είς

38 1462 141 1493 αἰῶνας
154 1462 309 1496 ἀφώτιστον
317 1463 405 1489 ὲκετνο
423 1462 527 1494 σκότος,
543 1463 588 1489 τὸν
610 1462 750 1490 ἄπαυστον
779 1463 825 1489 καὶ

39 1508 257 1542 ἀπαραμύθητον
284 1508 316 1534 ὲκ
348 1508 464 1544 σφοδροῦ
492 1509 607 1540 πένθους
632 1508 742 1540 κλόνον,
778 1510 824 1535 καὶ

39 1554 161 1588 βρυγμὸν
172 1554 221 1580 καὶ
233 1555 422 1589 συγκρουσμὸν
435 1554 489 1581 τῶν
502 1555 633 1587 όδόντωνς
647 1555 696 1590 τὴν
707 1555 823 1590 ἄληκτον

39 1602 86 1628 καὶ
103 1601 241 1634 ἀφόρητον
258 1601 289 1626 ἐκ
309 1600 359 1635 τῆς
376 1601 500 1633 καύσεως
518 1601 614 1636 ὀδύνην
633 1602 679 1628 τοῦ
691 1602 823 1628 ἀσόἐστου

39 1647 140 1682 πυρόςς
153 1644 209 1673 οἷον
220 1647 249 1673 δὲ
263 1647 293 1673 τδ
301 1646 357 1682 πῦρ
374 1647 474 1680 ἐκεῖνο,
494 1647 508 1674 ὃ
523 1648 571 1674 καὶ
592 1648 728 1682 σωμάτων
741 1648 826 1674 ἆπτε-

38 1699 91 1721 ται,
105 1690 151 1716 καὶ
166 1689 222 1716 τῶν
235 1691 263 1715 ἐν
277 1689 399 1724 σώμασιν
412 1691 508 1723 ὄντων,
524 1691 570 1718 καὶ
584 1692 638 1718 τῶν
650 1692 700 1718 οὐκ
713 1693 742 1718 ὲν
773 1692 825 1719 σώ-

39 1742 106 1767 μασι
124 1734 322 1768 πνευματικῶν
346 1735 447 1761 ὀδυνῶν
467 1735 525 1770 ἃμα
555 1736 603 1763 καὶ
632 1738 824 1772 παρακατέχον

879 544 954 572 ribus
972 551 986 570 a
1001 552 1065 571 vero
1082 544 1185 572 lumine
1202 544 1321 571 tenebris
1348 543 1504 575 traduntur,

879 590 984 617 tritioni
999 590 1058 618 sine
1072 590 1125 617 ullo
1154 590 1286 617 levamine
1299 593 1326 616 et
1360 589 1506 624 angustiis,
1530 589 1662 623 quemad-

880 637 990 664 modum
1008 636 1076 664 dixit
1090 636 1255 671 Apostolus:
1278 645 1287 662 ‹
1303 635 1471 671 Benignitas,
1488 635 1585 669 inquit.
1613 635 1661 662 Dei

880 680 912 708 ad
929 680 1116 714 paenitentiam
1131 685 1158 708 te
1176 680 1305 712 adducit;
1322 680 1473 707 secundum
1507 684 1597 707 autem
1611 680 1663 706 du-

878 727 968 754 ritiam
998 732 1071 758 tuam
1097 733 1125 754 et
1142 728 1317 762 impaenitens
1341 735 1398 759 cor,
1422 727 1592 754 thesaurizas
1611 727 1661 754 tibi

879 774 946 799 iram
961 773 987 800 in
1001 774 1044 800 die
1054 773 1109 804 ine,
1122 778 1149 799 et
1162 773 1335 800 revelationis
1347 772 1412 807 justi
1429 772 1525 807 judicii
1539 772 1585 799 Dei
1596 772 1630 799 ".
1647 781 1657 797 ι

879 818 947 845 Iram
966 823 1057 847 autem
1074 819 1181 846 Domini
1216 819 1278 853 quis
1308 819 1473 846 sustinebit?
1500 818 1569 852 Quis
1596 824 1662 845 tunc

878 865 990 892 sutl‘cret
1045 865 1274 899 vituperationem
1329 865 1402 891 illam
1450 869 1477 892 et
1521 865 1664 892 crnlusio-

877 919 939 938 nem
958 918 1038 946 quam
1061 912 1223 938 monstravit
1251 911 1330 938 nobis
1353 911 1484 938 Dominus
1506 911 1534 938 in
1569 910 1661 937 Evan-

879 959 949 994 gello
975 965 1022 992 per
1052 958 1208 990 parabolam
1233 957 1326 985 dicens
1345 958 1378 985 ad
1409 965 1472 985 eum
1497 958 1543 992 qui
1572 957 1662 985 defor-

878 1005 914 1031 mi
942 1005 1100 1032 indumento
1131 1005 1236 1039 peccati
1264 1004 1456 1031 vestiebatur:
1476 1012 1485 1028 ‹
1517 1003 1661 1036 Quomodo

879 1050 931 1076 huc
949 1049 1055 1077 intrasti
1078 1057 1130 1077 non
1160 1049 1262 1076 habens
1297 1054 1399 1075 vestem
1428 1048 1574 1083 nuptialem
1584 1048 1606 1064 "
1624 1067 1630 1079 ,
1649 1057 1658 1073 ι

879 1096 1065 1131 gratissimum
1083 1096 1189 1123 virtutis
1212 1096 1337 1123 cultum?
1367 1095 1414 1122 llle
1432 1095 1503 1122 enim
1526 1094 1662 1120 obmutuit

878 1151 930 1169 nun
946 1143 1048 1170 habens
1064 1150 1118 1177 quo
1129 1150 1159 1170 os
1172 1142 1302 1177 aperiret.
1319 1141 1387 1174 Quis
1401 1139 1551 1168 sustinebit
1561 1140 1660 1166 iratam

878 1188 950 1215 illam
965 1188 1012 1215 Dei
1029 1187 1205 1220 sententiam,
1221 1191 1248 1214 et
1259 1185 1532 1214 vehementissimum
1562 1185 1595 1211 ad
1627 1184 1660 1210 il-

877 1234 930 1260 lant
963 1234 1126 1269 implendam
1155 1233 1314 1267 angelorum
1350 1232 1492 1266 impetum,
1521 1230 1568 1265 qui
1594 1237 1661 1256 con-

877 1279 1034 1307 demnatum
1046 1287 1061 1306 a
1077 1279 1187 1314 regione
1198 1278 1339 1313 justorum
1370 1277 1499 1313 eripient,
1510 1281 1537 1303 et
1569 1282 1662 1310 segre-

877 1325 979 1360 gabunt
992 1325 1181 1352 velutzizania
1197 1331 1212 1351 a
1233 1323 1335 1356 tritico,
1349 1327 1377 1350 et
1395 1323 1455 1350 sine
1468 1321 1659 1349 misericordia

876 1371 1029 1405 alligatum,
1042 1370 1094 1397 heu
1114 1370 1120 1396 !
1137 1370 1246 1397 mittent
1261 1370 1287 1396 in
1302 1368 1472 1403 gehennam!
1491 1366 1559 1400 Quis
1574 1365 1663 1394 susti-

876 1416 950 1444 nehit
965 1416 1116 1443 exteriores
1131 1415 1191 1443 illas
1202 1419 1229 1442 et
1255 1415 1281 1441 in
1293 1413 1391 1442 saacula
1416 1412 1574 1447 spissaudas
1588 1417 1663 1439 tene—

876 1463 951 1495 bras,
965 1466 991 1489 et
1008 1462 1169 1489 continuum
1196 1466 1222 1488 et
1233 1461 1291 1488 sine
1313 1460 1449 1487 levantine
1473 1457 1662 1485 miserandum

876 1516 909 1535 ex
937 1508 1086 1535 vehementi
1117 1514 1235 1534 mcerore
1265 1507 1424 1537 tumultum,
1455 1509 1481 1532 et
1516 1503 1662 1531 stridorem

877 1555 1066 1588 crepitumque
1091 1552 1232 1580 dentium?
1248 1552 1309 1586 quis
1336 1551 1497 1579 continuum
1511 1553 1538 1577 et
1564 1549 1663 1576 intole-

876 1601 989 1628 rabilctn
1009 1607 1063 1634 prae
1079 1600 1222 1627 adustione
1237 1599 1309 1634 ignis
1336 1596 1566 1632 inexstinguibilis
1583 1596 1662 1622 dolo-

876 1646 1032 1681 rem'!quis
1048 1646 1122 1672 illum
1151 1645 1240 1680 ignem
1267 1643 1313 1678 qui
1339 1647 1392 1671 tam
1417 1649 1532 1676 corpora
1561 1641 1660 1675 tangit,

876 1698 957 1725 quam
974 1690 1089 1725 spiritus
1103 1690 1160 1717 sive
1187 1689 1349 1723 corporibus
1370 1688 1424 1714 sint
1453 1687 1519 1713 uniti
1537 1686 1592 1713 sive
1606 1693 1661 1713 tton

876 1737 940 1768 sint,
954 1736 1121 1762 immortales
1139 1733 1290 1761 cruciando
1318 1732 1502 1767 amplectitur,
1522 1738 1569 1766 per
1579 1738 1661 1766 quem

38 1781 168 1809 ἀθάνατα,
188 1779 222 1805 δι’
238 1776 268 1806 οὗ
291 1780 337 1806 καὶ
354 1780 384 1806 τὺ
409 1780 469 1806 καθ’
484 1781 557 1815 ἡμᾶς
584 1781 639 1816 πῦρ
661 1783 822 1817 τακήσεται,

879 1783 957 1810 etiam
971 1782 1041 1817 ignis
1069 1786 1160 1808 noster
1192 1781 1380 1812 comburetur,
1415 1783 1496 1813 prout
1526 1777 1661 1812 scriptum

37 1827 105 1852 xui
119 1827 146 1852 τδ
161 1826 370 1860 γεγραμμένον,
387 1827 508 1861 στοιχεῖα
523 1827 551 1853 δὲ
566 1827 726 1863 πυρούμενοι
737 1829 822 1861 τήκε-

36 1881 89 1898 ται.
111 1872 181 1906 Ὂση
214 1872 243 1898 δὲ
269 1872 318 1905 τῆς
347 1871 442 1906 ὀδύνης
467 1873 609 1908 προσθήκη
734 1874 824 1908 τὸτῆς

36 1917 250 1952 ἀπολυτρώσεως
265 1918 469 1952 ἀπροσδόκητον
483 1926 490 1950 ;
505 1918 539 1943 Τί
550 1918 578 1944 δὲ
595 1918 625 1944 τὸ
640 1919 706 1953 μηδὲ
719 1918 785 1954 όρᾷν
805 1916 822 1956 ᾗ

36 1961 118 1988 κακοῦ
136 1961 257 1997 κείμεθα
271 1971 279 1995 ;
295 1963 342 1988 καὶ
355 1963 410 1996 γὰρ
423 1962 576 1996 ἀφώτιστον
593 1964 683 1989 ἐκεῖνο
698 1964 728 1990 τὸ
743 1963 800 1999 πῦρ
814 1972 821 1979 ⁸

35 2006 108 2040 οὗτος
122 2009 151 2035 δὲ
165 2011 181 2035 ὁ
198 2009 325 2044 θερισμὸς
343 2009 448 2041 cacus;
462 2010 520 2036 ἐστι
534 2011 581 2036 καὶ
602 2011 634 2045 τῇ
653 2010 735 2036 ἆλωνι
752 2011 824 2036 ὲκεί-

36 2063 76 2091 νη.
97 2056 130 2090 ἢν
148 2057 162 2081 ὸ
181 2055 301 2089 Χριστὸς
328 2055 450 2090 κατέχων
471 2057 502 2082 τὸ
526 2057 611 2082 πτύον
639 2057 667 2082 ὲν
690 2057 723 2090 τῇ
750 2057 823 2091 χειρὶ

36 2100 113 2127 αὑτοῦ
145 2100 338 2134 διακαθαριεῖ,
370 2101 408 2133 ὡς
433 2102 447 2128 ὁ
476 2102 634 2137 Πρύδρομος
664 2102 747 2129 αὑτοῦ
776 2103 824 2130 καὶΙ

36 2147 193 2182 Βαπτιστὴς
213 2147 316 2179 ἐδίδαξε
337 2155 344 2163 ·
365 2148 409 2174 καὶ
429 2148 475 2174 τὸν
497 2148 546 2183 μὲν
562 2150 635 2175 σῖτον
659 2148 767 2180 συνάξει
783 2149 823 2180 είς

35 2193 79 2228 την
95 2193 243 2228 ἀποθήκην
256 2193 350 2224 αὑτοῦ,
365 2193 395 2220 τδ
409 2193 437 2220 δὲ
454 2194 556 2229 ἄχυρον
572 2195 742 2221 κατακαύσει
755 2195 823 2230 πυρὶ

36 2239 158 2273 ἀσϐέστῳ
174 2247 183 2255 '
195 2238 245 2270 τὰς
262 2239 316 2273 γὰρ
330 2238 479 2272 ἀγγελικὰς
491 2239 621 2274 δυνάμεις
636 2239 719 2266 πτύον
734 2240 762 2265 ὲν
787 2241 820 2275 τῇ

35 2286 101 2320 χειρὶ
112 2285 240 2321 ὑπάρχον
257 2284 304 2311 τοῦ
325 2285 442 2320 Χριστοῦ
469 2287 483 2312 ὁ
505 2285 658 2320 Βαπτιστὴς
684 2286 798 2312 ἐκάλεσε
813 2295 820 2301 ·

35 2331 114 2358 πτύον
127 2331 157 2358 δέ
179 2332 238 2356 ἐστι
253 2330 282 2356 τὸ
298 2330 490 2366 λικμητήριον.

65 2379 176 2412 Ὠσπερ
192 2375 241 2404 οὖν
255 2376 333 2403 τοῦτο
348 2377 374 2403 ὲν
394 2379 454 2408 ταῖς
466 2377 561 2413 χερσὶν
580 2378 610 2404 ὃν
627 2378 673 2405 τοῦ
696 2380 822 2414 γεωργοῦ
854 2377 857 2380 ’

35 2424 144 2450 κινεῖται
154 2424 219 2449 ὅποι
234 2422 267 2449 ἂν
283 2423 330 2449 καὶ
344 2423 418 2454 ὅπως
433 2424 446 2449 ὁ
457 2424 581 2459 γεωργὸς
610 2424 723 2461 θελήσῃ,
747 2425 820 2452 οὕτω

35 2471 77 2495 x11
92 2470 115 2495 οἱ
132 2470 247 2503 ἄγγελοι
265 2470 292 2495 ὲν
307 2471 339 2504 τῇ
352 2471 424 2505 χειρὶ
436 2470 513 2502 ὄντες
528 2472 576 2498 καὶ
592 2473 624 2508 τῇ
641 2472 751 2507 ἐξουσίᾳ
772 2472 818 2498 τοῦ

35 2515 132 2551 Κυρῖου
148 2516 231 2550 ἡμῶν
245 2515 333 2550 Ἰησοῦ
346 2516 478 2550 Χριστοῦ,
497 2518 634 2545 κινοῦνται
653 2519 714 2545 ὅποι
728 2519 760 2545 ἂν
773 2519 820 2545 καὶ

34 2562 102 2594 ὅπως
116 2562 200 2593 αὐτὸς
217 2561 357 2596 βούληται,
379 2564 425 2589 καὶ
438 2563 572 2599 πληροῦσι
587 2565 618 2591 τὸ
639 2565 745 2600 θέλημα.
771 2565 821 2591 αὺ-

34 2608 188 2643 τοῦ.’⁷οπερ
205 2608 234 2634 δὲ
249 2609 277 2634 ὲν
294 2607 390 2643 ἐκείνῳ
412 2609 450 2643 τῷ
464 2609 587 2646 θερισμῷ
618 2611 703 2646 ἀγρὸν
732 2609 819 2644 εἶπεν,

35 2652 118 2680 altu-Ia.
133 2654 253 2680 ἐνταῦθα
267 2655 416 2689 προσεῖπεν
432 2664 439 2671 ο
455 2657 483 2682 ἐν
501 2657 555 2690 γὰρ
576 2658 608 2692 τῇ
625 2656 707 2684 at).th
732 2658 820 2684 πάντα

34 2702 62 2727 τὰ
78 2702 130 2728 ἀπὸ
144 2702 192 2728 τοῦ
210 2701 297 2736 ἀγροῦ
314 2702 486 2736 συναγόμενα
502 2702 674 2737 λαμϐάνουσι
697 2702 747 2737 τὴν
761 2702 819 2729 διὰ-

34 2756 127 2782 κρισιν.
147 2749 201 2775 Ἦν
213 2749 241 2774 δὲ
258 2749 391 2783 συλλογὴν
407 2749 464 2775 ἐκεῖ
489 2749 542 2776 τῶν
561 2748 691 2781 ζιζανίων
722 2749 820 2783 προσέ-

33 2795 89 2828 ταξε
103 2795 247 2830 γενέσθαι,
262 2794 396 2830 κάθαρσιν
413 2795 529 2822 ἐνταῦθα
545 2795 595 2830 τῆς
620 2795 723 2825 ἅλωνος
754 2795 818 2822 ἐκά-

34 2840 95 2868 ὶ-ῑσε.
117 2841 160 2868 Τὰ
170 2841 200 2868 δὲ
214 2840 324 2874 ζιζάνια
335 2841 436 2877 ἄχυρον
453 2841 571 2868 ἐνταῦθα
589 2841 793 2877 προσηγόρευσε
806 2849 813 2856 ·

65 2934 84 2949 "
100 2934 182 2962 Rom.
199 2942 233 2967 tt,
249 2933 276 2968 ι,
296 2934 322 2962 5.

873 1833 916 1855 est
932 1827 1085 1854 :elcmenta
1118 1825 1189 1860 ignis
1216 1825 1313 1851 ardore
1343 1825 1494 1851 tabescent.
1521 1822 1659 1855 Quantum

874 1882 938 1901 vero
949 1874 1052 1901 doloris
1064 1873 1262 1899 incrementum
1282 1871 1357 1897 nulla
1377 1877 1439 1904 spes
1453 1868 1638 1903 exemptionis
1650 1883 1658 1894 ι

874 1922 1010 1954 Quantum
1025 1919 1106 1946 etiam
1121 1926 1154 1945 ne
1184 1918 1277 1945 videre
1300 1917 1409 1951 quidem
1438 1916 1567 1950 abyssum
1595 1914 1659 1940 mali

873 1968 900 1994 in
918 1975 972 2000 quo
984 1965 1131 2001 iacemus?
1147 1971 1208 1991 nam
1231 1963 1300 1998 ignis
1325 1963 1370 1989 ille
1384 1962 1475 1988 lumen
1494 1968 1548 1987 non
1580 1959 1660 1986 entit-

874 2013 916 2041 tit.
933 2011 1034 2040 Verum
1053 2011 1150 2038 messis
1180 2010 1224 2036 illa
1252 2009 1322 2036 idem
1355 2012 1433 2035 sonat
1462 2015 1493 2034 ac
1521 2006 1567 2033 illa
1595 2013 1658 2032 area

873 2067 953 2094 quam
968 2059 1095 2086 Christus
1108 2057 1289 2084 ventilabrum
1318 2055 1420 2082 habens
1441 2054 1467 2080 in
1498 2060 1580 2080 manu
1607 2061 1657 2082 sua

874 2104 1043 2136 emundahit,
1060 2104 1133 2131 sicut
1149 2110 1305 2138 prmeursor
1319 2102 1378 2136 ejus
1395 2100 1515 2136 Baptista
1544 2101 1656 2134 dueuit;

874 2157 900 2178 et
923 2151 1043 2178 triticum
1067 2149 1176 2185 quidem
1207 2148 1383 2182 congregahit
1409 2147 1435 2174 in
1465 2147 1564 2174 horreo
1596 2154 1657 2178 suo,

874 2197 979 2232 paleam
998 2201 1087 2223 autem
1119 2195 1260 2222 comburet
1289 2193 1350 2228 igne
1369 2191 1583 2226 inexstinguihili
1622 2192 1656 2220 θ’.

873 2244 942 2271 Nam
961 2243 1098 2279 angelicas
1128 2247 1278 2277 potestates
1307 2242 1491 2269 ventilabrum
1518 2242 1543 2268 in
1574 2249 1656 2268 manu

874 2290 976 2318 Christi
1009 2292 1126 2324 positum
1161 2288 1283 2323 Baptista
1313 2289 1443 2321 vocavit;
1473 2289 1657 2316 ventilabrunt
1701 2318 1706 2325 ι

875 2342 966 2364 autem
980 2340 1021 2362 est
1032 2342 1149 2362 vannus.

909 2382 994 2416 Igitur
1018 2380 1248 2415 quemadmodum
1273 2380 1345 2408 istud
1370 2381 1397 2408 in
1423 2388 1505 2408 manu
1532 2379 1658 2414 agricolzc

873 2428 966 2455 datum
985 2433 1108 2454 movetur
1124 2427 1279 2460 ubicunque
1294 2431 1321 2453 et.
1351 2427 1576 2460 quandocunque
1607 2433 1654 2451 vo-

870 2472 1089 2507 lueritagricola,
1112 2472 1147 2499 ita
1165 2477 1191 2499 et
1209 2472 1297 2507 angeli
1314 2479 1377 2499 cum
1406 2472 1460 2499 sint
1477 2472 1504 2498 in
1523 2480 1606 2500 manu
1629 2477 1656 2499 et

870 2523 1002 2553 potestate
1016 2517 1123 2546 Domini
1141 2518 1226 2545 nostri
1239 2517 1303 2546 Jcsu
1317 2517 1417 2545 Christi
1431 2524 1576 2545 moventur
1597 2519 1657 2545 nbi-

870 2573 979 2599 cunque
1000 2569 1028 2592 et
1050 2564 1297 2599 quomodocunque
1314 2564 1373 2598 ipse
1394 2564 1521 2594 voluerit,
1534 2569 1560 2590 et
1572 2564 1657 2590 adim-

871 2611 1019 2646 pletttejus
1033 2610 1210 2637 voluntatem.
1227 2611 1260 2636 At
1274 2610 1346 2644 quod
1359 2609 1385 2635 in
1398 2609 1443 2635 illa
1455 2616 1544 2636 messe
1560 2617 1654 2644 agrum

872 2657 950 2686 dixit.
969 2656 1012 2683 hic
1027 2663 1118 2682 aream
1134 2655 1295 2688 nominavit,
1311 2654 1410 2682 etenim
1427 2654 1455 2681 in
1467 2662 1530 2681 area
1546 2654 1655 2681 discer-

872 2706 975 2728 nuntur
993 2703 1085 2728 omnia
1103 2709 1162 2736 quae
1181 2701 1206 2727 in
1223 2709 1290 2737 agro
1303 2701 1415 2728 collecta
1425 2704 1497 2728 sunt.
1515 2699 1594 2732 Quod
1617 2700 1653 2727 ibi

869 2747 1036 2774 zizaniorum
1073 2747 1260 2775 collectionem
1299 2747 1480 2780 nuncupavit,
1513 2745 1556 2772 hic
1584 2753 1655 2772 area:

867 2795 1058 2829 purgationem
1072 2794 1233 2830 designavit.
1250 2793 1299 2821 llic
1315 2793 1419 2820 zizania
1436 2792 1542 2827 paleam
1567 2799 1653 2819 voca-

866 2841 925 2873 vit;
941 2841 1046 2870 zizania
1061 2841 1144 2875 enim,
1156 2841 1301 2878 cum‘lovia
1312 2841 1366 2868 sint
1377 2844 1404 2868 et
1437 2839 1527 2867 fructu
1552 2845 1651 2872 vacua.

1575 2900 1591 2915 ἥ

363 2935 384 2951 ³⁷
408 2934 502 2963 Matth.
524 2942 580 2969 xu,
598 2935 639 2964 l2.
678 2935 700 2952 ³⁸
718 2934 861 2968 Μειιῑιωιι,
878 2934 921 2961 18.
