1888 3067
221 80 275 114 355

847 83 870 113 G
877 83 1038 115 REGORII
1052 85 1215 118 ΡΑιΑΜΑζ

1788 84 1836 116 385

256 135 327 163 nihil
342 140 430 163 autem
443 143 537 164 eorum
553 136 632 164 bonis
647 143 788 173 augemus.
813 145 951 174 gestorum
967 140 997 167 ah

1089 143 1126 169 Οὐ
1145 141 1327 177 προστίθεμεν
1345 141 1372 168 δέ
1391 149 1417 168 τι
1431 141 1486 173 τοῖς
1511 140 1623 167 ἐκείνων
1649 140 1770 174 ἀγαθοῖς,
1786 141 1837 167 τῶν

220 181 275 208 illis
292 183 444 215 recordati;
463 190 524 210 nam
547 183 683 218 quomodo
699 185 857 219 augebimus
879 187 926 221 qui
954 194 1003 214 nec

222 228 306 256 totius
322 229 430 262 quidem
453 236 549 256 eorum
563 230 674 257 virtutis
686 232 870 264 proponenda:
890 240 1002 266 capaces

222 273 342 301 sumus?
366 274 530 301 remunerati
547 279 611 301 sunt
629 275 812 302 incﬂabilihus
831 284 846 302 a
870 277 922 303 Duo
941 285 1003 312 pro-

222 320 316 346 missis
332 320 513 353 mercedibus,
532 325 662 355 quantum
676 321 781 348 valebat
799 327 894 349 natura
908 322 1002 349 inell‘a-

220 363 301 390 bilem
318 364 418 391 oﬂerre
439 365 689 392 conversationem.
713 366 772 393 Non
788 374 853 401 ergo
872 367 1004 395 laudando

220 409 384 443 augebimus
403 416 500 436 eorum
521 410 651 444 prmiiiia;
668 411 715 437 sed
731 412 812 437 macti
828 411 938 438 animol
955 419 1003 439 au-

221 455 344 489 gebimus
370 455 439 482 bona
466 455 500 482 ab
520 455 574 482 illis
590 460 714 488 ventura,
741 456 775 483 ad
794 457 856 484 illos
871 458 943 484 velut
970 458 1003 485 ad

222 500 296 527 lates
326 500 478 528 divinitatis
514 500 648 536 fulgentes
679 504 861 536 nosmetipsos
892 511 1005 531 conver-

223 550 310 572 lentes
328 545 492 572 ctvirtutem
514 545 648 574 bonorum
669 555 779 582 operum
794 549 828 576 ab
852 550 904 578 illis
925 551 1003 578 exhi-

221 591 304 618 bltam
333 592 420 626 magis
451 599 483 619 ac
515 593 601 627 magis
642 599 795 628 susceptam
835 595 1002 630 colligentes.

221 637 274 664 Sed
305 638 329 665 si
353 638 499 672 cujuslibet
531 643 687 666 sanctorum
720 642 862 673 memoria,
881 647 909 669 ut
933 643 1003 669 dixi-

221 692 295 717 mus,
316 691 378 711 cnm
395 685 502 720 hymnis
518 685 662 720 dignisque
675 687 806 714 encomiis
821 695 835 714 α
850 689 928 716 nobis
940 696 1003 723 per-

220 729 321 762 ﬁcitur,
338 737 444 765 quanto
459 732 545 766 magis
562 730 634 758 Petri
649 737 675 760 et
689 732 766 760 Pauli
782 734 936 761 culminum
955 742 1002 762 cn-

218 778 321 812 ryphaei
344 779 530 813 apostolorum
546 779 647 806 chori?
664 779 715 812 Qui
735 786 898 808 communes
913 787 1003 815 patres

219 828 246 850 et
257 822 343 850 duces
360 824 480 850 omnium
497 828 561 851 sunt
584 830 741 851 vocatorum
772 832 786 851 a
806 825 918 852 Christo
937 834 1003 861 apo-
1020 812 1040 839 Β

219 870 366 901 ltolorum,
382 875 542 904 martyrum.
555 869 701 904 juslorum,
718 871 902 903 sacerdotum,
915 871 1003 906 ponti-

221 915 318 947 ﬁcum,
330 920 468 950 pastorum
483 921 511 943 et
522 917 672 948 ductorum,
685 924 795 950 gregum
808 921 834 944 et
844 918 1001 944 educturum

217 961 342 987 Omnium
366 960 440 987 velut
455 961 555 987 sumini
573 965 698 995 pastores
713 966 740 988 et
763 961 906 988 architecti
923 969 999 988 coni-

217 1007 309 1032 munis
326 1007 448 1032 otnnium
464 1006 573 1040 pietatis
585 1011 613 1033 et
625 1006 735 1033 virtutis
754 1011 780 1032 et
793 1007 866 1033 velut
883 1007 1000 1034 lumina-

218 1051 255 1077 ria
281 1051 308 1077 in
327 1050 442 1083 mundo,
467 1051 580 1078 verbum
606 1051 668 1078 vitae
690 1051 870 1083 continentia.
893 1057 997 1079 tantum

214 1096 397 1124 illuminantia
412 1104 460 1124 eos
473 1097 518 1132 qui
535 1105 583 1132 per
594 1098 719 1132 pietatem
734 1102 760 1124 et
773 1099 899 1125 virtutem
912 1103 1000 1126 trans-

213 1144 303 1171 lucent
329 1149 461 1179 quantum
490 1145 529 1171 sol
556 1149 652 1172 cmtera
682 1151 757 1172 astra
791 1146 831 1172 vel
868 1151 997 1180 tanquam

213 1190 277 1218 coeli
298 1191 431 1218 cmlorum
448 1191 560 1226 gloriam
578 1191 626 1218 Dei
652 1191 678 1218 in
699 1191 814 1219 excelsis
827 1197 999 1225 enarrantes,

212 1239 319 1263 tantum
335 1243 496 1271 superantes
508 1237 642 1264 caelorum
657 1237 864 1271 amplitudinem
879 1242 905 1264 et
921 1238 994 1265 side-

213 1290 275 1310 rum
284 1282 513 1318 pulchritudinem
529 1287 555 1309 ct
568 1287 746 1317 utrorumque
757 1283 935 1316 celeritatem,
950 1291 997 1311 or-

212 1329 303 1356 dinem
319 1333 346 1355 et
360 1329 489 1355 virtutem
507 1332 640 1362 quantum
653 1329 706 1355 ista
721 1336 764 1356 res
780 1329 919 1356 illustrant
933 1337 996 1357 sen-

211 1374 324 1406 sibiles;
349 1374 400 1401 ista
418 1379 508 1401 autem
526 1374 636 1402 sensilia
652 1374 709 1410 ipsa
734 1376 872 1404 intuentes
885 1384 993 1404 sursum

211 1420 282 1447 ferre
295 1424 433 1454 nequeunt
447 1420 479 1447 ad
496 1421 588 1455 plagas
602 1422 703 1448 mundo
721 1425 747 1448 et
761 1422 838 1449 caelis
852 1422 932 1457 longe
947 1430 996 1449 ex-

1054 189 1254 223 πεπραγμένων
1279 188 1392 219 ἐκείνοις
1415 187 1669 221 ὑπομιμνήσκοντες
1683 194 1690 200 ’
1706 186 1762 217 πῶς
1782 187 1833 220 γὰρ

1053 234 1078 260 οἳ
1103 234 1170 269 μηδὲ
1191 233 1241 268 τὴν
1262 234 1363 269 ἀρετήν
1387 234 1471 268 ἔσμεν
1497 233 1587 259 πᾶσαν
1613 232 1725 258 ἐκείνων
1751 232 1835 258 ίκανοὶ

1054 278 1228 313 παραστῆσαι
1241 287 1248 311 ;
1267 279 1321 305 Καὶ
1335 279 1389 314 γὰρ
1404 276 1628 313 ἐφιλοτιμήσαντο
1639 278 1700 309 ταῖς
1713 277 1781 312 ὑπὲρ
1793 277 1837 304 λό-

1054 332 1101 358 γον
1115 323 1332 359 ὲπηγγελμέναις
1349 324 1425 358 παρὰ
1449 323 1516 349 Θεοῦ
1532 323 1671 357 ἀμοιϐαῖς,
1689 323 1803 350 καθόσον
1819 325 1835 358 ὴ

1054 371 1134 404 φύσις
1153 369 1260 404 ἐχώρει,
1282 370 1329 396 καὶ
1346 369 1484 396 πολιτείαν
1514 369 1692 404 κατάλληλον,
1707 369 1838 404 χδηλονότι

1054 415 1144 441 πάντα
1153 414 1232 448 λόγον
1248 415 1379 446 νικῶσαν,
1395 414 1571 447 ἐνδείξασθαι.
1589 414 1645 440 Οὐκ
1661 413 1778 447 αὔξομεν
1791 412 1839 440 οὖν

1053 462 1086 487 τὰ
1098 461 1202 492 τούτοις
1213 461 1359 496 προσόντα,
1373 460 1482 492 τούτους
1491 461 1721 495 ἐγκωμιάζοντες,
1733 461 1835 495 ἄπαγεῐ

1054 505 1172 541 αὔξομεν
1187 507 1216 533 δὲ
1234 507 1269 533 τὰ
1284 507 1348 541 παρ’
1365 506 1476 532 ἐκείνων
1492 506 1557 541 ἡμῖν
1583 506 1674 540 ἀγαθὰ
1691 507 1840 541 προσγινό-

1056 561 1123 586 μενα
1148 553 1214 587 πρὸς
1243 552 1362 583 ἐκείνους
1386 549 1431 578 οἷά
1452 560 1527 583 τινας
1552 552 1710 586 θεοφεγγεῖς
1728 552 1839 586 λυχνίας

1054 599 1127 633 ἡμᾶς
1142 598 1239 628 αὐτοὺς
1259 598 1453 630 ἀνατείνοντες,
1471 599 1518 625 καὶ
1536 598 1586 632 τὴν
1602 597 1777 632 ὲκδιδομένην
1791 599 1837 624 ἀπ’

1054 644 1166 670 ἐκείνων
1180 643 1339 670 καλλοποιὺν
1352 643 1465 678 δύναμιν
1479 643 1611 674 συνιέντες
1625 644 1671 670 ἐπὶ
1683 643 1785 678 μᾶλλον
1795 645 1841 669 καὶ

1055 689 1276 723 προσδεχόμενοι,
1290 688 1320 714 Εἰ
1334 688 1357 714 δ’
1371 689 1486 715 ἑκάστου
1501 688 1555 714 τῶν
1569 687 1655 721 ἁγίων
1667 689 1684 722 ἡ
1701 689 1796 723 μνήμη
1808 687 1842 714 δι’

1054 733 1126 767 ἅπερ
1144 732 1267 767 εἴπομεν,
1281 733 1339 766 μεθ’
1355 731 1447 766 ὓμνων
1461 733 1508 758 καὶ
1521 731 1574 757 τῶν
1589 733 1783 767 προσηκόντων
1798 734 1843 766 εγ-

1055 778 1166 812 κωμίων
1178 777 1241 812 παρ’
1255 778 1333 811 ἡμῶν
1347 777 1506 810 ὲκτελείται,
1523 777 1599 811 πόσῳ
1616 778 1717 812 μᾶλλον
1735 778 1841 811 Πέτρου

1055 824 1101 850 καὶ
1116 823 1233 855 Παύλου,
1245 824 1293 857 τῆς
1305 823 1454 858 κορυφαίας
1465 823 1614 858 ἀκρότητος
1625 823 1672 850 τοῦ
1687 824 1842 858 κορυφαίου

1056 869 1110 895 τῶν
1129 869 1285 895 ἀποστόλων
1300 868 1399 903 χοροῦ;
1417 869 1447 895 Οἳ
1467 870 1552 895 κοινοὶ
1566 869 1682 904 πατέρες
1696 870 1743 895 καὶ
1757 868 1844 903 καθῃ-

1056 915 1170 949 γεμόνες
1184 915 1292 941 πάντων
1306 915 1358 940 είσὶ
1375 914 1429 940 τῶν
1444 915 1498 941 ἀπὸ
1513 915 1631 949 Χριστοῦ
1651 915 1841 949 καλουμένων,

1055 961 1229 992 ἀποστόλων,
1260 961 1416 996 μαρτύρων,
1441 960 1531 992 ὁσίων,
1560 961 1664 995 ίερέων,
1693 961 1842 995 ίεραρχῶν,

1055 1007 1192 1042 ποιμένων
1211 1015 1240 1033 τε
1256 1008 1304 1033 καὶ
1318 1006 1496 1038 διδασκάλων,
1514 1007 1736 1041 ποιμαινομένων
1749 1014 1780 1032 τε
1795 1007 1841 1032 καὶ

1053 1053 1254 1087 διδασκομένων
1279 1053 1407 1079 ἁπάντων
1432 1052 1470 1083 ὡς
1494 1053 1690 1087 ἀρχιποίμενες
1713 1052 1804 1084 ὄντες,
1823 1053 1840 1086 ἦ

1053 1101 1100 1128 καὶ
1116 1101 1307 1136 ἀρχιτέκτονες
1331 1100 1379 1135 τῆς
1397 1101 1489 1135 κοινῆς
1509 1101 1616 1127 πάντων
1633 1100 1777 1130 εὑσεὸείας
1796 1101 1842 1126 καὶ

1052 1147 1162 1182 ἀρετῆς,
1195 1148 1242 1173 καὶ
1262 1147 1300 1178 ὡς
1326 1147 1468 1181 φωστῆρες
1494 1147 1522 1172 ἔν
1547 1147 1642 1181 κόσμῳ
1664 1144 1738 1180 ζωῆς
1760 1147 1841 1180 λόγον

1052 1194 1195 1228 ἐπέχοντες
1209 1201 1217 1208 ·
1236 1193 1362 1219 τοσοῦτον
1379 1192 1602 1227 ὑπερλάμποντες
1621 1193 1683 1223 τοὺς
1700 1192 1745 1218 ἐπ’
1760 1192 1841 1218 εὗσε-

1052 1240 1113 1276 εείᾳ
1134 1240 1181 1266 καὶ
1209 1240 1293 1274 ἀρετῇ
1319 1239 1539 1274 διαλάμψαντας,
1564 1239 1625 1265 ὅσον
1650 1239 1715 1269 τοὺς
1739 1239 1840 1269 ἄλλους

1051 1285 1168 1320 ἀστέρας
1193 1285 1278 1319 ἥλιος,
1299 1285 1315 1319 ἢ
1341 1285 1378 1316 ὡς
1399 1284 1522 1319 οὐρανῶν
1543 1285 1664 1319 οὐρανοὶ,
1681 1284 1761 1316 δόξαν
1788 1285 1840 1318 τὴν

1052 1330 1182 1357 ἀνωτάτω
1191 1329 1238 1356 τοῦ
1252 1329 1320 1356 Θεοῦ
1334 1329 1520 1364 διηγούμενοι·
1532 1329 1659 1356 τοσοῦτον
1673 1329 1839 1364 ὑπεραῖρο.-

1051 1384 1095 1406 τες
1120 1375 1242 1410 οὐρανῶν
1263 1383 1293 1401 τε
1318 1375 1430 1410 μεγέθη,
1447 1375 1492 1401 καὶ
1518 1375 1614 1406 κάλλος
1636 1375 1771 1408 ἀστέρων,
1791 1376 1839 1400 καὶ

1050 1421 1131 1456 τάχος
1150 1420 1323 1455 ἀμφοτέρων,
1339 1421 1386 1447 καὶ
1406 1420 1483 1452 τάξιν
1497 1420 1544 1446 καὶ
1562 1420 1687 1454 δύναμιν,
1704 1420 1765 1446 ὅσον
1790 1419 1840 1445 καὶ

210 1465 351 1493 celsiores.
374 1466 489 1500 Insuper
503 1467 673 1501 patefaciunt
694 1467 770 1494 illum
785 1467 869 1494 solem
890 1469 917 1495 in
941 1476 995 1503 quo

1059 1466 1083 1493 τὰ
1109 1466 1178 1500 ὑπὲρ
1209 1466 1333 1500 αίσθησιν
1358 1465 1430 1492 οὗτοι
1453 1465 1598 1500 φανεροῦσι
1622 1465 1690 1500 πρὸς
1715 1464 1785 1490 αὐτὰ
1806 1464 1841 1490 τὰ

210 1518 266 1539 non
282 1516 324 1538 est
340 1511 456 1538 mutatio
481 1516 507 1539 et
525 1511 726 1539 vicissitudinis
740 1511 914 1540 obumbratio
926 1513 947 1546 ⁸,
968 1518 995 1540 et

209 1564 266 1584 non
279 1557 360 1584 modo
374 1557 500 1585 sedentes
515 1557 542 1584 in
559 1558 678 1586 tenebris
697 1559 729 1586 ad
750 1558 825 1586 illum
844 1561 928 1587 solem
947 1559 995 1586 ad-

209 1600 327 1633 ducunt,
343 1601 390 1628 sed
402 1605 429 1628 et
443 1600 505 1629 illos
516 1601 597 1635 hujus
609 1602 721 1630 luminis
733 1604 878 1638 participes
891 1603 995 1632 faciunt

208 1649 236 1672 et
251 1645 364 1680 perfecti
388 1646 454 1674 solis
480 1647 599 1680 soboles,
626 1649 662 1675 ita
679 1652 707 1675 ut
723 1649 817 1676 ambos
840 1650 949 1684 quando
965 1651 992 1678 in

213 1691 300 1726 gloria
315 1699 449 1726 apparens
465 1692 683 1721 manifestabitur
701 1695 791 1722 lumen
809 1696 840 1723 de
854 1695 956 1724 lumine
969 1701 996 1724 it

212 1737 283 1764 Deus
298 1736 384 1764 llomo
401 1737 534 1772 Verbum,
551 1739 624 1767 velut
639 1739 712 1768 soles
728 1741 872 1776 splendere
887 1742 994 1770 videbi-

209 1782 255 1810 tis.
278 1782 341 1811 llmc
357 1783 446 1811 sidera
464 1785 545 1813 hodie
568 1787 647 1814 nobis
661 1792 753 1815 exorta
769 1787 916 1816 Eeclesiam
935 1789 995 1816 illu—

207 1830 325 1858 minam.
339 1831 462 1864 Quorum
479 1833 589 1868 quidem
613 1834 770 1870 coniunctio
787 1842 839 1862 non
860 1835 993 1863 defectio-

207 1885 269 1906 nem
293 1878 340 1906 sed
359 1878 471 1907 luminis
491 1879 701 1907 redundantiam
720 1886 863 1916 operatur.
887 1881 994 1916 Nequa-

207 1933 289 1960 quam
309 1924 381 1952 enim
407 1925 481 1952 aliud
497 1933 617 1960 superne
643 1926 818 1953 convolutum
834 1927 861 1955 in
877 1928 994 1955 excelsis

207 1970 370 1997 collocatum
385 1969 448 2003 fuit,
461 1971 525 1998 dum
542 1972 658 1999 interius
671 1978 778 2006 gyraret
791 1977 818 1999 et
833 1973 944 1999 subiens
958 1973 995 1999 al—

208 2020 295 2042 terutri
309 2015 486 2043 obumbrarct
500 2025 507 2048 ;
525 2024 573 2043 nec
585 2024 668 2043 unum
684 2017 795 2052 quidem
810 2017 864 2050 die,
876 2017 992 2043 alterum

207 2064 287 2086 nocte
306 2060 395 2087 elucet
420 2065 450 2087 ut
475 2068 508 2088 ex
526 2061 642 2088 adverso
669 2066 803 2088 versatum
823 2061 851 2088 in
874 2061 993 2088 tenebris

207 2106 321 2137 incidat,
337 2113 428 2141 neque
442 2106 518 2134 aliud
535 2107 647 2141 quidem
663 2108 775 2140 emittit,
791 2111 818 2134 et
832 2107 905 2134 aliud
921 2107 992 2134 reei-

1049 1511 1233 1546 ὑπερουράνιά
1247 1519 1276 1537 τε
1291 1510 1337 1538 καὶ
1350 1511 1534 1546 ὐπερκόσμια,
1551 1511 1599 1538 καὶ
1608 1509 1757 1544 φωτίζουσι
1767 1510 1839 1543 φῶς.

1047 1557 1112 1593 παρ’
1130 1554 1151 1592 ᾧ
1167 1557 1216 1583 οὑκ
1230 1556 1288 1583 ἐστι
1304 1555 1474 1592 παραλλαγὴ,
1490 1557 1506 1591 ἢ
1523 1557 1626 1592 τροπῆς
1639 1555 1839 1588 ἀποσκίασμα·

1046 1605 1076 1630 οὑ
1094 1603 1174 1638 μόνον
1196 1602 1340 1636 ἐξάγοντες
1354 1602 1409 1629 ἀπὸ
1431 1602 1546 1634 σκότους
1567 1603 1607 1633 είς
1623 1601 1654 1628 τὸ
1678 1601 1841 1636 θαυμαστὸν

1045 1650 1125 1676 τοῦτο
1143 1650 1209 1683 φῶς,
1226 1649 1293 1676 ἀλλὰ
1309 1650 1356 1676 καὶ
1374 1648 1432 1683 φῶς
1448 1649 1511 1680 τοὺς
1525 1648 1709 1684 μετασχόντας
1729 1647 1840 1674 ποιοῦν-

1047 1705 1092 1728 τες
1106 1697 1138 1731 τῇ
1156 1696 1284 1728 διαδόσει,
1305 1695 1352 1721 καὶ
1372 1694 1474 1721 τελείου
1493 1694 1581 1729 eme;
1604 1694 1782 1728 γεννήματα,
1801 1693 1840 1724 ὡς

1045 1743 1091 1770 καὶ
1103 1742 1192 1769 αὐτῶν
1206 1741 1320 1768 ἕκαστον
1332 1741 1401 1768 κατά
1414 1741 1463 1776 τὴν
1480 1741 1630 1775 μέλλουσαν
1645 1741 1674 1766 ἐν
1690 1740 1754 1775 δόξῃ
1767 1748 1840 1774 παρ-

1044 1788 1138 1815 ουσίαν
1153 1788 1198 1814 καὶ
1211 1787 1371 1822 ἐπιφάνειαν
1388 1785 1435 1813 τοῦ
1451 1786 1608 1822 άρχιφὼτου
1633 1786 1680 1811 καὶ
1694 1785 1836 1819 θεανορώ-

1044 1843 1096 1861 που
1113 1834 1200 1869 Λόγου
1213 1833 1331 1868 λάμψειν
1347 1832 1472 1868 καθάπερ
1485 1833 1571 1868 ἥλιος.
1585 1832 1708 1858 Τοιοῦτοι
1728 1832 1839 1865 φωστῆ-

1047 1889 1091 1916 ρες
1116 1880 1173 1915 μετ’
1202 1878 1326 1913 ἀλλήλων
1354 1878 1420 1913 ἡμῖν
1446 1877 1608 1911 ἀνασχόντες
1636 1876 1768 1910 σήμερον,
1786 1875 1838 1909 τὴν

1051 1925 1214 1960 Ἐκκλησίαν
1236 1924 1450 1959 φαιδρύνουσιν·
1475 1923 1491 1958 ἡ
1517 1922 1567 1957 γὰρ
1592 1921 1697 1948 τούτων
1727 1920 1838 1951 σύνοδος

1044 1972 1093 1998 οὐκ
1114 1970 1246 2005 ἔκλειψιν,
1267 1969 1336 1996 ἀλλὰ
1349 1967 1510 2002 περιουσίαν
1524 1967 1612 2001 φωτὸς
1624 1966 1816 2001 ἀπεργάζεται
1828 1973 1835 1980 ·

1044 2018 1073 2044 οὑ
1090 2017 1143 2051 γὰρ
1162 2016 1175 2042 δ
1189 2015 1238 2051 μὲν
1252 2015 1308 2042 ἄνω
1328 2012 1483 2048 περιπολῶν
1498 2013 1540 2046 ἐφ’
1561 2012 1643 2046 ὕψους
1657 2011 1807 2047 ἠδρασται,
1825 2013 1838 2038 ὁ

1042 2062 1070 2089 δὲ
1093 2061 1272 2095 ὐπυῦέδηκεν,
1293 2059 1325 2086 ἵν’
1345 2057 1468 2085 ὐτοελοὼν
1481 2058 1635 2092 ὑποσκιάσῃ
1656 2058 1704 2083 τὸν
1721 2057 1836 2092 ἱτερονο

1042 2107 1096 2134 οὐδ’
1113 2107 1127 2134 ό
1144 2107 1192 2141 μὲν
1208 2107 1326 2140 ἡμέρας,
1347 2105 1360 2131 ὀ
1375 2104 1402 2131 δὲ
1423 2103 1520 2135 νυκτὸς
1542 2104 1661 2138 ἡγεῖται.
1676 2103 1710 2129 [ν’
1726 2103 1838 2137 ἐμπέσῃ

207 2155 246 2190 pit
264 2155 368 2187 lumen,
388 2155 424 2181 ita
441 2159 469 2181 ut
484 2161 630 2189 utrumque
643 2155 859 2182 vicissitudinem
873 2155 992 2191 patiatur

1061 2154 1077 2188 ᾗ
1095 2152 1159 2187 σκιᾷ
1171 2150 1339 2185 καταντικρὺ
1356 2150 1505 2185 φερόμενος
1516 2157 1523 2164 ·
1540 2148 1595 2175 οὐδ’
1616 2150 1629 2174 ὁ
1647 2148 1697 2182 μὲν
1715 2149 1837 2182 ἀνίησιν,

206 2201 262 2229 alio
278 2201 358 2228 aliter
374 2202 476 2233 lumen,
493 2201 642 2236 accipiente
658 2202 806 2229 secundum
825 2201 992 2229 discriminis

207 2254 378 2279 mensuram,
392 2246 438 2273 sed
451 2246 554 2273 Christi
564 2247 692 2281 perennis
708 2247 790 2274 fontis
800 2247 894 2275 merui
909 2247 991 2274 lumi-

209 2293 252 2321 nis
275 2293 356 2319 ainbo
373 2300 450 2328 aeque
474 2295 617 2321 consortes
635 2294 737 2329 pariter
763 2294 906 2321 consecuti
924 2297 990 2320 sunt

209 2337 432 2364 excelsitudiuem
444 2341 471 2364 et
484 2337 596 2372 gloriam
609 2344 635 2365 et
649 2338 833 2373 splendorem.
848 2338 913 2365 Ideo
929 2345 989 2364 tnu-

208 2385 256 2408 tua
271 2381 367 2408 horum
385 2382 542 2416 eonjunctio
557 2387 598 2409 est
616 2383 750 2410 connexio
763 2381 896 2418 duplicem
911 2382 989 2409 emit-

208 2431 267 2454 tens
284 2427 311 2454 in
326 2427 431 2454 animas
452 2427 571 2456 [ldeliuni
589 2427 812 2456 illustrationcni.

243 2559 352 2588 Primus
375 2567 464 2588 autem
488 2567 610 2597 apostata
636 2564 681 2598 qui
709 2563 826 2598 primum
852 2564 991 2591 hominem

209 2611 336 2641 apostare
349 2606 414 2633 fecit
425 2614 440 2634 a
453 2607 517 2641 Deo,
530 2608 625 2636 videns
639 2609 714 2635 illum
730 2607 777 2643 qui
793 2612 902 2635 crearat
918 2608 992 2634 Ada-

209 2659 283 2678 mum
297 2657 401 2687 patrem
415 2654 526 2681 humani
542 2655 650 2690 generis
665 2663 762 2682 rursus
774 2663 868 2682 creare
882 2655 990 2681 Petrum

207 2703 310 2732 patrem
325 2706 388 2726 vere
404 2700 533 2734 lideliuin,
551 2709 600 2729 nec
616 2701 681 2728 vidit
700 2701 792 2734 modo,
813 2701 858 2728 sed
873 2706 900 2728 et
915 2701 990 2727 illum

265 2787 275 2804 ‘
290 2787 345 2817 Jac.
367 2797 384 2820 ι,
406 2790 448 2818 17.

1043 2199 1056 2225 ὁ
1070 2197 1099 2224 δὲ
1116 2197 1257 2232 προσίεται
1276 2196 1306 2222 τὸ
1322 2195 1380 2231 φῶς
1403 2195 1518 2227 ἐκεῖθεν,
1539 2195 1571 2221 ἶν’
1593 2193 1722 2221 ἐντεῦθεν
1744 2195 1838 2230 πάσχῃ

1043 2244 1093 2278 τὴν
1107 2243 1250 2270 ἀλλοῖωσιν
1261 2262 1269 2274 ,
1287 2242 1381 2268 ἄλλοτε
1396 2241 1484 2272 άλλως
1498 2240 1546 2268 τοῦ
1567 2240 1710 2274 φωτισμοῦ
1729 2241 1837 2274 τυγχά-

1043 2299 1107 2321 νων,
1125 2289 1195 2315 κοιτά
1209 2289 1239 2314 τὸ
1252 2288 1352 2323 μέτρον
1366 2287 1416 2320 τῆς
1433 2287 1600 2317 διαστάσεως
1611 2293 1618 2299 ⁸
1632 2285 1701 2311 ἀλλὰ
1716 2285 1837 2320 Χριστοῦ

1040 2335 1089 2370 τῆς
1097 2334 1207 2362 άεννάου
1216 2333 1304 2367 πηγῆς
1313 2332 1359 2359 τοῦ
1370 2332 1456 2358 ἀϊδίου
1467 2331 1553 2366 φωτὸς
1560 2331 1643 2365 ἄμφω
1653 2331 1838 2365 μετασχόντες

1045 2381 1125 2416 ι58
1147 2380 1256 2415 ἐπίσης,
1274 2379 1329 2405 ἴσον
1353 2379 1502 2414 ὲκτήσαντο
1526 2378 1574 2404 καὶ
1592 2377 1622 2403 τὸ
1637 2377 1705 2410 ὕψος
1723 2377 1770 2403 καὶ
1788 2377 1836 2411 τὴν

1044 2427 1122 2459 δόξαν
1136 2426 1183 2453 καὶ
1197 2426 1245 2459 τὴν
1265 2425 1454 2460 λαμπρότητα.
1473 2423 1518 2450 Διὸ
1532 2424 1577 2450 καὶ
1597 2423 1766 2457 ἁλληλουχία
1782 2423 1836 2448 τῶι

1045 2473 1196 2507 φωστήρων
1209 2471 1310 2498 τούτων
1323 2471 1397 2496 ἐστὶν
1411 2471 1427 2504 ἠ
1447 2469 1566 2500 σύνοδος,
1581 2469 1640 2499 ταῖς
1656 2467 1713 2494 τῶν
1728 2467 1835 2493 πιστῶν

1041 2517 1139 2553 ψυχαῖς
1151 2516 1284 2543 διπλασίω
1295 2514 1451 2551 χορηγοῦσα
1463 2514 1511 2550 τὴν
1527 2513 1670 2548 ἔλλαμψιν.

1083 2562 1154 2588 Ἀλλ’
1170 2563 1184 2589 ὁ
1203 2561 1311 2596 πρῶτο;
1333 2560 1501 2594 ἀποστάτης,
1518 2560 1566 2586 καὶ
1587 2559 1633 2585 τὸν
1652 2559 1766 2593 πρῶτον
1787 2558 1835 2585 άν-

1041 2608 1150 2643 ορωπον
1166 2607 1323 2638 ἀποστήσας
1339 2605 1386 2632 τοῦ
1409 2605 1487 2637 Θεοῦ,
1503 2604 1609 2639 βλέπων
1629 2604 1681 2639 ἤδη
1699 2604 1746 2630 τὸν
1764 2604 1835 2630 πλά-

1042 2663 1124 2680 σαντα
1145 2654 1190 2680 τὸν
1220 2653 1306 2687 Ἀδὰμ
1331 2651 1436 2685 πατέρα
1462 2651 1556 2685 γένους
1581 2651 1735 2686 ἀνθρώπων
1769 2650 1836 2676 ἀνα⁸

1045 2701 1194 2728 πλάττοντα
1211 2698 1312 2734 Πέτρον
1329 2697 1442 2734 ὕστερον
1465 2697 1570 2731 πατέρα
1589 2696 1634 2724 τοῦ
1665 2696 1759 2731 γένους
1781 2695 1834 2723 τῶν
