1888 3067
63 99 110 131 317

707 91 872 123 HOMle
893 93 1032 124 XXVIII.

1628 92 1682 126 358

64 153 140 185 sum»;
150 152 293 184 θεοσεὸὧν,
305 151 352 179 καὶ
368 151 417 187 οὐχ
428 151 500 187 ὀρῶν
512 151 605 187 μόνον,
621 149 689 177 ἀλλὰ
700 152 747 177 καὶ
761 149 845 177 ἀκού-

907 150 1001 177 ntdivit
1012 150 1044 177 ad
1057 149 1130 177 hunc
1144 149 1278 177 dicentem
1293 158 1300 176 :
1318 158 1327 175 (
1347 149 1385 176 Tu
1401 156 1431 178 es
1443 148 1551 183 Petrus,
1562 153 1588 176 et
1600 157 1682 184 super

63 209 106 232 σας
118 200 197 227 αὐτοῦ
212 200 279 235 πρὸς
295 199 377 226 αὑτὸν
395 199 534 230 εἰπόντος·
553 207 562 224 t
581 197 617 224 Σὺ
633 194 659 223 εἴ
672 195 784 231 Πέτρος,
796 196 845 223 καὶ

61 247 102 272 ἐπὶ
123 245 208 281 ταύτῃ
233 246 265 280 τῇ
284 245 373 281 πέτρᾳ
395 244 564 280 οἰκοδομήσω
589 251 639 279 μου
662 243 712 278 τὴν
733 241 845 277 Ἐκκλη-

61 292 133 318 σέαν’
152 301 160 316 ι
177 291 256 317 τοῦτο
272 290 366 323 μαθὼν
379 292 393 317 ὁ
407 290 561 325 ἀρχέκακος
573 289 732 324 αὐτοφθόνῳ
747 288 844 323 κακίᾳ,

60 337 102 362 καὶ
120 336 159 372 τῷ
178 337 322 372 ἀρχηγέτῃ
340 337 436 371 Πέτρῳ
460 335 507 362 τοῦ
521 335 577 362 τῶν
601 334 734 361 θεοσεθῶν
749 334 846 368 γένους

59 383 214 419 ὲπηρεὰζει,
229 383 268 415 ὡς
282 383 331 410 καὶ
346 383 384 417 τῷ
400 382 541 419 ἀρχηγέτῃ
556 382 603 409 τοῦ
622 382 676 409 τῶν
692 381 844 417 ἀνθρώπων

60 423 151 463 γένους
162 429 247 464 ’Δδὰμ
263 429 339 456 ποτέ.
351 428 436 461 Εἰδὼς
447 428 475 456 δὲ
486 429 580 456 τοῦτον
590 429 696 455 συνέσει
710 435 846 462 κεκοσμη-

61 475 148 509 μένον,
171 476 218 500 καὶ
231 476 266 509 τῇ
287 475 356 509 πρὸς
376 474 493 509 Χριστὸν
514 473 610 510 ἀγάπῃ
635 473 844 509 πεπυρωμένον,

60 521 105 554 τὴν
120 521 169 556 μὲν
185 521 258 548 κατὰ
278 521 424 556 πρόσωπον
444 521 475 547 οὗ
492 521 589 556 θαρῤεἰ
606 519 769 554 προσϐολὴν,
788 516 845 545 ἀλλ’

59 563 111 593 οἷον
125 569 160 594 ὲκ
178 567 294 601 πλαγίου
306 587 314 599 ,
331 568 377 594 καὶ
396 568 491 594 τούτου
507 567 553 593 τοῦ
570 566 669 598 δεξιοῦ,
686 565 776 600 πολλῷ
797 565 845 592 σὺν

59 613 123 648 δόλῳ
140 613 265 640 κλέπτων
285 613 377 648 ᾀττειν
396 612 601 648 παρασκευάζει
619 612 713 638 τοῦτον
730 611 799 647 ὑπὲρ
815 611 846 637 τὸ

59 659 113 685 δέον
122 667 129 674 ·
141 660 188 686 καὶ
202 660 272 685 κατὰ
283 660 329 686 τὸν
344 660 438 694 καιρὸν
453 659 499 685 τοῦ
515 658 649 693 σωτηρίου
668 657 782 690 πάθους,
795 656 843 683 τοῦ

59 705 159 741 Κυρίου
180 706 247 741 πρὸς
270 705 333 737 τοὺς
352 705 474 741 μαθητὰς
498 705 638 736 εἰπόντος·
658 714 667 730 ι
699 704 792 739 Ταύτῃ
811 704 844 739 τῇ

59 751 132 777 νυκτὶ
151 751 251 782 πάντες
268 751 532 786 σκανδαλισθήσεσθε
549 751 578 777 ἐν
594 749 682 786 spot,»
700 750 780 781 αὐτὸς
795 750 845 776 ἀν-

58 797 163 831 τέλεγεν
179 797 312 825 ἀπειθῶν.
327 797 382 824 Καὶ
396 797 426 824 οὐ
441 796 520 824 τοῦτο
535 797 615 832 μόνον
626 816 634 830 ,
653 795 722 823 ἀλλὰ
733 795 845 822 καὶτῶν

58 842 142 870 ἄλλων
153 843 248 869 ἑαυτὸν
266 843 431 877 ὕπερετίθει,
457 843 563 876 λέγων·
587 852 596 869 t
612 843 674 869 Κᾶν
695 843 720 869 εἰ
745 841 845 873 πάντες
862 837 882 864 Β

59 887 340 924 σκανδαλισθήσονται,
351 888 409 915 ἀλλ’
419 889 469 915 οὐκ
475 889 543 922 ὲγώ·
555 897 564 914 ι
576 887 845 923 ιγκαταλιμπάνεται

58 935 88 970 δὴ
102 935 204 969 μᾶλλον
225 935 280 961 τῶν
295 934 397 966 ἄλλων,
421 933 457 966 ὡς
473 933 520 961 ὑπ’
538 933 697 966 ἀλαζονείας
714 933 846 967 κλαπεὶξ,

59 980 98 1006 ἵνα
113 981 160 1007 καὶ
177 980 280 1015 μᾶλλον
290 979 345 1007 τῶν
358 980 445 1007 ἄλλων
461 979 652 1011 ταπεινωθεὶς,
667 979 738 1006 κατὰ
750 979 847 1013 καιρὸν

59 1027 180 1062 ἀναφανῇ
205 1026 405 1061 λαμπρότερος,
423 1025 472 1060 οὐχ
491 1025 528 1056 ὡς
547 1025 561 1051 ό
583 1025 670 1060 ’Δδὰμ
687 1024 847 1060 πειρασθιὶς

58 1071 122 1107 ὁμοῦ
134 1081 163 1098 τε
176 1072 224 1098 καὶ
235 1072 367 1108 νικηθεὶς,
380 1074 426 1098 καὶ
438 1073 477 1104 είς
492 1072 568 1103 τέλος
581 1071 764 1106 κατενεχθεὶς,
779 1071 848 1097 ἀλλὰ

59 1118 218 1154 πειρασθεὶς
235 1118 286 1152 μὲν
298 1118 345 1145 καὶ
363 1118 533 1153 παρασυρε¹ις
558 1118 666 1152 μικρὸν,
688 1117 802 1152 νικήσας
820 1117 847 1144 δὲ

59 1165 101 1191 τὸν
112 1165 290 1199 πειράζοντα.
305 1163 383 1197 Πῶςς
398 1165 438 1199 Τῇ
450 1163 547 1190 ἑαυτοῦ
560 1164 690 1199 πάραυτα
707 1163 848 1198 καταγνώ-

60 1218 99 1236 σει
124 1210 174 1236 καὶ
199 1210 233 1245 τῇ
262 1209 363 1244 σφοδρᾷ
387 1209 459 1246 λύπῃ
488 1208 535 1235 καὶ
565 1208 705 1244 μετανοίᾳ,
734 1208 782 1235 καὶ
809 1208 848 1244 τῷ

59 1254 196 1290 δραστικῷ
223 1255 293 1290 πρὸς
323 1255 435 1290 ἱλασμὸν
464 1255 603 1290 φαρμάκῳ
627 1256 684 1286 τοῖς
713 1254 846 1290 δάκρυσι·

63 1310 72 1327 t
94 1303 219 1336 Καρδίαν
233 1302 299 1336 γὰρ,
318 1302 395 1336 φησὶ,
409 1301 642 1336 συντετριμμένην
659 1301 705 1326 καὶ
721 1308 848 1327 τεταπει-

59 1349 183 1382 νωμένην
207 1348 222 1373 6
246 1346 311 1378 Θεὸς
336 1347 385 1373 οὐκ
411 1346 602 1379 ὲξουδενὼσει·
631 1355 640 1371 ι
664 1346 709 1372 καὶ
738 1347 754 1381 ἡ
779 1346 849 1373 κατὰ

899 197 969 224 hanc
984 202 1086 231 petram
1112 196 1250 224 aedificabo
1276 196 1422 225 Ecclesiam
1451 203 1538 223 meam
1551 197 1572 222 '.
1593 205 1603 223 ι
1623 196 1684 229 Quo

899 243 1001 276 audito,
1017 243 1151 278 pessimus
1163 243 1206 270 ille
1220 250 1347 278 perversa
1362 243 1529 278 malignitate
1543 243 1625 269 Petro
1637 250 1685 270 su-

899 296 994 323 premo
1006 291 1113 324 generis
1129 288 1249 316 fidelium
1270 289 1351 324 capiti
1373 289 1518 316 insidiatur
1532 289 1605 316 sicut
1617 289 1681 316 olitu

899 334 1005 362 Adamo
1021 342 1148 370 supremo
1167 336 1274 370 generis
1288 335 1400 362 humani
1417 335 1510 370 capiti.
1527 335 1605 362 Euuc
1618 343 1684 370 ergo

900 382 988 409 sciens
1016 381 1154 408 intellectu
1185 387 1311 408 ornatum
1338 381 1472 408 charitate
1498 385 1590 408 autem
1618 389 1683 416 erga

898 426 1036 455 Christum
1060 434 1184 459 vacuum,
1209 426 1308 454 nonin
1334 426 1430 454 faciem
1458 427 1540 453 audet
1557 427 1678 461 aggredi,

899 472 946 500 sed
960 472 1039 508 quasi
1051 480 1084 499 ex
1099 473 1209 507 obliquo
1220 477 1247 499 et
1259 480 1274 500 a
1287 473 1390 500 dextris
1409 473 1494 500 multa
1510 481 1570 499 cum
1588 472 1685 499 fraude

899 518 1036 546 lacessens
1059 523 1136 553 urget
1151 518 1184 545 ad
1206 518 1366 546 violandum
1392 519 1522 546 oiiicium.
1551 518 1685 552 Tempore

900 565 1033 600 passionis
1046 564 1195 593 Salvatoris
1209 573 1270 592 cum
1282 565 1559 599 discipulisdixisset:
1572 574 1581 590 ι
1593 567 1617 591 In
1633 565 1685 590 ista

899 617 978 640 nocte
993 619 1090 640 omnes
1111 620 1158 639 vos
1171 613 1328 640 scandalum
1339 612 1477 646 patiemini
1490 612 1515 638 in
1530 619 1583 644 me,
1602 621 1611 637 ι
1626 611 1684 646 ipsi:

899 659 1063 686 contradixit
1080 659 1250 692 incredulus,
1270 665 1319 686 nec
1333 659 1419 686 solum
1435 657 1612 690 contradixit,
1635 657 1682 684 sed

899 710 926 733 et
941 705 1001 732 aliis
1014 706 1131 739 scipsum
1146 705 1265 740 praetulit
1276 705 1391 732 dicens:
1408 713 1417 729 ι
1430 703 1486 731 Etsi
1499 711 1593 730 omnes
1608 711 1686 731 scan-

899 751 1010 779 dalizati
1036 751 1138 779 fuerint
1152 751 1178 778 in
1198 755 1235 783 te.
1257 759 1308 786 ego
1349 758 1488 785 nunquam
1513 751 1685 778 scandaliza-

899 798 1000 833 bor‘°._
1011 807 1020 824 ι
1035 798 1103 826 Aliis
1120 798 1297 832 semetipsum
1311 797 1454 831 anteponit
1470 797 1548 832 quasi
1559 805 1628 824 vana
1642 797 1686 825 sui

900 844 972 871 ictus
999 844 1099 872 fiducia
1115 850 1145 872 ut
1160 844 1246 879 magis
1267 844 1330 871 aliis
1342 844 1510 876 humiliatus,
1523 845 1550 870 in
1565 847 1688 878 tempore

900 894 994 925 surgat
1006 890 1092 925 magis
1103 891 1274 926 perspicuus,
1287 898 1341 917 non
1355 894 1483 924 tauquam
1496 889 1581 916 Adam
1596 894 1685 916 tenta-

901 939 947 963 tus
962 936 1042 963 simul
1062 941 1090 963 et
1115 940 1263 971 superatus
1280 941 1307 963 et
1327 937 1354 963 in
1373 937 1452 963 linem
1478 940 1620 970 enccatns,
1638 937 1685 963 sed

901 984 1022 1008 tentatus
1051 981 1160 1016 quidem
1185 985 1212 1009 et
1235 982 1307 1008 brevi
1326 987 1449 1016 tempore
1466 981 1600 1013 devictus,
1624 989 1688 1008 mox

901 1031 992 1053 autem
1006 1027 1038 1054 ulc
1060 1031 1195 1055 tentatore
1211 1027 1395 1063 triumphans.
1413 1027 1578 1060 Quomodo?
1594 1026 1688 1062 Suiip-

899 1073 958 1101 sius
976 1073 1155 1106 conseientia,
1180 1074 1277 1100 acerba
1302 1073 1414 1100 tristitia
1428 1077 1455 1100 et
1481 1073 1640 1108 paenitentia
1661 1076 1688 1099 et

899 1117 1040 1153 laerymis,
1055 1118 1153 1145 idoneo
1175 1118 1209 1146 ad
1234 1118 1457 1153 propitiationem
1485 1118 1605 1145 remedio
1623 1127 1630 1144 :
1648 1117 1687 1145 ait

899 1165 971 1190 enim
989 1163 1137 1191 Psalmista
1157 1172 1164 1190 :
1193 1173 1202 1190 ι
1217 1164 1271 1191 Cor
1295 1164 1443 1191 contritum
1459 1168 1487 1191 et
1512 1163 1686 1190 humiliatuttt

901 1207 972 1236 Deus
987 1216 1041 1236 non
1060 1209 1193 1244 despiciet
1207 1210 1239 1236 η.
1260 1219 1268 1236 ι
1293 1209 1325 1237 Et
1343 1217 1407 1237 vero
1429 1210 1538 1237 tristitia
1561 1217 1620 1244 qua:
1646 1213 1689 1236 est

900 1255 1050 1281 secundum
1073 1255 1157 1282 Deum
1173 1255 1359 1289 paenitentiam
1374 1256 1407 1282 ad
1425 1256 1540 1282 salutem
1562 1255 1687 1282 stabilem

900 1305 1047 1334 operatur;
1065 1307 1091 1328 et
1105 1301 1151 1335 qui
1167 1301 1283 1328 seminat
1305 1302 1330 1328 in
1345 1302 1473 1337 iaerymis
1486 1302 1635 1329 orationem
1660 1301 1688 1328 in

903 1346 1086 1374 exsultatione
1104 1351 1187 1374 metet
1201 1345 1402 1375 remis~ionem.

59 1394 123 1420 Θεον
146 1393 222 1428 λύπη
252 1393 397 1427 μετάνοιαν
424 1392 630 1428 ἀμεταμέλητον
657 1392 844 1428 ἀπεργάζεται
864 1391 932 1427 πρὸς
949 1392 1104 1428 σωτηρίαν·
1121 1393 1168 1420 καὶ
1184 1393 1198 1419 ὁ
1215 1393 1335 1429 σπείρων
1354 1395 1382 1420 ὲν
1395 1394 1510 1429 δάκρυσι
1542 1394 1591 1430 τὴν
1631 1395 1690 1422 ix:-

61 1438 119 1464 σίαν
136 1438 165 1464 ὲν
179 1437 340 1471 ἀγαλλιάσει
353 1437 439 1472 θεριεῖ
451 1437 500 1471 τὴν
513 1437 620 1472 ἄφεσιν.

95 1485 159 1510 Ἰόοι
176 1483 200 1509 δ’
213 1483 246 1510 ἄν
261 1491 304 1513 τις
317 1482 398 1509 αὑτὸν
413 1483 544 1515 ἐξετάσας
561 1483 590 1510 οὗ
610 1483 690 1519 μόνον
703 1484 752 1519 τὴν
765 1484 845 1518 ἄρνη-

942 1482 1053 1509 Vidoret
1068 1482 1130 1518 quis
1144 1490 1205 1510 eum
1224 1483 1398 1518 conspiciens
1417 1491 1470 1512 non
1489 1489 1593 1512 tantum
1611 1493 1692 1520 nega-
1727 1517 1730 1519 _

61 1540 102 1557 σιν
131 1531 172 1562 εἰς
195 1530 229 1565 ἥν
258 1529 402 1565 παρεσύρη
424 1529 468 1555 διὰ
490 1530 538 1565 τῆς
565 1530 709 1564 μετανοίας
731 1530 777 1556 καὶ
803 1529 850 1556 τοῦ

61 1576 217 1603 κατωδύνου
242 1575 357 1606 πένθους
372 1576 470 1607 ἱκανῶς
489 1576 646 1611 ἰασάμενον,
670 1576 737 1602 ἀλλὰ
759 1577 806 1602 καὶ
822 1575 852 1602 τὸ

62 1622 147 1653 πάθος
164 1621 199 1648 δι¹
215 1621 230 1647 ὂ
247 1621 348 1656 μᾶλλον
368 1622 422 1648 τῶν
438 1621 525 1648 ἄλλων
539 1621 749 1656 ἐγκατελείφθη,
764 1621 852 1657 πρόρο

61 1667 135 1703 ριζον
144 1667 196 1700 τῆς
211 1668 317 1698 οἰκείας
331 1667 418 1702 ψυχῆς
433 1668 637 1694 ἂνασπάσαντα.
651 1668 705 1694 Καὶ
719 1667 798 1694 τοῦτο
810 1667 854 1693 θέ-

61 1713 115 1739 λων
129 1712 218 1745 δεῖξαι
230 1713 288 1744 τοῖς
306 1713 389 1739 πᾶσιν
402 1713 416 1739 ὁ
431 1712 544 1747 Κύριος,
561 1713 629 1748 μετὰ
643 1713 673 1739 τὸ
688 1713 731 1740 διὰ
752 1713 854 1747 σαρκὸς

62 1759 130 1794 ὑπὲρ
141 1759 224 1793 ἡμῶν
240 1758 322 1785 αὐτοῦ
336 1758 431 1790 πάθος,
450 1760 497 1785 καὶ
509 1760 558 1794 τὴν
574 1759 606 1785 ὲκ
623 1760 727 1794 νεκρῶν
740 1760 854 1794 τριήμε-

64 1814 109 1840 ρον
121 1805 245 1839 ἔγερσιν,
261 1804 322 1835 ταῖς
334 1804 381 1830 νῦν
397 1804 618 1839 ἀνεγνωσμέναις
631 1806 659 1831 ὲν
673 1805 710 1840 τῷ
727 1804 855 1840 Εὑαγγε-

62 1853 111 1888 λξῳ
124 1854 229 1887 φωναῖς
247 1851 315 1885 πρὸς
332 1851 377 1877 τὸν
400 1852 502 1887 Πέτρον
520 1852 666 1887 ἐχρήσατο,
682 1851 769 1886 λέγων
787 1853 855 1887 πρὸς

63 1899 159 1925 αὐτόν·
171 1898 279 1932 (Σίμων
288 1898 374 1930 Ἰωνᾶ,
387 1898 496 1933 ἀγαπᾷς
509 1906 541 1932 με
557 1899 647 1924 πλεῖον
657 1898 767 1932 τούτωνς
780 1906 789 1923 ι
802 1898 855 1924 τῶν

63 1945 138 1980 ὲμῶν
152 1945 278 1979 δηλονότι
297 1944 444 1979 μαθητῶνς
461 1944 513 1970 Τοῦ
529 1945 556 1970 δὲ
571 1945 622 1979 ὁρ).
638 1945 687 1980 τὴν
701 1946 748 1971 ἐπὶ
763 1945 794 1971 τὸ
809 1954 856 1971 τα-

63 1991 223 2026 πεινότερον
247 1989 417 2025 μεταϐολήν
439 1991 453 2017 ὁ
470 1990 523 2025 γὰρ
548 1991 595 2016 καὶ
617 1990 654 2025 μὴ
680 1991 856 2026 ἐρωτώμενῆς

63 2038 170 2072 πρώην,
198 2037 356 2072 ὑπερτιθεὶς
376 2037 429 2063 τῶν
444 2036 531 2064 ἄλλων
557 2037 664 2070 ἑαυτὸν,
681 2038 728 2063 καὶ
748 2036 835 2071 λέγων
847 2045 855 2052 ⁸

63 2085 123 2111 Κᾶν
138 2084 254 2116 πάντες,
273 2083 329 2110 ἀλλ’
342 2084 392 2110 οὐκ
407 2083 473 2117 ἐγὼ,
491 2083 537 2110 νῦν
554 2084 730 2118 ἐρωτώμενος
742 2085 765 2109 εἰ
776 2083 857 2110 πλέον

62 2131 116 2157 τῶν
135 2131 227 2157 ἄλλων
243 2129 348 2165 ἀγαπᾷ,
366 2129 398 2155 τὸ
423 2129 472 2164 μὲν
488 2130 601 2164 ἀγαπᾷν
626 2131 755 2162 συναινεϊ,
780 2129 810 2155 τὸ
828 2129 857 2155 δὲ

64 2178 143 2204 πλέον
163 2176 275 2211 ἀφίησι,
295 2175 402 2209 λέγων’
429 2184 439 2201 ι
461 2173 523 2208 Ναὶ,
544 2174 641 2210 Κύριε,
664 2176 696 2202 σὺ
721 2175 795 2206 οἶδας
817 2175 858 2201 ὅτι

65 2224 134 2258 φιλῶ
149 2232 194 2250 σε.
214 2232 224 2248 ι
246 2222 278 2248 Τί
293 2220 338 2249 οὖν
360 2223 373 2248 ὁ
396 2221 515 2256 Κύριος;
537 2221 646 2256 Ἐπειδὴ
665 2220 759 2247 τοῦτον
775 2221 860 2254 ἔδειξε

65 2270 134 2304 μήτε
160 2269 213 2303 τῆς
235 2268 304 2303 πρὶς
328 2267 409 2294 αὑτὸν
431 2267 542 2301 ἀγάπης
559 2267 719 2298 ἐκπεσόντα,
739 2267 786 2293 καὶ
810 2267 859 2303 τὴν

63 2315 232 2342 ταπείνωσιν
247 2313 477 2348 προσλαὸὀμενον,
489 2312 589 2347 πληροτ
604 2313 745 2348 παρρησίᾳ
762 2311 810 2348 τὴν
826 2313 859 2339 ὲκ

63 2360 165 2388 πολλοῦ
185 2359 256 2395 πρδς
274 2359 367 2386 τοῦτον
385 2359 563 2394 ἐπαγγελίαν,
580 2358 626 2385 καί
644 2366 710 2393 φησι
726 2358 794 2394 πρὸς
809 2359 858 2384 αὖ·

64 2407 123 2433 τὸν·
139 2416 149 2432 ι
166 2405 301 2438 Ποίμαινε
316 2405 350 2431 τὰ
363 2404 444 2437 ἀρνία
459 2413 509 2439 μου
521 2411 528 2418 ·
548 2413 557 2429 ι
576 2404 641 2430 ὅταν
658 2402 708 2438 μὲν
721 2403 776 2438 γὰρ
788 2403 860 2429 οἰκο-

64 2453 152 2488 δομὴν
164 2451 237 2486 καλῇ
254 2450 303 2486 τὴν
312 2449 366 2477 τῶν
377 2450 417 2482 είς
426 2450 506 2476 αὑτὸν
519 2450 700 2476 πιστευόντων
716 2449 859 2485 συλλογὴν,

66 2499 194 2533 θεμέλιον
207 2497 290 2524 αὑτὸν
303 2497 396 2532 θήσειν
408 2495 604 2530 ἐπαγγέλλεται
615 2504 621 2512 -
635 2504 644 2521 t
663 2495 699 2522 Σὺ
711 2491 747 2528 εἶ,
763 2495 860 2531 λέγων,

67 2545 191 2580 Πέτρος,
210 2543 259 2570 mi.
282 2543 328 2569 ἐπὶ
348 2542 434 2577 ταύτῃ
460 2543 493 2577 τῇ
515 2542 603 2576 πέτρᾳ
621 2541 792 2576 οἰκοδομήσω
810 2549 862 2576 μου

66 2592 116 2626 τὴν
137 2590 316 2624 Ἐκκλησίαν.
333 2598 343 2614 ι
362 2588 446 2614 Ὅταν
464 2588 492 2614 δὲ
510 2589 574 2622 περὶ
590 2587 684 2618 ἁλείας
703 2587 717 2613 ὁ
737 2587 816 2620 λόγος
832 2584 862 2624 ᾗ,

67 2638 146 2664 ἁλιέα
161 2635 259 2662 τοῦτον
278 2635 428 2670 ἀνθρώπων
441 2636 531 2661 ποιεῖ’
549 2643 558 2660 ι
583 2633 649 2660 Ἀπὸ
665 2632 711 2660 τοῦ
738 2633 786 2660 νῦν
796 2653 804 2664 ,
819 2633 864 2660 λέ-

66 2692 133 2718 γων,
148 2680 311 2715 ἀνθρώπους
324 2680 372 2715 ἔσῃ
381 2679 494 2713 ζωγρῶν
503 2686 510 2693 ·
524 2689 534 2705 ι
545 2679 609 2706 ὅταν
624 2678 652 2705 δὲ
664 2678 788 2713 πρόϐατα
799 2679 862 2709 τοὺς

905 1529 1005 1556 tionem
1022 1529 1048 1556 in
1063 1537 1144 1564 quam
1161 1535 1307 1564 superatus
1320 1531 1431 1565 illapsus
1452 1535 1521 1563 erat,
1539 1539 1587 1566 per
1606 1532 1693 1566 pumi-

904 1577 1016 1604 tentiam
1036 1577 1250 1612 dolorosumque
1265 1585 1411 1605 maerorem
1430 1578 1595 1605 snllicicnter
1609 1586 1692 1606 sana-

904 1623 989 1654 visse,
1012 1623 1059 1650 sed
1084 1624 1165 1650 etiam
1180 1624 1343 1658 arrogantiae
1366 1625 1460 1651 vitium
1480 1632 1532 1659 quo
1555 1632 1614 1652 sese
1631 1625 1692 1652 aliis

905 1669 1071 1703 praztulerat,
1088 1669 1166 1704 longe
1190 1669 1224 1696 ab
1238 1669 1328 1695 anima
1353 1670 1500 1697 amovisse.
1527 1670 1603 1702 Quod
1628 1677 1690 1698 cum

906 1715 1038 1742 Dominus
1063 1715 1144 1742 vellet
1168 1715 1295 1742 omnibus
1318 1715 1474 1747 ostendere,
1497 1720 1639 1751 postquam
1665 1717 1694 1743 in

905 1768 988 1789 carne
1004 1769 1052 1796 pro
1069 1762 1147 1789 nobis
1163 1769 1261 1795 passus
1277 1761 1377 1789 fuisset
1391 1766 1419 1789 et
1434 1762 1513 1789 tertia
1529 1762 1573 1789 die
1589 1770 1603 1789 a
1622 1770 1692 1790 mor-

906 1807 960 1834 tuis
976 1806 1184 1837 resurrexissct,
1205 1806 1284 1833 hodie
1303 1807 1393 1833 relatis
1413 1807 1438 1833 in
1461 1807 1605 1842 Evangelio
1619 1807 1693 1834 voci-

905 1854 957 1881 bus
977 1852 1010 1879 ad
1032 1852 1139 1879 Petrum
1157 1860 1222 1879 usus
1238 1857 1290 1884 est,
1307 1853 1400 1880 dicens
1416 1853 1448 1880 ad
1468 1860 1529 1880 eum
1545 1862 1551 1879 :
1569 1862 1578 1879 ‹
1596 1854 1691 1881 Simon

905 1897 1028 1932 Joannis,
1037 1906 1112 1927 amas
1125 1906 1167 1926 me
1179 1899 1238 1932 plus
1249 1898 1290 1925 his
1301 1899 1327 1925 2»
1342 1899 1410 1927 meis
1421 1899 1523 1927 scilicet
1533 1900 1694 1935 discipulis?

907 1946 995 1981 Hujus
1011 1951 1102 1973 autem
1124 1946 1246 1980 perspice
1265 1946 1298 1972 ad
1329 1946 1515 1972 humilitatem
1535 1946 1694 1973 conversio-

908 2001 981 2020 nem.
997 1991 1077 2020 Prius
1092 1993 1163 2019 enim
1179 1992 1230 2020 etsi
1248 2000 1301 2020 non
1316 1992 1500 2026 interrogatus
1517 1993 1695 2028 semetipsum

908 2039 1013 2066 caneris
1040 2042 1238 2073 anteposuerat
1264 2039 1387 2066 dicens:
1411 2048 1420 2065 ι
1438 2040 1494 2067 Etsi
1520 2047 1627 2074 omnes,
1646 2042 1696 2068 sed

908 2091 963 2111 non
975 2091 1050 2117 ego,»
1063 2084 1323 2118 nuncintcrrogatus
1334 2093 1367 2111 an
1379 2085 1439 2120 plus
1450 2086 1509 2113 aliis
1520 2091 1697 2122 amet,qnan—~

898 2134 968 2168 .tum
985 2129 1019 2156 ad
1037 2137 1156 2156 amorem
1172 2131 1334 2163 asseutitur,
1352 2131 1417 2158 illud
1437 2139 1499 2159 vero
1511 2133 1573 2167 plus
1590 2133 1696 2165 omittit

913 2175 1006 2204 dicens
1023 2185 1029 2203 :
1054 2185 1063 2202 ι
1082 2176 1180 2208 Etiam,
1195 2175 1369 2209 Domineptu
1386 2178 1441 2206 scis
1466 2179 1530 2214 quia
1545 2186 1609 2207 amo
1635 2184 1669 2206 te.
1684 2188 1695 2205 ι

912 2221 983 2255 Quid
998 2229 1063 2257 ergo
1078 2222 1211 2249 Dominus
1222 2222 1234 2249 ’ί
1247 2222 1326 2250 Nunc
1336 2231 1397 2251 cum
1413 2225 1575 2254 monstravit
1587 2224 1698 2255 Petrum

913 2275 967 2295 non
979 2275 993 2294 a
1010 2268 1143 2295 charitate
1155 2275 1218 2303 erga
1233 2268 1307 2295 illum
1325 2269 1461 2297 excidisse
1477 2275 1504 2297 et
1517 2270 1697 2300 humilitatem

912 2314 1084 2349 concepisse,
1097 2319 1190 2348 aperte
1208 2314 1301 2350 implet
1315 2315 1450 2350 quodjam
1463 2316 1568 2351 pridem
1586 2317 1618 2344 ad
1636 2326 1699 2346 eum

911 2360 1094 2391 nuntiaverat,
1103 2363 1129 2386 et
1141 2361 1179 2388 ait
1193 2360 1229 2386 illi
1245 2370 1250 2387 :
1267 2360 1459 2397 «Pasceagnos
1471 2371 1557 2391 meos.
1569 2373 1578 2388 ι
1590 2364 1616 2391 Si
1626 2364 1699 2392 enim

914 2406 1120 2434 aadiiicationem
1133 2411 1212 2434 vocat
1223 2407 1411 2436 collectionem
1429 2409 1598 2440 credentium
1615 2410 1640 2437 in
1657 2411 1700 2445 ip-,

915 2460 986 2485 sum,
1005 2451 1214 2484 fundamentum
1232 2454 1308 2481 illum
1336 2455 1471 2489 promittit
1488 2463 1517 2482 se
1535 2456 1700 2490 positurum.

915 2497 943 2525 Si
958 2496 992 2525 de
1017 2498 1168 2532 piscatione
1187 2498 1222 2526 sit
1247 2505 1350 2531 sermo,
1367 2499 1532 2534 piscatorem
1556 2499 1700 2528 hominum

917 2542 992 2570 illum
1001 2543 1064 2571 facit
1073 2543 1166 2574 dicens
1176 2552 1182 2574 :
1192 2553 1200 2569 ι
1208 2543 1244 2570 Ex
1257 2552 1329 2573 nunc
1338 2545 1391 2572 eris
1400 2543 1542 2573 hominum
1554 2545 1682 2578 piscator.
1690 2553 1700 2570 ι

919 2588 947 2615 Si
971 2597 1036 2617 vero
1062 2597 1127 2617 suos
1155 2598 1262 2625 gregem
1287 2591 1419 2624 nominat,
1437 2595 1571 2624 pastorem
1589 2589 1701 2620 Petrum

920 2634 1040 2669 prmfecit
1058 2644 1064 2662 :
1079 2646 1088 2661 ι
1106 2635 1200 2668 Pasce,
1218 2636 1315 2671 inquit,
1333 2644 1417 2670 agnos
1439 2643 1525 2668 meos,
1538 2643 1620 2671 pasce
1637 2643 1703 2663 oves

917 2687 992 2708 meas
1008 2681 1041 2708 ¹².
1061 2690 1070 2707 ι

68 2730 165 2757 ἑαυτοῦ
195 2726 276 2761 159
299 2728 374 2760 ποιῇ,
400 2725 483 2761 νομέα
515 2726 561 2752 τὸν
587 2726 688 2759 Πέτρον
713 2725 856 2760 ἐφίστησι,
883 2733 892 2750 t
911 2726 1054 2761 Ποίμαινε,
1071 2727 1168 2763 λέγων,
1185 2727 1218 2754 τὰ
1235 2727 1314 2762 ἀρνία
1332 2736 1393 2763 μου,
1415 2727 1542 2762 ποίμαινε
1575 2728 1608 2755 τὰ
1637 2727 1704 2766 πρά·

69 2777 138 2804 εατά
154 2784 219 2810 μου.
241 2783 250 2798 ι

135 2839 144 2854 ⁵
159 2834 259 2862 Matth.
274 2840 329 2867 ττι,
347 2832 387 2860 l8.
434 2834 454 2849 ¹ο
469 2833 566 2862 Matth.
584 2840 662 2866 xm,
675 2832 720 2860 55.

763 2833 782 2848 ’³
800 2831 874 2860 Psal.
892 2839 919 2866 ι,
939 2832 980 2860 t9.
1020 2833 1042 2847 ”
1057 2830 1136 2859 Joau.
1160 2839 1217 2866 nt,
1242 2832 1272 2860 15
1286 2839 1362 2868 seqq.
