1888 3067
221 93 274 127 355

847 96 1038 128 GREGORII
1052 97 1215 130 PALAM/E

1784 97 1835 128 358

256 148 326 176 [Vibii
341 153 430 176 autem
441 156 536 177 eorum
552 149 631 177 bonis
646 157 788 186 augemus,
811 157 951 186 gestorum
967 153 996 180 at

1088 156 1126 182 Οὐ
1144 154 1326 190 προστίθεμεν
1344 154 1371 181 δέ
1390 163 1417 181 τι
1430 154 1486 186 τοῖς
1511 153 1622 180 ἐκείνων
1648 152 1768 187 ἀγαθοῖς,
1783 154 1836 180 τῶν

219 195 275 221 illis
291 196 443 228 recordati;
462 203 523 222 nam
546 196 682 231 quomodo
699 198 856 232 augebimus
878 199 925 234 qui
953 207 1002 227 nec

222 241 306 268 totius
321 242 430 276 quidem
452 249 549 270 eorum
563 243 673 270 virtutis
686 245 869 277 proponenda:
889 253 1002 280 capaces

221 287 341 314 sumus?
366 287 529 314 remunerati
546 293 610 314 sunt
629 288 811 315 int-ﬂabilibus
831 297 845 316 a
869 290 922 316 Deo
940 298 1003 325 pro-

222 333 315 360 missis
332 333 513 366 mercedibus,
531 338 662 368 quantum
675 335 780 362 valebat
797 340 894 362 natura
908 335 1002 362 incli‘a-

220 376 301 403 bilem
317 377 417 404 oﬂerre
438 378 688 406 conversationem.
712 379 772 406 Non
788 387 852 414 ergo
871 381 1003 408 laudando

220 421 383 456 augebimus
403 429 499 448 eorum
521 423 630 457 praemia
644 431 651 456 ;
668 424 714 450 sed
730 425 811 450 macti
827 424 937 451 animo!
955 433 1002 452 au-

221 467 343 502 gebimus
369 468 439 494 bona
466 468 499 495 ab
520 469 573 495 illis
589 473 713 501 ventura,
740 469 774 496 ad
793 470 855 497 illos
871 470 943 497 velut
969 471 1003 498 ad

221 513 295 540 faces
325 513 477 540 divinitatis
513 513 647 549 fulgentes
679 517 860 549 nosmetipsos
891 524 1004 544 conver-

223 563 309 586 Icntes
327 559 491 586 ctvirtutcm
514 558 648 586 bonorum
668 567 779 595 operum
794 562 828 589 ab
852 562 904 590 illis
924 563 1003 590 exhi-

220 605 303 632 bllam
333 605 419 639 magis
451 612 483 631 ac
514 606 601 640 magis
641 612 794 641 susceptam
834 608 1001 643 colligentes.

220 650 273 678 Sed
305 651 328 678 si
352 651 498 685 cujuslibet
531 656 686 679 sanctorum
719 655 861 686 memoria,
881 660 909 682 ut
933 656 1002 682 dixi-

220 705 294 730 mus,
315 705 377 724 cum
395 698 502 733 hymnis
517 698 661 733 dignisque
675 700 806 727 encomiis
820 708 834 727 a
850 701 928 728 nobis
940 709 1002 736 per-

219 743 320 775 ﬁcitur.
337 750 443 778 quanto
458 745 544 778 magis
561 743 633 771 Petri
648 750 674 773 et
688 745 765 773 Pauli
781 747 935 774 culminum
954 755 1002 774 co-

218 791 320 825 rypbaﬂ
344 792 530 826 apostolorum
546 793 621 819 chori
635 791 646 818 τ
664 791 714 825 Qui
734 799 898 820 communes
913 799 1002 828 patres

218 842 245 862 et
257 835 342 863 duces
358 837 479 863 omnium
496 841 561 864 sunt
584 843 741 864 vocatorum
771 845 786 864 a
806 837 918 865 Christo
937 847 1003 874 apo-
1019 824 1040 852 Β

218 883 365 914 Ilolorum,
381 888 541 916 martyrum.
553 883 700 917 justorum,
717 883 902 916 sacerdotum,
915 885 1004 919 ponti-

221 927 317 960 ﬁcum,
330 933 468 963 pastorum
482 934 510 956 et
521 929 672 961 doctorum,
685 937 795 964 gregum
807 933 833 956 ct
843 931 1001 956 edoctorum

216 973 341 1000 omnium
365 973 439 999 velut
455 974 554 1000 summi
573 978 698 1008 pastores
713 979 740 1000 et
763 974 906 1001 architecxi
923 982 999 1001 com-

216 1019 308 1045 munis
325 1019 448 1045 omnium
463 1019 572 1053 pietatis
585 1024 612 1046 et
625 1019 735 1046 virtutis
753 1024 780 1045 et
793 1019 866 1046 velut
883 1020 999 1047 lumina-

217 1064 255 1090 ria
281 1063 441 1095 inmundo,
467 1064 580 1091 verbum
606 1064 668 1090 vita).
690 1064 870 1096 continentia,
893 1069 996 1092 tantum

214 1109 397 1137 illuminamia
412 1117 460 1137 eos
473 1110 518 1145 qui
535 1117 582 1145 per
593 1111 719 1145 pietatem
734 1115 759 1137 ct
773 1112 899 1138 virtutem
912 1115 1000 1138 trans-

213 1157 303 1184 lucent
329 1162 461 1192 quantum
490 1157 529 1184 sol
556 1163 652 1185 czetera
682 1163 756 1185 astra
790 1158 831 1185 vel
868 1163 996 1193 tauquam

213 1203 276 1231 coeli
298 1204 431 1231 caelorum
448 1204 560 1239 gloriam
579 1204 625 1231 Dei
651 1203 678 1231 in
698 1204 813 1231 excelsis
827 1209 1000 1238 enarrantes,

212 1252 319 1276 tantum
335 1255 495 1284 superantes
508 1250 641 1277 omlorum
656 1249 863 1284 amplitudinem
879 1255 904 1276 et
920 1251 994 1278 side-

213 1303 275 1323 rum
283 1295 513 1331 puli-britmlinem
529 1300 555 1322 et
567 1300 745 1330 utrorumque
757 1295 934 1329 celeritatem,
950 1304 996 1324 or-

211 1343 303 1369 dinent
319 1346 345 1368 et
361 1342 489 1368 virtutem
507 1345 639 1375 quantum
653 1342 705 1367 ista
720 1349 764 1368 res
780 1342 918 1369 illustrant
933 1350 996 1369 sen-

211 1387 324 1420 sibilcs;
348 1388 400 1414 ista
418 1391 508 1414 autem
525 1387 636 1414 sensilia
651 1386 709 1422 ipsa
734 1388 872 1416 intuentes
885 1397 993 1416 sursum

211 1433 282 1460 ferre
295 1437 432 1467 nequeunt
447 1433 479 1459 ad
496 1433 588 1467 plagas
602 1434 703 1460 mundo
720 1438 747 1460 et
761 1434 838 1461 rmlis
852 1434 932 1469 longe
946 1443 996 1462 ex—

1054 202 1254 236 πεπραγμένων
1278 201 1391 231 ἐκεινοις
1414 199 1668 234 ὑπομιμνήσκοντες
1682 206 1689 212 ’
1705 199 1761 230 πῶς
1779 199 1832 232 γὰρ

1052 247 1077 273 οἶ
1103 247 1170 282 μηδέ
1191 246 1240 281 τὴν
1261 247 1362 282 ἀρετήν
1387 247 1470 280 ἐσμεν
1497 245 1586 271 πᾶσαν
1613 244 1725 271 ἐκείνων
1751 244 1834 271 ίκανοὶ

1053 291 1228 326 παραστῆσαι
1241 300 1248 324 ;
1266 292 1321 318 Καὶ
1335 292 1388 326 γὰρ
1403 289 1627 325 ἐφιλοτιμήσαντο
1638 291 1699 321 ταῖς
1712 290 1778 324 ὑπὲρ
1790 290 1835 316 λό-

1053 345 1101 370 γον
1115 336 1332 372 ἐπηγγελμέναις
1349 337 1425 370 παρὰ
1449 335 1515 362 Θεοῦ
1531 335 1669 369 ἀμοιΰαῖς,
1689 335 1799 362 καθόσον
1816 337 1834 371 ἡ

1054 384 1134 418 φύσις
1152 382 1259 418 ἐχώρει,
1282 383 1328 408 καὶ
1346 382 1484 408 πολιτείαν
1513 381 1691 416 κατάλληλον,
1707 381 1836 416 χδηλονότι

1054 428 1143 454 πάντα
1153 427 1232 462 λόγον
1248 427 1378 459 νικῶσαν,
1394 426 1571 459 ἐνδείξασθαι.
1588 426 1644 452 Οὐκ
1660 425 1776 459 αὔξομεν
1788 424 1836 453 ὀὖν

1053 475 1086 500 τά
1098 473 1201 504 τούτοις
1213 473 1358 508 προσόντα,
1372 473 1481 504 τούτους
1491 474 1720 507 ἐγκωμιάζοντες,
1733 473 1833 507 ἀπαγει

1053 518 1171 554 αὔξομεν
1187 519 1215 545 δέ
1234 519 1268 545 τὰ
1283 520 1348 554 παρ’
1365 518 1476 545 ἐκείνων
1492 519 1556 553 ὴμτν
1583 519 1672 552 ἁγαθά
1690 519 1838 553 προσγινό-

1055 574 1123 600 μενα
1148 565 1213 600 πρὸς
1243 565 1362 595 ἐκείνους
1385 562 1431 591 οἷά
1452 573 1526 596 τινας
1551 564 1710 598 Θεοφεγγεῖς
1728 564 1836 598 λυχνίας

1054 611 1127 646 ἡμᾶς
1141 610 1239 641 αὐτοὺς
1258 610 1452 642 ἀνατείνοντες,
1470 611 1518 637 καὶ
1536 610 1585 644 τὴν
1601 609 1776 644 ἐκδιδομένην
1788 611 1835 637 ἀπ’

1054 656 1166 683 ἐκείνων
1180 656 1338 682 καλλοποιὸν
1351 656 1465 690 δύναμιν
1478 655 1611 687 συνιέντες
1624 656 1670 682 ἐπὶ
1681 655 1782 690 μᾶλλον
1792 657 1839 682 καὶ

1054 701 1276 736 προσδεχόμενοι,
1289 701 1319 727 Εἰ
1333 701 1356 727 δ’
1370 701 1485 727 ἑκάστου
1501 700 1555 726 τῶν
1568 700 1654 733 ἁγίων
1666 701 1683 735 ἡ
1701 701 1795 735 μνήμη
1806 699 1840 727 δι’

1054 745 1126 780 ἅπερ
1143 745 1266 779 εἴπομεν,
1281 745 1339 779 μεθ’
1355 744 1446 779 ὓμνων
1461 744 1573 771 καὶτῶν
1589 745 1783 779 προσηκόντων
1796 746 1840 778 ἐγ-

1055 791 1166 824 κωμίων
1177 790 1241 824 παρ’
1255 790 1333 824 ἡμῶν
1347 790 1506 822 ἐκτελεῖται,
1523 790 1598 824 πόσῳ
1615 790 1717 824 μᾶλλον
1735 790 1839 824 Πέτρου

1055 837 1100 862 καὶ
1116 836 1232 868 Παύλου,
1245 837 1293 870 τῆς
1305 836 1454 871 κορυφαίας
1464 836 1614 870 ἀκρότητος
1624 836 1671 862 τοῦ
1686 836 1840 870 κορυφαίου

1056 881 1110 907 τῶν
1128 881 1284 908 ἀποστόλων
1299 881 1398 916 χοροῦς
1416 881 1447 908 Οἳ
1466 882 1551 908 κοινοὶ
1565 881 1681 916 πατέρες
1695 882 1742 907 καὶ
1757 881 1842 916 καθη-

1055 927 1169 962 γεμόνες
1184 928 1292 954 πάντων
1306 928 1357 953 είσὶ
1375 927 1428 953 τῶν
1443 927 1497 953 ἀπὸ
1513 927 1630 962 Χριστοῦ
1650 927 1838 961 καλουμένων,

1055 974 1229 1004 ἀποστόλων,
1259 973 1416 1008 μαρτύρων,
1441 973 1530 1005 ὁσίων,
1559 974 1664 1007 ἱερέων,
1692 973 1839 1008 ίεραρχῶν,

1055 1019 1192 1054 ποιμέ·.ων
1211 1027 1240 1045 τε
1256 1020 1303 1046 καὶ
1317 1019 1496 1050 διδασκάλων,
1513 1019 1734 1053 ποιμαινομένων
1749 1026 1779 1044 τε
1793 1019 1839 1045 καὶ

1053 1065 1254 1099 διδασκομένων
1279 1065 1407 1092 ἁπάντων
1432 1064 1470 1096 ὡς
1493 1065 1688 1100 ἀρχιποίμενες
1713 1065 1802 1097 ὄντες,
1822 1065 1839 1098 ῆ

1053 1113 1100 1140 καὶ
1116 1114 1307 1148 ἀρχιτέκτονες
1330 1112 1379 1148 τῆς
1397 1113 1488 1147 κοινῆς
1508 1113 1615 1139 πάντων
1633 1112 1776 1143 εὗσεῦείας
1794 1113 1839 1138 καὶ

1052 1160 1162 1195 ἀρετῆς,
1194 1160 1240 1186 καὶ
1262 1159 1299 1190 ὡς
1326 1159 1468 1193 φωστῆρες
1493 1160 1522 1185 ἐν
1547 1160 1641 1193 κόσμῳ
1663 1156 1737 1192 ζωῆς
1759 1159 1839 1192 λόγον

1051 1206 1195 1240 ἐπέχοντες
1209 1213 1216 1221 ·
1236 1205 1362 1231 τοσοῦτον
1378 1205 1601 1239 ὖπερλάμποντες
1620 1205 1682 1235 τοὺς
1699 1204 1744 1230 ἐπ’
1760 1205 1839 1230 εὐσε-

1052 1253 1113 1288 ϐείᾳ
1134 1253 1180 1279 καὶ
1209 1252 1293 1286 ἀρετῇ
1319 1251 1539 1286 διαλάμψαντας,
1563 1251 1624 1277 ὅσον
1649 1251 1714 1282 τοὺς
1739 1251 1838 1282 ἄλλους

1050 1297 1168 1332 ἀστέρας
1192 1297 1277 1332 ἥλιος,
1299 1297 1315 1332 ἢ
1341 1297 1378 1328 ὡς
1399 1297 1521 1332 οὐρανῶν
1543 1297 1664 1331 οὐρανοὶ,
1680 1296 1761 1328 δόξαν
1787 1297 1838 1331 τὴν

1052 1342 1182 1370 ἀνωτάτω
1191 1342 1237 1369 τοῦ
1251 1342 1319 1368 Θεοῦ
1333 1342 1520 1377 διηγούμενοι·
1532 1342 1658 1368 τοσοῦτον
1672 1342 1838 1376 ὑπεριῖρο·.ο

1051 1397 1095 1418 τες
1120 1387 1242 1422 οὐρανῶν
1263 1396 1292 1413 τε
1317 1387 1430 1423 μεγέθη,
1446 1388 1491 1414 καὶ
1517 1387 1614 1418 κάλλος
1635 1387 1771 1420 ἀστέρων,
1790 1388 1838 1412 καὶ

1049 1433 1130 1468 τάχος
1150 1432 1323 1468 ἀμφοτέρων,
1338 1433 1386 1459 καὶ
1406 1433 1482 1465 τάξιν
1497 1433 1544 1459 καὶ
1561 1432 1686 1466 δύναμιν,
1703 1433 1765 1458 ὅσον
1790 1432 1839 1458 καὶ

210 1478 351 1506 celsiores.
374 1478 488 1513 Insuper
503 1479 673 1513 patefaciunt
693 1479 770 1506 illum
785 1480 869 1507 solem
890 1481 917 1507 in
940 1488 995 1516 quo

1056 1479 1083 1505 ιὰ
1109 1478 1178 1512 ὑπὲρ
1209 1478 1333 1513 αἴσθησιν
1358 1477 1430 1504 οὗτοι
1453 1477 1599 1513 φανεροῦσι
1622 1478 1689 1512 πρὸς
1713 1477 1784 1503 αὺτά
1805 1477 1839 1503 τὰ

210 1531 266 1552 non
282 1529 324 1551 est
340 1524 455 1551 mutatio
480 1528 507 1551 et
525 1523 725 1551 vicissitudinis
740 1524 914 1553 obumbratio
926 1525 946 1559 ⁸,
968 1530 995 1553 et

209 1577 266 1596 non
279 1569 360 1596 modo
374 1570 499 1598 sedentes
515 1570 541 1597 in
559 1571 678 1598 tenebris
696 1571 729 1598 ad
749 1571 826 1598 illum
843 1573 928 1599 solem
947 1572 995 1599 ad-

209 1613 326 1646 ducunt,
343 1614 389 1641 sed
402 1617 428 1640 et
443 1613 504 1641 illos
516 1614 596 1648 bujus
609 1615 720 1643 luminis
733 1617 877 1651 participes
891 1615 995 1644 faciunt

208 1662 236 1685 et
250 1657 363 1692 perfecti
388 1659 454 1687 solis
479 1660 598 1692 soboles,
625 1661 661 1687 ita
677 1665 707 1688 ut
722 1662 817 1690 ambos
840 1663 949 1697 quando
965 1664 992 1690 in

212 1704 299 1739 gloria
314 1712 449 1739 apparens
464 1705 683 1734 manifestabitur
700 1707 791 1735 lumen
808 1709 840 1736 de
854 1709 956 1737 lumine
968 1714 995 1737 rt

212 1749 283 1777 Deus
296 1750 383 1778 llomo
400 1750 533 1785 Verbum,
550 1752 623 1780 velut
638 1752 711 1781 soles
728 1754 872 1789 splendere
887 1755 994 1783 videbi-

209 1795 255 1823 tis.
278 1795 341 1824 Haec
357 1796 445 1824 sidera
464 1797 544 1826 hodie
567 1799 646 1827 nobis
660 1805 753 1828 exorta
768 1800 916 1829 Ecclesiam
935 1802 995 1829 illu-

207 1843 324 1871 minant.
338 1844 462 1878 Quorum
479 1846 588 1882 quidem
613 1847 769 1882 conjunctio
786 1855 839 1875 non
860 1848 994 1875 defectio-

207 1898 269 1919 ncm
293 1892 340 1919 sed
358 1892 471 1920 luminis
490 1893 701 1920 redundantiam
720 1898 863 1928 operatur.
886 1894 995 1929 Nequa-

207 1945 288 1973 quam
309 1937 380 1965 enim
406 1938 481 1965 aliud
496 1946 617 1974 superne
643 1939 818 1966 convolutum
834 1939 861 1968 in
877 1940 993 1967 excelsis

207 1983 370 2010 eulloeatum
385 1983 447 2016 fuit,
462 1984 526 2012 dum
542 1984 658 2013 iulerius
671 1991 778 2019 gyraret
791 1990 818 2012 et
833 1986 944 2012 subiens
958 1986 994 2012 al-

208 2033 295 2055 terutri
309 2028 487 2056 obumbraret
500 2038 507 2062 ;
525 2037 573 2056 nec
584 2037 668 2057 unum
683 2030 795 2065 quidem
810 2030 864 2063 die,
876 2029 992 2056 alterum

207 2077 287 2100 nocte
306 2073 395 2100 elucet
420 2078 449 2100 ut
475 2081 508 2101 ex
526 2074 642 2102 adverso
668 2079 803 2101 versatum
823 2074 850 2101 in
873 2073 993 2100 tenebris

207 2119 321 2150 incidat,
337 2126 427 2154 neque
443 2120 518 2147 aliud
535 2120 646 2154 quidem
663 2121 775 2153 emittit,
791 2124 817 2147 et
832 2119 905 2146 aliud
921 2119 991 2146 reci-

1049 1524 1233 1559 ὖπερουράνιά
1247 1532 1275 1549 τε
1291 1523 1337 1550 καὶ
1349 1523 1533 1559 ὑπερκόσμια,
1551 1524 1598 1550 καὶ
1608 1522 1757 1557 φωτίζουσι
1768 1523 1838 1556 φῶς,

1047 1571 1112 1606 παρ’
1130 1566 1151 1604 ᾧ
1167 1570 1216 1596 οὐκ
1231 1569 1288 1596 ἔστι
1304 1569 1474 1604 παραλλαγὴ,
1490 1570 1506 1604 ἢ
1522 1569 1625 1604 τροπῆς
1639 1567 1820 1601 ἀποσκίασμα
1833 1576 1838 1582 υ

1046 1617 1076 1643 οὐ
1094 1616 1174 1651 μόνον
1196 1614 1340 1649 ἐξάγοντες
1354 1615 1409 1642 ἀπὸ
1431 1614 1545 1646 σκότους
1567 1616 1607 1646 είς
1623 1614 1654 1640 τὺ
1677 1613 1840 1648 Θαυμαστὸν

1045 1663 1124 1689 τοῦτο
1143 1662 1209 1696 φῶς,
1226 1662 1293 1688 ἀλλὰ
1308 1662 1355 1688 καὶ
1375 1661 1432 1696 φῶς
1448 1662 1511 1692 τοὺς
1525 1660 1708 1696 μετασχόντας
1729 1659 1840 1686 ποιοῦν-

1047 1717 1092 1740 τες
1106 1710 1138 1744 τῇ
1156 1708 1284 1741 διαδόσει,
1305 1707 1352 1734 καὶ
1372 1706 1473 1733 τελείου
1493 1707 1580 1741 φωτὸς
1603 1707 1783 1741 γεννήματα,
1801 1706 1839 1736 ὡς

1045 1756 1091 1782 καὶ
1102 1754 1192 1782 αὐτῶν
1205 1754 1320 1780 ἕκαστον
1332 1754 1401 1780 κατὰ
1413 1753 1463 1788 τὴν
1480 1753 1630 1788 μέλλουσαν
1644 1754 1673 1779 ἐν
1689 1752 1755 1788 δόξῃ
1768 1761 1804 1778 πα
1809 1760 1839 1786 ρ-

1044 1801 1138 1828 ουσῖαν
1153 1801 1198 1827 καὶ
1211 1799 1371 1834 ἐπιφάνειαν
1388 1798 1435 1825 τοῦ
1451 1798 1608 1834 ἁρχιφὼτου
1633 1798 1680 1824 καὶ
1693 1797 1836 1831 οεανϐρώ-

1044 1856 1096 1873 που
1113 1847 1200 1881 Λόγου
1213 1845 1331 1881 λάμψειν
1347 1845 1472 1880 καθάπερ
1485 1845 1572 1880 ἥλιος.
1584 1845 1707 1871 Τοιοῦτοι
1728 1845 1838 1878 φωστῆ-

1047 1901 1091 1928 ρες
1116 1892 1173 1928 μετ’
1202 1891 1326 1926 ἀλλήλων
1354 1891 1420 1925 ἡμῖν
1445 1889 1608 1923 ἀνασχόντες
1636 1888 1770 1923 σήμερον,
1787 1887 1838 1922 τήν

1051 1938 1214 1973 Ἐκκλησίαν
1236 1936 1450 1971 φαιδρύνουσινο
1475 1936 1492 1970 ἡ
1517 1934 1568 1970 γὰρ
1592 1934 1696 1961 τούτων
1727 1933 1837 1963 σύνοδος

1043 1984 1093 2011 οὑκ
1114 1983 1246 2018 ἐκλειψιν,
1267 1981 1336 2008 ἀλλὰ
1349 1980 1510 2015 περιουσίαν
1524 1979 1611 2013 φωτὸς
1624 1979 1834 2013 ἀπεργάζεται·

1043 2030 1073 2057 οὺ
1090 2030 1143 2064 γὰρ
1162 2029 1175 2054 ὁ
1189 2028 1238 2063 μὲν
1252 2027 1308 2054 ἄνω
1328 2024 1483 2060 περιπολῶν
1498 2026 1540 2059 ἐφ’
1561 2025 1643 2059 ὕψους
1656 2024 1807 2059 ῆδρασται,
1825 2025 1838 2050 ὁ

1042 2075 1070 2101 δὲ
1093 2074 1272 2108 ὑποὸἐδηκεν,
1293 2072 1325 2098 ἵν’
1345 2070 1468 2098 ὑπελθὼν
1481 2071 1636 2104 ὑποσκιάσῃ
1656 2069 1703 2096 τὸν
1721 2069 1835 2104 ἕτερον·

1042 2120 1095 2147 οὐδ’
1112 2120 1126 2146 ό
1144 2119 1192 2153 μὲν
1208 2119 1326 2153 ἡμέρας,
1347 2117 1360 2144 ὀ
1375 2116 1402 2144 δέ
1423 2116 1520 2147 νυκτὸς
1542 2116 1660 2150 ἡγεῖται,
1675 2115 1709 2142 ἶν’
1726 2115 1839 2150 ἐμπέσῃ

207 2168 246 2203 pit
264 2168 367 2201 lumen,
387 2168 424 2195 ita
441 2173 469 2194 ut
483 2174 629 2202 utrumque
642 2168 859 2195 vicissitudinem
873 2168 991 2205 patiatur

1056 2167 1076 2200 τῇ
1095 2165 1159 2200 σκιᾷ
1171 2163 1339 2198 καταντικρὺ
1357 2162 1505 2197 φερόμενος
1517 2169 1523 2176 ·
1541 2161 1595 2188 οὐδ’
1616 2162 1630 2187 ὁ
1647 2160 1696 2195 μὲν
1715 2161 1837 2195 ἀνίησιν,

207 2214 262 2242 alio
278 2214 357 2241 aliter
373 2215 474 2247 lumen,
492 2215 642 2250 accipiente
657 2215 806 2242 secundum
825 2213 992 2242 discriminis

208 2268 377 2293 mensuram,
391 2261 437 2288 sed
450 2261 553 2288 Christi
563 2260 692 2295 perennis
707 2260 790 2287 fontis
800 2260 894 2288 aeterni
909 2259 990 2287 lumi-

209 2307 252 2335 nis
274 2307 355 2334 ambo
372 2315 449 2343 aeque
473 2310 617 2334 consortes
634 2307 737 2342 pariter
763 2306 906 2334 consecuti
924 2309 990 2333 sunt

209 2351 430 2378 excelsitudinem
444 2356 470 2379 et
482 2351 595 2386 gloriam
609 2357 635 2378 et
649 2351 833 2386 splendorem.
848 2351 912 2378 ldeo
928 2358 989 2377 mu-

208 2399 255 2423 tua
270 2395 366 2423 horum
385 2396 542 2430 coniunctio
556 2400 598 2422 est
615 2396 749 2423 connexio
762 2394 895 2431 duplicem
911 2395 989 2422 emit-

208 2446 266 2469 tens
284 2443 311 2469 in
326 2441 430 2469 animas
450 2441 570 2470 fidelium
588 2441 812 2469 illustrationem.

243 2574 351 2602 Primus
375 2580 463 2601 autem
488 2581 609 2610 apostata
635 2577 680 2611 qui
708 2576 825 2612 primum
852 2577 991 2604 hominem

209 2625 336 2655 apustare
350 2620 414 2646 fecit
424 2627 439 2647 a
453 2620 516 2654 Deo,
529 2621 625 2649 videns
638 2621 713 2649 illum
729 2621 776 2656 qui
793 2625 902 2648 crearat
918 2621 992 2647 Ada-

209 2674 283 2692 mnm
298 2670 401 2700 patrem
415 2667 526 2694 bumani
541 2669 650 2703 generis
665 2676 762 2695 rursus
773 2675 867 2695 creare
882 2667 989 2695 Petrum

207 2717 310 2746 patrem
325 2719 387 2738 vere
404 2713 533 2746 ﬁdelium,
550 2722 600 2741 nec
616 2714 681 2740 vidit
700 2714 791 2746 modo,
813 2713 858 2741 scd
873 2719 900 2740 et
915 2713 989 2741 llllllll

265 2801 275 2816 ‘
289 2800 344 2830 Jac.
367 2811 384 2832 l.
405 2802 448 2830 Π.

1042 2212 1056 2238 δ
1070 2210 1099 2237 δὲ
1116 2210 1257 2245 προσίεται
1275 2208 1306 2235 τδ
1322 2208 1380 2244 φῶς
1403 2207 1518 2239 ἐκεῖθεν,
1539 2207 1571 2233 tv‘
1593 2205 1721 2234 ἐντεῦθεν
1744 2207 1838 2242 πάσχῃ

1043 2257 1093 2291 τὴν
1107 2256 1250 2282 ἀλλοίωσιν
1261 2275 1268 2287 ,
1287 2254 1381 2281 ἄλλοτε
1395 2253 1483 2285 ἄλλως
1498 2253 1546 2280 τοῦ
1567 2252 1709 2287 φωτισμοῦ
1728 2253 1837 2286 τυγχά-

1042 2311 1107 2334 νων,
1125 2302 1196 2328 κατὰ
1209 2301 1238 2326 τδ
1251 2300 1352 2335 μέτρον
1366 2299 1417 2333 τῆς
1433 2299 1600 2330 διαστάσεως
1611 2305 1618 2312 ’
1633 2298 1700 2324 ἀλλὰ
1716 2297 1837 2333 Χριστοῦ

1040 2347 1089 2382 τῆς
1096 2347 1207 2374 ἁεννάου
1216 2346 1304 2381 πηγῆς
1313 2345 1359 2372 τοῦ
1370 2345 1456 2371 ἀϊδίου
1467 2344 1553 2379 φωτὸς
1561 2343 1644 2378 ἄμφω
1653 2343 1838 2378 μετασχόντες

1045 2393 1125 2428 158
1147 2393 1255 2427 ἐπίσης,
1274 2392 1329 2418 ἴσον
1354 2392 1502 2426 ἐκτήσαντο
1526 2391 1574 2417 καὶ
1593 2389 1623 2416 τὸ
1638 2389 1703 2423 ὕψος
1722 2390 1770 2415 καὶ
1787 2389 1836 2424 τὴν

1044 2440 1122 2472 δόξαν
1136 2439 1183 2466 καὶ
1197 2439 1246 2472 τὴν
1265 2438 1454 2473 λαμπρότητα.
1473 2435 1517 2462 Διὸ
1532 2436 1577 2462 καὶ
1597 2435 1765 2470 ἀλληλουχία
1781 2435 1836 2460 τῶι

1045 2486 1197 2520 φωστήρων
1209 2484 1310 2511 τούτων
1323 2485 1397 2510 ἐστὶν
1411 2483 1428 2518 ή
1447 2482 1566 2513 σύνοδος,
1581 2482 1641 2512 ταῖς
1656 2480 1712 2506 τῶν
1727 2480 1834 2506 πιστῶν

1041 2530 1139 2566 ψυχαῖς
1151 2529 1284 2556 διπλασίω
1296 2527 1451 2564 χορηγοῦσα
1463 2527 1512 2562 τὴν
1527 2526 1670 2560 ἔλλαμψιν.

1084 2575 1154 2601 Ἀλλ’
1170 2576 1184 2602 ὁ
1203 2575 1311 2609 πρῶτος
1333 2573 1500 2607 ἀποστάτης,
1518 2573 1566 2599 καὶ
1587 2572 1633 2598 τὸν
1652 2571 1765 2606 πρῶτον
1785 2570 1834 2598 ἇν-

1041 2622 1151 2656 ορωπον
1166 2621 1323 2652 ἀποστήσας
1339 2619 1386 2645 τοῦ
1409 2618 1487 2649 Θεοῦ,
1503 2617 1609 2652 βλέπων
1629 2616 1680 2652 ήδη
1698 2617 1746 2643 τὸν
1763 2616 1835 2643 πλά-

1042 2676 1124 2694 σαντα
1145 2667 1191 2693 τὸν
1220 2666 1306 2700 Ἀδαμ
1330 2664 1437 2699 πατέρα
1462 2665 1556 2698 γένους
1581 2664 1735 2698 ἀνθρώπων
1769 2662 1835 2689 ἀνα-

1045 2714 1194 2740 πλάττοντα
1212 2711 1313 2747 Πέτρον
1329 2710 1442 2747 ὕστερον
1465 2710 1570 2744 πατέρα
1589 2709 1634 2736 τοῦ
1664 2709 1758 2744 γένους
1780 2707 1834 2736 τῶν
