1888 3067
63 89 114 122 317

710 82 875 114 HOMlLIA
895 83 1035 114 XXVIII.

1631 82 1684 116 358

64 145 143 176 ὄντως
151 143 296 175 θεοσεδῶν,
308 142 355 170 καὶ
370 142 419 178 οὐχ
431 142 502 178 ὀρῶν
515 142 607 178 μόνον,
624 140 691 168 ἀλλὰ
703 142 750 168 καὶ
764 141 809 168 δικ(

939 140 1004 167 divit
1015 140 1047 167 ad
1060 139 1133 168 hutte
1146 139 1280 167 dicentem
1296 148 1303 166 :
1321 148 1330 166 (
1350 139 1389 167 'l‘u
1404 147 1434 168 es
1446 139 1553 173 Petrus,
1565 143 1590 167 et
1603 147 1684 175 super

64 200 109 223 σας
121 191 200 218 αὐτοῦ
215 191 283 226 πρὸς
298 190 379 217 αὑτὸν
397 189 537 220 είπόντος·
555 198 565 215 ‹
584 188 620 214 Σὺ
636 185 661 214 εί
675 186 787 222 Πέτρος,
799 187 848 214 καὶ

63 239 105 263 επὶ
127 235 210 272 ταύτῃ
235 237 268 271 τῇ
287 236 376 271 πέτρᾳ
398 235 566 270 οἰκοδομήσω
591 242 642 269 μου
665 234 714 269 τὴν
736 231 848 268 Ἐκκλη-

63 283 136 309 σίαν·
154 292 162 307 ι
179 281 258 308 τοῦτο
274 281 369 314 μαθὼν
382 283 396 308 6
410 281 564 316 ἀρχέκακος
576 280 735 314 αὑτοφθόνῳ
750 279 847 314 κακίᾳ,

63 328 105 353 καὶ
124 327 160 362 τῷ
180 327 325 363 ἀρχηγέτῃ
343 328 439 362 Πέτρῳ
463 326 510 353 τοῦ
524 326 580 352 τῶν
604 325 737 352 θεοσεθῶν
753 324 849 359 γένους

62 374 216 410 ἐπηρεάζει,
232 374 271 406 ὡς
285 374 333 401 καὶ
349 373 387 408 τῷ
402 373 544 409 ἀρχηγέτῃ
559 373 606 400 τοῦ
625 373 679 399 τῶν
695 371 847 407 ἀνθρώπων

62 414 153 454 γένους
164 419 249 455 ’Δδάμ
265 420 342 447 ποτέ.
354 419 439 452 Εἰδὼς
450 419 478 447 δὲ
490 419 583 447 τοῦτον
593 419 700 446 συνέσει
713 426 849 452 κεκοσμη-

64 466 150 501 μένον,
173 467 220 492 καὶ
234 466 269 501 τῇ
290 466 360 499 πρὸς
379 465 497 500 Χριστὸν
517 464 614 501 ἀγάπῃ
638 464 848 500 πεπυρωμένον,

63 513 108 546 τὴν
123 513 171 546 μὲν
187 512 261 538 κατὰ
282 512 428 547 πρόσωπον
448 511 478 537 οὐ
495 512 593 547 θαῤῥεῖ
609 509 772 545 προσϐολὴν,
790 507 849 536 ἀλλ’

62 554 115 585 οἷον
129 559 161 584 ὲκ
180 558 297 592 πλαγίου
309 577 318 590 ,
334 559 380 584 καὶ
399 559 495 585 τούτου
510 557 557 584 τοῦ
573 556 673 589 δεξιοῦ,
689 555 779 591 πολλῷ
800 556 848 582 σὺν

62 604 126 639 δόλῳ
143 605 269 630 κλέπτων
288 604 380 639 ᾷττειν
399 603 604 638 παρασκευάζει
622 603 716 629 τοῦτον
733 602 802 637 ὑπὲρ
818 601 849 627 τὺ

61 649 132 676 δέον·
144 650 191 676 καὶ
204 651 275 676 κατὰ
287 651 332 677 τὸν
347 650 442 685 καιρὸν
457 649 503 676 τοῦ
518 649 652 684 σωτηρίου
671 648 785 680 πάθους,
799 646 846 674 τοῦ

61 696 161 732 Κυρίου
182 697 250 732 πρὸς
273 696 337 727 τοὺς
356 695 477 731 μαθητὰς
502 696 641 727 εἰπόντος·
662 705 671 720 ι
702 694 795 730 Ταύτῃ
814 695 847 729 τῇ

61 742 135 768 νυκτὶ
153 742 254 773 πάντες
271 741 536 776 σκανδαλισθήσεσθε
552 742 581 768 ὲν
598 740 685 776 siml")
704 741 784 772 αὐτὸς
798 741 849 767 ἀν-

60 788 165 822 τέλεγεν
182 788 316 815 ἀπειθῶν.
331 788 385 814 Καὶ
399 788 430 814 οὐ
444 787 523 814 τοῦτο
539 787 619 823 μόνον
630 807 638 820 ,
657 786 724 813 ἀλλὰ
737 786 848 813 καὶτῶν

60 833 144 860 ἄλλων
154 833 251 860 ἑαυτὸν
269 834 434 868 ὐπερετίθει,
460 833 566 867 λέγων·
591 843 600 859 ι
616 833 677 859 Κᾶν
699 834 723 859 εἰ
748 831 848 863 πάντες
865 827 885 854 Β

62 878 344 914 σκανδαλισθήσονται,
355 879 413 905 ἀλλ’
422 879 546 913 οὐκὲγώ·
559 888 568 904 ι
580 878 848 914 ἱγκαταλιμπάνεται

60 925 90 960 δὴ
105 925 207 960 μᾶλλον
228 925 283 951 τῶν
297 924 400 957 ἄλλων,
423 924 460 956 ὥς
478 924 524 951 ὑπ’
542 923 700 956 ἀλαζονείας
717 923 849 957 κλαπεὶξ,

61 971 102 998 ἴνα
116 972 162 997 καὶ
180 970 283 1006 μᾶλλον
293 970 348 998 τῶν
361 970 449 998 ἀλλων
465 970 655 1002 ταπεινωθεὶς,
671 969 742 997 κατὰ
753 969 850 1004 καιρὸν

61 1018 183 1052 ἀναφανῇ
208 1016 409 1051 λαμπρότερος,
427 1016 476 1051 οὐχ
495 1016 533 1046 ὡς
551 1016 565 1042 6
587 1015 674 1050 Ἀδὰμ
691 1015 850 1051 πειρασθείς

61 1063 125 1097 ὁμοῦ
136 1072 166 1089 τε
178 1063 227 1089 καὶ
238 1062 370 1098 νικηθεὶς,
383 1065 430 1089 καὶ
442 1063 482 1094 εἰς
495 1063 571 1094 τέλος
585 1061 767 1097 κατενεχθεὶς,
783 1061 851 1088 ἀλλά

61 1109 221 1145 πειρασθείς
239 1109 288 1143 μὲν
301 1109 348 1136 καὶ
365 1109 537 1144 παρασυρεὶς
562 1109 670 1143 μικρὸν,
691 1108 806 1142 νικήσας
823 1107 850 1134 δὲ

62 1156 104 1182 τὸν
114 1155 293 1190 πειράζοντα.
309 1154 386 1188 Πῶ;;
401 1155 441 1190 Τῇ
453 1154 551 1181 ἑαυτοῦ
564 1154 693 1190 πάραυτα
710 1153 852 1188 καταγνώ-

63 1209 101 1227 σει
126 1201 177 1227 καὶ
203 1201 236 1235 τῇ
265 1200 366 1235 σφοδρᾷ
390 1200 463 1236 λύπῃ
492 1199 538 1226 καὶ
569 1199 709 1235 μετανοίᾳ,
737 1198 786 1225 καὶ
813 1198 851 1234 τῷ

62 1245 200 1281 δραστικῷ
227 1246 296 1281 πρὸς
326 1246 439 1281 ἱλασμὸν
468 1245 607 1281 φαρμάκῳ
631 1246 688 1277 τοῖς
716 1245 849 1280 δάκρυσι·

66 1301 75 1318 t
96 1293 223 1328 Καρδίαν
236 1292 302 1327 γὰρ,
321 1293 398 1327 φησὶ,
412 1291 645 1326 συντετριμμένην
662 1291 709 1317 καὶ
725 1299 852 1317 τεταπει-

63 1340 186 1373 νωμένην
210 1339 225 1364 6
248 1337 315 1369 Θεὸς
339 1338 388 1364 οὐκ
414 1336 606 1369 ὲξουδενὼσειο
634 1345 643 1362 ι
667 1336 713 1363 καὶ
742 1336 757 1371 ἡ
783 1336 852 1363 κατὰ

902 187 972 214 hanc
987 192 1090 221 petram
1114 187 1253 214 aediﬁcabo
1279 187 1425 214 Ecclesiam
1455 194 1542 213 meam
1554 187 1574 212 ’.
1595 195 1605 213 ι
1626 186 1686 219 Quo

902 233 1004 266 audito,
1020 233 1153 268 pessimus
1166 233 1209 260 ille
1223 240 1350 268 perversa
1365 233 1532 268 malignitate
1546 233 1628 260 Petro
1640 240 1688 260 su-

902 286 997 314 premo
1009 281 1116 314 generis
1132 278 1252 306 fidelium
1273 279 1354 314 capiti
1377 279 1522 306 insidiatur
1535 279 1608 306 sicut
1620 279 1684 306 olim

903 324 1008 353 Adamo
1024 332 1152 360 supremo
1169 325 1277 360 generis
1291 325 1404 352 humani
1420 325 1513 360 capiti.
1530 325 1608 352 i\‘une
1621 332 1687 360 ergo

903 372 991 399 sciens
1020 371 1158 399 intellectu
1189 377 1315 398 ornatum
1341 371 1475 398 charitate
1501 376 1593 398 autem
1621 379 1686 407 erga

902 417 1039 445 Christum
1063 424 1187 449 vacuum,
1212 416 1312 443 nonin
1337 416 1434 444 faciem
1461 417 1544 444 audet
1561 417 1682 451 aggredi,

902 462 949 491 sed
963 463 1042 498 quasi
1055 470 1086 490 cx
1101 463 1213 497 obliquo
1224 467 1250 489 et
1263 470 1277 489 a
1290 463 1394 491 dextris
1413 463 1498 490 multa
1513 471 1574 489 cum
1592 462 1689 489 fraude

902 509 1039 536 lacessens
1062 513 1140 543 urget
1155 508 1188 536 ad
1210 508 1368 536 violandum
1395 508 1526 536 officium.
1555 507 1689 542 Tempore

903 555 1036 591 passionis
1049 554 1198 583 Salvatoris
1212 563 1273 582 cum
1286 555 1562 589 discipulisdixisset:
1576 564 1584 580 ι
1596 557 1621 581 In
1636 555 1689 580 ista

903 607 982 630 nocte
997 610 1093 630 omnes
1115 610 1160 630 vos
1175 603 1331 630 scandalum
1342 602 1481 637 patiemini
1493 602 1519 628 in
1533 609 1587 634 me,
1605 611 1614 627 ι
1629 601 1687 635 ipse.

903 649 1066 677 contradixit
1083 649 1253 682 incredulus,
1274 656 1322 676 ttec
1337 649 1422 675 solum
1438 648 1615 680 contradixit,
1639 647 1686 674 sed

902 701 929 723 et
944 695 1004 722 aliis
1017 696 1135 730 seipsum
1149 695 1268 730 praetulit
1279 695 1374 722 dicens
1387 703 1394 721 :
1412 703 1420 720 ι
1434 694 1490 721 Etsi
1502 701 1597 721 omnes
1611 701 1690 721 scan-

903 741 1013 769 dalizati
1039 741 1142 769 fuerint
1155 742 1182 768 in
1202 745 1238 773 te,
1261 749 1312 776 ego
1352 748 1491 775 nunquam
1517 740 1688 768 scandaliza-

903 788 1023 824 ὕοι-ιο..)
1038 788 1106 816 Aliis
1123 789 1300 822 semetipsum
1314 787 1458 822 anteponit
1473 787 1551 822 quasi
1563 795 1632 813 vana
1645 787 1690 815 sui

903 835 975 862 ictus
1002 834 1102 862 fiducia
1118 840 1148 861 ιιι
1164 834 1250 869 magis
1271 834 1333 861 aliis
1345 834 1513 866 humiliatus,
1527 834 1554 860 ln
1569 837 1691 868 tempore

903 884 997 916 surgat
1009 881 1095 915 magis
1106 881 1277 916 perspicuus,
1290 888 1344 907 non
1358 885 1487 915 tanquam
1499 879 1585 906 Adam
1599 884 1689 906 tenta-

903 929 950 953 tus
965 927 1046 954 simul
1066 932 1093 953 et
1118 931 1266 961 superatus
1283 931 1310 953 et
1330 927 1357 953 in
1377 927 1456 954 linem
1482 930 1623 960 enecatus,
1641 926 1689 953 sed

904 974 1025 999 tentatus
1054 971 1164 1006 quidem
1188 976 1215 999 et
1238 972 1310 998 brevi
1330 978 1452 1006 tempore
1469 971 1603 1003 devictus,
1628 979 1691 998 mox

905 1022 995 1044 autem
1009 1018 1041 1044 de
1063 1021 1198 1045 tentatore
1214 1018 1398 1053 triumphans.
1417 1018 1581 1050 Quomodo?
1598 1016 1692 1052 Suiip-

903 1063 961 1091 sius
979 1063 1158 1096 conscientia,
1183 1064 1280 1090 acerba
1306 1063 1417 1090 tristitia
1431 1068 1458 1090 et
1485 1063 1643 1097 paenitentia
1664 1066 1691 1089 et

903 1107 1043 1143 laerymis,
1058 1107 1157 1135 idoneo
1179 1109 1212 1135 ad
1238 1108 1460 1144 propitiationem
1489 1108 1608 1135 remedio
1626 1117 1634 1134 :
1652 1107 1691 1134 ait

902 1155 974 1180 enim
993 1153 1140 1181 Psalmista
1161 1162 1167 1180 :
1196 1163 1205 1180 ι
1221 1154 1274 1181 Cor
1299 1155 1446 1181 contritum
1463 1158 1490 1181 et
1515 1152 1690 1180 humiliatutn

904 1198 975 1226 Deus
991 1207 1045 1226 tton
1063 1199 1196 1234 despiciet
1210 1201 1242 1226 η.
1263 1210 1272 1226 ι
1296 1199 1328 1227 Ει
1347 1207 1410 1227 vero
1432 1200 1542 1227 tristitia
1564 1207 1624 1234 quat
1650 1203 1693 1226 est

904 1245 1053 1272 secundum
1077 1246 1160 1272 Deum
1176 1245 1362 1279 paenitentiam
1377 1246 1410 1272 ad
1428 1245 1544 1272 salutem
1566 1245 1691 1272 stabilem

904 1295 1051 1325 operatur;
1068 1297 1095 1318 et
1109 1291 1155 1326 qui
1171 1291 1287 1318 seminat
1308 1292 1333 1318 in
1349 1291 1477 1327 laerymis
1489 1291 1639 1318 orationem
1664 1291 1692 1318 in

906 1336 1090 1364 exsultatione
1107 1341 1190 1364 metet
1205 1335 1406 1365 remiswionem.

63 1385 124 1411 Θεὸν
147 1384 225 1419 λύπη
254 1383 400 1418 μετάνοιαν
427 1383 634 1418 ἀμεταμέλητον
661 1382 847 1418 ἀπεργάζεται
867 1382 936 1418 πρδς
953 1383 1108 1418 σωτηρίαν
1125 1383 1172 1410 καὶ
1188 1383 1202 1410 6
1219 1384 1338 1418 σπείρων
1357 1384 1386 1410 ὲν
1399 1383 1514 1419 δάκρυσι
1546 1384 1594 1420 τὴν
1635 1385 1693 1411 ίκε-

65 1428 120 1455 σίαν
137 1429 167 1454 ἐν
182 1428 343 1462 ἀγαλλιάσει
356 1428 442 1463 θεριετ
455 1427 504 1462 τὴν
517 1427 624 1462 ἄφεσιν.

97 1476 161 1501 Ἴδοι
179 1474 203 1500 δ’
216 1474 249 1501 ἀν
265 1482 307 1504 τις
321 1473 401 1500 αὑτὸν
417 1473 548 1505 ἐξετάσας
565 1474 594 1501 οὗ
614 1474 694 1510 μόνον
707 1474 756 1510 τὴν
769 1474 838 1509 ἄρνη

949 1472 1057 1500 Vidi-ret
1072 1472 1133 1508 quis
1148 1480 1209 1500 ettm
1227 1473 1401 1508 conspiciens
1420 1481 1473 1502 non
1492 1478 1597 1502 tantum
1615 1483 1694 1510 nega-

65 1530 103 1547 σιν
132 1522 173 1553 εἰς
199 1521 233 1556 ἣν
261 1519 405 1555 παρεσύρη
427 1520 472 1546 διὰ
493 1521 542 1555 τῆς
569 1521 712 1555 μετανοίας
734 1520 781 1546 καὶ
807 1519 854 1546 τοῦ

65 1567 221 1594 κατωδύνου
245 1566 360 1597 πένθους
375 1567 475 1598 ίκανῶς
494 1567 650 1601 ἰασάμενον,
674 1567 742 1593 ἀλλὰ
763 1567 810 1592 καὶ
826 1566 856 1593 τδ

66 1612 149 1644 πάθος
166 1611 203 1639 δι’
219 1612 233 1638 ὃ
251 1612 351 1647 μᾶλλον
371 1613 425 1639 τῶν
441 1612 529 1639 ἄλλων
543 1612 752 1647 ἐγκατελείφθη,
768 1611 856 1647 πρόρ-

65 1659 136 1694 ριξςιν
146 1659 201 1692 τῆς
215 1659 320 1689 οίκείας
334 1658 421 1693 ψυχῆς
436 1658 641 1685 ἀνασπάσαντα.
655 1659 708 1685 Καὶ
723 1657 802 1684 τοῦτο
814 1657 858 1683 es-

65 1704 116 1730 λων
130 1703 222 1736 δεῖξαι
234 1704 291 1735 τοῖς
310 1704 392 1730 πᾶσιν
405 1704 419 1730 6
435 1703 547 1738 Κύριος,
565 1704 633 1738 μετὰ
647 1703 677 1729 τὸ
691 1704 735 1730 διὰ
756 1704 857 1738 σαρκὸς

67 1750 132 1785 ὑπὲρ
143 1749 228 1784 ἡμῶν
243 1749 325 1776 αὐτοῦ
340 1749 435 1781 πάθος,
455 1750 501 1775 καὶ
513 1750 562 1784 τὴν
578 1750 609 1776 ὲκ
627 1750 731 1785 νεκρῶν
744 1750 858 1784 τριήμε-

69 1805 111 1831 ρον
123 1796 248 1830 ἔγερσιν,
264 1796 325 1826 ταῖς
337 1795 384 1821 νῦν
401 1795 622 1830 ἀνεγνωσμέναις
635 1796 663 1822 ὲν
677 1796 714 1830 τῷ
731 1795 858 1830 Εὑαγγε-

67 1844 114 1879 λίῳ
127 1845 232 1878 φωναῖς
250 1842 319 1876 πρὸς
336 1842 381 1868 τὸν
402 1842 506 1877 Πέτρον
524 1843 670 1877 ἐχρήσατο,
686 1842 773 1876 λέγων
790 1843 859 1878 πρδς

68 1890 162 1916 αὐτόν’
173 1889 283 1923 «Σίμων
291 1889 377 1920 Ἰωνᾶ,
390 1888 500 1924 ἀγαπᾷς
513 1897 546 1922 με
561 1889 651 1915 πλεῖον
660 1889 771 1923 τούτων;
784 1897 792 1914 ι
806 1888 858 1914 τῶν

69 1936 141 1971 ἐμῶν
155 1935 281 1971 δηλονότι
300 1935 427 1970 μαθητῶν
441 1943 449 1968 ;
465 1935 517 1961 Τοῦ
533 1935 560 1961 δὲ
576 1936 625 1969 ὅρα
642 1935 691 1971 τὴν
705 1937 751 1962 ἐπὶ
767 1936 797 1962 τὸ
812 1945 859 1962 τα-

69 1982 227 2017 πεινότερον
250 1981 421 2016 μεταὸολήψ
444 1982 457 2007 6
474 1980 527 2016 γὰρ
552 1982 598 2007 καὶ
621 1981 658 2016 μὴ
684 1982 860 2017 ἐρωτώμενῡς

69 2028 174 2063 πρώην,
202 2027 360 2062 ὑπερτιθεὶς
379 2028 434 2054 τῶν
448 2027 534 2054 ἀλλων
561 2027 667 2061 ἑαυτὸν,
685 2028 732 2054 καὶ
752 2027 839 2062 λέγων
851 2035 858 2042 ·

70 2076 127 2102 Κᾶν
142 2075 258 2107 πάντες,
276 2074 333 2101 ἀλλ’
346 2074 395 2100 οὐκ
411 2074 477 2107 ἐγὼ,
495 2073 541 2101 νῦν
558 2074 734 2109 ἐρωτώμενος
745 2075 768 2101 εἰ
779 2073 861 2100 πλέον

69 2121 120 2147 τῶν
140 2121 231 2148 ἄλλων
246 2120 352 2156 ἀγαπᾷ,
370 2120 402 2147 τὺ
427 2121 476 2155 μὲν
492 2120 605 2155 ἀγαπᾷν
630 2121 759 2153 συναινεϊ,
783 2120 813 2146 τδ
832 2120 860 2146 δὲ

70 2168 148 2194 πλέον
167 2167 279 2202 ἀφίησι,
299 2166 406 2199 λέγων·
433 2174 443 2191 ί
465 2164 528 2198 Ναὶ,
548 2166 645 2200 Κύριε,
668 2167 700 2192 σὺ
725 2165 799 2197 οῐδας
821 2166 861 2192 ὃτι

71 2214 139 2249 φιλῶ
154 2222 198 2242 σε.
219 2223 228 2239 ι
250 2213 283 2239 Τί
297 2211 342 2240 οὖν
364 2213 378 2239 ὁ
400 2211 519 2247 Κύριος;
542 2211 650 2247 Ἐπειδὴ
669 2211 764 2238 τοῦτον
779 2211 863 2245 ἔδειξε

72 2261 139 2295 μήτε
165 2260 218 2294 τῆς
239 2259 308 2293 πρὶς
332 2258 413 2285 αὐτὸν
436 2258 546 2292 ἀγάπης
563 2257 724 2290 ἐκπεσόντα,
743 2257 790 2284 καὶ
815 2258 863 2293 τὴν

69 2306 236 2333 ταπείνωσιν
251 2304 481 2340 προσλαῦόμενον,
494 2303 594 2338 πληροῖ
608 2303 750 2338 παρρησίᾳ
766 2302 814 2338 τὴν
830 2303 863 2329 ὲκ

71 2351 169 2378 πολλοῦ
189 2350 260 2386 πρὸς
278 2350 371 2377 τοῦτον
389 2350 567 2385 ἐπαγγελίαν,
584 2349 631 2376 καί
648 2357 715 2384 φησι
731 2349 799 2384 πρὸς
813 2349 862 2375 αὑ-

72 2398 127 2424 τόνι
143 2407 153 2423 ι
171 2396 306 2429 Ποίμαινε
321 2396 355 2422 τὰ
368 2394 448 2428 ἀρνία
463 2403 514 2430 μου
526 2401 532 2409 ·
553 2403 562 2420 ι
581 2395 646 2421 ὅταν
662 2393 712 2429 μὲν
725 2393 780 2429 γὰρ
792 2393 864 2419 οίκο-

72 2443 156 2478 δομὴν
168 2441 241 2477 καλῇ
259 2441 307 2476 τὴν
316 2439 370 2468 τῶν
382 2441 422 2473 είς
431 2441 511 2467 αὐτὸν
524 2440 705 2467 πιστευόντων
721 2440 863 2475 συλλογὴν,

74 2489 198 2524 θεμέλιον
211 2487 294 2515 αὑτὸν
307 2488 401 2523 θήσειν
412 2486 610 2521 ἐπαγγέλλεται
619 2495 627 2502 ·
640 2495 649 2512 ‹
668 2487 704 2512 Σὺ
715 2482 751 2518 εἴ,
767 2485 864 2521 λέγων,

74 2535 196 2570 Πέτρος,
215 2534 264 2561 mi.
286 2534 332 2559 ἐπὶ
352 2533 439 2568 ταύτῃ
465 2534 498 2568 τῇ
520 2532 609 2567 πέτρα
626 2531 797 2567 οἰκοδομήσω
815 2539 866 2566 μου

74 2582 121 2616 τὴν
142 2580 321 2615 Ἐκκλησίαν.
338 2589 347 2605 ι
367 2579 451 2605 Ὅταν
469 2579 498 2605 δὲ
515 2579 579 2613 περὶ
596 2578 689 2609 ἁλείας
708 2578 721 2604 6
742 2577 820 2611 λόγος
837 2574 866 2614 ᾖ,

75 2629 151 2654 ἁλιέα
166 2626 263 2653 τοῦτον
283 2626 434 2660 ἀνθρώπων
446 2627 536 2652 ποιεῖ’
555 2634 564 2651 ι
588 2625 654 2651 ’Δπὸ
670 2623 716 2651 τοῦ
743 2624 791 2650 νῦν
801 2643 808 2655 ,
824 2623 868 2651 λέ-

75 2682 139 2707 γων,
153 2671 316 2706 ἀνθρώπους
328 2671 377 2706 ἔσῃ
386 2670 500 2704 ζωγρῶν
509 2677 516 2684 ·
530 2679 539 2696 ›
551 2670 615 2696 ’όταν
630 2669 657 2696 δὲ
669 2668 793 2705 πρόϐατα
804 2669 866 2700 τοὺς

909 1519 1009 1546 tionem
1027 1519 1052 1546 in
1067 1527 1149 1554 quam
1165 1525 1310 1554 superatus
1323 1520 1435 1556 illapsus
1456 1525 1525 1553 erat,
1543 1529 1590 1556 per
1609 1521 1697 1555 peni-

907 1567 1020 1594 tentiam
1040 1567 1254 1602 dolorosumque
1269 1575 1414 1595 mmrorem
1433 1568 1599 1595 Sullicienter
1612 1576 1696 1596 sana-

908 1613 993 1645 vissc,
1016 1613 1062 1640 sed
1087 1614 1169 1640 etiam
1184 1613 1347 1648 arrogantia:
1370 1614 1464 1641 vitium
1483 1622 1536 1649 quo
1558 1622 1618 1642 sese
1635 1615 1695 1642 aliis

908 1659 1075 1694 praetulerat,
1092 1659 1170 1694 longe
1194 1659 1227 1686 ab
1242 1659 1331 1685 anima
1357 1661 1503 1687 amovisse.
1531 1660 1607 1692 Quod
1632 1667 1694 1688 cum

910 1705 1042 1733 Dominus
1066 1705 1148 1732 vellet
1172 1705 1298 1732 omnibus
1322 1705 1478 1737 ostendere,
1500 1710 1642 1741 postquam
1669 1707 1697 1733 in

909 1759 992 1779 carne
1009 1759 1057 1786 pro
1073 1752 1151 1778 nobis
1167 1759 1265 1785 passus
1281 1751 1381 1779 fuisset
1395 1756 1422 1779 et
1437 1753 1516 1779 tertia
1532 1753 1576 1779 die
1592 1761 1607 1779 a
1625 1760 1695 1780 utor-

910 1798 964 1824 tuis
980 1796 1188 1828 rcsurrexisset,
1209 1796 1288 1823 hodie
1306 1796 1397 1824 relatis
1417 1797 1442 1823 in
1464 1797 1608 1832 Evangelia
1623 1797 1697 1824 voci-

910 1845 961 1871 bus
981 1843 1014 1870 ad
1036 1843 1143 1870 Petrum
1161 1850 1227 1869 usus
1241 1847 1293 1874 est,
1310 1843 1404 1870 dicens
1419 1843 1452 1870 ad
1471 1851 1532 1870 eum
1548 1852 1555 1869 :
1572 1852 1581 1869 ‹
1600 1844 1695 1871 Simon

909 1888 1032 1922 Joannis,
1041 1897 1117 1917 amas
1129 1896 1172 1916 me
1183 1889 1242 1923 plus
1252 1889 1294 1916 his
1305 1888 1330 1915 ?i
1346 1889 1413 1917 meis
1424 1889 1527 1917 scilicet
1536 1890 1697 1925 discipulis?

911 1936 999 1971 Hujus
1015 1941 1106 1963 autem
1128 1936 1250 1971 perspice
1268 1936 1301 1963 ad
1333 1936 1518 1962 humilitatem
1539 1936 1698 1963 conversio-

912 1991 986 2011 nem.
1001 1982 1081 2010 Prius
1096 1983 1167 2010 euim
1183 1983 1233 2010 etsi
1252 1990 1305 2010 nou
1319 1983 1504 2017 interrogatus
1521 1983 1698 2019 semetipsum

912 2029 1017 2057 caneris
1043 2033 1242 2063 anteposuerat
1267 2029 1390 2057 dicens:
1415 2039 1424 2055 ι
1442 2029 1497 2058 Etsi
1523 2037 1630 2064 omnes,
1650 2032 1699 2058 sed

912 2081 966 2101 non
979 2081 1054 2108 ego,»
1066 2074 1327 2109 nuncinterrogatus
1338 2084 1370 2102 an
1383 2075 1442 2110 plus
1453 2076 1512 2103 aliis
1524 2081 1700 2112 amet,qnan-

902 2125 971 2158 .tum
989 2120 1022 2147 ad
1040 2127 1159 2146 amorem
1176 2121 1337 2153 assentitur,
1356 2121 1420 2149 illud
1441 2129 1503 2149 vero
1515 2123 1576 2158 plus
1594 2123 1700 2155 omittit

917 2166 1010 2194 dicens
1027 2175 1034 2193 :
1058 2175 1067 2192 ι
1086 2166 1184 2198 Etiam,
1199 2166 1372 2200 Domineptu
1390 2168 1445 2196 scis
1470 2170 1534 2204 quia
1549 2177 1612 2198 amo
1639 2175 1673 2197 te.
1688 2178 1698 2195 ι

916 2212 987 2246 Quid
1002 2219 1066 2248 ergo
1082 2212 1237 2239 Dominus?
1250 2211 1329 2240 Nunc
1339 2221 1401 2241 cum
1417 2216 1579 2245 monstravit
1590 2214 1701 2246 Petrum

916 2266 971 2286 non
983 2265 997 2284 a
1013 2258 1146 2285 charitate
1159 2265 1221 2293 erga
1236 2258 1311 2285 illum
1328 2259 1464 2287 excidisse
1481 2265 1507 2288 et
1520 2261 1700 2290 humilitatem

915 2305 1088 2339 concepisse,
1101 2308 1193 2339 aperte
1212 2304 1305 2340 implet
1318 2305 1453 2340 quodjam
1467 2307 1572 2342 pridetn
1589 2308 1622 2335 ad
1639 2316 1703 2336 eum

915 2351 1098 2383 nuntiaverat,
1107 2354 1133 2377 et
1145 2351 1183 2379 ait
1197 2351 1233 2377 illi
1248 2360 1253 2377 :
1271 2351 1369 2379 (Pasce
1377 2359 1462 2387 agnos
1475 2361 1561 2381 meos.
1572 2363 1581 2378 ι
1593 2354 1620 2381 Si
1630 2354 1703 2382 enim

918 2396 1124 2425 aedificationem
1137 2402 1217 2425 vocat
1227 2397 1414 2427 collectionem
1432 2399 1602 2430 credentium
1618 2400 1644 2427 in
1661 2401 1703 2435 ip-

919 2450 990 2476 sum,
1009 2442 1218 2474 fundamentum
1236 2445 1312 2471 illum
1339 2444 1475 2480 promittit
1492 2452 1521 2472 se
1538 2446 1703 2480 positurum.

919 2487 947 2515 Si
962 2487 996 2515 de
1021 2488 1172 2522 piscatione
1191 2489 1226 2517 sit
1252 2496 1354 2522 sermo,
1370 2489 1535 2524 piscatmem
1560 2488 1703 2519 hominum

921 2533 996 2560 illuxit
1005 2533 1068 2561 facit
1077 2534 1169 2564 dicens
1180 2543 1186 2563 :
1197 2534 1249 2561 (Ex
1261 2543 1334 2565 nunc
1342 2535 1395 2562 eris
1405 2533 1545 2564 hominum
1558 2534 1685 2568 piscator.
1693 2543 1703 2559 ι

923 2578 950 2605 Si
975 2587 1040 2606 vero
1066 2587 1131 2607 suos
1159 2588 1266 2615 gregem
1291 2581 1424 2615 nominat,
1442 2585 1575 2615 pastorem
1593 2579 1704 2610 Petrum

924 2624 1044 2659 praefecit
1061 2634 1067 2652 :
1083 2636 1092 2651 ι
1109 2625 1204 2658 Pasce,
1222 2626 1319 2662 inquit,
1337 2635 1422 2661 agnos
1443 2634 1529 2659 meos,
1543 2633 1624 2661 pasce
1641 2632 1707 2653 oves

921 2677 996 2698 meas
1012 2671 1044 2698 ".
1064 2680 1074 2696 ›

77 2720 171 2746 ἑαυτοῦ
200 2717 281 2752 159
304 2719 378 2751 ποιῇ,
405 2716 488 2752 νομέα
521 2717 567 2743 τὸν
593 2716 694 2751 Πέτρον
718 2716 861 2751 ἐφίστησι,
887 2723 896 2740 ι
916 2716 1058 2751 Ποίμαινε,
1075 2717 1171 2752 λέγων,
1189 2717 1222 2744 τὰ
1239 2717 1320 2754 ἀρνία
1335 2726 1397 2753 μου,
1419 2718 1545 2753 ποῐμαινε
1579 2718 1612 2744 τὰ
1640 2717 1707 2755 πρά-

77 2767 144 2794 ϐατά
160 2774 225 2800 μου.
246 2773 256 2790 ι

142 2829 151 2844 ⁵
167 2825 266 2853 Matth.
280 2831 334 2858 ut,
351 2823 392 2850 i8.
440 2825 460 2840 ¹ο
474 2824 573 2852 Matth.
591 2831 668 2858 xxrt,
681 2823 725 2851 55.

768 2823 788 2839 ¹¹
805 2822 879 2850 Psal.
897 2829 923 2856 ι,
943 2822 984 2850 l9.
1024 2823 1046 2838 ”
1061 2820 1139 2849 Joau.
1163 2829 1221 2856 XVI,
1246 2821 1276 2850 15
1290 2828 1366 2857 St‘qq.
