1888 3067
181 99 230 130 ἴϐἹ
799 99 990 131 GREGORH
1008 101 1170 132 PALAM/E

1752 106 1805 137 368

179 162 344 185 monstraret
371 158 469 186 coelum
500 165 561 185 esse
579 158 667 185 locmn
701 162 728 185 ct
759 165 821 185 vere
855 158 943 186 domui

1051 159 1094 193 ἱνῳ
1123 161 1210 195 τούτῳ
1231 161 1320 196 βατός.
1349 161 1406 189 Καὶ
1425 162 1503 189 τοῦτο
1528 163 1614 199 δηλῶν
1635 164 1649 190 ὁ
1662 163 1806 198 ψαλμῳὸὸς

180 206 316 240 propriam
337 206 394 232 Dei.
411 205 480 238 Quia
503 210 594 232 autem
615 212 670 231 noti
688 203 815 238 doposnit
837 209 962 232 naturam

173 257 300 279 nostram
330 252 475 282 Dominus.
506 252 619 279 veniens
651 253 676 279 in
704 250 846 285 proprium
874 251 963 278 locum

176 305 267 330 suum,
289 298 349 326 ideo
363 303 390 325 ct
406 303 498 325 noster
513 298 692 332 evangelista,
703 297 860 325 Aseendens
874 297 964 329 Jesus,

177 345 254 377 dicit,
265 344 291 370 in
307 344 456 371 naviculam
470 343 665 375 transfretavit,
678 352 730 370 non
744 344 848 370 addito:
860 342 963 369 Etcum

177 391 390 419 descendissete
404 389 541 421 uaricula,
559 391 631 416 vertit
656 390 682 416 in
704 390 841 416 civitatem
874 395 963 420 suam,

176 438 224 465 sed
234 436 387 465 ascendens
407 436 433 462 in
449 435 602 462 naviculam
619 434 818 465 transt‘rutaVit.
844 439 871 460 et
888 433 963 460 vertit

177 488 203 511 in
217 484 354 511 civitatem
379 491 456 510 suam
489 490 550 510 cum
572 485 711 516 assumpta
738 481 873 513 navicula,
899 489 961 508 cum

175 534 271 557 nostro
285 529 389 557 scilicet
404 536 522 563 corpore
536 528 664 555 habitans
679 528 706 554 in
719 527 890 554 coelestibus.

1019 205 1176 241 Προφήτης,
1204 206 1313 241 ἔλεγεν·
1333 216 1341 233 t
1364 208 1393 235 '0
1424 209 1538 243 οὐρανὸς
1562 209 1609 235 τοῦ
1634 209 1750 243 οὐραιδῦ
1768 210 1806 244 τῷ

1018 251 1126 287 Κυρίῳ,
1150 263 1158 279 ι
1188 253 1226 285 ὡς
1246 253 1323 286 ὄντος
1351 255 1467 289 οὐρανοῦ
1494 256 1541 282 καὶ
1563 256 1657 287 τόπου,
1677 256 1706 288 ὃς
1731 255 1807 288 οἶκός

1018 298 1090 324 ἐστιν
1109 298 1192 330 ὅντως
1215 300 1281 332 tam;
1296 300 1374 327 Θεοῦ.
1401 301 1477 328 Ἐπεὶ
1499 302 1528 328 δὲ
1541 302 1591 329 οὐκ
1619 302 1738 329 ἀπέθετο
1756 303 1806 337 τὴν

1017 345 1158 380 ἡμετέραν
1175 345 1255 379 φύσιν
1273 348 1287 373 ὁ
1300 346 1404 382 Κύριος
1418 349 1458 380 είς
1479 348 1524 376 τὸν
1539 348 1604 375 [διον
1625 348 1707 375 αὑτοῦ
1723 349 1806 375 τόπον

1017 390 1112 416 τοῦτον
1130 391 1225 423 ἐλθὼν,
1253 392 1297 418 διὰ
1312 392 1393 419 τοῦτο
1415 394 1463 419 καὶ
1483 394 1501 419 ,ὁ
1517 393 1714 428 εὐαγγελιστὴς
1728 390 1807 424 οὗτος

1015 435 1114 468 εἰπὼν,
1131 437 1172 464 ὃτι
1196 438 1284 472 ἐμϐὰς
1299 440 1313 465 ὁ
1335 438 1439 473 Ἰησοῦς
1455 439 1495 471 είς
1520 440 1610 466 πλοῖον
1632 440 1805 476 διεπέρασεν,

1013 482 1064 508 οὐκ
1095 483 1247 518 ἐπήνεγκεν
1266 484 1308 511 ὅτι
1332 485 1380 511 καὶ
1394 485 1501 515 ἀποϐὰς
1517 485 1564 511 τοῦ
1589 485 1694 517 πλοίου,
1718 485 1807 517 οὕτως

1013 525 1094 563 ἦλθεν
1124 529 1164 560 εὶς
1186 530 1236 565 τὴν
1255 530 1325 557 ἰδίαν
1345 531 1434 564 πόλιν,
1463 531 1521 558 ἀλλ’
1537 531 1625 566 ὲμὸὰς
1648 533 1690 563 είς
1713 532 1807 558 πλοῖον

173 579 330 613 διεπέρασε,
347 578 394 604 καὶ
408 575 490 612 ἦλθεν
514 577 555 608 είς
575 576 624 612 τὴν
640 577 708 602 ίδίαν
729 575 805 602 πᾶλιν
829 575 898 610 μετὰ
916 574 963 601 τοῦ
984 576 1153 612 καταλλὴλου
1179 578 1284 612 πλοίου,
1301 579 1347 605 τοῦ
1371 579 1431 606 καθ’
1452 580 1527 614 ἡμᾶς
1559 580 1631 613 λέγω
1666 580 1807 614 σώματοτ,

172 626 327 660 ὲνδημήσας
343 626 398 655 τοῖς
413 624 464 650 ὑπε
469 624 631 659 ρουρανίοις.

208 674 285 701 Tunc
300 680 364 707 ergo
389 672 463 699 venit
486 672 512 698 in
538 671 676 698 civitatem
701 676 849 705 supernam
874 674 901 696 et
918 670 960 695 in-

174 720 266 748 troivit
283 720 309 746 in
327 726 389 745 vere
407 719 506 746 Sancta
523 722 691 747 sanctorum,
704 717 828 750 Seditque
846 715 880 742 ad
896 714 961 742 dex-

173 774 258 794 teram
269 765 357 792 Patris
369 772 430 791 cum
446 767 536 790 nostro
550 762 689 796 plasmate.
698 765 726 788 ut
740 755 856 795 propriis
872 759 961 786 verbis

174 820 236 839 utar
257 811 390 846 Apostoli,
403 814 503 837 :etcrna
520 807 705 842 redemptione
729 810 822 834 nostra
841 806 958 833 inventa.

162 848 225 886 luos
243 865 307 884 vero
326 858 369 890 qui
386 864 418 883 ex
433 855 559 891 gentibus
585 860 695 889 recepto
716 852 840 880 veritatis
861 853 958 880 nuntio

170 912 197 933 et
210 913 243 934 ex
259 905 352 932 auditu
369 903 438 930 intra
457 910 487 930 se.
510 901 611 929 turbati
634 905 661 928 et
684 901 790 928 confusi
816 905 959 928 remanent

171 958 261 979 tamen
277 951 303 978 iu
318 951 387 977 lecto
402 948 549 983 voluptatis
562 948 696 982 iacentes,
718 946 830 980 inﬁrmi,
851 947 958 982 paraly-

170 999 216 1026 tici
240 997 405 1025 medicinam
422 994 590 1030 spiritualem
612 994 770 1022 morborum
786 1001 896 1021 sumere
911 1001 958 1021 ne-

169 1048 277 1079 gantes,
301 1046 476 1077 peccatorum
493 1047 604 1066 suorum
628 1038 732 1066 scilicet
757 1038 956 1070 remissionem,

170 1090 302 1117 habentes
327 1095 428 1122 corpus
446 1087 480 1114 ad
506 1093 588 1113 ontne
604 1093 672 1120 opus
688 1085 789 1112 bonum
805 1084 957 1116 immobile,

169 1138 220 1164 hos
246 1135 385 1164 elevantes
407 1133 532 1168 apostoli,
556 1133 582 1159 id
604 1137 646 1160 cst
666 1131 798 1166 eligentes
829 1138 958 1165 separan-

168 1189 265 1217 tcsque
283 1183 317 1209 ab
333 1182 376 1209 his
393 1181 440 1215 qui
465 1179 580 1206 verbum
609 1178 780 1213 paenitentiae
804 1181 832 1204 et
848 1176 957 1212 pietatis

170 1237 222 1256 non
242 1233 406 1263 receperunt
423 1227 456 1253 ad
472 1226 610 1253 Christum
629 1224 780 1255 adducunt.
801 1228 829 1250 et
841 1230 957 1258 przeser-

170 1277 217 1302 tim
239 1274 330 1309 potius
347 1273 399 1300 hoc
415 1278 499 1308 agunt
521 1271 569 1306 qui
585 1278 617 1298 ex
633 1269 763 1304 apostolis
783 1269 956 1305 Evangelium

169 1321 403 1354 conscripserunt;
415 1318 441 1345 lii
451 1324 542 1345 autem
552 1321 670 1352 quatuor
678 1320 752 1344 sunt.
765 1316 796 1342 Et
806 1316 900 1343 videns
908 1315 957 1342 Do-

169 1369 261 1396 minus
283 1367 362 1394 ﬁdem
379 1367 498 1401 illorum,
517 1363 689 1391 ollerentium
706 1362 809 1390 scilicet
821 1361 957 1396 apostolo-

171 1422 229 1440 ram
242 1413 320 1440 ﬁdem
329 1412 473 1447 perfectam
487 1411 553 1445 :ipsi
563 1410 634 1437 enim
642 1409 720 1436 nobis
729 1411 826 1435 suntet
836 1406 956 1441 magistri

168 1466 194 1486 et
207 1459 372 1486 mediatOrcs
388 1457 421 1484 ad
432 1457 527 1488 Deum,
537 1454 705 1490 imperfectis
712 1455 826 1489 gratiam
837 1453 956 1488 adoptio-

170 1506 212 1531 nis
226 1504 350 1539 largitur,
366 1502 460 1529 dicens
469 1501 585 1536 singulis
601 1499 653 1527 sibi
668 1499 767 1527 oblatis
782 1507 789 1526 :
807 1507 816 1523 σ
831 1497 953 1528 (lonfide,

169 1548 218 1580 tili,
234 1547 411 1574 remittuntur
429 1545 477 1572 tibi
491 1549 602 1580 peccata
617 1549 674 1570 tua.
692 1552 701 1569 ι
721 1542 841 1578 Depone.
853 1542 950 1577 inquit,

168 1600 276 1619 omnem
291 1592 414 1619 timorem
425 1593 458 1618 de
467 1592 587 1626 peccatis
600 1590 664 1622 tuis,
679 1588 854 1616 remittuntur
867 1589 950 1614 enim.

169 1638 277 1673 Depone
301 1637 437 1664 minarum
462 1636 656 1668 lormidinem,
681 1634 859 1662 concessione
876 1633 950 1661 enim

166 1684 380 1719 promissionum
398 1683 486 1711 factus
503 1691 532 1710 cs
560 1682 631 1709 illius
652 1688 740 1714 meus,
757 1681 845 1708 haeres
862 1688 950 1707 meus.

165 1730 243 1763 Quod
261 1730 290 1757 ﬁt
315 1737 407 1757 revera
433 1737 480 1764 per
502 1736 610 1756 sacrum
629 1728 763 1763 baptisma
781 1727 807 1754 in
828 1735 883 1762 quo
907 1734 950 1754 re-

165 1775 306 1804 nascimur
338 1776 438 1811 spiritu
466 1775 634 1810 adoptionis,
667 1775 855 1802 remissionem
879 1773 953 1802 acci-

163 1823 269 1858 pientes
286 1823 497 1857 praecedentium
514 1822 687 1854 delictorum,
712 1827 738 1849 et
755 1821 888 1850 eﬂicimur
911 1828 951 1848 se-

163 1869 284 1898 tundunt
314 1870 524 1904 promissionem
554 1868 675 1895 Itmredes
708 1876 766 1900 uel,
794 1867 950 1895 cohaeredes

161 1922 253 1944 autem
270 1912 383 1944 Christi.
395 1916 449 1942 Sed
465 1915 578 1947 Scriba},
597 1914 737 1948 Pharisaei,
754 1914 854 1942 Gentes
864 1919 890 1941 et
903 1913 951 1941 Ju-

162 1961 212 1989 da:i
229 1968 284 1989 non
298 1963 414 1989 credunt
424 1959 552 1988 ellicacire
567 1964 594 1986 et
610 1960 704 1994 gratia:
720 1959 893 1994 baptismatis
905 1959 949 1987 cui

161 2016 212 2036 nos
240 2009 321 2036 tidem
348 2008 521 2040 adhibemus,
538 2012 565 2035 et
588 2007 682 2034 dicunt
698 2016 705 2034 :
721 2006 788 2039 Quis
806 2011 894 2041 potest
908 2007 950 2034 di-

162 2051 270 2089 mittere
285 2055 415 2090 peccata?
429 2055 480 2082 Nos
497 2061 562 2081 vero
586 2055 663 2089 prius
687 2054 873 2087 voluptatibus
887 2060 949 2087 pas-

160 2102 342 2136 sionibusque
355 2101 490 2128 debilitati
502 2104 528 2127 et
538 2099 572 2127 ad
587 2101 689 2127 bonum
704 2099 804 2126 inﬁrmi
821 2099 948 2126 audimus

161 2148 260 2182 singuli
274 2148 325 2175 hac
342 2149 424 2174 verba
441 2156 448 2174 :
467 2156 476 2173 ι
497 2147 597 2181 Surge,
619 2146 681 2173 tolle
695 2145 794 2173 lectum
816 2151 903 2178 tuum,
921 2149 948 2173 et

1051 670 1115 696 Ὀτε
1131 669 1178 697 οὖν
1201 668 1284 705 ἦλθεν
1302 670 1342 701 εἰς
1357 671 1406 706 τὴν
1431 670 1488 697 ἄνω
1504 670 1591 701 πόλιν,
1609 669 1658 696 καὶ
1677 669 1806 704 εἰσῆλθν

1015 716 1053 747 εἰς
1069 716 1103 742 τὰ.
1124 715 1209 748 ὄντως
1227 717 1310 751 Ἀγια
1325 717 1379 743 τῶν
1401 717 1498 751 ἁγίων,
1512 716 1560 743 καὶ
1575 717 1705 743 ἐκάθισεν
1722 718 1750 742 ἐν
1765 717 1808 743 δε-

1015 762 1059 798 ξιᾷ
1071 765 1118 791 τοῦ
1133 764 1239 798 Πατρὸς
1259 763 1328 798 μετὰ
1349 763 1394 790 τοῦ
1420 763 1555 798 ἡμετέρου
1573 763 1746 798 φυράματος,
1762 763 1807 790 ἵνα

1014 809 1084 836 κατά
1112 810 1158 836 τὸν
1184 809 1345 836 ’Δπὸστολον
1360 809 1442 842 εῐπω,
1469 809 1581 836 αίωνίαν
1606 809 1743 844 λύτρωσιν
1758 809 1807 835 εὖ.

1014 855 1131 890 ράμενος
1146 855 1216 889 ὑπὲρ
1234 855 1326 891 ἡμῶν,
1346 855 1408 882 τότε
1423 855 1486 886 τοὺς
1506 855 1535 888 ἐξ
1550 855 1634 881 ὲθνῶν
1646 855 1806 890 παραδεξα-

1013 903 1112 935 μένους
1133 902 1163 928 τὺ
1186 902 1318 938 κήρυγμα
1341 903 1390 936 τῆς
1416 902 1557 937 ἀληθείας,
1577 901 1625 928 καὶ
1639 902 1672 935 τῇ
1701 901 1752 936 μὲν
1775 900 1806 934 ἐξ

1011 947 1096 982 ἀκοῆς
1121 947 1226 974 συνέσει
1251 948 1421 982 φοϐηθέντας
1441 949 1488 974 καὶ
1512 947 1746 979 ταπεινωθέντας,
1763 948 1806 974 ἑτι

1010 993 1039 1020 δὲ
1059 995 1203 1028 κειμένους
1231 993 1268 1025 ὡς
1293 994 1339 1020 ἐπὶ
1358 994 1450 1029 κλίνης
1473 995 1523 1029 τῆς
1547 993 1728 1029 ἡδυπαθείας,
1758 994 1807 1019 καὶ

1012 1039 1196 1077 παρειμένους
1209 1039 1288 1071 δντας
1305 1040 1352 1065 καὶ
1367 1040 1553 1074 παραλύτους,
1565 1040 1595 1065 τὸ
1612 1041 1696 1074 μήπω
1708 1038 1807 1064 λαϐεῖν

1011 1085 1064 1111 τῶν
1079 1086 1149 1112 κατὰ
1161 1085 1249 1120 ψυχὴν
1257 1086 1419 1120 νοσημάτων
1428 1085 1477 1120 τὴν
1492 1085 1576 1118 ἴασιν,
1588 1086 1672 1112 ταυτὸ
1681 1084 1704 1110 δ’
1713 1085 1806 1111 εἰπεῖν

1010 1131 1065 1157 τῶν
1081 1130 1189 1158 οἰκείων
1214 1132 1424 1166 ἁμαρτημάτων
1446 1132 1494 1165 τὴν
1519 1131 1628 1164 ἄφεσιν,
1650 1129 1805 1156 κάντεῦθ;ν

1010 1177 1139 1212 ἀκίνητον
1160 1177 1273 1212 ἔχοντας
1289 1177 1379 1203 καὶτὸ
1395 1177 1476 1212 σῶμα
1491 1177 1558 1211 πρὸς
1576 1176 1624 1211 τὴν
1651 1175 1698 1202 τοῦ
1717 1175 1805 1202 καλοῦ

1010 1223 1154 1259 ἐργασίαν,
1171 1223 1286 1258 ἄραντες
1305 1223 1329 1250 ol
1343 1223 1500 1255 ἀπόστολοι,
1519 1223 1662 1249 τουτέστιν
1688 1223 1806 1256 ἐκλεξά-

1012 1278 1088 1304 μενοι
1109 1269 1156 1296 καὶ
1180 1269 1348 1305 χωρίσαντες
1375 1269 1429 1295 τῶν
1447 1269 1484 1303 μὴ
1515 1268 1750 1303 παραδεξαμένων
1773 1269 1806 1295 τὸ

1010 1315 1060 1349 τῆς
1077 1316 1222 1350 μετανοίας
1239 1315 1285 1341 καὶ
1300 1315 1349 1350 τῆς
1374 1313 1517 1346 εὐσεϐείας
1541 1315 1674 1350 κήρυγμα
1695 1316 1806 1350 προσά-

1009 1369 1088 1395 γουσι
1117 1361 1156 1396 τῷ
1179 1361 1301 1396 Χριστῷ,
1332 1361 1380 1387 καὶ
1404 1361 1504 1395 μᾶλλον
1527 1361 1581 1387 τῶν
1609 1361 1700 1388 ἄλλων
1730 1363 1804 1388 ἁπο-

1009 1407 1121 1443 στόλων,
1149 1407 1228 1443 163
1254 1407 1278 1433 οί
1309 1407 1340 1433 τὸ
1367 1407 1532 1440 Εὑαγγέλιον
1558 1407 1803 1442 συγγραψάμενον

1009 1453 1141 1489 τέσσαρες
1157 1454 1185 1479 δὲ
1210 1452 1284 1481 οὗτοι
1300 1454 1379 1480 εἰσιν.
1402 1453 1432 1480 '0
1455 1454 1483 1480 δὲ
1499 1453 1601 1489 Κύριος
1627 1454 1702 1487 ἰδὼν,
1720 1456 1804 1489 φησὶ,

1009 1500 1057 1536 τὴν
1074 1501 1166 1527 πίστιν
1185 1501 1285 1534 αὐτῶν,
1303 1501 1362 1535 ἦτοι
1379 1500 1433 1527 τῶν
1455 1501 1667 1536 προσφερόντων
1680 1501 1804 1527 ἀποστό-

1005 1547 1069 1579 λων,
1086 1546 1130 1573 διὰ
1145 1546 1194 1582 τὴν
1206 1547 1313 1573 τελείαν
1331 1546 1421 1573 αὐτῶν
1438 1547 1548 1582 πίστινι,
1565 1547 1644 1574 αὐτοὶ
1659 1547 1716 1583 γάρ
1728 1549 1802 1574 εἰσιν

1003 1592 1070 1627 ἡμῖν
1093 1595 1140 1619 καὶ
1154 1593 1312 1620 διιάσκαλοι
1330 1593 1377 1620 καὶ
1398 1594 1509 1629 μεσίται
1523 1595 1558 1620 τὰ
1574 1594 1643 1630 πρὸς
1656 1595 1704 1622 τὸν
1718 1595 1803 1631 Θεὸν,

1004 1639 1050 1666 καὶ
1062 1640 1118 1671 τοῖς
1131 1639 1239 1666 ἀτελέσι
1253 1640 1302 1675 τὴν
1321 1640 1457 1668 υἱοθεσίαν
1479 1640 1631 1676 χαρίζεται,
1646 1642 1716 1677 πρὸς
1729 1643 1804 1669 ἔκαε

1004 1693 1065 1711 στον
1090 1685 1144 1712 τῶν
1177 1686 1249 1712 οὕτω
1277 1687 1491 1722 προσαγομένων
1520 1687 1623 1722 λέγων·
1650 1696 1661 1713 ι
1680 1688 1800 1725 Θάρσει,

1002 1731 1106 1765 τέκνον,
1125 1733 1264 1767 ἀφέωνταί
1277 1741 1318 1759 σοι
1335 1734 1363 1760 αί
1379 1733 1524 1770 ἁμαρτίαι.
1539 1743 1549 1760 ι
1573 1735 1702 1766 Ἀπόθου.
1716 1738 1800 1772 φησι,

1001 1779 1048 1804 τὶν
1068 1779 1114 1804 ἐπὶ
1136 1780 1192 1809 τοῖς
1219 1779 1403 1815 ἁμαρτήμασι
1429 1780 1693 1817 φόὸονηὰφέωνται
1715 1783 1798 1818 γάρ·

1002 1825 1104 1851 ἀπόθου
1120 1826 1169 1860 τὴν
1183 1827 1229 1853 ἐπὶ
1244 1828 1300 1858 τοῖς
1317 1827 1513 1863 ἠπειλημένοις
1528 1828 1642 1863 φρίκην,
1662 1829 1799 1867 ἐπιτεύξῃ

1001 1874 1056 1905 γὰρ
1080 1872 1134 1898 τῶν
1149 1873 1376 1909 ἐπηγγελμένων,
1397 1875 1493 1901 τέκνον
1515 1876 1582 1910 ἐμὸν
1599 1876 1734 1910 γεγονὼς,
1748 1878 1800 1905 καὶ

1001 1917 1171 1954 κληρονόμος
1199 1920 1275 1954 ἐμός.
1303 1920 1388 1947 Τοῦτο
1403 1921 1430 1948 δὲ
1453 1923 1615 1957 πρακτικῶς
1640 1923 1798 1952 ἑκτελείται

1000 1963 1045 1990 διὰ
1059 1964 1106 1990 τοῦ
1118 1965 1190 1991 θείου
1204 1965 1404 2002 βαπτίσματος,
1418 1968 1448 1994 ὲν
1460 1966 1482 2003 ᾧ
1492 1969 1630 2004 πνεύματι
1642 1970 1694 2005 τῆς
1705 1972 1800 1999 υἱοθε-

1002 2010 1061 2042 σίας
1077 2011 1301 2047 ἁναγεννώμεθα,
1315 2013 1363 2049 τὴν
1378 2014 1476 2049 ᾶρεσιν
1501 2015 1556 2042 τῶν
1574 2019 1799 2054 προημαρτημέ-

1001 2064 1052 2082 νων
1067 2056 1204 2091 λαόὁντες,
1223 2058 1270 2085 καί⁵
1292 2060 1352 2086 κατ’
1368 2059 1535 2095 ἐπαγγελίαν
1556 2063 1703 2096 γεγονότες
1724 2065 1797 2100 κλη-

1002 2103 1111 2138 ρονόμοι
1126 2104 1175 2140 μὲν
1191 2105 1269 2137 Θεοῦ,
1289 2106 1506 2142 συγκληρονὸμοι
1523 2107 1552 2134 δὲ
1567 2109 1700 2143 Χριστοῦ.
1722 2111 1796 2138 Ἀλλ’

999 2149 1023 2174 cl
1041 2149 1218 2186 Γραμματεῖς
1241 2154 1287 2179 καὶ
1309 2153 1462 2188 Φαρισαῖοι,
1487 2155 1618 2190 Ἕλληνες
1646 2157 1695 2184 καὶ
1726 2158 1797 2184 Ἰου-

161 2195 229 2226 vade
244 2195 271 2222 in
285 2194 396 2222 domum
413 2199 498 2225 tuam,
515 2201 525 2218 ι
543 2196 614 2219 ειυιιῑ
628 2192 671 2219 ille
687 2192 873 2227 paralyticus;
901 2199 943 2219 ro-

1051 2205 1069 2223 n
1088 2197 1231 2224 ama-.066:
1251 2200 1283 2234 τῇ
1299 2199 1365 2235 παρ’
1383 2199 1461 2235 ἡμῶν
1480 2202 1663 2238 πιστευομένῃ
1677 2203 1797 2239 δυνάμει

160 2243 249 2270 borati
273 2241 346 2269 enim
369 2248 417 2275 per
431 2239 546 2274 gratiam
563 2238 690 2274 viresque
704 2239 809 2267 divinas
826 2239 905 2267 nobis
920 2239 947 2266 in

159 2289 298 2325 baptismo
333 2294 479 2315 concessas
504 2284 638 2312 etlicimur
660 2285 693 2312 ad
717 2285 848 2312 virtutem
877 2285 948 2313 ﬁrmi

160 2335 230 2363 bene
254 2332 398 2368 praeparati
428 2335 456 2358 et
473 2329 618 2357 facultates
647 2329 770 2365 corporis
797 2334 825 2357 et
849 2331 948 2358 anima:

158 2381 351 2414 subiectasque
368 2377 435 2412 ipsis
453 2377 480 2403 in
494 2376 602 2403 actibus
628 2376 756 2404 materias
776 2376 827 2404 sub
847 2376 947 2412 quibus

158 2427 234 2461 prius
248 2425 440 2452 detinebantur
454 2424 616 2455 servientes,
633 2429 707 2449 nunc
719 2424 839 2457 regimus
855 2422 948 2450 utDeo

160 2473 294 2507 nobisque
309 2476 417 2507 gratum
434 2475 486 2504 est,
508 2474 534 2497 et
547 2474 680 2506 quatttum
704 2477 852 2505 possumus
869 2471 948 2498 Sedes

158 2524 277 2546 a-ternas
291 2523 318 2545 et
335 2517 462 2544 (:wlcstcs
477 2516 503 2543 itt
521 2517 633 2543 domum
651 2516 790 2551 propriam
804 2516 946 2544 vertimus.

159 2567 206 2594 Sic
218 2574 282 2600 ergo
296 2565 331 2593 ab
345 2565 407 2592 aliis
418 2565 577 2593 tlillercntes
589 2564 616 2591 in
631 2568 726 2591 nostra
738 2564 946 2591 conversatione

159 2613 215 2639 Deo
226 2617 301 2646 grata
316 2611 361 2646 qni
376 2619 425 2638 nos
435 2611 525 2639 vident
536 2618 586 2638 nos
599 2610 736 2638 mirantur
749 2615 775 2638 et
790 2611 945 2646 glorilicaut

157 2659 243 2686 Deum
255 2658 302 2693 qui
315 2661 395 2685 talem
411 2659 455 2684 dat
470 2662 631 2692 potestatem
647 2662 674 2684 ct
698 2656 825 2683 virtutem
847 2657 880 2684 iis
896 2658 943 2692 qui

160 2706 276 2733 ιιί-ιιιιιιι
303 2706 329 2733 in
355 2713 427 2738 cum,
453 2711 482 2732 ut
510 2704 630 2731 viventes
653 2704 743 2730 adhuc
767 2704 793 2729 in
812 2709 886 2730 terra
905 2703 944 2730 vi-

156 2755 273 2780 deantur
294 2753 493 2781 habitationem
518 2751 619 2778 habere
642 2751 668 2776 in
689 2750 778 2777 caelis.
810 2750 944 2786 Bapzismi

155 2800 241 2834 gratia
259 2804 286 2826 et
301 2800 389 2826 virtus
413 2805 461 2833 per
476 2803 597 2823 amorem
615 2795 690 2822 illius
714 2797 761 2829 qui
790 2797 859 2823 hanc
875 2804 944 2824 con-

154 2847 238 2874 cessit
271 2849 393 2874 remanet
427 2843 540 2880 quidem
572 2842 651 2869 nobis
676 2842 855 2876 peccantibus
880 2848 943 2879 post

1001 2242 1048 2268 καὶ
1065 2242 1155 2277 χάριτι
1180 2243 1225 2270 τοῦ
1244 2244 1317 2271 θείου
1348 2245 1548 2280 βαπτίσματος,
1574 2248 1714 2282 λέγοντες,
1745 2251 1795 2283 Τίς

999 2288 1111 2315 δύναται
1131 2289 1239 2324 ἀφιέναι
1260 2291 1416 2326 ἁμαρτίας;
1438 2292 1534 2328 Ἡμεῖς
1553 2294 1582 2320 δὲ
1609 2296 1634 2322 οἰ
1656 2297 1796 2333 πρότερον

1000 2335 1219 2371 παραλελυμένοι
1242 2339 1289 2364 καὶ
1314 2338 1403 2374 ψυχὴν
1430 2341 1475 2366 καὶ
1494 2342 1574 2376 σῶμα
1595 2343 1658 2374 ταῖς
1681 2344 1796 2379 ἡδοναῖς

999 2382 1046 2408 καὶ
1062 2383 1118 2414 τοῖς
1135 2383 1245 2418 πάθεσι,
1261 2385 1306 2412 καὶ
1321 2387 1389 2421 πρὸς
1404 2386 1434 2413 τὸ
1454 2387 1534 2414 καλὸν
1550 2388 1674 2424 ἀκίνητοι
1692 2391 1796 2427 διαμε-

1000 2436 1101 2475 νοντες,
1132 2429 1267 2465 ἀκούομεν
1297 2432 1432 2464 ἕκαστος·
1460 2443 1469 2460 ι
1489 2434 1626 2470 Ἐγειραι,
1648 2439 1696 2465 καὶ
1724 2437 1795 2475 ἆρον

998 2473 1044 2499 τὸν
1061 2474 1215 2508 κράϐδατόν
1239 2485 1297 2510 σου,
1313 2479 1359 2505 καὶ
1376 2478 1465 2514 ὕπαγε
1482 2477 1522 2512 εἰς
1537 2482 1581 2508 τὸν
1602 2481 1678 2511 οἶκόν
1699 2473 1759 2518 σου..
1781 2497 1791 2513 ι

997 2519 1035 2551 ὡς
1049 2522 1094 2546 καὶ
1113 2522 1126 2547 ό
1149 2523 1336 2557 παραλυτικὸς
1359 2526 1482 2558 ἐκεῖνος·
1505 2527 1708 2565 δυναμούμενοι
1737 2541 1794 2568 γλρ

998 2567 1075 2601 παρὰ
1089 2568 1137 2602 τῆς
1158 2570 1186 2595 ἐν
1203 2571 1269 2605 ἡμῖν
1294 2571 1341 2598 τοῦ
1361 2573 1549 2609 βαπτίσματος
1579 2576 1654 2608 θείας
1676 2567 1795 2614 χάριτος

999 2614 1046 2640 καὶ
1067 2614 1219 2650 δυνάμεως,
1240 2618 1373 2653 γινόμεθα
1401 2620 1470 2655 πρὸς
1492 2621 1592 2657 ἀρετὴν
1614 2623 1721 2651 εὔτονοι
1746 2629 1795 2652 καὶ

999 2660 1147 2696 εὐκίνητοι,
1165 2666 1212 2689 καὶ
1226 2665 1276 2696 τὰς
1293 2666 1342 2701 τῆς
1357 2665 1446 2701 ψυχῆς
1466 2669 1512 2694 καὶ
1530 2668 1576 2695 τοῦ
1598 2670 1728 2704 σώματος
1744 2673 1794 2700 δυ-

1000 2707 1104 2742 νάμεις,
1121 2710 1168 2735 καὶ
1189 2710 1238 2742 τὰς
1259 2711 1443 2746 ὑποκειμένας
1453 2715 1566 2747 ταύταις
1582 2717 1611 2742 ἐν
1627 2719 1685 2750 τοῖς
1701 2727 1795 2754 7:94-

1002 2760 1084 2786 μασιν
1107 2753 1183 2787 ὔλας,
1209 2755 1254 2789 ὑφ’
1278 2754 1314 2783 ὠν
1333 2758 1466 2794 πρότερον
1489 2761 1673 2796 κατειχόμεία
1696 2753 1795 2791 δουλα-

998 2800 1182 2834 γωγήσλντες,
1197 2802 1300 2836 ἄγομεν
1326 2804 1387 2830 ὅποι
1409 2806 1485 2840 φίλον
1509 2807 1549 2842 τῷ
1563 2808 1623 2843 Θεῴ
1644 2811 1693 2836 καὶ
1715 2812 1793 2846 ἡμῖν,

998 2848 1045 2871 λαὶ
1065 2847 1246 2883 μετατίθεμεν
1269 2852 1340 2877 κατα
1359 2851 1388 2877 τὸ
1411 2853 1562 2888 ἐγχωροῦν,
1578 2857 1618 2887 είς
1633 2857 1682 2884 τὸν
1708 2858 1795 2891 Evn»;
