1888 3067
216 121 269 153 383

844 128 1035 159 GREGORII
1051 129 1213 160 PALAM/E

1785 133 1837 164 381

215 185 229 204 τι
255 179 381 211 mortuis,
395 179 478 213 jussit
496 189 503 208 :
523 190 533 207 ι
557 181 748 210 Comminatns
764 190 805 211 est
830 185 882 212 illis
906 185 998 217 Jesus,

1078 186 1196 221 ›ροῠντες
1209 187 1250 214 δτι
1265 187 1429 216 ἐπίστευσαν
1447 190 1558 223 ἐκεῖνοι,
1586 190 1632 218 καὶ
1655 190 1696 217 ὅτι
1716 189 1838 220 τοιοῦτός

216 223 256 249 ait
271 224 434 258 evaogciism
451 225 545 252 dicens
558 234 565 255 :
579 226 673 254 Videte
689 235 721 256 ne
737 228 798 263 quis
815 229 894 261 sciat,
911 239 920 255 ι
936 237 999 264 pro-

215 268 311 295 hibens
325 276 386 296 eum
410 270 490 298 minis
511 279 544 298 ne
560 272 722 300 miraculum
747 275 909 301 revelarenl.
930 284 939 300 ι
957 274 998 302 Illi

214 317 305 341 autem
332 309 473 352 exeuntes,
498 317 546 347 ait,
572 317 781 345 diﬁ‘mnaverunt
809 327 870 346 eum
898 319 924 346 in
944 323 998 346 tota

215 362 289 385 terra
317 359 373 386 illa.
393 370 402 385 ι
418 360 450 388 Ni
469 362 597 396 prohibiti
619 363 734 390 fuissent
759 364 834 398 loqui
859 372 907 399 per
935 365 999 392 uni-

213 411 323 431 versum
351 407 492 437 mundum.
522 412 551 435 ut
574 409 688 440 videtur,
709 410 921 443 pradicavissent
950 417 1001 445 po-

213 454 340 477 testatem
356 451 436 485 ejus;
452 453 515 487 quia
530 460 619 482 autern
644 456 784 490 prohibiti,
809 456 869 483 ideo
894 457 1002 492 longius

215 495 256 523 ire
275 496 474 531 abstinuerunt,
489 500 516 527 in
545 501 706 536 propinquis
728 506 817 529 autem
845 503 1002 537 regimiibus

215 547 270 568 non
287 543 432 576 pralicare
445 552 498 572 non
511 547 708 573 sustinuerunt.
723 546 767 573 Sic
785 555 836 574 non
851 548 1001 575 secundum

214 594 313 623 corpus
329 590 426 623 solum,
445 592 491 619 sed
510 596 536 619 et
548 593 695 620 secundum
713 594 830 621 animam
858 594 1001 622 illuminati

213 639 280 662 sunt
296 636 358 663 caici
378 637 423 669 qni
442 638 529 665 secuti
545 645 609 666 sunt
628 639 790 667 Dominum.

1052 233 1126 259 ἔστιν
1145 234 1236 266 αὐτὸς,
1255 234 1346 260 ὁποῖον
1366 235 1431 262 ὂντα
1453 236 1616 264 ἐπίστευσαν
1642 237 1753 267 ἐκεῖνοι,
1771 235 1838 265 Θεὸς

1052 278 1118 312 ὁμοῦ
1135 279 1182 306 καὶ
1195 279 1347 315 ἄνθρωπος·
1363 281 1402 312 ὡς
1417 281 1469 315 μὲν
1485 282 1540 316 γὰρ
1565 282 1721 317 ἄνθρωπος,
1736 282 1793 313 υἱός
1809 290 1837 307 τε

1052 321 1086 359 ἦν
1103 324 1194 357 Δασὶδ,
1208 325 1255 352 καὶ
1269 327 1328 358 ταῖς
1340 327 1454 359 οίκείαις
1465 328 1558 363 χερσὶν
1572 328 1662 362 ἥψατο
1673 328 1727 354 τῶν
1738 327 1835 360 ὀφθαλ-

1054 367 1123 403 μῶν,
1141 368 1187 395 καὶ
1205 369 1342 404 αἰσθητῶς
1357 370 1517 404 ἰφθέγξατο.
1539 371 1583 402 Ὦς
1599 372 1627 398 δὲ
1641 371 1709 403 Θεὸς
1729 371 1776 398 καὶ
1791 370 1837 396 τοῦ

1052 412 1142 446 φωτὸς
1166 413 1332 448 δημιουργὸς
1358 415 1415 449 φῶς
1442 416 1498 446 τοῖς
1524 416 1673 447 σκοτεινοῖς
1698 414 1837 449 παρέσχεν

1051 459 1209 493 ὀφθαλμοῖς.
1232 460 1308 487 Ἐπεὶ
1331 461 1360 487 δὲ
1387 461 1505 496 φανερὸν
1529 461 1657 495 γενέσθαι
1680 461 1764 487 ait)»:
1781 461 1838 489 τοῖς

1051 505 1135 531 πᾶσιν
1150 504 1226 532 οὔπω
1239 507 1335 542 καιρὸς
1351 505 1395 542 ἧν·
1420 507 1500 534 τοῦτο
1516 508 1572 542 γὰρ
1595 508 1666 542 μετὰ
1692 507 1725 533 τδ
1752 506 1837 538 πάθος

1050 550 1146 584 αὐτοῦ,
1162 552 1210 578 καὶ
1231 553 1282 587 τὴν
1304 553 1336 580 ἐκ
1365 553 1470 588 νεκρῶν
1486 553 1637 580 ἀνάστασιν
1660 553 1837 587 ὲταμιεῠετο,

1053 595 1290 632 «Ἐνοδριμήσατο
1316 599 1418 631 αὐτοῖς,
1445 600 1524 636 φησὶ,
1546 599 1654 634 λέγων·
1685 609 1694 625 ε
1719 599 1837 634 Ὁρᾶτε,

1052 642 1146 677 μηδεὶς
1161 645 1335 677 γινωσκέτω·
1352 655 1361 671 ι
1380 647 1486 682 σιωπᾷν
1507 647 1599 678 αὐτοῖς
1618 645 1752 677 ἐπιτάξας
1769 645 1839 680 μετὰ

214 681 315 717 πολλῆς
329 684 378 720 τῆς
392 685 574 722 σφοδρότητος
589 687 619 714 τὸ
633 689 755 722 γεγονός.
781 689 812 715 Οί
833 689 861 716 δὲ
880 698 889 715 ι
907 688 1086 722 Ἐξελθόντες,
1097 692 1174 727 φησὶ,
1187 692 1353 728 διεφήμισαν
1364 694 1445 721 αὑτὸν
1457 695 1485 720 ἑν
1512 694 1561 731 ὅλῃ
1588 696 1620 730 τῇ
1647 689 1686 730 ’γῇ
1715 693 1836 728 ἐκείνη-ι

218 730 264 778 Ὧς
279 731 377 766 ἔοικεν,
396 735 420 761 εί
438 735 475 770 μὴ
492 736 715 772 παρηγγέλλοντο
747 739 839 774 σιγᾷν,
869 738 916 765 καὶ
947 739 1114 773 παγκόσμιοι
1135 739 1168 767 ἂν
1192 741 1315 775 ἐγένοντο
1342 743 1465 777 κήρυκες
1495 730 1551 777 τῆς
1566 743 1649 770 αὐτοῦ
1676 743 1839 778 δυνάμεως·

213 777 275 805 hui
292 779 320 805 δὲ
339 782 581 818 παρηγγέλθησαν,
598 783 748 820 ἀπέσχοντο
771 785 819 820 μὲν
835 784 884 812 τοῦ
897 784 993 820 πόρρω
1010 785 1139 820 βαδίζειν,
1159 787 1188 813 ὲν
1211 787 1240 814 δὲ
1269 789 1326 820 τοῖς
1362 788 1564 825 πλησιοχώροις
1598 790 1648 825 οὐχ
1675 790 1840 825 ὑπήνεγκεν

216 825 253 861 μὴ
268 827 423 862 κηρύττειν.
451 830 530 858 Οὕτω
546 831 582 868 μὴ
597 832 627 859 τὺ
645 833 726 868 σῶμα
746 833 837 868 μόνον,
876 833 945 861 ἀλλά
982 833 1029 860 καὶ
1048 834 1097 869 τὴν
1113 834 1203 870 ψυχὴν
1215 834 1316 868 τελέως
1335 836 1526 872 ἐφωτίσθησαν
1544 837 1568 864 ot
1586 836 1625 871 τῷ
1640 836 1755 872 Χριστῷ
1772 837 1840 862 ἀκο-

213 872 396 909 λουθήσαντες
410 877 516 912 τυφλοί.

250 920 403 955 δμηιιοηιιιι·
420 929 446 951 et
463 933 525 958 nos,
538 923 743 960 fratresﬂucem
761 935 822 961 qua:
835 932 862 955 et
878 927 997 955 animam
1015 930 1035 958 Β

211 960 240 994 et
249 975 349 1003 corpus
360 969 505 998 illuminat.
521 972 699 1000 Ambult-tnus
713 973 745 1000 ad
761 974 912 1001 claritatem
926 974 997 1009 ejus,

213 1018 242 1040 et
256 1014 334 1049 quasi
359 1015 384 1042 in
409 1016 452 1043 die
472 1016 578 1044 Domini
602 1025 699 1046 secure
722 1019 891 1047 incedenius.
908 1019 998 1046 Glori-

214 1060 326 1088 ﬁcemus
347 1069 408 1088 eum
426 1070 474 1097 per
490 1063 559 1090 bona
575 1071 668 1099 opera,
684 1071 711 1092 et
723 1065 763 1092 sic
777 1072 824 1092 eos
840 1066 886 1100 qui
906 1066 999 1093 vident

213 1112 275 1138 nos,
293 1105 326 1132 ad
356 1106 445 1141 ipsum
463 1107 669 1142 glorilicandutn
699 1111 921 1145 praeparabimus.
946 1110 1000 1138 Fu-

213 1150 320 1185 giamus
344 1153 497 1180 contrarias
511 1153 559 1188 ipsi
587 1155 731 1187 tenebras,
757 1161 898 1190 peccatum
926 1158 998 1190 dico,

214 1197 418 1233 principemque
433 1200 538 1234 peccati
559 1201 709 1228 diabolum.
727 1193 785 1229 Lux
806 1202 862 1235 illa,
879 1204 918 1230 sol
937 1212 997 1230 om-

214 1242 255 1269 nis
269 1243 392 1277 justitiae,
410 1245 543 1279 sapientia
565 1246 650 1281 pacis,
668 1247 808 1280 bonitatis,
822 1249 998 1282 innocentiae,

213 1290 317 1316 amoris
333 1294 359 1316 ct
373 1291 495 1318 omnium
510 1293 622 1319 omnino
643 1293 772 1320 virtutium
790 1294 832 1321 sui
854 1295 1000 1330 participes

213 1333 296 1360 ctiieit
311 1334 356 1368 qui
372 1334 405 1361 ad
426 1335 515 1370 ipsum
547 1337 773 1372 appropinquant.
791 1337 893 1367 Utnbra
908 1346 999 1367 autem

213 1379 352 1414 opposita,
378 1381 472 1407 umbra
499 1382 623 1416 peccati,
652 1383 822 1418 impudicos.
848 1385 999 1418 adulteros,

214 1424 274 1452 sine
291 1425 381 1457 venia,
397 1426 499 1461 absque
515 1428 711 1461 misericordia,
731 1430 938 1465 incompositos,
956 1439 1001 1459 ra-

214 1479 296 1507 paces
320 1477 348 1498 et
372 1473 462 1501 omnis
485 1474 597 1501 omnino
619 1475 730 1503 malitiae
752 1476 868 1512 repletos
882 1478 1001 1505 ostendit

214 1519 465 1554 appropinquantes
491 1520 524 1548 ad
552 1528 590 1548 se.
607 1520 692 1555 Unde,
718 1531 819 1557 quaeso,
839 1523 941 1551 ﬁdelem
968 1525 1001 1551 ab

215 1564 327 1598 inﬁdeli,
359 1565 541 1593 illuminatum
563 1574 579 1594 a
597 1575 651 1595 non
674 1567 837 1601 illuminato,
856 1577 919 1597 eum
940 1570 1000 1602 dico

214 1611 262 1646 qui
276 1611 426 1639 secundum
444 1612 583 1640 Christum
608 1618 649 1641 est
666 1614 818 1650 baptizatus
841 1619 868 1642 et
890 1616 1000 1644 Christo

215 1663 423 1689 annumeratus.
440 1666 454 1685 a
474 1666 528 1686 non
544 1659 681 1695 baptizato
693 1664 720 1688 et
736 1661 846 1689 diabolo
865 1661 1001 1697 subjecto,

215 1703 419 1732 discernimus?
433 1704 528 1732 Nonne
553 1713 587 1733 ex
611 1706 723 1734 verbis?
739 1714 831 1734 nonne
852 1716 885 1735 ex
911 1709 1003 1743 operi-

215 1748 290 1777 bus?
311 1758 401 1777 nonne
424 1759 456 1778 ex
485 1751 628 1779 moribus?
643 1752 693 1786 Qui
721 1760 786 1789 ergo
811 1753 837 1781 in
868 1753 928 1783 istis
950 1762 1002 1782 non

217 1796 377 1824 illuminatis
402 1797 570 1826 assiutilatur
585 1799 680 1827 dicens
699 1807 729 1827 se
748 1808 810 1828 esse
834 1800 1002 1836 baptizatum

216 1842 367 1870 secundum
398 1843 548 1876 Christum,
573 1851 665 1872 nonne
693 1851 767 1874 recte
795 1847 1003 1881 componendus

216 1892 258 1916 est
274 1895 336 1915 cum
362 1889 405 1917 his
422 1889 456 1916 de
477 1890 577 1925 quibus
594 1891 632 1917 ait
647 1890 794 1926 Apostolus
813 1899 821 1918 :
837 1900 847 1918 ι
867 1891 1005 1920 Conﬁten-

217 1939 261 1963 tur
278 1943 307 1962 se
322 1943 402 1964 nosse
421 1935 515 1969 Deum,
531 1936 610 1964 factis
626 1942 716 1964 autem
744 1942 852 1972 negant,
868 1945 931 1965 cum
949 1938 1005 1966 sint

217 1981 367 2008 abominati
384 1986 410 2009 et
426 1982 599 2010 incredibiles
613 1987 641 2009 et
654 1983 687 2010 ad
705 1991 784 2010 omne
804 1991 873 2016 opus
897 1984 1000 2011 bonum

218 2028 326 2063 reprobi
341 2028 362 2044 “
374 2029 400 2055 ἲ»
420 2028 559 2061 Quosnam
583 2028 663 2060 inter.
678 2029 722 2056 dic
742 2028 820 2062 mihi,
836 2029 903 2057 tales
921 2030 1005 2057 collo-

218 2075 342 2103 cabimus
364 2074 449 2102 Deum
468 2074 547 2102 simul
565 2078 592 2102 et
619 2075 782 2102 coutitentes
801 2079 828 2102 et
852 2075 1006 2109 negantes?

218 2121 288 2149 Cum
301 2120 444 2148 ﬁdelibus?
455 2120 508 2148 Sed
522 2125 621 2155 negant
634 2120 717 2147 Deum
731 2121 836 2148 actibus
847 2121 918 2149 suis.
936 2121 1005 2148 Cum

218 2166 391 2194 inﬁdelibus?
422 2166 474 2194 Sed
505 2167 596 2202 lingua
626 2166 712 2194 Deum
739 2168 922 2201 conﬁtentur;
940 2176 1004 2196 vere

218 2213 356 2248 quoddam
384 2219 534 2241 monstrum
563 2217 628 2240 sunt
654 2213 754 2247 duplici
782 2213 853 2240 facie
875 2219 902 2241 et
921 2216 1005 2243 menti

1090 926 1332 963 Ἀκολουθήσωμεν
1343 927 1389 955 οὖν
1406 931 1453 956 καὶ
1465 929 1556 964 ἡμεῖς,
1569 928 1692 963 ἀδελφοὶ,
1702 927 1742 962 τῷ
1754 928 1838 961 φωτὶ,

1049 970 1088 1007 τῷ
1106 973 1152 1000 καὶ
1175 972 1265 1008 ψυχὴν
1292 974 1339 1000 καὶ
1365 974 1444 1009 σῶμα
1470 974 1627 1008 φωτίζοντι.
1661 973 1839 1006 Ὀδεύσωμεν

1049 1018 1117 1053 πρὸς
1131 1018 1181 1053 τὴν
1195 1018 1298 1054 λάμψιν
1316 1018 1416 1052 αὑτοῦ,
1436 1020 1483 1046 καὶ
1501 1019 1540 1050 ὡς
1563 1019 1593 1046 ἓν
1620 1019 1715 1054 ἡμέρᾳ
1733 1019 1839 1054 Κυρίου

1049 1064 1226 1099 εὐσχημόνως
1250 1065 1495 1100 περιπατήσωμεν.
1515 1065 1677 1100 Δοξάσωμεν
1695 1065 1781 1091 αὑτὸν
1806 1064 1840 1091 δι’

1049 1110 1138 1145 ἔργων
1152 1110 1273 1144 ἀγαθῶν,
1289 1111 1337 1138 καὶ
1350 1111 1414 1143 τοὺς
1431 1112 1471 1143 είς
1483 1112 1557 1147 ἡμᾶς
1572 1111 1694 1146 ὁρῶντας
1713 1110 1840 1144 δοξάζειν

1049 1156 1131 1183 αὑτὸν
1147 1157 1413 1192 παρασκευάσωμεν.
1431 1158 1564 1192 Φύγωμεν
1575 1157 1606 1183 τὸ
1617 1157 1761 1184 ἀντίθετον
1777 1157 1843 1183 6x6-

1049 1210 1105 1234 τος,
1121 1203 1135 1229 ὅ
1154 1202 1252 1237 ἔστινὴ
1271 1203 1404 1238 ἁμαρτία,
1420 1204 1467 1230 καὶ
1477 1204 1490 1230 ὁ
1504 1203 1554 1237 τῆς
1566 1202 1705 1237 ἁμαρτίας
1717 1203 1844 1238 προστά-

1049 1255 1098 1282 της
1115 1246 1247 1279 διάὸολος.
1270 1247 1375 1274 Ἐκεῖνο
1398 1248 1429 1274 τὺ
1453 1248 1510 1282 φῶς
1537 1247 1613 1283 ἥλιος
1640 1247 1767 1282 ὑπάρχον
1794 1247 1843 1282 τῆς

1049 1292 1165 1320 καθόλου
1180 1293 1367 1328 δικαιοσύνης,
1380 1293 1567 1328 σωφροσύνης,
1585 1293 1712 1328 εἰρήνης,
1731 1301 1844 1327 συμπα-

1051 1339 1138 1371 θείας,
1156 1338 1344 1371 ἀνεξικακίας,
1357 1339 1480 1373 ἀγάπης,
1492 1340 1541 1366 καὶ
1556 1338 1652 1370 ἁπλῶς
1664 1341 1760 1373 πάσης
1776 1339 1843 1372 ἀρε-

1049 1386 1110 1420 τῆς,
1124 1385 1269 1420 καθίστησι
1287 1385 1418 1420 μετόχους
1435 1385 1499 1416 τοὺς
1511 1384 1587 1419 αὐτῷ
1606 1385 1841 1419 προσανέχοντας

1050 1430 1081 1457 τδ
1095 1429 1123 1456 δὲ
1138 1429 1277 1457 ἀντίθετον
1294 1430 1399 1462 σκότος,
1419 1430 1514 1461 σκότος
1531 1429 1631 1461 κακίας
1649 1429 1692 1461 δν,
1711 1430 1841 1464 πόρνους,

1053 1475 1174 1511 μοιχοὺς,
1192 1476 1389 1510 μνησικάκους,
1404 1475 1610 1510 ἀστιλάγχνους,
1624 1475 1777 1507 ἀτάκτους,
1795 1475 1843 1509 ἄρ-

1052 1530 1155 1556 παγας,
1182 1522 1230 1548 καὶ
1253 1521 1348 1553 ἁπλῶς
1365 1523 1456 1556 πάσης
1479 1522 1580 1553 κακίας
1604 1521 1843 1557 πεπληρωμένους

1052 1568 1173 1594 δείκνυσι
1186 1567 1250 1599 τοὺς
1265 1567 1339 1603 αὐτῷ
1352 1568 1564 1603 πλησιάζοντας.
1590 1568 1677 1595 Πόθεν
1695 1570 1761 1604 γὰρ,
1779 1569 1844 1596 είτὶέ

1055 1622 1111 1649 μοι,
1126 1615 1172 1640 τὸν
1187 1614 1282 1640 πιστὸν
1293 1614 1341 1640 τοῦ
1357 1614 1484 1647 ἀπίστου,
1506 1614 1552 1640 τὸν
1567 1614 1780 1648 πεφωτισμένον
1796 1614 1844 1640 τοῦ

1052 1661 1219 1696 ἀφωτίστου,
1230 1660 1313 1688 ταυτο
1328 1659 1356 1687 δὲ
1372 1660 1472 1693 εἰπεῖν,
1483 1661 1529 1687 τὸν
1542 1660 1764 1695 βεϐαπτισμένον
1773 1662 1844 1687 κατὰ

1052 1707 1182 1742 Χριστὸν,
1199 1706 1247 1733 καὶ
1261 1706 1463 1741 συνταξάμενον
1473 1706 1512 1741 τῷ
1527 1705 1649 1741 Χριστῷ,
1662 1705 1710 1733 τοῦ
1726 1706 1846 1733 ἀϐαπτί-

1054 1761 1120 1780 στου
1135 1753 1183 1780 καὶ
1198 1752 1236 1787 τῷ
1251 1751 1368 1787 διαϐόλῳ
1387 1752 1610 1787 συντεταγμένου
1624 1751 1844 1788 διακρινοῦμενς

1053 1799 1104 1828 οὐκ
1122 1800 1176 1827 ἀπὸ
1193 1799 1248 1826 τῶν
1263 1799 1367 1832 λόγων;
1382 1798 1433 1825 οὐκ
1448 1798 1502 1824 ἀπὸ
1515 1798 1570 1824 τῶν
1583 1798 1672 1833 ἔργων
1687 1806 1695 1830 ς
1718 1799 1772 1824 οὐκ
1789 1798 1845 1824 ἀπὸ

1053 1846 1107 1873 τῶν
1121 1845 1231 1880 τρόπων
1244 1854 1251 1877 ;
1266 1843 1300 1871 El
1308 1853 1351 1875 τις
1363 1841 1411 1870 οὖν
1425 1843 1495 1870 κατά
1509 1843 1595 1870 ταῦτα
1607 1845 1664 1874 τοῖς
1676 1844 1846 1878 ἀφωτίστοτς

1054 1892 1238 1928 ἐξομοιοῦται,
1255 1890 1343 1924 λέγων
1359 1887 1430 1916 εἶναι
1445 1889 1664 1925 βεδαπτισμένος
1684 1890 1759 1916 κατά
1774 1890 1847 1924 Χρι-

1056 1940 1129 1971 στὸν,
1143 1939 1174 1966 οὗ
1192 1938 1242 1973 τῆς
1259 1936 1416 1972 συμμορίας
1431 1935 1544 1962 ἐκείνων
1560 1935 1618 1962 ἐστὶ
1644 1935 1753 1970 σαφῶς,
1778 1936 1847 1970 περὶ

1054 1985 1093 2014 ῶν
1111 1993 1194 2020 φησιν
1204 1985 1218 2012 ὁ
1236 1983 1410 2014 ’Δπόστολος·
1433 1991 1442 2008 ι
1458 1982 1524 2008 Θεὸν
1539 1981 1718 2016 ὁμολογοῦσιν
1732 1982 1846 2015 εἰδέναι,

1055 2034 1111 2064 τοῖς
1142 2031 1172 2058 δὲ
1200 2030 1291 2065 ἔργοις
1321 2028 1490 2065 ἀρνοῦνται;
1521 2027 1661 2063 βδελυκτοὶ
1689 2028 1769 2060 ὅντες
1801 2029 1848 2054 καὶ

1056 2078 1191 2111 ἀπειθεῖς,
1210 2078 1258 2104 καὶ
1275 2076 1345 2109 πρὸς
1363 2076 1418 2102 πᾶν
1443 2074 1524 2109 ἔργον
1551 2073 1654 2107 ἀγαθον
1671 2074 1800 2109 ἀδόκιμοι
1815 2083 1822 2105 z
1836 2084 1844 2100 ι

1057 2122 1112 2149 Ποῦ
1128 2119 1267 2153 dwelt-tt,
1282 2120 1409 2154 τάξωμεν
1423 2120 1485 2150 τοὺς
1496 2118 1634 2149 τοιούτους
1643 2118 1848 2152 ὁμολογοῦντας

1058 2168 1115 2203 ἀμα
1129 2167 1176 2194 καὶ
1189 2166 1375 2202 ἀρνουμένους
1392 2165 1476 2198 Θε6ν;
1497 2164 1568 2198 μετὰ
1583 2164 1636 2190 τῶν
1652 2165 1759 2191 πιστῶν
1771 2175 1778 2196 ;
1790 2165 1848 2191 ἀλλ’

1057 2214 1204 2250 ἀρνοῦνται
1230 2214 1285 2244 τοῖς
1312 2212 1423 2246 ἔργοις·
1442 2211 1512 2246 μετὰ
1537 2211 1593 2237 τῶν
1624 2211 1772 2244 (intactum;
1797 2211 1847 2237 ἀλλ

220 2257 430 2292 iniutelligihile.
445 2257 633 2285 Dillicultatem
652 2266 823 2292 przecurrens
847 2259 925 2288 nobis
942 2268 1004 2295 pro-

1078 2258 1219 2292 μολογοῦσι
1248 2257 1294 2285 διὰ
1312 2258 1362 2291 τῆς
1392 2256 1535 2291 γλώττης·
1560 2255 1645 2286 ὅντως
1669 2256 1847 2290 διπρόσωπον

220 2305 301 2339 pheta
321 2303 466 2331 Psalmista
493 2304 574 2332 solvit
590 2304 705 2336 dicens:
723 2314 732 2330 ι
751 2305 883 2332 Dominus
911 2307 1006 2334 reddct

222 2350 456 2385 uuicuiquejuxta
472 2357 554 2385 opera
569 2358 618 2378 sua
633 2350 665 2377 ".
685 2360 694 2377 ι
714 2351 773 2385 Ipse
790 2351 922 2379 Dominus
939 2353 1008 2380 stul-

222 2402 280 2424 tum
293 2396 361 2424 dixit
373 2396 420 2431 qui
436 2396 511 2423 audit
528 2398 609 2424 verba
625 2404 675 2424 sua
695 2401 722 2424 et
737 2405 789 2424 non
807 2397 872 2425 facit
887 2399 920 2426 ".
935 2398 1006 2426 Pau-

222 2443 265 2470 lus
280 2447 371 2471 autem
385 2443 418 2470 de
440 2443 511 2470 caelo
534 2448 647 2471 vocatus
671 2445 809 2479 apostolus
839 2445 927 2472 dicit:
948 2455 957 2471 ι
973 2446 1008 2473 lis

222 2489 333 2525 quidem
349 2488 397 2524 qui
421 2489 572 2516 secundum
588 2490 744 2524 patientiam
765 2490 828 2518 boni
845 2491 935 2526 operis
948 2491 1008 2526 glo~

223 2535 292 2562 riam
304 2539 331 2562 et
343 2535 472 2562 honorem
486 2539 513 2562 et
529 2535 760 2570 incorruptionem
771 2540 907 2570 quaarunt,
924 2537 1006 2564 vitam

223 2588 370 2616 aeternam;
387 2581 428 2610 ira
441 2586 531 2610 autem
545 2588 572 2610 et
585 2582 745 2617 indignatio,
764 2583 905 2610 tribulatio
919 2589 945 2610 et
960 2591 1009 2610 an-

223 2629 324 2664 gustia,
339 2629 366 2656 in
382 2636 489 2656 omnem
509 2628 628 2656 animam
651 2629 769 2657 hominis
791 2629 931 2664 operantis
947 2637 1006 2656 ma-

225 2677 281 2704 lum
296 2676 328 2702 “.
348 2686 358 2703 ι
378 2677 413 2704 Ει
441 2684 559 2704 rursus:
579 2687 589 2703 ι
611 2675 668 2704 Νοιι
693 2676 833 2704 auditores
850 2676 917 2711 legis
940 2675 1007 2711 justi

223 2727 287 2749 sum
305 2722 375 2755 apud
402 2722 498 2755 Deum.
518 2723 566 2751 sed
590 2722 708 2750 factores
731 2721 797 2757 legis
814 2721 1010 2757 justiﬁcahun-

226 2772 270 2795 tur
281 2767 324 2796 “'.
345 2777 355 2794 ι
372 2769 404 2797 Et
427 2769 525 2797 iterum
543 2778 550 2796 :
570 2779 579 2794 ι
597 2768 649 2802 Qui
665 2768 692 2796 in
717 2768 777 2804 lege
798 2768 936 2803 gloriaris,
962 2775 1010 2803 per

224 2815 478 2848 pmvaricationem
493 2815 560 2850 legis
573 2814 658 2842 Deum
673 2814 824 2842 inhonoras
836 2814 870 2840 “.
890 2823 900 2840 ›

1063 2304 1117 2332 είσί
1134 2313 1159 2330 τι
1172 2304 1219 2330 καὶ
1233 2302 1437 2336 δυσξύμδλητον
1446 2302 1541 2337 τέρας.
1553 2301 1582 2328 ’0
1594 2301 1687 2335 μέντοι
1702 2302 1847 2336 ψαλμῳδὶς

1059 2350 1207 2385 Προφήτης
1232 2348 1338 2383 φθάσας
1359 2347 1500 2374 διελύσατο
1516 2347 1566 2383 τὴν
1593 2347 1723 2381 ἀπορίανο
1738 2356 1748 2373 ι
1769 2347 1848 2374 Ἀπο-

1060 2397 1152 2429 δὼσει,
1169 2395 1269 2429 λέγων,
1286 2395 1300 2420 ὀ
1314 2394 1426 2428 Κύριος,
1438 2394 1548 2428 ἑκάστῳ
1560 2392 1630 2419 κατὰ
1646 2393 1681 2419 τὰ
1709 2393 1781 2427 ἔργα
1799 2394 1848 2420 αὖ·

1060 2444 1118 2472 τοῦ.
1136 2452 1146 2470 ι
1172 2442 1256 2474 Αὐτὸς
1285 2441 1313 2468 δὲ
1336 2441 1351 2467 ό
1375 2440 1479 2475 Κύριος
1497 2441 1544 2466 τὸν
1562 2440 1719 2472 ἀκούοντα,
1746 2442 1794 2467 καὶ
1814 2441 1849 2475 μὴ

1061 2488 1190 2515 ποιοῦντα
1204 2487 1266 2519 τοὺς
1278 2485 1361 2514 αὐτοῦ
1373 2486 1481 2520 λόγους.
1493 2485 1585 2520 μωρὸν
1598 2485 1668 2511 εἶναι
1677 2485 1848 2521 ἀπεφήνατο.

1062 2535 1166 2566 Παῦλος
1189 2535 1218 2561 δὲ
1233 2536 1246 2562 ὀ
1262 2534 1291 2567 ἑξ
1304 2532 1423 2569 οὐρανοῦ
1441 2532 1542 2566 κλητὸς
1557 2531 1720 2564 ἀπόστολος,
1741 2541 1751 2557 ι
1773 2533 1848 2558 Ἀπο-

1061 2582 1161 2614 δώσει,
1188 2581 1281 2615 φησὶν,
1307 2581 1321 2606 ὁ
1339 2579 1441 2614 Κύριος
1458 2580 1514 2605 τοῖς
1545 2578 1594 2612 μὲν
1620 2578 1684 2603 καθ’
1709 2578 1849 2612 ὑπομονὴν

1061 2628 1144 2662 ἔργου
1158 2627 1263 2662 ἀγαθοῦ
1287 2626 1365 2659 δόξαν
1389 2627 1438 2651 καὶ
1453 2625 1535 2660 τιμὴν
1557 2624 1604 2650 καὶ
1626 2624 1787 2658 ἀφθιρσίαν
1806 2625 1849 2657 ζη-

1063 2674 1140 2701 τοῦσι
1154 2673 1227 2707 ζωὴν
1243 2670 1351 2698 αἰώνιον
1364 2678 1371 2686 ο
1384 2670 1454 2705 ὀργὴ
1478 2669 1506 2696 δὲ
1529 2668 1577 2695 καὶ
1591 2669 1676 2703 θυμὸς
1693 2669 1745 2695 καὶ
1762 2668 1849 2702 θλίψις

1063 2720 1112 2746 καὶ
1135 2718 1302 2753 στενοχωρία
1326 2717 1372 2743 ἐπὶ
1397 2717 1488 2743 πᾶσαν
1511 2716 1602 2750 ψυχὴν
1631 2714 1780 2751 ἀνθριῆπου
1805 2713 1849 2741 τοῦ

1064 2764 1306 2799 κατεργαζομένου
1331 2763 1362 2790 τὸ
1394 2763 1490 2789 κακόν.
1516 2770 1526 2787 ι
1557 2761 1612 2788 Καὶ
1639 2761 1742 2790 πάλιν·
1768 2770 1778 2784 σ
1798 2760 1849 2795 Οὐχ

1066 2812 1144 2847 171
1160 2811 1184 2838 οἱ
1202 2803 1336 2846 ἀκροαταὶ
1350 2809 1397 2836 τοῦ
1415 2809 1498 2843 νόμου
1513 2807 1615 2835 δίκαιοι
1633 2807 1711 2842 παρὰ
1727 2807 1768 2842 τῷ
1783 2807 1847 2845 Θεῴ⁹

259 2872 280 2889 ⁶¹
297 2872 351 2901 Tit.
362 2880 381 2906 ι,
395 2872 437 2900 16;
476 2872 498 2888 ⁸⁸
510 2870 583 2901 Psal.
597 2879 652 2906 ut,
668 2870 709 2899 12.
748 2870 873 2899 "Matth.
887 2878 934 2902 νη,
952 2869 998 2899 26.

1078 2869 1156 2898 nom.
1181 2856 1218 2901 χί,
1235 2868 1260 2896 7.
1281 2867 1307 2895 8.
1348 2866 1380 2882 οι·
1401 2865 1467 2894 ibid.
1485 2865 1526 2893 ιδ.
1565 2865 1588 2881 ευ
1609 2863 1676 2892 ibid.
1699 2863 1747 2891 οδ.
