1888 3067
211 121 264 155 391

828 122 1017 154 GREGORII
1039 122 1200 154 PALAM/E

1783 115 1835 149 392

210 181 310 216 μᾶλλον
332 180 346 206 ὁ
371 179 441 215 μετὰ
456 179 504 215 τὴν
527 171 623 214 main
648 179 726 206 σπῶν
740 178 788 206 τοῦ
812 179 991 215 δηλητηρίου,
1012 180 1060 206 καὶ
1091 178 1137 205 τὸν
1170 177 1285 205 θάνατον
1305 176 1406 209 ἀθλίως
1432 177 1499 213 πρὸς
1524 174 1621 202 ἑαυτὸν
1641 173 1834 209 ἐφελκόμενος,

207 226 256 253 τοῦ
281 226 336 261 πρὸ
361 226 409 261 τῆς
426 225 524 260 πείρας
540 225 620 252 τοῦτο
640 225 808 260 πράττοντός
832 234 861 252 τε
878 226 925 252 καὶ
944 225 1108 260 πάσχοντος.

243 272 365 299 Adamus
390 279 456 307 ergo
480 277 542 298 ante
573 271 637 299 mali
666 271 882 305 experimentum
914 273 989 298 malo
1007 276 1028 302 Α

209 316 367 345 consiliario
388 316 516 348 credens,
535 316 598 344 boni
615 316 763 343 consilium
783 319 995 348 mandatumque

208 362 314 396 rejecit.
343 362 464 396 Quisque
485 367 611 389 nostrum
647 361 722 394 illud,
740 363 820 394 eheu,
849 362 915 388 facit
935 365 996 396 post

208 408 428 441 experimentum
454 412 481 435 et
506 409 641 435 minarum
659 407 908 442 adimpletionem;
936 407 995 434 ideo

209 453 410 487 singulijnagis
435 454 567 488 arguendi
585 454 787 488 damnandique
804 461 901 480 sumus
912 461 993 487 quam

207 500 336 526 Mantus.
362 499 395 526 At
426 507 488 525 vero
518 500 588 527 inter
623 507 672 526 nos
691 507 744 527 non
779 504 902 534 superest
929 499 995 527 illud

209 545 310 577 lignum
323 549 349 569 et
363 544 468 571 nullum
487 549 529 571 est
546 545 704 571 mandatum
726 545 760 572 de
776 546 834 579 ipso
849 545 994 572 comedere

209 590 371 624 prohibens.
395 591 513 626 Lignum
540 591 650 625 quidem
679 591 753 618 intrr-
780 599 829 618 nos
854 599 908 618 non
932 595 994 622 est.

207 637 286 663 adest
302 641 391 662 autem
416 641 444 663 et
463 644 533 663 nunc
558 637 639 663 nobis
667 637 712 663 Dei
731 638 901 669 mandatum,
921 638 993 672 quod

209 682 296 716 ipsum
325 682 458 709 facientes
483 687 511 708 et
537 683 687 709 secundum
716 683 804 718 ipsum
834 684 925 710 vivere
950 690 996 710 vo-

209 728 307 760 lentes,
325 735 340 754 a
356 729 530 763 propriorum
549 734 624 755 reatu
640 734 816 763 peccatorum
839 733 867 756 et
886 729 920 756 ab
937 729 994 756 ori~

209 773 291 808 gina“
308 774 500 801 maledic-tione
512 779 539 801 et
552 774 727 801 damnatione
742 775 837 801 liberat
849 783 856 808 ;
868 775 915 809 qui
929 783 995 802 vero

208 819 296 853 ipsum
319 821 467 854 repellunt,
483 820 563 854 eique
583 821 693 855 maligni
713 821 862 848 consilium
884 825 911 848 et
928 828 994 856 pec-

208 870 298 892 catum
318 870 500 900 anteponunt,
518 866 543 893 in
560 866 631 893 hanc
648 867 718 902 ignis
735 869 826 894 ειυτηί
842 868 993 902 gehennam

206 911 318 938 diabolo
334 916 361 938 et
378 913 483 947 angelis
502 913 561 946 ejus
585 913 748 947 promissam
769 918 796 941 et
811 918 992 949 praeparatam

209 957 365 985 mittuntur.
382 957 544 992 “,Quodnam
579 967 644 995 ergo
682 968 753 987 nunc
779 961 859 988 nobis
887 952 1031 989 ineunt-B

208 1001 248 1029 bit
277 1002 324 1029 Dei
352 1004 544 1031 mandatum?
584 1004 755 1038 Pmrtitentia,
775 1003 866 1041 'cujus
902 1006 994 1042 regula

208 1048 346 1083 praecipua
393 1053 434 1076 est
475 1050 509 1076 de
551 1050 653 1078 illicitis
701 1052 813 1079 omnino
847 1052 998 1080 abstinere.

210 1093 279 1120 Cum
298 1094 370 1121 enim
387 1102 402 1122 e
426 1095 487 1122 loco
504 1095 603 1123 divina:
623 1097 771 1132 voluptatis
794 1098 874 1132 ejecti
898 1106 994 1126 sumus

206 1138 337 1174 justeque
357 1140 391 1167 de
414 1141 541 1175 paradiso
556 1141 604 1169 Dei
619 1143 738 1177 expulsi,
755 1147 782 1170 et
801 1143 828 1169 in
849 1143 899 1170 hoc
916 1144 996 1170 hara-

208 1185 300 1212 thrum
316 1185 479 1219 incidimus,
495 1191 522 1214 et
539 1194 600 1214 cum
619 1188 785 1215 animalibus
806 1188 894 1215 brutis
913 1189 996 1216 coha—

207 1232 295 1259 bitare
310 1234 530 1267 commorarique
549 1234 651 1261 fuimus
667 1235 798 1264 damnati.
819 1239 846 1262 et
860 1235 933 1262 onmi
948 1242 995 1270 spe

205 1278 330 1305 destituti
343 1279 445 1306 fuimus
472 1284 553 1315 atque
568 1288 583 1307 a
596 1282 769 1308 revocationc
790 1281 818 1308 in
835 1282 991 1315 paradisum

207 1331 427 1356 remuveremus,
447 1330 511 1353 tunc
539 1326 598 1361 ipsa
612 1327 720 1362 justrtia
731 1335 840 1362 pmnam
852 1327 993 1355 sustinens

206 1377 254 1396 seu
269 1370 363 1404 potius
385 1371 459 1405 juste
484 1371 570 1406 ipsam
593 1373 619 1400 in
648 1380 698 1400 nos
716 1374 810 1400 venire
827 1373 992 1404 comedens,

205 1422 320 1442 excessu
340 1415 473 1444 bonitatis
493 1422 520 1444 et
537 1419 640 1445 amoris
655 1426 719 1454 erga
736 1419 872 1452 homines,
889 1427 938 1453 per
953 1419 993 1446 vi-

206 1469 285 1490 scera
298 1463 498 1491 misericordia:
511 1472 579 1497 suae,
598 1473 683 1500 usque
700 1465 733 1491 ad
749 1473 799 1492 nos
817 1470 927 1500 propter
942 1471 992 1492 nos

156 1529 162 1533 .
206 1509 360 1541 descendit,
377 1513 405 1536 et
425 1513 454 1536 ut
468 1511 594 1544 exemplo
620 1518 672 1538 suo
694 1511 804 1538 doceret
818 1511 991 1546 saltaretque

205 1553 327 1581 salutare
353 1555 522 1589 ptenitentia:
546 1557 694 1584 consilium
718 1561 746 1583 et
767 1562 931 1592 prmeeptum
947 1559 989 1585 at-

205 1600 269 1626 tulit
285 1600 379 1629 dicens
395 1609 403 1628 :
423 1601 632 1629 «Paenitentiam
649 1603 721 1638 agite
733 1624 741 1637 ,
762 1604 991 1639 appropinquavit

204 1646 278 1673 enim
304 1654 417 1681 regnum
443 1648 575 1675 calorum
590 1649 622 1675 ⁷⁸.
644 1658 653 1674 ι
676 1649 839 1684 Priusquam
863 1651 991 1678 incarna-

207 1695 285 1718 retur
294 1691 413 1720 Verbum
431 1694 490 1726 Dei,
508 1699 612 1722 tantum
624 1695 743 1724 distabat
760 1704 775 1724 a
789 1696 867 1723 nobis
880 1704 993 1732 regnum

211 1737 269 1770 Dei,
291 1743 425 1770 quantum
442 1740 525 1768 distat
543 1742 642 1768 malum
659 1750 673 1768 a
699 1747 782 1769 terra.
810 1742 877 1772 Cum
903 1747 993 1769 autem

206 1791 252 1810 rex
270 1785 402 1812 cmlorum
426 1787 570 1814 nobiscum
591 1793 769 1815 conversatus
797 1793 838 1815 est
861 1793 888 1815 et
915 1789 997 1816 habi-

207 1831 287 1862 tavit,
305 1831 537 1867 appropinquavit
553 1832 586 1860 ad
604 1841 654 1861 nos
670 1840 767 1861 omnes
788 1841 901 1869 regnum
917 1833 975 1860 Dei.

1086 271 1115 296 Ὀ
1141 270 1191 305 μὲν
1207 269 1253 296 οὖν
1279 269 1366 302 Ἀδὰμ
1384 267 1439 302 πρδ
1467 268 1516 303 τῆς
1537 266 1637 301 πείρας
1660 265 1699 301 τῷ
1724 265 1835 300 πονηρῷ

1049 316 1130 352 174
1145 316 1290 351 συμϐούλῳ
1307 315 1443 345 πεισθεὶς,
1465 314 1572 348 παρέϐη
1590 313 1638 347 τὴν
1661 312 1708 338 τοῦ
1731 312 1834 345 ἀγαθοῦ

1047 363 1205 397 συμϐουλήν
1224 371 1254 388 τε
1269 362 1314 388 καὶ
1338 361 1465 396 ἐντολήν·
1479 360 1558 395 ἡμῶν
1579 359 1607 385 δὲ
1626 359 1742 389 ἕκαστος
1757 357 1836 384 τοῦτο

1046 409 1163 443 πράττει
1180 409 1249 444 φεῦῑ
1268 407 1338 442 μετὰ
1353 409 1402 443 τὴν
1422 409 1520 442 πεῖραν
1535 407 1581 432 καὶ
1596 405 1646 439 τὴν
1657 404 1769 431 ἑκϐασιν
1782 404 1835 430 τῶν

1046 454 1239 489 ὴπειλημὲνων
1250 464 1256 471 ·
1270 454 1310 480 διὸ
1330 453 1378 480 καὶ
1399 452 1592 487 περισσότερον
1613 451 1692 485 ἡμῶν
1708 451 1833 479 ἕκαστος,

1045 500 1062 535 ἣ
1083 501 1096 526 ὁ
1116 500 1202 535 ’Δδὰμ
1227 501 1330 531 ἐκεῖνος
1349 499 1488 533 μεμπτέος
1511 498 1570 524 ἐστὶ
1594 497 1643 522 καὶ
1657 497 1833 530 κατάκριτος.

1053 546 1123 572 Ἀλλ’
1139 546 1189 572 οὐκ
1209 545 1285 572 ἔστιν
1309 547 1338 571 ἐν
1360 546 1425 580 ἡμῖν
1441 545 1529 571 ἐκεῖνο
1546 543 1576 569 τὸ
1600 543 1688 575 ξύλον,
1712 542 1775 568 οὐδὲ
1791 541 1834 567 τοῦ

1045 593 1112 618 Θεοῦ
1127 592 1174 618 νῦν
1189 593 1246 618 ἐστι
1259 592 1328 628 πρὸς
1348 592 1422 625 ἡμᾶς
1434 590 1530 625 ἐντολὴ
1553 589 1602 624 τὴν
1617 589 1726 615 ἐκείνου
1741 587 1835 621 γεῦσιν

1046 637 1269 672 ἀπαγορεύουσα.
1288 636 1367 663 Τοῦτ’
1390 635 1457 662 αὐτὸ
1473 635 1522 670 μὲν
1543 635 1631 660 έκεῖνο
1647 634 1677 659 τὸ
1692 633 1772 666 ξύλον
1788 633 1836 658 οὑκ

1045 684 1120 711 ἔστιν
1135 686 1164 710 ὲν
1187 685 1254 719 ἡμῖν
1271 684 1347 716 ἴσως,
1364 685 1381 719 ὴ
1396 683 1425 710 δὲ
1445 682 1492 709 τοῦ
1515 682 1582 708 Θεοῦ
1600 681 1695 716 ἐντολὴ
1721 681 1771 708 καὶ
1789 680 1835 708 νῦν

1045 733 1111 767 ἡμῖν
1126 732 1254 766 πάρεστι,
1274 731 1338 763 τοὺς
1352 731 1401 765 μὲν
1417 730 1485 766 αὐτῇ
1506 729 1694 764 πειθομένους,
1710 729 1759 754 καὶ
1775 728 1836 754 κατ’

1045 778 1131 813 αὐτὴν
1142 778 1191 813 ζῇν
1207 778 1360 815 ἐθέλοντας,
1375 778 1424 811 τῆς
1437 777 1490 802 τῶν
1501 777 1558 802 οἶκε
1564 775 1619 802 ίων¹
1625 775 1734 801 πάντων
1745 774 1836 808 ἁμαρ-

1044 825 1175 860 τημάτων
1206 824 1332 857 εὐθύνης,
1360 823 1408 849 καὶ
1436 822 1485 856 τῆς
1502 821 1670 856 προγονικῆς
1692 821 1764 854 ἀρᾶς
1790 822 1837 847 καὶ

1045 870 1194 905 καταδίκης
1214 869 1405 904 ἐλευθεροῦσα,
1425 869 1489 900 τοὺς
1505 867 1533 893 δὲ
1545 868 1592 893 καὶ
1606 867 1653 893 νῦν
1672 867 1758 901 αὐτὴν
1775 868 1837 892 ἀθε-

1045 916 1169 949 τοῦντας,
1186 917 1233 943 καὶ
1256 923 1450 951 προτιμωντας
1473 913 1559 948 αὐτῆς
1581 914 1631 948 τὴν
1645 913 1693 940 τοῦ
1713 912 1837 948 πονηροῦ

1047 964 1202 998 συμϐουλήν
1215 972 1245 990 τε
1263 964 1311 990 καὶ
1326 962 1492 998 προσϐολὴν,
1516 962 1556 992 εις
1572 961 1620 996 τὴν
1645 960 1837 995 ἠπειλημένην

1047 1010 1087 1044 τῷ
1103 1009 1219 1043 διαὸόλῳ
1246 1009 1294 1035 καὶ
1317 1007 1579 1043 προητοιμασμένην
1592 1006 1702 1033 αἰώνιον
1727 1007 1837 1040 ἐκείνην

1045 1057 1159 1090 γέενναν
1181 1055 1228 1083 τοῦ
1243 1055 1327 1090 πυρὸς
1343 1054 1579 1090 παραπέμπουσα.
1595 1053 1644 1084 Τίς
1659 1051 1707 1078 οῦν
1728 1053 1807 1078 ἐστιν
1821 1054 1837 1087 ἡ

1045 1102 1095 1128 νῦν
1111 1102 1177 1137 ἡμῖν
1194 1101 1263 1135 αὕτη
1280 1101 1448 1135 προκειμένη
1469 1099 1516 1125 τοῦ
1534 1098 1602 1124 Θεοῦ
1623 1097 1737 1132 Evt-0H};
1754 1099 1774 1132 ἡ
1793 1104 1839 1130 με·

1046 1149 1154 1175 τάνοια·
1171 1145 1205 1183 ἦς
1218 1147 1248 1174 τὸ
1263 1146 1411 1181 κεφάλαιον
1421 1146 1475 1172 τῶν
1487 1144 1721 1180 ἀπηγορευμένων
1734 1143 1837 1178 μηκέτι

1044 1194 1157 1228 ψαύειν·
1175 1191 1305 1228 ὲπεῐγὰρ
1324 1192 1518 1227 ἀπερῤίφημεν
1536 1190 1584 1217 τοῦ
1598 1190 1700 1226 χωρίου
1720 1191 1772 1223 τῆς
1794 1191 1838 1216 ὲν-

1045 1238 1241 1276 θέουμτρυῳῆς,
1256 1238 1303 1264 καὶ
1312 1236 1536 1271 ἁπεκλείσθημεν
1547 1236 1594 1262 τοῦ
1610 1235 1778 1270 παραδείσου
1790 1235 1837 1262 τοῦ

1045 1285 1113 1311 Θεοῦ
1140 1284 1264 1316 δικαὶως,
1289 1283 1336 1309 καὶ
1368 1282 1408 1313 είς
1435 1282 1466 1309 τὺ
1492 1282 1629 1318 βάραθρον
1648 1281 1728 1308 τοῦτο
1748 1290 1838 1308 κατα-

1045 1329 1244 1363 πεπτώκαμεν,
1269 1328 1316 1355 καὶ
1332 1329 1468 1355 συνοικεῖν
1494 1328 1541 1354 καὶ
1557 1327 1764 1355 συνδιαιτᾶσθαι
1781 1328 1838 1358 τοῖς

1042 1376 1151 1409 ἀλόγοις
1174 1375 1254 1406 ζώοις
1272 1373 1521 1409 κατεδικάσθημεν,
1538 1374 1584 1400 καὶ
1606 1373 1751 1404 ὰνέλπιδες
1768 1381 1838 1399 κατ-

1044 1421 1174 1455 έστημιν,
1190 1421 1252 1446 ὅσον
1267 1420 1298 1446 τὺ
1320 1420 1361 1452 είς
1377 1420 1450 1455 ἡμᾶς
1466 1417 1545 1455 ἧκον.
1562 1420 1611 1454 τῆς
1627 1419 1697 1454 πρὸς
1711 1419 1758 1446 τὸν
1784 1429 1837 1446 πα-

1044 1467 1176 1501 ράδεισον·
1188 1466 1374 1501 ἀνακλήσεως,
1395 1465 1476 1496 αὐτὸς
1497 1466 1511 1492 ὁ
1530 1465 1688 1500 δικαιοσύνῃ
1706 1465 1768 1491 τότε
1787 1465 1837 1499 τὴν

1042 1514 1120 1548 δίκην
1135 1512 1301 1548 ἐπενεγκὼν,
1316 1511 1416 1548 μᾶλλον
1428 1511 1457 1539 δὲ
1469 1511 1580 1543 δικαίως
1592 1510 1697 1546 ταύτην
1707 1511 1836 1537 ἐπελθεῖν

1042 1561 1108 1595 ἡμῖν
1127 1560 1320 1594 συγχωρήσας,
1345 1557 1483 1594 ὑπερϐολῇ
1500 1557 1547 1584 νῦν
1564 1557 1772 1592 φιλανθρωπίας
1790 1557 1837 1583 καὶ

1004 1621 1027 1652 c
1043 1605 1222 1640 ἀγαθότητος,
1250 1605 1294 1632 διὰ
1325 1605 1471 1640 σπλάγχνα
1500 1603 1708 1652 ἐλέουςμύτοῦ,
1738 1603 1836 1638 μέχρις

1045 1651 1124 1687 ἡμῶν
1141 1650 1211 1685 ὑπὲρ
1227 1650 1307 1685 ἡμῶν
1324 1649 1455 1685 κατῆλθε,
1483 1650 1530 1675 καὶ
1545 1647 1607 1675 καθ’
1630 1648 1705 1683 ἡμᾶς
1719 1649 1838 1682 γενόμε-

1043 1706 1088 1728 νος
1105 1696 1304 1731 ἀναμαρτήτως
1317 1695 1470 1731 ἄνθρωπος,
1488 1694 1531 1722 ἴνα
1546 1694 1584 1729 τῷ
1603 1693 1690 1728 ὁμοίῳ
1700 1694 1732 1719 τὸ
1742 1693 1837 1728 ὅμοιον

1043 1741 1188 1778 evasisse“
1205 1741 1252 1768 καὶ
1268 1740 1456 1776 ἀνασώσηται.
1471 1740 1522 1775 τὴν
1538 1741 1672 1775 σωτήριον
1686 1740 1739 1774 τῆς
1752 1747 1836 1774 μετα-

1043 1787 1117 1818 νοίας
1135 1787 1280 1822 εἰσήνεγκε
1306 1785 1463 1820 συμϐουλήν
1486 1793 1516 1812 τε
1541 1785 1590 1811 καὶ
1616 1784 1740 1819 ἐντολὴν,
1767 1784 1837 1820 πρὸς

1027 1855 1030 1859 .
1043 1834 1116 1867 ἡμᾶς
1133 1832 1219 1859 εἰπών
1229 1840 1235 1847 ·
1257 1840 1267 1858 ι
1288 1832 1466 1865 Μετανοεῖτε,
1480 1832 1522 1857 ὅτι
1537 1831 1652 1867 ἤγγικεν
1667 1831 1685 1865 ἡ
1709 1830 1837 1864 βασιλεία

204 1876 260 1903 τῶν
273 1877 412 1912 οὐρανῶν·
444 1889 453 1904 ι
474 1879 526 1914 πρὸ
553 1879 602 1915 μὲν
618 1879 672 1914 γὰρ
689 1880 740 1914 τῆς
757 1879 989 1915 ἐνανθρωπήσεως
1008 1879 1056 1906 τοῦ
1070 1880 1158 1913 Λόγου
1182 1877 1230 1906 τοῦ
1251 1877 1330 1910 Θεοῦ,
1347 1878 1410 1904 ὅσον
1430 1879 1443 1904 ὁ
1486 1877 1602 1913 οὐρανὸς
1627 1876 1681 1903 ἀπὸ
1703 1877 1755 1911 τῆς
1786 1877 1838 1911 γῆς

203 1923 314 1958 ἀπέχει,
330 1924 440 1951 τοσοῦτο
462 1926 571 1960 μακρὰν
589 1926 667 1961 ἡμῶν
697 1924 730 1962 ἦν
755 1927 772 1962 ὴ
800 1926 924 1961 βασιλεία
938 1925 993 1952 τῶν
1011 1925 1134 1959 οὐρανῶν
1145 1934 1151 1941 π
1168 1925 1216 1952 τοῦ
1249 1925 1277 1951 δὲ
1294 1923 1431 1959 βασιλέως
1445 1923 1500 1950 τῶν
1517 1923 1640 1957 οὐρανῶν
1657 1923 1725 1958 ἡμῖν
1759 1925 1837 1960 ἐνδη-

207 1973 354 2008 μήσαντος,
368 1974 416 2002 καὶ
432 1975 481 2009 τήν
496 1976 556 2009 μεθ’
573 1975 651 2010 ήμῶν
667 1976 765 2002 ἕνωσιν
784 1976 990 2010 εὐδοκήσαντος,
1011 1976 1125 2010 ἦγγισεν
1141 1974 1208 2010 ἡμῖν
1223 1975 1307 2001 πᾶσιν
1318 1974 1335 2009 ἢ
1350 1972 1475 2009 βασιλεία
1503 1972 1557 2000 τῶν
1593 1973 1728 2008 οὐρανῶν.

240 2021 432 2050 Pmnitentiam
450 2031 564 2059 agamus
578 2031 654 2059 ergo,
675 2023 774 2051 fratres
785 2024 850 2057 mei,
864 2025 989 2056 obsecro,

204 2072 233 2094 ct
253 2067 387 2096 faciamus
405 2068 502 2104 dignos
519 2068 627 2096 fructus
653 2069 834 2103 ρωιιὶιθηιὶιο,
858 2074 887 2096 ut
905 2069 991 2096 caelo-

204 2121 267 2140 rum
290 2121 405 2149 regnum
421 2115 582 2142 haereditate
602 2115 761 2148 capiamus;
779 2116 812 2142 ad
830 2122 880 2142 nos
891 2121 993 2149 appro-

205 2163 357 2197 pinquavit,
373 2171 426 2189 non
447 2163 482 2190 ab
503 2171 536 2190 eo
559 2163 720 2190 recedamus
745 2170 793 2197 per
809 2162 879 2189 mala
897 2169 991 2197 opera.

207 2209 284 2240 Quod
309 2212 397 2236 nescit
412 2215 542 2235 occasum
561 2209 652 2236 lumen
672 2209 764 2236 illuxrt
782 2208 871 2241 nobis,
890 2207 918 2235 in
937 2207 992 2234 cla-

207 2255 287 2281 ritate
309 2254 370 2289 ejus
382 2255 554 2282 ambulemus
572 2262 621 2289 per
643 2255 714 2282 bona
733 2262 837 2290 opera;
862 2253 990 2288 apparuit

207 2299 263 2327 \ita
281 2305 393 2332 interna,
411 2300 482 2327 hanc
499 2301 677 2335 acquiramus
692 2308 739 2336 per
757 2301 887 2328 virtutum
907 2307 991 2334 opera

1082 2023 1305 2057 Μετανοήσωμεν
1320 2019 1377 2054 οὖν,
1389 2021 1509 2056 ἀδελφοὶ,
1524 2021 1688 2055 παρακαλῶ,
1702 2021 1752 2047 καὶ
1769 2029 1838 2057 καρ-

1045 2068 1112 2100 ποὺς
1127 2067 1218 2101 ἀξίους
1234 2068 1287 2101 τῆς
1315 2067 1460 2102 μετανοίας
1474 2066 1688 2101 ὲπιδειξώμεθα,
1715 2067 1763 2095 ἵνα
1786 2068 1837 2104 τὴν

1044 2114 1099 2141 τῶν
1124 2113 1248 2150 οὐρανῶν
1277 2113 1418 2148 βασιλείαν
1447 2113 1718 2148 κληρονομήσωμεν·
1751 2115 1837 2149 ἔγγὺς

1044 2162 1123 2196 ἡμῶν
1144 2160 1214 2196 αὓτη
1228 2161 1335 2194 γέγονε.
1366 2160 1403 2195 μὴ
1428 2159 1612 2196 μακρύνωμεν
1635 2160 1712 2194 ἡμᾶς
1737 2161 1837 2193 αὐτοὺς

1043 2207 1100 2235 ἀπὸ
1113 2206 1215 2242 ταύτης
1234 2208 1315 2242 ἡμεῖς
1337 2207 1380 2234 διὰ
1393 2206 1448 2233 τῶν
1465 2206 1553 2242 ἔργων
1567 2206 1623 2232 τῶν
1639 2206 1782 2242 πονηρῶν.
1801 2207 1837 2234 Τὸ

1043 2253 1194 2288 ἀνέσπερον
1205 2254 1271 2288 ἡμῖν
1286 2252 1429 2288 ἑπέλαμψι
1442 2253 1499 2287 φῶς
1509 2260 1518 2268 ⁸
1532 2252 1687 2288 ὀδεύσωμεν
1701 2254 1774 2288 πρὸς
1787 2253 1836 2288 τὴν

1043 2298 1147 2334 λάμψιν
1164 2299 1248 2326 αὑτοῦ
1267 2299 1311 2326 διὰ
1325 2299 1379 2327 τῶν
1395 2299 1484 2335 ἔργων
1500 2299 1556 2325 τῶν
1576 2299 1699 2334 ἀγαθῶν.
1720 2299 1753 2326 ἰι
1771 2301 1836 2326 αιὼ-

205 2351 338 2380 quantmn
368 2347 531 2381 poterimus.
558 2348 610 2380 Qui
637 2354 689 2375 nos
706 2346 843 2374 beatilicat
864 2346 986 2374 Christus

1073 2354 1098 2377 ος
1112 2345 1272 2380 ἐφανερώθη
1298 2344 1376 2380 ζωή·
1404 2345 1614 2380 ἀντιλαὸὠμεθα
1633 2345 1736 2380 ταύτης
1755 2347 1837 2380 ἡμεῖς

205 2396 269 2418 ante
286 2400 337 2420 nos
352 2393 427 2427 prior
440 2393 609 2420 ambulavit:
626 2398 737 2420 strenue
750 2400 897 2427 sequamur
916 2399 990 2420 eum.

207 2438 357 2474 Fugiamus
375 2438 563 2466 infelicitatem
582 2447 678 2467 eorum
703 2440 749 2474 qui
777 2442 803 2466 in
830 2439 950 2466 tenebris
965 2443 994 2466 et

206 2486 234 2511 in
251 2486 345 2511 unihra
363 2485 460 2512 mortis
475 2484 584 2512 sedem.
609 2484 770 2517 Quan‘amus
793 2488 821 2511 et
843 2483 993 2517 adimplea-

205 2539 266 2558 mus
281 2538 364 2565 opera
382 2531 561 2565 paenitentiae,
579 2531 772 2562 humilitatem,
798 2531 992 2557 contritionem

204 2581 232 2604 et
245 2577 369 2604 dolorem
384 2578 536 2616 internum,
549 2585 596 2605 eor
609 2578 674 2604 mite
689 2581 716 2604 et
732 2577 899 2608 misericors,
909 2576 993 2611 justi-

205 2628 270 2650 tiam
291 2623 417 2658 diligens,
432 2624 578 2658 puritatem
594 2631 737 2658 quaerens,
761 2624 917 2657 pacriieum,
939 2630 990 2657 pa.

207 2669 277 2696 tiens
291 2669 317 2695 in
335 2670 585 2704 perseeutionibus,
601 2670 759 2702 calumniis,
779 2669 887 2703 injuriis
901 2673 927 2696 et
939 2676 989 2704 op-

205 2715 324 2748 probriis
337 2719 364 2742 et
380 2715 458 2742 titulis
472 2723 521 2750 pro
535 2715 650 2744 veritate
667 2722 693 2742 et
709 2715 816 2749 justitia
833 2715 989 2747 exautlatis,

203 2769 340 2789 memores
357 2762 436 2797 hujus
464 2762 539 2791 verbi
557 2771 564 2790 :
583 2772 592 2788 ‹
616 2762 690 2790 Beati
723 2769 856 2797 pauperes
871 2762 968 2796 spiritu
981 2781 988 2794 ,

239 2855 263 2871 "
282 2854 377 2883 Matth.
400 2863 438 2889 tv,
462 2856 492 2882 i7

1040 2392 1074 2419 δι’
1088 2392 1193 2426 ἀρετῶν
1215 2392 1265 2426 ὅση
1289 2390 1414 2426 δύναμις.
1436 2391 1465 2418 '0
1481 2392 1634 2426 μακαρίους
1658 2392 1746 2418 ποιῶν
1764 2393 1837 2428 ἡμᾶς

1041 2437 1158 2473 Χριστὸς
1172 2437 1329 2472 ἐπεδήμησε
1339 2445 1348 2454 υ
1363 2437 1512 2472 προθύμως
1532 2437 1607 2473 αὑτῷ
1625 2439 1836 2472 προσέλθωμεν.

1041 2484 1177 2518 Φύγωμεν
1193 2484 1248 2510 τῶν
1263 2485 1293 2510 ὲν
1306 2484 1397 2510 σκότει
1415 2484 1462 2510 καὶ
1480 2484 1544 2520 σκιᾷ
1566 2484 1684 2511 θανάτου
1710 2485 1836 2520 καθημέ-

1042 2539 1096 2557 νων
1118 2529 1168 2566 τὴν
1183 2530 1341 2564 ἀθλιότητα.
1368 2530 1537 2564 [ΙοΘήσωμεν
1553 2530 1602 2557 καὶ
1615 2531 1787 2566 κτησώμεθα
1802 2531 1835 2557 τὰ

1042 2576 1111 2611 ἔργα
1129 2577 1178 2611 τῆς
1203 2577 1357 2611 μετανοίας,
1377 2576 1504 2611 φρόνημα
1520 2577 1659 2609 ταπεινὸν,
1686 2577 1834 2609 κατάλιυξιν

1043 2626 1090 2652 καὶ
1113 2625 1213 2657 πένθος
1235 2626 1430 2659 πνευματικὸν,
1458 2625 1572 2660 καρδίαν
1599 2625 1719 2659 πραεῖαν
1743 2625 1835 2656 ἐλέους

1043 2673 1193 2707 γέμουσαν,
1217 2671 1392 2706 δικαιοσύνης
1406 2670 1523 2706 ἐρῶσαν,
1545 2671 1744 2706 καθαριότητος
1761 2673 1835 2698 ἀντι-

1044 2718 1222 2754 ποιουμένην,
1238 2717 1390 2753 εἰρηνικὴν,
1407 2717 1588 2752 εἰρηνοποιδν,
1603 2717 1767 2752 φερέπονίν,
1779 2719 1834 2749 τοῖς

1045 2766 1116 2800 ὑπὲρ
1127 2763 1255 2800 ἀληθείας
1268 2765 1314 2791 καὶ
1325 2762 1498 2796 δικαιοσύνης
1509 2763 1746 2798 ἑνασμενίζουσαν
1756 2764 1834 2797 διωγ-
