1888 3067
120 151 168 183 401

404 209 534 238 ὈΜΙᾹΙᾹ
554 211 615 238 ΛΒ’.

119 267 171 294 Τοῦ
183 268 281 305 nam}?
307 269 403 305 ὁμιλία
415 271 459 302 εἰς
477 270 509 297 τὸ
527 271 603 298 κατὰ
616 271 668 297 τὸν
682 271 907 305 εῡιιγγελιστὴν

149 303 306 340 Maior/tier
320 304 375 337 τῆς
390 304 519 338 ἐννάτης
537 305 687 340 Κυριακῆς
701 303 888 340 Εὐαγγέλιού
898 314 904 320 ·

149 338 184 364 ἐν
202 337 220 372 ᾖ
236 338 287 365 καὶ
305 339 371 373 περὶ
393 337 578 374 πειρασμῶν.

157 395 289 427 Ἰάκωϐος
302 398 316 423 6
328 397 498 432 ἀδελφόοεος,
519 408 529 424 ι
548 399 641 426 Πᾶσαν
677 400 767 434 χαρὰν
796 400 905 434 ἡγήσα-

116 441 173 473 σθε,
184 442 280 475 φησὶν,
293 442 358 469 ὅταν
374 445 540 478 πειρασμοῖς
553 445 722 480 περιπέσητε
734 446 878 476 ποικίλοις.
893 456 902 471 ‹

115 487 170 512 Οὐκ
195 485 275 514 εἶπεν
299 488 404 520 ἁπλῶς,
435 490 565 525 Χαίρετε,
594 491 673 524 ἀλλὰ,
696 492 790 518 Πᾶσιν
817 492 906 527 χαρὰν

115 531 269 565 ἡγήσασθε,
282 533 375 568 φησὶν,
391 533 441 560 οὑκ
455 535 667 570 ἀνεπαισθήτως
685 536 758 571 ἔχειν
774 537 844 572 προς
869 537 904 563 τὰ

113 577 239 605 ἰπὼδννα
253 579 395 613 παραινῶν
407 588 414 596 ’
427 580 508 607 τοῦτο
525 582 579 616 γὰρ
594 582 735 614 ἀδύνατον,
770 583 829 609 ἀλλ’
842 584 904 610 ἑπι-

113 624 297 658 κρατέστερον
311 625 382 661 ἔχειν
396 627 596 661 εἰσηγούμενος
612 627 657 655 τὸν
688 629 834 664 θεάρεστον
859 630 904 656 λοι

112 669 223 702 γεσμόν.
245 670 339 696 Πᾶσαν
367 670 395 696 δὲ
428 669 488 697 εἷπε
507 673 605 706 χαρὰν.
630 673 754 699 τουτέστι
784 674 903 705 τελείαν,

112 712 260 746 μεγίστην,
274 714 416 749 ἀνελλιπῆ,
431 716 478 741 καὶ
494 716 604 749 μάλισθ’
619 718 683 744 ὅταν
709 719 733 744 oi
753 719 905 754 πειρασμοὶ

111 757 263 789 πολυειδεῖς
280 755 347 785 ὦσι·
366 760 454 792 διατίς
472 760 535 787 ’Ότι
548 762 591 789 διὰ
607 763 657 797 τῆς
677 763 732 789 τῶν
743 764 904 800 πειρασμῶν

111 803 255 838 ὑπομονῆς
268 805 476 840 γυμναζόμεοα,
495 808 542 834 καὶ
556 807 739 844 δοκιμώτεροι
770 810 904 845 γινόμεθα

110 849 144 873 τᾶι
159 849 230 883 πρὸς
243 850 289 876 τὸν
309 851 385 878 Θεὸν.
403 852 459 878 Καὶ
470 853 499 879 οὗ
517 853 596 880 τοῦτο
627 855 722 890 μόνον,
753 856 822 883 ἀλλὰ
855 857 902 883 καὶ

110 895 246 930 γνώριμοι
258 897 374 924 τοιοῦτοι
387 898 463 930 ὄντες
473 907 480 914 θ
493 899 564 927 οὕτω
579 901 633 936 γὰρ
647 902 695 929 καὶ
721 903 737 937 ἡ
753 903 800 929 τοῦ
820 904 900 930 Σολο-

110 941 218 973 μῶντος
235 942 317 977 σοφία
334 944 398 978 περὶ
412 945 466 971 τῶν
478 946 563 980 ἁγίων
592 948 674 982 φησίν
686 956 692 963 ·
711 958 721 974 ί
744 949 805 976 Ὀτι
828 950 902 977 ἐπεί-

110 995 195 1021 ρασεν
210 988 314 1020 αὐτοὺς
326 990 340 1015 6
354 990 431 1023 (St-26;,
450 991 497 1018 καὶ
512 988 591 1028 εὗρεν
604 993 705 1026 αὐτοὺς
722 994 815 1027 ἀξίους
838 996 903 1023 ἐαυ-

108 1033 167 1061 τοῦ.
187 1044 198 1060 ι
218 1032 284 1078 Ἆρ’
299 1036 330 1062 οὺ
348 1037 438 1072 πάσης
450 1039 538 1073 χαρᾶς
551 1039 626 1072 ἄξιος
651 1041 743 1073 αὐτοῖς
756 1043 770 1068 6
805 1051 903 1078 πειρα-

110 1081 179 1114 σμὸς
193 1077 271 1112 οὗτος
285 1090 293 1114 ;
312 1083 397 1110 Τοῦτο
413 1085 460 1111 καὶ
472 1086 485 1111 6
497 1085 562 1118 Θεὸς
575 1087 643 1121 πρὸς
652 1087 698 1113 τὴν
719 1087 780 1114 ’1ὼὸ
804 1077 901 1122 είπῶν,

109 1127 270 1162 ἀπήλλαξεν
295 1128 375 1155 αὑτὸν
400 1131 448 1164 τῆς
477 1132 522 1158 ἐπὶ
550 1132 589 1166 τῷ
616 1134 765 1169 πειρασμῷ
793 1135 901 1170 λύπης*

111 1182 120 1196 ι
139 1173 200 1199 Οἴει
220 1182 266 1207 με,
288 1173 486 1214 λέγων,ἀλλω;
503 1186 544 1204 σοι
562 1181 811 1214 κεχρηματικέναι,
829 1180 902 1216 ἣῖνα

109 1219 253 1254 ἀναφανῇς
269 1220 373 1252 δίκαιος
388 1229 395 1253 ;
417 1231 425 1246 ι
444 1222 478 1248 Τί
491 1223 571 1250 τοῦτο
588 1224 676 1258 λέγων
702 1226 772 1261 πρὸς
795 1227 897 1261 αὑτόν;

108 1265 274 1300 ἐχρησάμην
291 1275 343 1299 σοι,
361 1268 514 1302 δοκιμάζων
531 1278 577 1297 σου
589 1271 668 1306 179
680 1272 729 1306 τὴν
742 1274 782 1304 εἰς
795 1273 844 1308 ἐμὲ
857 1273 903 1300 πί-

108 1319 180 1342 στιν,
195 1312 225 1337 ὲν
240 1312 333 1348 εὐεξίᾳ
349 1315 395 1341 καὶ
411 1315 516 1352 εὐδοξίᾳ
533 1317 579 1343 καὶ
588 1318 703 1353 εὐπορίᾳ
712 1319 757 1346 καὶ
766 1319 902 1354 ἀνεφάνης

106 1357 224 1391 δίκαιος,
255 1359 394 1394 χρώμενος
422 1362 513 1394 αὐτοῖς
547 1363 616 1389 κατὰ
643 1365 672 1391 τὺ
691 1365 758 1400 ὲμδν
784 1366 901 1402 θέλημα,

110 1403 158 1429 τοῦ
190 1403 280 1430 ταῦτά
317 1414 357 1432 σοι
386 1408 584 1443 παρασχόντος,
617 1411 664 1437 καὶ
678 1411 716 1443 ὡς
729 1412 810 1443 αὐτῆς
825 1414 902 1440 ἐϐου-

107 1451 206 1487 λᾶμην,
234 1453 321 1481 ταῦτα
348 1455 484 1490 διαφέρων
513 1458 559 1483 καὶ
586 1458 711 1486 διοικῶν·
742 1460 902 1496 ἐχρησάμην

108 1506 160 1530 σοι,
173 1499 331 1534 δοκιμάζων
354 1509 400 1528 σου
428 1502 477 1537 τὴν
500 1503 540 1535 είς
562 1504 610 1539 ἐμὲ
626 1506 728 1539 πίστιν,
744 1507 772 1532 ἐν
788 1508 903 1544 καχεξίᾳ

796 151 960 180 NOMINA
984 151 1105 181 XXX”.

918 211 939 238 Α

917 875 942 905 Β

1693 147 1744 178 4¹2

1215 208 1358 237 ΙΙΟΜΠΛΑ
1376 207 1484 235 XXXII.

960 268 1086 303 Ejusdem
1106 267 1255 303 Itomilinit'n
1278 265 1448 303 Evangelium
1464 263 1609 303 uit/Iccium:
1628 262 1747 303 Domini-

994 312 1031 330 σω
1048 303 1191 330 secundum
1209 301 1386 332 Mattha’um;
1406 301 1433 327 in
1448 308 1500 335 qua
1520 304 1545 326 ει
1565 299 1596 326 de
1622 299 1747 325 tentatio-

994 340 1080 366 nibus.

993 394 1109 421 Iacobus
1127 393 1211 421 frater
1223 393 1328 420 Domini
1348 392 1403 419 ait:
1419 401 1428 417 ι
1445 391 1530 418 Omne
1546 390 1674 426 gaudium
1687 390 1746 416 exi-

957 441 1075 471 stimate,
1098 447 1160 466 cum
1186 440 1212 466 in
1233 439 1400 466 tentationes
1415 438 1505 465 varias
1532 437 1681 464 incideritis
1693 436 1743 463 ⁸³.»

957 486 1015 514 Non
1034 487 1120 514 solum
1143 486 1208 514 dicit
1227 494 1234 512 :
1256 485 1388 516 Gaudete,
1415 484 1463 511 sed
1491 493 1500 509 ι
1519 490 1600 510 omne
1617 483 1745 517 gaudium

956 533 1125 566 existimate;
1145 543 1154 558 ι
1169 540 1222 560 non
1234 532 1383 559 exhortans
1400 538 1449 558 nos
1467 530 1499 557 ad
1510 537 1564 557 non
1575 529 1746 557 sentiendum

957 579 1076 607 dolorem
1092 587 1098 612 ;
1118 579 1170 606 hoc
1183 578 1254 605 enitn
1269 577 1440 612 impossibile
1452 580 1493 603 est
1506 597 1513 608 ,
1529 575 1575 603 sed
1590 575 1748 610 superiores

957 634 1007 654 nos
1029 625 1158 652 exhibere
1179 624 1408 659 iucundissimum
1427 630 1487 649 esse
1510 622 1564 649 Deo
1584 622 1746 656 obsequium

956 672 1114 698 Ostendens.
1133 672 1217 697 Omne
1237 671 1304 697 dixit
1321 669 1464 702 gaudium,
1480 669 1505 696 id
1520 673 1562 695 est
1577 668 1746 703 perfectum,

957 718 1118 750 maximum,
1129 717 1277 749 intinitum,
1292 716 1443 751 praesertim
1458 715 1480 742 si
1496 716 1578 742 variae
1590 715 1646 743 sint
1659 719 1748 742 tenta-

955 765 1055 791 tiones.
1087 764 1201 797 Quare?
1231 763 1301 797 Quia
1330 771 1380 798 per
1414 763 1583 789 tolerantiam
1621 761 1750 789 trntatio-

956 819 1019 838 nutu
1045 818 1206 838 exercemur
1235 814 1262 837 et
1288 809 1375 843 magis
1400 808 1507 843 probati
1535 807 1669 835 efﬁcimur
1684 814 1747 841 erga

956 857 1051 885 Deum.
1064 857 1095 884 Et
1112 861 1240 892 praeterea
1253 856 1337 891 magis
1348 855 1540 890 cognoscimur
1556 854 1582 880 in
1598 852 1748 880 tentatione

954 902 1149 935 versati;dixit
1165 902 1238 928 enim
1249 901 1282 928 de
1299 900 1401 928 sanctis
1413 899 1549 934 sapientia
1564 897 1722 924 Salomonis
1739 906 1746 923 :

957 959 966 975 ι
978 949 1111 982 Quoniam
1128 948 1198 975 Deus
1215 946 1326 974 tentavit
1341 946 1411 979 illos,
1421 950 1448 972 et
1460 944 1635 971 invenitillos
1653 943 1748 977 dignos

953 1003 982 1024 se
996 994 1046 1021 “.i
1060 993 1155 1021 Nonne
1169 1000 1234 1028 ergo
1252 992 1342 1018 omnis
1358 990 1448 1025 gaudii
1462 990 1501 1017 eis
1518 989 1566 1016 fuit
1589 989 1668 1024 digna
1687 988 1748 1015 talis

954 1041 1084 1070 tentatio?
1101 1040 1158 1067 Hoc
1171 1039 1242 1066 idem
1258 1039 1354 1065 dicens
1367 1038 1438 1064 Deus
1452 1036 1484 1063 ad
1499 1035 1551 1063 Job
1564 1043 1628 1063 eum
1645 1035 1748 1062 libera-

954 1087 992 1114 vit
1009 1095 1023 1113 a
1040 1086 1153 1114 tristitia
1170 1092 1203 1112 ex
1222 1083 1375 1111 tentatioue
1397 1087 1468 1109 orta.
1493 1082 1576 1109 Putas
1595 1088 1638 1108 me
1655 1085 1745 1107 tecum

953 1134 1032 1161 aliter
1055 1132 1145 1167 egisse
1168 1138 1250 1166 quam
1278 1134 1307 1157 ut
1329 1126 1512 1163 justiticeris?‘
1533 1127 1604 1161 Quid
1627 1127 1695 1155 dixit
1711 1127 1746 1153 ad

953 1188 1016 1208 eum
1038 1178 1189 1206 Dominus?
1204 1176 1265 1204 Tibi
1282 1175 1373 1211 profui
1389 1175 1579 1206 innotescens,
1595 1173 1747 1201 ostendens

955 1227 1032 1254 [idem
1047 1229 1121 1252 tuam
1137 1223 1165 1250 in
1182 1230 1235 1255 me,
1258 1222 1285 1249 in
1300 1221 1438 1257 prosperis
1450 1221 1542 1254 rebus,
1556 1220 1583 1247 in
1596 1220 1681 1255 gloria
1693 1240 1701 1252 ,
1717 1219 1744 1245 in

955 1273 1062 1300 fortuna
1074 1270 1205 1301 secunda,
1215 1274 1242 1297 et
1250 1267 1498 1303 apparuistijustus
1513 1272 1594 1294 utens
1603 1266 1645 1293 his
1660 1265 1745 1292 rebus

952 1320 1028 1355 juxta
1049 1325 1137 1344 meam
1152 1316 1320 1343 voluntatem
1341 1313 1405 1341 talia
1422 1313 1471 1340 tibi
1495 1313 1692 1340 concedentem
1716 1317 1744 1338 et

954 1363 1330 1402 quandovolui,auferentem
1343 1367 1370 1388 et
1382 1361 1580 1396 dispergentem
1606 1368 1622 1388 a
1645 1359 1744 1387 te.Tibi

954 1411 1044 1447 profui
1062 1410 1209 1438 ostendens
1226 1414 1298 1436 tuam
1313 1407 1441 1435 ﬁduciam
1459 1407 1486 1433 in
1502 1414 1555 1440 me,
1570 1407 1596 1432 in
1609 1406 1744 1439 adversis,

955 1460 980 1487 in
1001 1457 1149 1494 opprobrio
1165 1456 1192 1483 in
1210 1455 1318 1482 fortuna
1335 1453 1417 1486 mala,
1435 1458 1463 1480 et
1478 1453 1629 1488 apparuisti
1652 1453 1745 1488 justus

954 1507 1050 1534 dicens
1067 1511 1074 1533 ε
1094 1514 1102 1530 ι
1121 1503 1149 1531 Si
1168 1503 1238 1530 bona
1252 1502 1426 1536 suscepimus
1442 1500 1475 1528 de
1492 1507 1574 1527 manu
1592 1500 1637 1527 Dei
1649 1520 1656 1531 ,
1673 1499 1744 1527 mala

108 1545 156 1570 καὶ
184 1546 291 1581 ἀδοξίᾳ,
318 1548 366 1573 καὶ
392 1548 503 1584 ἀπορίᾳ,
536 1551 584 1577 καὶ
607 1552 745 1587 ἀνεφάνης
775 1555 899 1589 δίκαιοις,

981 1560 1040 1580 tare
1055 1559 1108 1579 non
1123 1549 1308 1584 suscipiamus
1324 1548 1368 1576 "?
1386 1557 1395 1573 ι

107 1591 196 1625 λέγων
212 1601 218 1608 ·
237 1602 247 1618 ι
270 1593 300 1620 Εἰ
315 1594 349 1621 τὰ
368 1595 457 1629 ἀγαθὰ
486 1596 633 1633 ἐδεξάμεθα
648 1599 679 1626 ἐκ
690 1601 778 1636 χειρὸς
793 1602 908 1637 Κυρίου,
923 1602 958 1629 τὰ
986 1600 1059 1627 κακὰ
1070 1600 1119 1634 οὐχ
1142 1597 1307 1631 ὕποίσομενὲ
1327 1604 1336 1622 ³

145 1639 233 1666 Πόθεν
245 1639 293 1666 οὖν
309 1641 325 1674 ἡ
341 1643 368 1667 ἐν
388 1643 445 1673 τοῖς
477 1646 642 1679 πειρασμοῖς
671 1646 793 1682 ὑπομονή
810 1656 817 1680 ;
845 1648 900 1675 ἀπὸ

107 1685 153 1712 τοῦ
169 1686 285 1720 δοκίμου
306 1687 355 1721 τῆς
368 1689 406 1718 εἱς
426 1689 493 1715 Θεὸν
511 1690 644 1722 πίστεως·
676 1691 746 1719 ὥστε
776 1694 899 1729 δοκίμιόν

106 1733 160 1759 είσι
178 1733 234 1759 τῶν
246 1735 349 1760 πιστῶν
363 1735 388 1760 οἱ
405 1736 565 1770 πειρασμοί.
581 1738 682 1773 Διόπερ
703 1740 716 1765 6
731 1739 778 1766 τοῦ
794 1741 897 1776 Κυρίου

106 1779 224 1814 ἁδελφὸς
243 1779 368 1812 Ἰάκωϐος
392 1781 497 1817 χαίρειν
518 1783 583 1818 ἡμῖν
604 1785 802 1819 παραγγείλας,
834 1787 899 1814 ὅταν

108 1828 276 1862 πειρασμοῖς
291 1828 496 1864 περιπέσωμεν,
512 1830 653 1866 ἐπήγαγεν
666 1831 706 1858 ὅτι
717 1840 724 1848 ·
748 1841 757 1858 ι
775 1833 812 1860 Τὸ
825 1834 898 1861 δοκί-

109 1883 172 1907 μιον
187 1874 267 1906 ὑμῶν
283 1875 331 1909 τῆς
348 1875 466 1907 πίστεως
490 1877 689 1912 κατεργάζεται
702 1879 843 1914 ὑπομονήν
856 1887 863 1895 ·
880 1881 896 1915 ἡ

106 1920 134 1946 δὲ
148 1921 287 1955 ὑπομονὴ,
303 1921 396 1956 φησὶν,
413 1922 493 1957 ἔργον
511 1923 612 1950 τέλειον
634 1925 731 1960 ἐχέτω.
749 1935 759 1951 ι
794 1926 895 1960 Μηδὲν,

106 1968 185 2002 φησὶ,
199 1967 254 1994 τῶν
269 1967 358 2002 ἔργων
375 1976 414 1995 σοι
429 1968 478 2003 τῆς
497 1969 598 2004 ἀρετῆς
624 1970 790 2006 κολοὸώσῃς,
818 1972 896 1998 ἐπεν-

106 2012 243 2046 εχθέντων
268 2013 323 2038 τῶν
339 2013 501 2048 πειρασμῶν
523 2014 712 2048 μαλακισοεὶς,
731 2016 799 2043 ἀλλὰ
829 2017 897 2052 μετὰ

106 2059 156 2092 τῆς
174 2058 317 2093 ὑπομονῆς
340 2060 420 2094 καὶὴ
443 2061 581 2094 τελειότης
609 2062 750 2097 προσέστω
776 2071 818 2089 σοι
847 2063 896 2096 τῆς,

106 2106 218 2140 ἀρετῆς.
238 2105 313 2132 Ἐπεὶ
327 2105 356 2132 δὲ
374 2107 420 2132 καὶ
437 2107 479 2133 διὰ
496 2107 550 2133 τῶν
564 2108 699 2134 ἀκουσίων
716 2109 796 2143 μόνον
810 2110 840 2136 οὐ
855 2119 898 2136 τε-

105 2149 226 2177 λειοῦται
241 2152 255 2177 6
272 2150 426 2186 ἄνθρωπος,
455 2151 523 2178 ἀλλὰ
551 2152 603 2187 χρὴ
621 2154 762 2187 προσεῖναι
786 2153 833 2179 καὶ
863 2154 897 2180 τὰ

105 2197 231 2228 ἑκούσια,
250 2197 322 2232 ἅπερ
338 2197 395 2223 ἐστὶ
409 2197 582 2232 σωφροςύνη,
599 2197 767 2232 δικαιοσύνη,
785 2199 853 2233 πρὸς
867 2207 895 2225 τε

104 2245 150 2270 τὸν
163 2243 232 2270 Θεὸν
244 2243 292 2269 καὶ
308 2243 375 2277 πρὸς
387 2243 518 2278 ἀλλήλους
530 2244 636 2278 ἀγάπη,
650 2244 697 2270 καὶ
722 2245 756 2271 τὰ
774 2245 897 2279 ἑπόμενα

105 2289 192 2325 ταύτῃ
207 2298 213 2304 ·
230 2289 291 2316 ἐπεὶ
304 2289 351 2315 καὶ
365 2288 468 2315 τούτων
486 2290 550 2323 ἡμῖν
578 2290 656 2324 χρεία
676 2289 743 2324 πρὸς
773 2290 823 2325 τὴν
851 2299 896 2316 τε-

106 2336 214 2362 λείωσιν
224 2343 232 2351 ·
244 2334 379 2366 διὰξτοῦτο
393 2334 556 2369 προστίθησι
572 2335 641 2370 πρὸς
655 2335 727 2369 ἡμᾶς
752 2335 867 2370 γράφων
883 2337 897 2362 6

106 2383 177 2414 θεῖος
191 2381 341 2412 ἀπόστολος
359 2377 435 2413 οὗτος
453 2389 462 2397 '
475 2390 484 2407 ι
508 2382 540 2408 Ἠ
553 2382 580 2408 δὲ
604 2382 726 2417 ὑπομονὴ
750 2383 831 2417 ἔργον
854 2382 898 2409 τέ-

105 2429 176 2456 λειον
191 2429 289 2464 ἐχέτω,
307 2427 350 2454 ἵνα
364 2425 412 2463 ἦτε
428 2428 526 2455 τέλειοι
551 2429 598 2455 καὶ
615 2428 768 2463 ὁλόκληροι,
790 2429 818 2454 ἐν
842 2438 897 2465 μη-

105 2476 160 2502 δενὶ
174 2475 335 2509 λειπόμενοι
353 2483 360 2489 θ
379 2485 390 2501 ι
408 2475 487 2502 τοῦτο
503 2475 590 2510 λέγων
603 2475 744 2511 ἄντικρυς,
762 2476 799 2507 ὡς
816 2476 896 2510 εἴπερ

107 2520 237 2556 βούλεσθε
266 2521 316 2556 τὴν
341 2520 410 2554 πρὸς
437 2520 503 2547 Θεὸν
519 2521 596 2556 ὑμῶν
613 2521 704 2548 πίστιν
718 2521 824 2548 τελείαν
853 2522 896 2547 ὲν-

105 2567 278 2600 δείκνυσθαι,
292 2567 329 2603 μὴ
347 2567 427 2601 μόνον
439 2567 589 2602 πάσχοντες
602 2567 702 2600 ἔξωθεν
722 2568 818 2603 φέρετε
834 2576 896 2601 γεν-

108 2615 202 2647 ναίως,
216 2614 288 2641 ἀλλὰ
313 2615 359 2640 καὶ
373 2613 450 2641 αὐτοὶ
472 2614 539 2649 παρ’
563 2615 667 2641 ἑαυτῶν
695 2616 728 2642 τὰ
763 2614 898 2650 θεάρεστα

107 2662 259 2696 ἑνεργεῖτε,
294 2659 346 2686 κᾶν
371 2659 545 2696 ἐπίπονα·
575 2660 736 2687 συνελθόντα
756 2661 810 2696 γὰρ
839 2669 888 2696 μετ

106 2706 230 2740 ἀλλήλων
257 2705 358 2740 πρᾶξις
387 2707 433 2732 καὶ
464 2706 550 2737 πάθος
573 2707 617 2733 ὲπ¹
642 2707 747 2742 ἀγαθῷ,
763 2707 808 2734 τὸν
826 2707 898 2734 κατὰ

107 2752 175 2777 ιιεὸτ
186 2750 340 2778 τελειοῦσιν
354 2751 508 2786 ἄνθρωπον.
535 2752 596 2783 Πῶς
612 2752 640 2779 δὲ
666 2752 717 2778 οὐκ
738 2750 825 2784 εἶπεν,
855 2753 896 2779 ὅτι

107 2797 222 2833 Χιίρετε
239 2797 305 2823 ὅταν
331 2797 460 2832 ὲνεργῆτε
490 2797 539 2832 την
559 2798 669 2833 ἀρετὴν,
694 2798 752 2824 di)!
775 2787 838 2825 εἶτα)
868 2800 895 2824 ἐν

602 2884 622 2897 *⁵
639 2883 698 2911 Joh.
719 2893 735 2911 ll
767 2885 804 2910 l0.

137 2885 159 2901 ”
175 2884 234 2913 Jac.
256 2893 274 2911 ι.
288 2883 315 2910 Ξ.
361 2884 381 2899 ⁵⁸
400 2883 463 2920 Sap.
481 2893 522 2917 ut,
536 2886 560 2911 5.

989 1646 1065 1674 Unde
1081 1653 1147 1680 ergo
1167 1645 1193 1671 in
1220 1643 1420 1670 tentationihus
1433 1642 1587 1677 patientia?
1600 1643 1637 1670 Ex
1653 1642 1744 1670 matti-

950 1691 1100 1720 festatione
1117 1690 1178 1717 ﬁdei
1195 1689 1222 1716 in
1236 1688 1333 1721 Deum,
1348 1689 1384 1715 ita
1402 1693 1466 1715 sunt
1482 1688 1608 1723 probatio
1623 1688 1742 1715 fidelium

950 1737 1125 1765 tentatioues.
1142 1736 1206 1763 Ideo
1219 1743 1282 1762 cum
1300 1735 1386 1762 frater
1414 1733 1522 1762 Domini
1548 1734 1666 1762 Iacobus
1692 1743 1743 1762 nos

950 1785 1074 1812 hortatus
1087 1786 1158 1810 esset
1174 1783 1206 1809 ad
1221 1781 1362 1816 gaudium,
1375 1788 1436 1808 cum
1451 1782 1476 1808 in
1492 1781 1656 1808 tcntationcs
1675 1782 1744 1808 intri-

951 1830 1080 1861 derimus,
1099 1827 1204 1856 addidit
1220 1835 1228 1853 :
1251 1836 1260 1852 ι
1278 1827 1406 1854 Probatio
1423 1827 1484 1854 fidei
1512 1833 1610 1854 vestrm
1639 1828 1744 1862 patien-

951 1877 1016 1904 tiam
1043 1880 1192 1910 operatur;
1217 1873 1348 1909 patientia
1375 1878 1467 1900 atttcm
1496 1881 1565 1908 opus
1590 1878 1740 1908 pertectunt

950 1922 1041 1950 habet.
1057 1919 1149 1953 tNon,
1164 1919 1263 1954 inquit,
1277 1926 1359 1953 opera
1371 1919 1480 1945 virtutis
1497 1919 1613 1945 inﬁrmat
1625 1919 1680 1946 sint
1692 1921 1741 1947 tibi

949 1969 1021 1996 male
1045 1967 1143 1995 ferenti
1171 1966 1204 1994 ad
1232 1971 1256 1993 te
1285 1965 1382 1992 missas
1403 1965 1578 1998 tt-ntationes,
1607 1966 1653 1993 sed
1678 1974 1739 1994 cum

947 2016 1077 2052 patientia
1091 2015 1162 2043 adsit
1180 2015 1230 2042 tibi
1245 2015 1356 2041 virtutis
1376 2014 1589 2041 consummatio.
1607 2014 1674 2047 Quia
1695 2015 1741 2041 lto-

947 2072 992 2091 tno
1007 2071 1054 2098 per
1072 2062 1253 2089 involuntaria
1271 2070 1324 2089 non
1341 2061 1492 2096 perficitur,
1508 2061 1555 2088 sed
1585 2061 1740 2087 necessario

946 2110 979 2136 ad
996 2108 1150 2135 voluntaria
1167 2108 1308 2135 ducendus
1322 2113 1373 2141 est,
1392 2115 1451 2142 qua:
1467 2112 1531 2134 sunt
1548 2107 1653 2143 justttia
1669 2128 1676 2139 ,
1694 2115 1741 2134 sa-

948 2155 1057 2190 pientia,
1074 2154 1100 2180 in
1114 2153 1199 2180 Deum
1215 2158 1242 2180 et
1263 2154 1289 2180 in
1314 2154 1467 2188 proximum
1484 2154 1616 2186 Charitas,
1634 2159 1662 2180 et
1678 2162 1738 2188 qua:

948 2201 1019 2228 hanc
1034 2199 1210 2232 comitantur,
1231 2200 1294 2233 quia
1310 2200 1352 2227 bis
1366 2199 1520 2234 indigemus
1537 2201 1569 2227 ad
1588 2200 1739 2234 perfectius

951 2256 1027 2280 nem;
1042 2247 1102 2274 ideo
1114 2246 1146 2273 ad
1158 2254 1207 2274 nos
1222 2246 1345 2274 scribens
1359 2247 1468 2274 divinus
1485 2247 1560 2274 addit
1575 2247 1736 2282 Apostolus:

953 2303 962 2320 ι
986 2294 1116 2321 Patientia
1130 2298 1220 2320 autem
1241 2300 1311 2327 opus
1337 2293 1484 2327 perfectum
1506 2294 1615 2326 habeat,
1633 2298 1662 2320 ttt
1679 2294 1739 2321 sitis

950 2339 1063 2374 perfecti
1078 2343 1105 2366 et
1119 2339 1228 2373 integri.
1241 2339 1266 2364 in
1282 2338 1357 2364 nullo
1371 2338 1556 2372 deficientes,-
1574 2340 1625 2367 ltoc
1636 2340 1737 2368 directe

951 2386 1096 2412 ostendens
1108 2384 1181 2418 quod
1192 2385 1214 2411 si
1227 2383 1308 2410 fidem
1323 2388 1439 2411 vestram
1457 2385 1482 2410 in
1496 2384 1580 2411 Deum
1593 2386 1738 2413 ostendero

952 2431 1038 2459 velitis
1054 2431 1202 2466 perfectam
1218 2451 1224 2462 .
1244 2439 1296 2458 non
1312 2430 1436 2458 sufficere
1454 2431 1475 2458 si
1499 2431 1607 2458 fortiter
1623 2438 1737 2459 externo

950 2477 1026 2504 vobis
1042 2477 1216 2503 adversantia
1232 2475 1381 2508 suil‘eratis,
1405 2475 1452 2503 seti
1478 2482 1605 2511 oportere
1627 2482 1657 2504 ut
1686 2478 1736 2512 ipsi

950 2522 1028 2549 vobis
1045 2529 1128 2557 opera
1145 2521 1199 2550 Deo
1222 2527 1299 2557 grala
1325 2521 1481 2556 imponatis,
1507 2523 1558 2549 etsi
1575 2523 1735 2557 gravissima

949 2568 1021 2601 sint;
1038 2567 1164 2603 operatio
1180 2568 1264 2596 simul
1279 2574 1304 2596 et
1318 2568 1408 2604 passio
1427 2568 1454 2595 in
1471 2568 1572 2595 bonum
1591 2577 1654 2595 cutn
1676 2563 1744 2597 aliis

947 2615 1048 2650 juncta:
1076 2614 1215 2641 hominem
1238 2614 1387 2649 perfectum
1409 2614 1559 2641 secundum
1585 2614 1669 2641 Deum
1697 2615 1736 2642 fa-

949 2663 1035 2689 ciunt.
1051 2661 1106 2689 Cur
1121 2669 1187 2696 ergo
1203 2669 1257 2688 non
1274 2662 1343 2688 dixit
1358 2662 1525 2696 Apostolus:
1539 2661 1660 2689 Gaudete
1674 2671 1734 2689 cum

949 2708 1050 2736 bonum
1067 2708 1217 2744 operamini
1229 2709 1274 2736 sed
1285 2717 1362 2735 (cum
1375 2709 1402 2735 in
1419 2708 1614 2736 tentationibus
1630 2709 1698 2736 estis
1707 2709 1730 2736 ζ’»

949 2755 1018 2788 Quia
1031 2755 1159 2782 virtutem
1175 2755 1279 2790 operari
1298 2764 1330 2783 ex
1347 2756 1426 2783 nobis
1442 2757 1540 2790 pendet
1555 2761 1582 2784 et
1597 2757 1622 2784 in
1642 2761 1736 2783 nostra

950 2807 1084 2836 potestate
1104 2801 1184 2829 situm
1203 2805 1254 2834 est;
1274 2801 1300 2828 in
1325 2801 1489 2829 tentationes
1508 2808 1597 2829 allll'lll
1617 2802 1736 2829 incidere
