1882 3070
210 89 262 122 443

819 95 1014 126 GREGORII
1034 97 1107 127 PAL
1117 98 1200 128 ‘lMA!

1782 109 1832 140 44$

211 155 284 174 cuum
298 151 350 178 est.
366 148 535 177 inaccessum
547 157 608 178 esse
619 151 688 178 sacri
710 151 826 187 theologi
845 157 993 181 testantur.

1070 154 1133 187 ἱγων
1152 153 1222 183 εἶναι
1239 159 1423 192 μαρτυρεῖται
1435 167 1441 175 ·
1459 161 1584 197 Σήμερον
1597 161 1662 196 γὰρ,
1686 163 1764 196 φησι,
1778 152 1832 198 ipe;-

211 191 299 220 Hodle
312 200 439 229 namque,
448 195 538 228 aiunt,
551 196 620 224 lucis
639 197 786 225 inaccessa:
798 199 931 233 abyssus;
944 199 994 226 ho~

214 237 260 264 die
289 238 374 265 divini
401 238 517 274 fulgoris
556 240 809 276 incircumscriptus
837 243 929 271 radius
965 245 994 271 in

212 281 323 310 Thabor
341 289 432 311 monte
447 285 579 319 apostolis
604 285 778 321 splendescit.
799 287 911 322 Magnus
928 296 997 323 quo-

211 335 264 362 que
280 328 436 363 Dionysius,
453 337 514 357 cum
529 331 674 366 caliginem
698 332 790 360 lumen
823 335 994 362 inaccessum

210 379 270 399 esse
280 372 405 407 dixisset,
419 374 447 401 in
462 382 517 409 quo
531 375 601 404 Deus
613 376 767 405 inhabitare
785 378 888 406 dicitur
901 388 908 406 :
927 389 937 405 ‹
964 380 994 407 In

211 417 291 449 hanc,
313 419 412 453 inquit.
430 420 513 452 subit,
526 422 652 456 quisquis
670 422 755 450 Deum
767 424 837 452 scire
855 432 887 452 ac
901 424 996 453 videre

211 468 340 490 mori-tur.
364 474 373 489 ι

247 507 331 542 Igitur
348 511 442 538 eadem
465 512 591 546 luxerat,
620 522 700 549 quam
727 516 803 550 prius
832 517 949 552 apostoli
979 525 995 546 e

211 554 287 580 vultu
321 555 425 583 Domini
456 558 585 586 videbant
614 561 743 595 emicare,
773 567 799 590 et
815 571 876 599 quae
900 569 993 599 postea

212 599 394 627 obumbrabat
408 603 494 631 nubes
510 605 609 632 lucida.
628 607 681 633 Sed
694 612 758 635 tunc
770 609 877 643 quidem
889 611 995 638 tenuio-

215 645 238 671 ri
253 645 329 672 radio
343 647 434 675 videre
445 650 604 684 pra-.bebat;
625 651 704 687 longe
721 661 785 681 vero
809 660 904 689 postea
926 656 994 683 cla-

213 691 285 717 riore
300 693 404 720 micans
416 695 523 728 jubare,
547 698 694 726 invisibilis
710 700 749 726 eis
766 705 824 727 erat
848 701 882 728 ob
905 702 993 728 excel-

211 737 310 764 lentem
331 739 529 774 limpiditatem,
544 748 624 778 atque
648 745 673 771 in
687 753 747 772 eum
769 747 878 774 modum
895 748 993 775 divinus

212 784 475 818 percnnisquelucis
490 787 601 820 fontem,
631 790 722 817 Solem
751 789 866 825 justiti-s3
892 794 994 820 obtun-

195 828 297 869 ~bravi_t
311 830 463 861 Christum.
481 832 546 860 Nam
563 834 589 861 in
612 835 670 869 ipso
688 837 738 863 hoc
750 843 910 865 cunctorum
926 846 994 865 oeu-

214 873 245 900 lis
268 864 392 908 ι’ἶινοείιο
419 878 486 910 sole,
502 880 596 907 eadem
619 881 664 908 lux
680 887 736 909 tum
770 883 859 911 vi-Jere
886 889 996 919 praestat

212 919 301 946 aﬂ‘uso
318 923 394 948 radio
407 943 414 954 ,
429 928 484 950 tum
506 932 600 953 rursus
612 927 696 954 visum
729 929 834 961 adimit,
855 938 917 957 cum
935 931 996 965 quis

212 965 306 991 oculos
320 966 345 991 in
359 974 420 993 eum
437 968 526 1002 ipsum
547 971 705 1000 intenderit.
722 973 793 1000 Solis
817 976 888 1002 enim
904 976 996 1010 splen-

211 1009 261 1036 dor
274 1011 361 1044 major
380 1017 420 1039 est
439 1022 519 1048 quam
538 1024 586 1050 pro
601 1024 756 1045 nostrorum
781 1020 916 1047 luminum
929 1026 997 1047 tem-

213 1056 350 1088 peratione
367 1065 373 1083 :
390 1065 483 1086 verum
495 1060 535 1087 sol
560 1062 670 1095 quidem
686 1064 834 1096 sensibilis,
847 1065 884 1091 uti
901 1070 996 1093 nactus

210 1107 261 1134 εει,
281 1110 333 1128 non
352 1107 379 1128 ut
396 1105 515 1137 adhibet,
532 1106 614 1140 lucet,
644 1116 675 1135 ac
699 1117 732 1136 ne
752 1106 852 1144 quibus
865 1111 995 1139 duntaxat

212 1147 292 1178 velit;
320 1147 365 1175 Sol
381 1145 471 1177 autém
487 1152 610 1179 veritatis
632 1154 787 1188 acjustitizc
803 1156 938 1188 Christus,
949 1158 995 1189 qui

212 1194 310 1220 nedum
326 1199 422 1222 natura
453 1198 626 1233 naturalique
654 1200 798 1234 splendore
817 1207 843 1228 et
861 1202 993 1234 claritate.

212 1245 304 1266 verum
323 1241 404 1267 etiam
423 1244 595 1271 convcnienti
625 1246 765 1272 voluntate
797 1248 929 1280 praeditus
947 1248 994 1280 sit,

211 1286 312 1318 quibus
324 1286 456 1314 duntaxat
480 1290 559 1322 velit,
577 1296 604 1317 et
633 1296 764 1325 quantum
796 1293 858 1319 velit
885 1295 995 1326 pmvide

212 1338 244 1357 ac
257 1331 401 1359 salubriter
417 1341 472 1360 sum
485 1334 553 1362 lucis
565 1336 654 1363 radios
669 1337 795 1364 atl‘undit.
810 1337 994 1370 Quamobrem

213 1377 344 1404 arbitratu
362 1386 411 1405 suo
429 1380 494 1407 solis
511 1381 536 1407 in
567 1389 670 1409 morem
689 1385 824 1417 apparuit,
864 1385 995 1420 visusque

211 1427 252 1449 cst
267 1425 452 1457 apostolorum
476 1427 584 1460 oculis;
605 1427 686 1463 idque
703 1431 770 1457 adeo
801 1431 872 1458 haud
900 1432 994 1466 procul

1045 199 1092 229 τὸς
1107 200 1257 237 ἀπροσίτου
1270 202 1389 236 ἀσυσσος
1401 213 1409 220 ·
1424 206 1545 242 σήμερον
1555 207 1654 242 αῖγλης
1669 209 1745 240 θείας
1757 210 1832 244 χύσις

1046 245 1241 283 ἀπεριόριστος
1256 250 1284 276 ὲν
1298 249 1397 285 Θαὸὼρ
1417 252 1456 287 τῷ
1471 253 1529 288 δρει
1546 255 1603 285 τοῖς
1616 255 1768 287 ἀποστόλος
1784 256 1831 282 αὒ-

1047 292 1173 326 γάζεται.
1191 295 1247 321 Καὶ
1267 296 1281 321 ὁ
1300 296 1386 330 μέγας
1398 298 1536 329 Διονύσιος
1548 300 1648 334 γνόφον
1665 301 1750 327 εῑπὼν
1764 300 1830 328 εἶναι

1048 339 1078 365 τὺ
1094 340 1241 375 ἀπρόσιτον
1263 342 1331 376 φῶς,
1347 344 1375 369 ὲν
1390 341 1412 378 ᾧ
1431 348 1569 372 κατοικεῖν
1585 348 1599 373 ὁ
1619 348 1686 378 Θεὸς
1711 349 1829 382 λέγεται,

1048 381 1077 407 ὲν
1096 382 1196 418 τούτῳ,
1211 385 1288 420 φησὶ,
1300 386 1405 420 γίνεται
1417 389 1471 420 πᾶς
1482 390 1496 416 ὁ
1511 390 1577 416 Θεὸν
1592 392 1693 424 γνῶναι
1710 381 1757 419 καῖ
1769 393 1831 420 ίδεῖν

1048 426 1219 463 ἀξιούμενος.

1085 514 1190 542 οὐκοῦν
1205 517 1236 543 τὸ
1255 517 1322 544 αὐτὸ
1336 519 1394 553 φῶς
1413 518 1457 555 ἦν,
1476 522 1490 548 ὃ
1504 530 1532 548 τε
1556 523 1690 558 πρότερον
1713 525 1767 551 ἀπὸ
1785 526 1830 551 τοῦ

1049 560 1196 594 προσώπου
1214 561 1260 588 τοῦ
1277 563 1377 598 Κυρίου
1394 565 1502 600 λάμπον
1523 567 1617 602 ἐώρων
1632 570 1654 595 oi
1675 570 1830 602 ἀπόστολοι,

1049 605 1098 631 καὶ
1119 607 1135 641 ἠ
1159 607 1343 636 ὲπισκιάσασα
1370 613 1489 647 φωτεινὴ
1514 614 1610 649 νεφέλη
1640 615 1711 649 μετὰ
1735 616 1830 644 ταῦτα.

1055 650 1136 677 Ἀλλὰ
1152 652 1211 678 τότε
1231 654 1282 687 μὲν
1299 655 1485 692 ἀμυδρότερον
1505 659 1658 694 έπιλάμττον
1675 663 1790 696 παρεῖχε
1804 662 1832 688 τὸ

1049 696 1129 730 ὀρᾷν·
1159 698 1276 732 ἑκφανὲν
1300 700 1329 726 δὲ
1356 701 1445 736 πολλῷ
1470 704 1550 730 πλέον
1569 704 1691 739 ὕστερον,
1717 708 1833 741 ἀόρατον

1048 741 1138 772 αὐτοῖς
1152 743 1259 778 ὑπῆρχε
1275 745 1308 771 δι’
1324 746 1513 782 ὑπερέχουσαν
1527 751 1677 785 τρανότητα,
1701 754 1748 779 καὶ
1763 753 1833 780 οὕτω

1049 787 1099 822 τὴν
1113 787 1161 814 τοῦ
1181 789 1254 815 θείου
1271 791 1316 817 καὶ
1334 792 1445 819 ἁεννάου
1461 796 1549 828 φωτὸς
1571 797 1672 831 πηγὴν,
1695 798 1743 824 τὸν
1759 799 1834 833 ἣλιον

1048 832 1097 866 τῆς
1120 832 1294 870 δικαιοσύνης
1312 837 1457 864 ὲπεσκίασε
1483 840 1610 874 Χριστόν.
1635 842 1712 869 Ἐπεὶ
1728 832 1780 870 κάν
1798 846 1834 879 τῷ

1048 878 1170 914 αἰσθητῷ
1188 880 1256 915 ήλίῳ
1271 882 1300 908 τὸ
1315 883 1381 909 αὐτὸ
1397 885 1453 917 φῶς
1468 886 1515 912 καὶ
1531 887 1560 912 τὸ
1580 889 1646 922 ὀρᾷν
1663 890 1779 924 παρέχει
1793 878 1835 917 δεῖ(

1046 924 1096 957 τῆς
1113 923 1232 957 ἀκτῖνος,
1259 926 1306 952 καὶ
1333 927 1491 963 ἀφαιρεῖται
1519 931 1601 957 πάλιν
1618 932 1648 959 τὸ
1665 923 1753 968 ὁρᾷν,
1771 935 1835 961 ὅταν

1047 968 1116 1002 πρὸς
1135 969 1218 996 αὑτὸν
1237 970 1339 996 ἐκεῖνον
1357 971 1398 1008 ἴδῃ
1417 981 1457 1004 τις
1471 981 1478 988 ·
1503 974 1574 1010 ὑπὲρ
1592 976 1645 1011 γὰρ
1661 979 1711 1012 τὴν
1728 988 1834 1014 συμμε-

1046 1012 1126 1047 τρὲαν
1143 1013 1195 1040 τῶν
1213 1015 1356 1049 ἡμετέρων
1372 1017 1520 1052 ὀφθαλμῶν
1542 1020 1615 1047 ἐστιν
1635 1023 1650 1055 ἡ
1670 1024 1733 1049 κατ’
1754 1012 1835 1052 iam

1046 1057 1213 1094 λαμπρότης.
1232 1061 1302 1087 Ἀλλ’
1314 1063 1327 1088 ὁ
1344 1062 1393 1097 μὲν
1408 1064 1537 1099 αἰσθητὸς
1550 1066 1635 1100 ἥλιος,
1649 1069 1686 1098 ὡς
1702 1071 1834 1104 πέφυκεν,

1047 1104 1105 1129 ᾱιλλ⁹
1118 1105 1166 1139 οὐχ
1191 1106 1228 1136 ὡς
1245 1106 1317 1133 θέλει
1344 1109 1485 1143 φαίνεται,
1504 1112 1558 1138 οὐδ’
1577 1110 1617 1142 οἷς
1636 1114 1668 1140 ἂν
1684 1116 1764 1151 ἐθέλῃ
1790 1119 1837 1151 μό-

1047 1158 1119 1181 νοις“
1132 1151 1146 1177 ὁ
1165 1151 1192 1177 δὲ
1210 1152 1258 1186 τῆς
1275 1153 1403 1188 ἀληθείας
1420 1157 1467 1182 καὶ
1490 1158 1539 1192 τῆς
1563 1157 1736 1195 δικαιοσύνης
1761 1163 1835 1196 ἣλιος

1046 1196 1175 1231 Χριστὸς,
1202 1198 1233 1224 οὐ
1259 1199 1340 1233 φύσιν
1359 1200 1439 1234 μόνον
1466 1201 1534 1238 ἔχων
1558 1205 1604 1230 καὶ
1629 1208 1748 1241 φυσικὴν
1765 1208 1838 1243 λαμ-

1047 1241 1170 1276 πρότητα
1191 1244 1237 1270 καὶ
1258 1244 1346 1277 δόξαν,
1366 1246 1433 1273 ἀλλὰ
1451 1249 1498 1274 καὶ
1522 1249 1631 1285 θέλησιν
1654 1241 1835 1288 κατάλληλον,

1046 1283 1086 1317 οἷς
1104 1287 1136 1313 ἂν
1151 1288 1228 1324 ἐθέλῃ
1256 1290 1358 1323 μόνοις,
1374 1294 1420 1319 καὶ
1435 1293 1477 1327 ἐφ’
1493 1295 1555 1321 ὅσον
1579 1283 1654 1332 θέλῃ,
1681 1283 1838 1334 προμηθῶς

1046 1332 1093 1358 καὶ
1110 1334 1251 1368 σωτηρίως
1278 1336 1439 1371 ἐπιλάμπει.
1468 1341 1517 1366 Διὶ
1543 1342 1622 1369 τοῦτο
1649 1345 1767 1380 θελήσας
1797 1348 1836 1379 ὼς

1045 1377 1120 1411 ἥλιος
1147 1379 1340 1413 ὲπέφανε,καὶ
1370 1384 1475 1418 ἑωρᾶτο
1506 1385 1569 1419 ’τοῖς
1603 1390 1658 1416 τῶν
1677 1377 1837 1420 ἀποστόλων

1046 1422 1210 1459 ὀφθαλμοῖς,
1220 1427 1267 1453 καὶ
1279 1428 1365 1455 ταῦτα
1383 1430 1432 1456 οὐκ
1443 1432 1474 1457 ὲκ
1492 1432 1590 1460 πολλοῦ
1612 1436 1658 1461 τοῦ
1681 1437 1838 1473 διαστήμα-

214 1467 367 1502 minorique
379 1469 506 1498 distantia
523 1480 529 1504 ;
547 1472 644 1500 deinde
671 1474 839 1508 splendidius
854 1477 988 1511 emicans,

1070 1476 1093 1499 ›ς
1107 1476 1114 1484 ·
1132 1467 1194 1497 εἶτα
1218 1472 1435 1509 τηλαυγέστερος
1457 1477 1567 1511 λάμψας
1593 1479 1630 1510 ὡς
1655 1467 1838 1516 ἠθέλησέ-δι*

213 1516 242 1538 ιιι
256 1512 351 1546 voluit,
364 1515 398 1541 ob
423 1515 599 1544 excellentem
632 1519 782 1547 claritatem
809 1522 992 1556 apostolorum

211 1559 298 1586 oculis
314 1559 459 1587 invisibilis
483 1561 544 1594 fuit,
558 1564 605 1598 qui
618 1564 645 1591 in
674 1567 774 1593 nubetn
803 1566 921 1595 lucidam
951 1569 994 1596 in-

210 1612 319 1639 gressns
333 1607 376 1632 sit.
394 1606 459 1640 Sed,
479 1613 540 1641 eet
559 1617 611 1637 vox
641 1612 674 1638 de
701 1613 772 1640 nube
783 1614 852 1641 facta
866 1619 907 1642 est
921 1623 929 1642 :
944 1615 993 1643 Hic

211 1655 252 1676 cst
271 1650 356 1678 Filius
371 1652 488 1680 dilectus
507 1662 593 1688 meus,
611 1655 639 1682 in
650 1664 703 1691 quo
715 1659 780 1685 mihi
793 1659 860 1687 bene
874 1662 994 1695 compla-

211 1696 272 1729 cui;
289 1697 376 1731 ipstnn
393 1699 484 1727 audite
500 1700 533 1727 ".
558 1710 568 1726 ι
586 1701 614 1728 In
630 1701 752 1732 Iordane
771 1705 881 1739 quidem
901 1705 994 1734 Domi-

213 1749 248 1769 no
272 1743 416 1777 baptizato,
446 1745 532 1780 aperti
561 1752 626 1776 sunt
660 1750 734 1782 caeli,
765 1751 913 1788 eademque
942 1760 994 1781 vox

213 1787 282 1815 facta
298 1793 340 1816 est
356 1789 399 1822 “;
424 1798 457 1818 ex
491 1792 538 1820 illa
559 1793 640 1828 plane
670 1796 825 1830 majestate,
855 1787 936 1832 quam
967 1804 994 1827 et

211 1839 304 1867 pestea
324 1834 478 1871 Stephanus
497 1838 532 1871 ",
548 1841 648 1874 apertis
665 1841 692 1868 ei
706 1843 795 1875 caelis,
830 1852 893 1872 cum
922 1850 996 1873 esset

212 1880 307 1913 plenus
330 1880 432 1915 Spiritu
467 1889 572 1917 sancto,
598 1885 744 1915 intendens
774 1889 869 1918 oculos
908 1890 993 1924 vidit;

211 1933 284 1952 nunc
297 1933 362 1953 vero
377 1935 409 1954 ex
422 1928 504 1962 nube,
519 1937 580 1964 quae
593 1930 688 1959 .lesum
714 1933 902 1963 obumbravit.
931 1935 996 1964 Haec

212 1970 293 2004 igitur
303 1972 397 1999 eadem
410 1979 524 2002 estcum
553 1977 742 2012 superccelesti
767 1980 910 2015 majestate
934 1980 993 2010 Dei.

204 2010 268 2050 ‘Qua
286 2026 350 2054 ergo
367 2021 472 2048 ratione
486 2022 540 2049 erit
555 2022 648 2050 lumen
673 2024 814 2056 sensibile,
846 2025 920 2060 quod
954 2030 996 2053 est

209 2065 425 2097 supercoeleste?
442 2066 559 2095 Docebat
572 2074 664 2096 autem
678 2073 790 2103 paterna
821 2078 836 2098 e
857 2071 927 2099 nube
943 2079 995 2099 vox

210 2115 307 2136 uincta
331 2111 386 2144 illa,
404 2120 465 2146 qua:
496 2119 558 2141 ante
588 2115 695 2142 Domini
722 2115 826 2150 Deique
850 2118 936 2144 nostri
962 2126 993 2145 ac

212 2154 361 2184 Salvatoris
376 2157 440 2186 Jesu
455 2159 555 2187 Christi
565 2162 709 2189 adventum
724 2163 895 2196 exstiterunt,
910 2165 995 2192 sacri-
1013 2152 1033 2178 Β

212 2202 281 2234 licia,
299 2203 492 2238 legislationes,
517 2207 686 2242 adoptiones,
708 2209 863 2242 imperfecta
898 2210 994 2244 fuisse,

211 2256 260 2275 nec
271 2257 389 2284 unquam
411 2259 442 2278 ex
464 2253 592 2286 primaria
609 2255 655 2281 Dei
685 2256 827 2282 voluntate
856 2258 994 2285 exstitisse

151 2302 161 2312 ι
211 2302 243 2321 ac
258 2302 363 2329 peracta
380 2305 455 2331 esse;
472 2301 518 2326 sed
532 2300 719 2333 indulgentius
737 2309 880 2334 concessa,
903 2303 938 2330 ob
953 2303 994 2330 fu-

212 2345 301 2367 turum
315 2341 387 2369 hunc
413 2342 519 2371 Domini
549 2344 693 2371 adventum
726 2353 758 2373 ac
784 2347 992 2380 apparitionem.

212 2385 261 2413 llic
277 2395 340 2414 vero
356 2393 408 2421 est,
421 2389 446 2415 in
461 2398 524 2423 quo,
543 2395 571 2417 ut
586 2391 612 2417 in
628 2390 695 2418 Filio
724 2392 898 2426 charissima,
915 2393 994 2421 Pater

178 2447 179 2450 η
211 2433 330 2467 perfecte
344 2434 451 2462 adlubet
465 2441 491 2462 et
503 2437 657 2470 requiescit,
668 2438 774 2473 sibique
782 2439 878 2473 placet.
892 2439 994 2471 Quam-

211 2480 303 2505 obrem
331 2480 412 2507 etiam
437 2489 498 2508 eum
515 2482 619 2515 audire,
637 2488 717 2518 atque
729 2484 752 2511 ei
778 2484 892 2520 obsequi
905 2485 991 2519 jubet.

212 2523 288 2551 Unde
307 2526 356 2552 ιιιεὶ
369 2525 441 2552 dicat
456 2535 463 2553 :
480 2535 488 2551 ι
514 2526 614 2554 Intrate
641 2536 688 2563 per
709 2534 852 2564 angustam
877 2535 993 2565 portam,

210 2570 273 2604 quia
286 2570 337 2596 lata
349 2575 376 2597 ct
387 2572 505 2605 spatiosa
521 2577 570 2605 est,
587 2581 646 2608 quae
665 2575 739 2602 ducit
752 2576 783 2602 ad
797 2577 971 2610 perditionem
987 2585 994 2609 ;

211 2621 325 2649 angusta
335 2623 400 2643 vero
412 2621 437 2643 ct
448 2624 522 2645 arcta
540 2620 642 2653 via'est,
652 2630 712 2655 quae
721 2623 794 2649 ducit
807 2623 838 2649 ad
849 2624 931 2650 vitam
943 2624 992 2656 ⁵¹¹,ι

210 2661 299 2695 ipsum
317 2661 428 2695 audito;
444 2664 495 2690 etsi
525 2665 632 2694 dixerit.
654 2667 744 2696 lumen
777 2668 928 2696 istud'esse
954 2677 996 2695 rc-

246 2761 268 2777 ⁵³
289 2761 354 2790 Luc.
374 2771 410 2796 Ix,
428 2765 479 2796 33:
511 2765 605 2795 Matth.
632 2777 698 2800 χιιι.
714 2769 740 2797 5.
799 2769 896 2797 “Luc.
921 2778 950 2797 ιιι

989 2769 1040 2797 εὶὲι
1061 2769 1175 2796 -ΜοιιΙι,
1202 2776 1243 2800 Ill,
1276 2768 1321 2796 l7.

1048 1515 1236 1550 ὑπερέχουσαν
1253 1519 1400 1554 φανότητα,
1414 1524 1472 1554 τοῖς
1492 1524 1546 1550 τῶν
1562 1525 1719 1554 ἀποστόλων
1732 1515 1838 1563 οφθαλ-

1049 1562 1110 1595 μοῖς
1123 1561 1241 1596 ἀόρατος
1257 1564 1390 1600 ὑπῆρχεν,
1407 1566 1502 1603 ὥσπερ
1516 1570 1555 1600 εἰς
1570 1573 1706 1608 φωτεινὴν
1717 1561 1838 1612 νεςρέλην

1047 1606 1187 1654 εἰσελθών.
1211 1609 1293 1637 Ἀλλὰ
1309 1612 1355 1638 καὶ
1373 1613 1448 1648 φωνὴ
1462 1615 1494 1641 ὲκ
1509 1616 1557 1650 τῆς
1571 1606 1688 1654 νεφέλης.
1699 1606 1838 1653 γέγονεν’·

1051 1661 1061 1678 (
1080 1649 1162 1684 Οὗτός
1187 1654 1260 1680 ἐστιν
1283 1656 1297 1681 ὁ
1319 1655 1383 1688 Υίός
1407 1666 1459 1692 μου
1482 1660 1497 1685 ὁ
1513 1649 1744 1697 ἀγαπηπὸςβὲνιῖι
1760 1666 1837 1692 εὐδε-

1048 1708 1120 1734 κησα
1133 1708 1139 1715 ·
1165 1701 1247 1727 αὑτοῦ
1271 1702 1395 1731 ἀκούετε.
1417 1713 1426 1730 ι
1453 1705 1497 1731 Ἐν
1518 1706 1568 1740 μὲν
1588 1704 1635 1733 οὖν
1654 1708 1693 1742 τῷ
1714 1709 1836 1746 Ἰορδάνῃ

1046 1745 1094 1772 τοῦ
1112 1746 1216 1782 Κυρίου
1241 1748 1444 1782 βαπτισθέντος,
1468 1750 1646 1788 ἀνεῴχθησαν
1671 1755 1695 1780 οἱ
1712 1745 1835 1790 οὐρανοὶ,

1047 1791 1124 1826 καὶή
1142 1793 1212 1828 αὑτὴ
1229 1793 1325 1828 γέγονε
1341 1795 1416 1830 φωνὴ
1433 1797 1466 1822 ἑκ
1479 1796 1530 1831 τῆς
1546 1797 1624 1833 δόξης
1640 1800 1749 1832 πάντως
1762 1801 1838 1828 ὲκεί-

1048 1845 1108 1871 νης,
1123 1838 1157 1873 ἢν
1170 1839 1218 1865 καὶ
1238 1839 1252 1865 ὁ
1268 1839 1404 1874 Στέφανος
1419 1840 1531 1877 ὕστερον
1552 1843 1735 1879 ἀνεῳγμένων
1759 1847 1836 1883 αὐτῷ

1047 1884 1102 1911 τῶν
1120 1884 1201 1920 198
1224 1886 1357 1921 οὐρανῶν.
1382 1887 1485 1923 πλήρης
1511 1889 1668 1926 Πνεύματος
1683 1892 1762 1926 ἁγίου
1789 1902 1837 1927 γε-

1047 1929 1145 1964 γονὼς,
1171 1931 1297 1963 ἀτενίσας
1320 1930 1374 1959 εἶδε
1384 1940 1391 1948 ·
1407 1933 1456 1960 νῦν
1476 1934 1505 1961 δὲ
1521 1935 1554 1962 ὲκ
1566 1937 1616 1970 τῆς
1630 1937 1758 1973 νεφέλης,
1773 1940 1836 1974 ητις

1048 1975 1196 2002 ἐπεσκίασε
1218 1977 1263 2004 τὸν
1284 1977 1398 2011 Ἰησοῦν.
1426 1979 1562 2016 Οὐκοῦνὴ
1585 1981 1653 2017 αὐτή
1674 1984 1749 2010 ἐστιν
1762 1984 1834 2021 αὕτη

1048 2022 1080 2055 τῇ
1097 2022 1285 2057 ὺπερουρανίῳ
1308 2023 1371 2059 δόξῃ
1385 2024 1431 2050 τοῦ
1454 2024 1533 2053 Θεοῦ.
1552 2027 1613 2058 Πῶς
1635 2025 1681 2054 οὖν
1701 2029 1779 2057 ἔσται
1794 2033 1837 2058 al-

1049 2067 1146 2102 σθητὺν
1162 2068 1219 2102 φῶς
1232 2069 1262 2095 τὸ
1285 2070 1502 2105 ὑπερουράνιον;
1526 2071 1647 2106 Ἑδίδαξε
1664 2074 1691 2100 δὲ
1704 2075 1721 2109 ἡ
1737 2077 1770 2101 ὲκ
1783 2077 1834 2110 τῆς

1041 2114 1163 2147 ’νεφέλης
1177 2113 1222 2140 τοῦ
1238 2114 1345 2149 [ἰατρὸς
1362 2116 1448 2150 φωνὴ,
1465 2117 1507 2143 ὅτι
1523 2117 1610 2144 πάντα
1625 2120 1717 2145 ἐκεῖνα
1732 2120 1766 2147 τὰ
1781 2123 1835 2156 πρδ

1047 2158 1097 2192 τῆς
1125 2159 1271 2194 ἐπιδημίας
1287 2159 1334 2186 τοῦ
1359 2161 1461 2196 Κυρίου
1488 2163 1534 2188 καὶ
1551 2162 1619 2189 Θεοῦ
1644 2165 1691 2190 καὶ
1704 2165 1835 2201 Σωτῆρος

1048 2205 1126 2240 ἡμῶν
1149 2204 1237 2240 Ἰησοῦ
1257 2202 1387 2240 Χρισττιῦ,
1412 2207 1440 2233 αἱ
1458 2207 1560 2240 θυσίαι,
1575 2210 1602 2235 αί
1620 2209 1791 2244 νομοθεσίαι,
1805 2213 1835 2238 al

1049 2250 1193 2284 υἱοθεσίαι,
1216 2251 1298 2285 ἀτελῆ
1319 2261 1347 2277 τε
1364 2250 1408 2287 ἦν,
1424 2253 1469 2279 καὶ
1484 2254 1513 2280 οὐ
1537 2255 1606 2281 κατὰ
1625 2257 1834 2292 προηγούμενον

1048 2297 1110 2331 Θέλη
1117 2306 1154 2330 μα
1167 2296 1212 2322 τοῦ
1229 2297 1295 2323 Θεοῦ
1311 2298 1432 2332 ἐγένοντό
1447 2308 1475 2324 τε
1491 2300 1535 2325 καὶ
1550 2300 1731 2335 ὲτελέσθησαν
1745 2312 1752 2319 '
1767 2305 1833 2330 ἀλλὰ

1046 2341 1089 2368 διὰ
1109 2342 1158 2376 τὴν
1188 2341 1339 2375 μέλλουσαν
1359 2343 1462 2378 ταύτην
1480 2343 1527 2369 τοῦ
1554 2344 1656 2378 Κυρίου
1680 2348 1834 2380 παρουσίαν

1049 2389 1094 2414 καὶ
1111 2388 1273 2422 ἐπιφάνειαν
1297 2389 1487 2422 συνεχωρεῖτο.
1505 2385 1588 2420 Οὗτος
1605 2390 1633 2416 δέ
1661 2392 1749 2423 ἐστιν,
1767 2394 1795 2418 ἐν
1812 2390 1834 2426 ᾧ

1048 2434 1085 2466 ὡς
1109 2433 1166 2468 Υίῴ
1192 2434 1326 2469 ἀγαπητῷ
1355 2435 1459 2461 εὐδοκεῖ
1486 2436 1532 2461 καὶ
1549 2437 1758 2464 ὲπαναπαύεται
1787 2440 1835 2466 καὶ

1047 2481 1195 2514 ἀρέσκεται
1210 2479 1309 2510 τελέως
1326 2480 1339 2505 ὁ
1357 2481 1450 2515 Πατήρ
1463 2489 1469 2495 ·
1488 2480 1527 2507 διδ
1550 2481 1596 2507 καὶ
1612 2482 1694 2508 αὐτοῦ
1711 2484 1834 2516 ἀκούειν,

1048 2527 1094 2554 καὶ
1113 2526 1188 2561 αὺτῷ
1203 2525 1362 2561 πειθαρχεῖν
1385 2527 1579 2554 διακελεύεται.
1597 2528 1656 2554 Κᾶν
1672 2529 1752 2564 λέγῃ,
1770 2530 1835 2556 Εἰς-ν

1048 2573 1139 2598 ἑλθετε
1157 2572 1202 2598 διὰ
1232 2572 1281 2607 τῆς
1296 2572 1392 2606 στενῆς
1406 2572 1504 2608 πύλης,
1520 2574 1560 2600 ’ότι
1584 2574 1698 2600 πλατεῖα
1711 2576 1771 2601 ἐστι
1791 2577 1836 2602 καὶ

1048 2620 1204 2654 εὐρύχωρος
1220 2620 1236 2654 ἡ
1251 2618 1396 2652 ἀπάγουσα
1421 2620 1460 2650 εἰς
1474 2619 1523 2654 τὴν
1545 2619 1696 2651 ἀπώλειαν,
1713 2622 1797 2655 στενὴ
1811 2622 1837 2647 δὲ

1049 2666 1095 2691 καὶ
1119 2664 1286 2699 τεθλιμμένη
1308 2665 1381 2691 ἐστὶν
1405 2665 1420 2700 ὴ
1439 2665 1495 2696 ἁδὺς
1521 2665 1537 2699 ἡ
1560 2665 1705 2699 ἀπάγουσα
1721 2667 1764 2697 εἱς
1790 2667 1837 2701 τὴν

1373 2768 1468 2795 "Aet.
1497 2775 1547 2802 vnI
1582 2767 1627 2795 55.
1686 2767 1710 2784 ⁸⁸
1736 2768 1824 2797 Matth
