1882 3070
52 148 97 177 itif)

691 152 854 182 “Mill.”
870 151 1020 189 XXXV”.

1613 146 1663 176 47πῖ

53 204 168 239 κτημένη
207 205 257 240 τὴν
276 205 319 232 διὰ
345 205 453 232 πάντων
480 206 591 241 ἀγαθῶν
632 209 791 252 εὖκληρέαν,
817 210 914 235 ὁπόσον
940 207 1015 243 ἡλίου
1041 207 1092 241 μὲν
1129 206 1243 242 οὐρανός
1270 205 1327 231 ἐστι
1358 205 1469 240 μείζων,
1501 205 1617 239 οὐρανοῦ
1643 207 1671 230 δε

52 251 183 285 λαμπρότε
189 259 236 284 ρος
258 252 342 286 ἥλιος.

82 295 128 325 Τίς
144 304 191 321 σου
205 296 236 322 τὺ
252 297 368 332 θεαυγὲς
382 300 481 331 κάλλος
500 299 666 335 ὑπογράψει,
689 300 830 334 Θεομῆτορ
846 319 850 329 ι

918 301 984 332 Quae
1004 300 1096 334 lingua
1115 299 1265 330 enarrabit,
1288 298 1371 333 Virgo
1388 298 1512 332 Deipara,
1531 303 1602 325 tuam
1614 298 1672 332 pul-

53 341 179 374 Παρθένε,
197 341 297 376 λόγος;
319 345 351 371 οὐ
372 346 428 380 γάρ
451 346 508 372 ἔστι
525 347 559 372 τὰ
576 346 610 372 σὰ
632 346 772 380 λογισμοῖς
788 347 835 372 καὶ

53 386 137 419 λόγοις
149 389 254 422 ὁρίζειν
268 398 276 405 ⁸
298 392 388 417 πάντα
405 392 459 427 γὰρ
475 392 636 426 ὑπερόαίνει
653 393 698 418 καὶ
714 392 776 418 νοῦν
790 393 836 418 καὶ

53 433 135 466 λόγον.
158 434 274 468 ’Υμνεῖν
296 437 319 463 δ’
342 437 417 470 ὅμως
445 438 546 470 ἔξεστι,
573 438 620 464 σοῦ
635 438 836 473 φιλανθρώπως

54 479 237 514 προσιεμένης
253 489 259 495 ·
274 483 307 508 σὺ
324 483 378 517 γὰρ
395 486 441 509 καὶ
457 483 578 518 χαρίτων
597 483 712 510 ἁπασῶν
726 484 836 518 χωρίον,

54 525 96 551 καὶ
120 526 262 561 πλήρωμα
290 528 496 562 καλοκάγαθίας
514 530 657 560 παντοίας,
675 530 723 556 καὶ
754 530 836 563 πίναξ

55 573 97 598 καὶ
111 572 193 599 εἰκὼν
209 572 332 608 ἔμψυχος
347 574 449 607 ἀγαθοῦ
468 576 579 607 παντὸς,
593 576 640 602 καὶ
652 577 839 610 χρηστότητος

55 618 150 651 πάσης,
166 618 207 649 ὡς
231 619 300 655 μόνη
318 619 427 646 πάντων
450 620 590 655 ὴξιωμένη
616 621 771 656 συλλήϐδην
784 622 838 648 τῶν

54 663 96 688 τοῦ
112 663 274 697 Πνεῦματος
298 666 478 700 χαρισμάτων
491 674 498 681 ·
517 667 617 701 μᾶλλον
631 667 671 699 δὲ,
690 668 736 693 καὶ¹
751 668 796 693 τὸν
811 669 840 694 ἐν

54 706 73 742 ᾧ
96 709 200 735 τούτων
229 710 356 737 ἁπάντων
371 711 396 737 οι
421 711 555 746 θησαυροὶ
582 713 649 747 μόνη
682 713 840 747 παραδόξως

55 755 80 780 ἐν
93 756 149 786 τοῖς
164 755 336 790 σπλάγχνοις
353 756 458 783 ἓνοικον
476 758 589 792 σχοῦσα,
606 760 653 785 καὶ
667 759 763 785 τούτου
788 767 839 785 κα-

55 802 173 828 ταστᾶσα
190 802 345 836 παράδοξος
362 805 449 840 σκηνή
463 812 471 820 ·
491 805 640 832 κάντεῦθεν
659 806 707 832 καὶ
732 804 781 831 νῦν
795 805 841 832 διὰ

56 847 168 874 θανάτου
186 848 258 883 πρὸς
288 849 441 876 ἀθανασίαν
466 851 628 885 χωρήσασα,
655 852 702 878 καὶ
729 851 840 883 δικαίως

57 893 105 919 ἀπὸ
119 894 173 927 γῆς
190 896 233 926 εἰς
256 896 372 929 οὒρινὺν
394 897 563 930 μεταστᾶσα,
578 897 615 927 ὡς
631 897 664 923 ἂν
679 898 708 923 ἐν
723 898 841 930 ὑπερου-

59 939 154 972 ρανίοις
167 939 333 974 σκηνώμασι
346 940 479 976 σύσκηνος
490 942 548 976 εἴης
561 941 648 976 τούτῳ
659 942 705 969 τὶν
720 943 763 969 ἀεὶ
777 942 842 978 χρό-

58 993 109 1017 νον,
125 986 238 1011 ἐκεῖθεν
264 987 435 1020 περιέπουσα
461 987 507 1013 τὸν
523 987 570 1014 σὺν
593 989 707 1023 κλῆρον,
720 990 766 1014 καὶ
780 989 840 1020 ταῖς

57 1031 214 1065 ἁχοιμήτοις
229 1031 299 1067 πρὸς
312 1032 393 1059 αὐτὸν
408 1027 568 1068 πρεσϐείαις
581 1034 675 1060 τοῦτον
691 1035 760 1069 πρὸς
774 1037 842 1062 πάν-

58 1084 102 1107 τας
119 1075 282 1111 ῑλεουμένη,
298 1078 433 1105 Τοσοῦτόν
459 1079 535 1106 ἐστιν
559 1080 697 1115 ὲγγυτέρα
713 1080 766 1107 τῶν
782 1081 843 1116 Θεῷ

59 1121 223 1154 ἐγγιζόντων
234 1130 240 1137 ·
255 1122 326 1150 οὕτω
345 1125 478 1158 μειζόνων
494 1125 510 1160 ἢ
529 1126 601 1151 κατὰ
628 1126 733 1158 πάντας
747 1127 764 1161 ἡ
776 1127 842 1153 Θεο-

58 1168 130 1198 τόκος
142 1168 262 1202 ἠξίωται
289 1169 343 1196 τῶν
360 1171 513 1205 πρεσὸείων
524 1180 531 1187 ⁸
547 1172 577 1198 οὐ
593 1173 657 1204 τοὺς
682 1173 844 1208 ἀνθρώπους

59 1213 128 1246 λέγω
145 1214 243 1248 μόνον,
258 1215 326 1242 ἀλλὰ
340 1216 388 1242 καὶ
413 1217 498 1248 αὐτὰς
525 1218 614 1250 πάσας
627 1218 677 1249 τὰς
692 1219 843 1252 ἀγγελικὰς

61 1259 211 1294 ἱεραρχίας,
230 1261 298 1295 Περὶ
316 1262 366 1296 μὲν
383 1263 437 1298 γὰρ
460 1263 510 1297 τῆς
525 1263 627 1290 τούτων
649 1265 778 1291 ἀνωτάτω
794 1274 844 1291 τα-

61 1303 181 1339 ξιαρχίας
199 1305 314 1337 Ἠσαίας
328 1306 430 1341 γράφει
440 1314 447 1322 σ
467 1316 476 1332 ι
500 1308 552 1334 Καὶ
564 1309 599 1334 τὰ
616 1309 740 1343 Σεραφὶμ
750 1310 844 1345 εἱστή-

61 1358 151 1377 κεισαν
165 1351 262 1387 κύκλῳ
278 1352 372 1380 αὑτοῦ.
395 1362 404 1378 ι
416 1353 484 1388 Περὶ
495 1353 522 1379 δὲ
535 1355 620 1388 αὐτῇς
635 1355 715 1381 πάλιν
726 1356 739 1380 ὁ
751 1356 841 1383 Δαῦίδ·

63 1406 71 1420 ι
90 1396 218 1432 Παρέστη
242 1398 259 1432 ὴ
276 1397 420 1432 βασίλισσα
445 1399 476 1424 ὲκ
503 1398 599 1431 δεξιῶν
625 1408 683 1426 σου.
703 1410 712 1426 ι
745 1400 844 1435 Ὁρᾶτε

61 1442 106 1475 τὴν
116 1442 252 1477 διαφορὰν
267 1443 316 1477 τῆς
330 1444 470 1476 στάσεως;
493 1445 559 1472 Ἀπὸ
573 1445 677 1480 ταύτης
691 1446 767 1480 ἔχετε
783 1455 845 1473 συν-

60 1489 122 1522 ορᾷν
137 1489 185 1514 καὶ
200 1488 252 1524 τὴν
267 1489 400 1524 διαφορὰν
418 1490 470 1524 τῆς
495 1492 565 1517 κατὰ
580 1491 629 1526 τὴν
640 1492 717 1523 ἀξίαν
729 1492 844 1525 τάξεωςο

63 1535 123 1569 περὶ
139 1536 189 1569 μὲν
201 1536 259 1570 γὰρ
275 1535 319 1562 τὸν
329 1536 396 1562 Θεὸν
410 1537 446 1563 τὰ
459 1537 596 1572 Σεραφίμ,
609 1538 725 1572 πλησίον
737 1539 765 1565 δὲ
779 1539 845 1575 παρ’

62 1581 139 1607 αὐτὸν
154 1583 263 1608 ἐκεῖνον
280 1582 349 1616 μόνη
367 1583 382 1616 ἡ
400 1583 581 1617 παμσασιλὶς,
595 1584 611 1619 ἢ
624 1585 670 1611 καὶ
682 1585 747 1619 παρ’
761 1585 845 1611 αὐτοῦ

885 347 1071 374 chritudinem
1089 345 1181 372 divina
1198 345 1257 372 luce
1277 345 1447 379 fulgentem?
1465 344 1520 370 Tua
1538 345 1608 371 enim
1626 354 1671 371 ne-

885 401 938 428 que
954 398 1042 420 mente
1056 401 1142 427 neque
1155 392 1245 419 verbis
1262 399 1406 425 possumus
1416 392 1536 425 assequi,
1547 397 1666 418 attamen

887 439 950 466 licet
965 438 1085 474 hymnis,
1103 439 1160 472 ipsa
1179 443 1206 464 te
1226 438 1371 464 clementer
1391 436 1506 466 favente.
1525 437 1670 465 celebrare.

886 484 954 511 Nam
973 492 999 511 ιιι
1012 484 1160 518 gratiarum
1177 483 1297 510 omniutn
1314 483 1401 514 sedes,
1422 488 1448 508 Iu
1466 483 1604 516 plenitudo
1623 491 1672 509 cu-

886 531 997 566 juslibet
1022 530 1149 557 bonitatis
1166 530 1206 557 vel
1231 529 1449 564 pulchritudinis,
1476 535 1502 556 tu
1531 530 1621 556 tabula
1647 535 1674 556 et

889 577 978 611 imago
998 575 1117 602 animata
1138 576 1227 602 omnis
1242 576 1306 603 boni
1324 576 1467 609 omnisque
1484 575 1671 609 benignitatis,

869 642 872 646 .
888 621 952 655 quia
969 621 1025 647 sola
1045 621 1169 648 meruisti
1186 621 1276 647 omnia
1291 621 1408 654 recipere
1425 620 1542 654 Spiritus
1567 616 1673 648 charis-

889 672 972 698 mata,
989 667 1028 693 rel
1043 667 1142 701 potius,
1159 668 1288 701 quoniam
1314 667 1370 694 sola
1390 667 1552 694 miraculose
1567 669 1592 694 in
1619 669 1674 695 tuis

889 712 1038 739 visceribus
1056 713 1173 740 habuisti
1192 713 1386 740 iuhabitantem
1405 721 1466 739 eum
1496 713 1522 740 in
1540 721 1594 748 quo
1610 720 1673 740 sunt

890 758 1012 784 omnium
1041 758 1235 786 charismatum
1264 759 1401 790 thesauri,
1431 763 1458 786 et
1487 760 1673 794 prodigiosum

889 803 965 831 fuisti
983 804 1042 838 ejus
1058 805 1261 831 tabernaculum
1273 813 1280 834 ;
1292 809 1319 831 et
1333 805 1411 831 hodie
1423 812 1469 838 per
1484 809 1597 832 mortem
1611 805 1674 833 hinc

890 849 924 876 ad
948 849 1181 877 immortalitatem
1209 852 1339 884 profecta,
1356 855 1383 877 et
1404 851 1501 878 merito
1527 859 1540 877 a
1557 855 1628 878 terra
1648 851 1674 878 iu

892 894 991 921 coelum
1010 895 1153 926 translata,
1171 900 1200 922 ut
1215 895 1241 922 in
1256 895 1415 922 cmlestibus
1431 896 1615 923 tabernaculis
1629 904 1675 930 per

891 940 988 967 saecula
1009 940 1145 968 inhabiles
1164 948 1226 967 cum
1244 948 1277 968 eo
1295 942 1342 976 qui
1361 940 1447 968 factus
1471 946 1512 969 est
1532 941 1675 969 haereditas

894 989 949 1016 tua,
967 993 1047 1020 quem
1063 986 1115 1012 tuis
1136 986 1167 1013 ad
1188 994 1250 1013 eum
1274 986 1511 1021 deprceatiouibus
1529 989 1674 1022 propitium

893 1031 1020 1058 omnibus
1042 1031 1138 1059 eiiicis.
1165 1032 1242 1060 Sicut
1257 1034 1390 1068 proximis
1415 1034 1470 1061 Deo
1496 1034 1676 1068 propinquior

893 1076 964 1104 facta
982 1081 1033 1110 cst,
1049 1078 1089 1105 sic
1111 1078 1260 1112 majoribus
1284 1087 1365 1114 quatit
1391 1079 1480 1106 (τοιοιί
1496 1079 1610 1113 Deipara
1624 1079 1674 1106 d0-

894 1127 956 1149 nata
971 1128 1011 1150 est
1030 1124 1160 1156 praemiis,
1173 1131 1223 1151 nec
1239 1125 1362 1152 homines
1377 1130 1481 1152 tantunt
1500 1125 1572 1162 dico,
1589 1126 1634 1153 sed
1648 1130 1675 1152 et

893 1176 988 1196 omnes
1011 1169 1084 1203 ipsos
1100 1169 1255 1204 angelorum
1273 1170 1392 1198 ordines.
1417 1170 1483 1198 Nam
1507 1171 1540 1198 de
1566 1163 1674 1198 stimmo

893 1223 987 1242 eorum
1005 1216 1099 1242 ordine
1116 1215 1198 1243 Isaias
1211 1217 1305 1243 scribit
1321 1225 1328 1243 :
1347 1217 1390 1243 ιΕι
1407 1208 1548 1251 Seraphin]
1567 1217 1676 1244 stabant

895 1261 921 1287 in
936 1260 1051 1288 circuitu
1074 1262 1133 1296 ejus
1145 1261 1179 1289 ⁸³.
1203 1272 1212 1288 ι
1231 1263 1335 1289 Rursus
1356 1267 1444 1290 autem
1462 1263 1543 1290 David
1561 1264 1593 1290 de
1616 1272 1646 1291 ea
1667 1272 1676 1291 :

897 1316 906 1332 ι
919 1307 1010 1334 Astitit
1025 1308 1116 1342 regina
1131 1316 1144 1335 a
1160 1308 1262 1336 dextris
1276 1309 1330 1336 tuis
1344 1309 1377 1335 ⁸⁸.
1398 1319 1407 1334 ι
1432 1308 1571 1337 Videtisne
1586 1313 1674 1337 status

895 1352 1170 1381 diﬂ'ereutiam?1ude
1181 1354 1262 1382 etiam
1278 1355 1390 1389 potestis
1405 1356 1562 1390 conspicere
1573 1356 1677 1383 ordinis

896 1399 1044 1426 secundum
1065 1399 1223 1435 dignitatem
1238 1400 1417 1429 diﬂ‘erentiam
1431 1409 1438 1434 ;
1457 1409 1520 1428 nam
1536 1402 1676 1437 Seraphim

897 1445 1006 1478 quidem
1029 1446 1101 1472 circa
1124 1446 1223 1478 Deum;
1237 1447 1292 1473 sola
1316 1452 1406 1474 autem
1423 1448 1544 1481 proxima
1562 1449 1593 1474 ad
1614 1456 1676 1475 eum

897 1491 1000 1525 regina,
1019 1499 1100 1526 quam
1117 1493 1230 1519 miratur
1245 1493 1314 1520 Deus
1329 1498 1356 1520 et
1369 1493 1513 1526 collaudat,
1527 1494 1676 1528 prredieans
1702 1505 1708 1510 -

896 1544 956 1564 eam
971 1537 1087 1564 similem
1106 1537 1272 1564 exercitibus
1288 1538 1360 1566 circa
1377 1545 1438 1565 eum
1454 1538 1633 1573 congregatis,
1651 1542 1678 1565 et

898 1582 977 1610 hodie
990 1582 1084 1610 dicens
1099 1583 1170 1610 sicut
1184 1583 1300 1617 legimus
1316 1585 1342 1610 in
1357 1583 1470 1611 Cantico
1484 1584 1651 1611 canticorqu
1668 1592 1675 1610 :

62 1626 104 1652 τοῦ
120 1627 189 1653 θεοῦ
207 1627 381 1662 θαυμάζεταί
396 1637 426 1654 τε
443 1630 490 1655 καὶ
510 1630 727 1664 ὲγκωμιάζεται,
743 1631 846 1666 κηρύτ-

901 1637 910 1654 ι
928 1628 1014 1661 Quam
1029 1629 1210 1664 pulchrasest,
1235 1629 1322 1656 antica
1338 1637 1395 1657 mea
1410 1629 1417 1656 !
1442 1640 1450 1655 ι
1474 1630 1534 1657 luce
1551 1630 1675 1661 lucidior,

62 1681 148 1704 τοκῆος
167 1671 227 1699 οἷον
248 1675 308 1706 ταῖς
338 1675 402 1710 περὶ
418 1675 502 1702 αὑτὸν
519 1677 666 1710 δυνάμεσιν
685 1677 781 1712 αὐτὴν,
798 1677 846 1704 καὶ

61 1719 182 1752 λέγοντος
197 1720 271 1746 κατὰ
286 1721 316 1747 τὺ
344 1722 535 1756 εἰρημένονὶν
557 1724 615 1754 τοῖς
638 1723 692 1749 τῶν
715 1723 848 1759 ᾀσμάτων

65 1764 183 1809 ῗᾼσμασι
197 1773 203 1780 ·
227 1775 235 1790 ι
249 1765 281 1791 Τί
295 1766 364 1799 καλὴ
380 1767 399 1809 ἠ
415 1767 530 1801 πλησίον
546 1777 597 1802 μου
612 1776 620 1800 ;
642 1777 652 1794 ι
670 1769 762 1802 φωτὸς
785 1777 849 1802 φαι-

63 1808 186 1844 δροτέρα,
214 1808 398 1844 παραδείσων
415 1811 496 1838 θείων
521 1812 717 1847 εὐανθεστέρα,
741 1813 846 1847 κόσμου

63 1855 160 1886 παντὸς
184 1856 286 1890 ὁρατοῦ
304 1857 352 1883 καὶ
378 1857 497 1893 ἀοράτου
516 1859 705 1893 κοσμιωτέρα.
720 1859 757 1885 Οὐ
775 1860 847 1894 πλη-

64 1902 117 1928 σίον
135 1903 164 1929 δὲ
182 1902 277 1938 μόνον,
295 1903 364 1929 ἀλλὰ
388 1904 435 1929 καὶ
458 1905 490 1931 ἐκ
516 1904 612 1936 δεξιῶν
630 1905 763 1936 εἰκότωςι
780 1905 847 1932 ὅπου

64 1948 136 1982 γὰρό
146 1947 269 1982 Χριστὸς
283 1948 311 1974 ὲν
326 1949 451 1983 οὐρανοῖς
467 1949 607 1982 ἐκάθισεν,
622 1951 649 1976 ἐν
663 1951 738 1985 δεξιᾷ
751 1950 849 1985 δηλον-

63 1994 101 2020 ότι
121 1994 173 2029 τῆς
197 1988 407 2029 μεγαλωσύνῆς,
431 1996 489 2022 ἐκεῖ
513 1996 559 2022 καὶ
581 1995 650 2030 αὕτη
666 1996 713 2022 νῦν
727 1996 781 2022 ἀπὸ
797 1995 848 2030 γῆς

64 2041 99 2072 εἰς
114 2041 251 2076 οὓρανοὺς
264 2038 392 2067 ἀναϐᾶσα
410 2041 528 2075 ἕστηκεν
539 2050 553 2068 ·,
567 2041 597 2067 οὺ
616 2042 698 2076 μόνον
712 2042 753 2068 ὄτι
767 2041 848 2068 ποθεῖ

64 2087 106 2119 καὶ
129 2086 320 2113 ἀντιποθεῖται
342 2087 451 2113 πάντων
477 2087 608 2122 μάλιστα,
628 2088 676 2113 καὶ
692 2087 783 2117 αὐτοῖς
797 2096 848 2121 φυ-

65 2133 146 2163 σικοῖς
159 2131 285 2165 θεσμοῖς,
301 2131 359 2158 ἀλλ’
372 2132 413 2158 ὄτι
429 2132 477 2158 καὶ
493 2133 588 2166 θρόνος
604 2132 679 2159 ἐστὶν
689 2132 725 2163 ὡς
738 2132 848 2168 ἀληθῶς

63 2177 142 2204 αὑτοῦ
154 2185 161 2192 ·
185 2177 255 2203 ὅπου
270 2177 298 2203 δὲ
321 2177 441 2211 κάθηται
457 2179 470 2204 ό
487 2178 625 2210 βασιλεὺς.
649 2179 708 2204 ἐκεῖ
722 2179 736 2204 ὁ
752 2178 848 2212 θρόνος

63 2224 179 2251 ἵσταται,
197 2224 298 2250 Τοῦτον
318 2224 363 2249 τὴν
391 2223 485 2258 θρόνον
502 2226 549 2251 καὶ
568 2226 581 2250 ὁ
603 2223 718 2256 Ἡσαΐας
746 2225 847 2259 μεταξὺ

64 2268 163 2296 ἐκείνου
176 2271 226 2297 τοῦ
241 2270 405 2306 χερουόικοῦ
420 2270 502 2306 χοροῦ
517 2272 563 2297 καὶ
582 2271 681 2297 ἕΰλεπε
696 2273 743 2297 καὶ
755 2271 848 2305 ἔλεγεν

64 2315 162 2351 ὑψηλὸν
185 2317 233 2343 καὶ
260 2316 426 2351 ἐπηρμένον,
442 2317 472 2342 τὸ
491 2316 539 2347 τὰς
561 2317 703 2351 οὐρανίους
717 2316 847 2351 δυνάμεις

65 2361 308 2397 ὑπεραναὸεὸηκδς
335 2363 385 2397 τῆς
408 2362 580 2397 Θεομήτορος
607 2363 708 2395 δηλῶν.
730 2363 776 2389 Διὸ
800 2362 848 2388 καὶ

65 2407 159 2440 αὐτοὺς
176 2408 285 2441 εἰσάγει
300 2408 362 2438 τοὺς
378 2408 511 2442 ἀγγέλους
525 2408 579 2434 ἀπὸ
595 2408 698 2441 ταύτης
718 2410 764 2434 τὸν
781 2407 848 2434 Θεὸν

65 2453 225 2485 διξὰζοντας
254 2454 301 2480 καὶ
321 2454 470 2487 λέγοντας·
491 2463 500 2480 ι
530 2454 715 2489 Εὐλογημένη
739 2455 755 2488 ή
783 2453 848 2486 δόξα

66 2500 162 2534 Κυρίου
193 2501 247 2526 ἀπὸ
273 2499 320 2526 τοῦ
348 2500 430 2526 τόπου
450 2499 548 2527 αὐτοῦ.
573 2509 582 2526 ι
609 2498 707 2526 Ἰακὼό
723 2499 751 2525 δὲ
766 2499 780 2525 ὁ
797 2507 849 2525 πα-

65 2547 195 2581 τριάρχης
211 2546 246 2572 δι’
261 2545 433 2580 αἰνιγμάτων
450 2546 545 2572 τοῦτον
568 2546 749 2580 θεασάμενος,
768 2554 778 2571 ι
802 2543 846 2576 Ὦς

67 2591 176 2626 φοϐερὸς
194 2593 208 2618 ό
222 2592 305 2623 τόπος
326 2589 415 2623 οὗτος,
438 2589 514 2617 εἶπεν
525 2599 531 2606 ·
546 2591 596 2617 οὐκ
613 2591 671 2618 ἔστι
683 2591 774 2623 τοῦτο,
789 2590 847 2616 ἀλλ’

66 2634 162 2670 ἦοῖκος
178 2636 260 2669 Θεοῦ,
274 2638 320 2663 καὶ
332 2637 400 2671 αὕτη
413 2637 429 2672 ἡ
444 2637 515 2671 πύλη
530 2637 578 2663 τοῦ
593 2636 723 2671 οὐρανοῦ.
739 2646 749 2662 ι
765 2635 849 2663 Δαϐὶδ

67 2681 92 2707 δὲ
109 2683 244 2718 ἑτέρωθεν
267 2682 321 2709 τῶν
348 2683 532 2718 σεσωσμένων
548 2683 583 2709 τὰ
608 2683 698 2718 πλήθη
726 2683 848 2717 συνάψας

67 2727 161 2764 ἑαυτῷ,
174 2729 221 2755 καὶ
235 2726 292 2755 οἶόν
308 2737 363 2755 τισι
376 2729 499 2764 νευραῖς,
517 2729 534 2764 ἢ
553 2729 682 2763 φθόγγοις
694 2729 847 2764 διαφόροις,

67 2774 117 2805 τοῖς
134 2774 167 2801 ἐκ
189 2774 321 2809 διαφόρου
345 2775 440 2808 γένους
464 2775 505 2806 εἰς
530 2775 595 2809 μίαν
619 2774 711 2800 πίστιν
730 2773 782 2800 ὑπδ
798 2774 847 2808 τῆς

98 2864 179 2892 "lsa.
195 2873 230 2898 vt,
246 2865 273 2892 2.
312 2865 334 2881 "
351 2865 424 2892 Psal.
437 2873 510 2898 κων,
528 2865 569 2892 Η.
608 2866 628 2881 ⁸⁷
648 2860 756 2899 Eieclr,
769 2874 808 2899 tn,
827 2866 868 2894 19..

897 1675 998 1703 divinis
1024 1675 1165 1702 ﬂorentior
1186 1675 1329 1710 paradisis,
1351 1676 1480 1704 universo
1498 1676 1599 1704 mundo
1622 1681 1678 1704 tum

897 1721 995 1749 visibili
1011 1725 1068 1748 tum
1084 1721 1213 1748 invisibili
1227 1721 1385 1756 speciosior.
1407 1720 1507 1749 Verum
1525 1730 1578 1749 non
1591 1723 1678 1750 solum

897 1766 1031 1800 proxima,
1061 1765 1108 1793 sed
1135 1766 1216 1792 etiam
1243 1774 1258 1793 a
1285 1767 1389 1794 dextris
1412 1767 1528 1800 sedens;
1545 1776 1606 1794 nam
1634 1769 1678 1795 ubi

897 1811 1022 1838 Christus
1044 1811 1071 1838 in
1095 1811 1171 1839 ctelis
1194 1811 1274 1844 sedit,
1293 1812 1395 1838 scilicet
1412 1813 1443 1839 ad
1461 1813 1599 1839 dexteram
1623 1821 1680 1839 ma-

896 1857 1015 1891 jestatis,
1035 1857 1070 1884 ibi
1087 1862 1113 1884 et
1140 1858 1196 1891 ipsa
1215 1865 1228 1883 a
1249 1857 1331 1884 terris
1360 1858 1386 1884 in
1406 1859 1505 1884 coelum
1529 1858 1682 1886 ascendens

899 1903 984 1933 stetit.
998 1910 1053 1929 non
1068 1903 1156 1930 solum
1175 1902 1237 1937 quia
1254 1903 1280 1929 in
1302 1903 1395 1936 primis
1413 1903 1500 1938 diligit
1514 1908 1540 1930 et
1558 1904 1682 1938 diligitur

899 1949 980 1975 modo
1003 1948 1134 1983 singulari
1155 1956 1186 1976 ex
1209 1949 1274 1984 ipsis
1297 1954 1401 1976 naturaz
1424 1949 1536 1983 legibus,
1555 1950 1601 1977 sed
1618 1950 1682 1985 quia

899 1998 940 2022 est
957 1995 982 2021 in
1003 1994 1076 2022 omni
1091 1995 1204 2021 veritate
1223 1995 1340 2021 thronus
1357 1994 1447 2027 illius;
1461 2003 1523 2022 nam
1544 1995 1587 2021 ubi
1604 1997 1681 2023 sedet

899 2048 958 2071 rex,
970 2040 1018 2073 ibi,
1033 2045 1087 2067 stat
1101 2040 1224 2068 thronus.
1241 2040 1325 2072 Quem
1342 2040 1469 2067 thronum
1485 2040 1567 2067 Isaias
1583 2041 1608 2067 in
1622 2049 1680 2067 me-

899 2085 944 2112 dio
968 2086 1044 2112 chori
1070 2085 1141 2112 illius
1159 2085 1318 2118 Cherubin),
1339 2089 1365 2111 et
1391 2085 1457 2112 vidit
1470 2090 1496 2111 et
1523 2086 1591 2112 dixit
1608 2086 1682 2113 exal-

899 2135 984 2157 tatum
999 2134 1080 2164 atque
1096 2130 1249 2160 sublimem.
1260 2129 1406 2156 ostendens
1420 2134 1550 2163 quantum
1567 2129 1681 2164 Deipara

899 2176 1057 2204 cwlestibus
1090 2175 1290 2210 superemineat
1316 2175 1505 2209 potestatibus.
1535 2175 1681 2210 Propterea

900 2222 1003 2249 inducit
1018 2221 1128 2256 angelos
1146 2221 1179 2247 ab
1198 2228 1227 2247 ea
1248 2221 1330 2247 Deum
1347 2221 1529 2254 gloriﬁcantes
1545 2225 1626 2254 atque
1638 2220 1682 2247 di-

900 2272 993 2295 centes
1009 2275 1016 2294 :
1034 2266 1193 2293 «Benedicta
1210 2266 1294 2299 gloria
1311 2266 1424 2293 Domino
1440 2266 1473 2292 de
1491 2265 1552 2293 loco
1566 2274 1616 2293 suo
1630 2267 1678 2294 ⁸⁷.»

865 2298 984 2354 β’]θεοι)
1000 2321 1064 2340 vero
1076 2313 1229 2348 patriarcha
1250 2313 1323 2339 illum
1341 2313 1367 2340 in
1388 2313 1530 2347 aenigmate
1551 2313 1676 2344 intuitus,

900 2370 910 2386 ‹
925 2360 1076 2392 Terribilis,
1100 2360 1198 2394 inquit,
1216 2360 1292 2386 locus
1315 2359 1384 2391 iste;
1402 2358 1446 2385 hic
1462 2367 1515 2386 non
1540 2364 1581 2386 est
1605 2360 1680 2386 aliud

898 2407 950 2435 nisi
966 2407 1063 2434 domus
1079 2406 1124 2433 Dei
1140 2412 1164 2433 et
1182 2411 1258 2440 porta
1275 2406 1337 2433 coeli
1352 2406 1385 2432 ³³.
1400 2415 1409 2431 ι
1430 2405 1512 2432 David
1527 2411 1617 2433 autern
1631 2407 1681 2433 ali-

902 2457 943 2479 ter
955 2452 1154 2479 multitudinem
1173 2452 1308 2478 salvorum
1325 2451 1376 2478 sibi
1392 2451 1554 2487 adjungens,
1570 2452 1681 2486 quibus,

903 2498 976 2525 velut
1001 2498 1091 2525 nervis
1115 2498 1250 2532 variiSque
1271 2499 1403 2529 vocibus,
1426 2503 1519 2533 utpote
1545 2506 1578 2524 ex
1605 2499 1679 2525 t'aria

901 2549 979 2581 gente
995 2545 1020 2572 in
1039 2553 1119 2572 unam
1141 2545 1219 2572 [idem
1240 2546 1274 2571 ab
1295 2545 1344 2572 ista
1362 2544 1470 2577 Virgine
1486 2550 1612 2579 perpetua
1633 2553 1680 2571 ac-

900 2591 1079 2617 commodatis
1100 2590 1293 2617 suavissimum
1320 2590 1346 2615 in
1380 2589 1438 2623 ejus
1465 2589 1570 2615 laudem
1595 2589 1680 2616 melos

897 2637 996 2664 emittit
1017 2636 1110 2663 dicens
1129 2645 1136 2663 :
1163 2645 1171 2661 (
1190 2635 1320 2662 Memores
1337 2640 1419 2662 eruut
1448 2635 1568 2662 nominis
1591 2635 1629 2662 tui
1652 2635 1678 2661 in

897 2682 970 2710 omni
989 2683 1162 2716 generatione
1184 2687 1210 2708 et
1231 2682 1443 2716 generationem,
1462 2689 1605 2716 propterea
1631 2691 1680 2715 po-

898 2727 953 2763 puli
967 2728 1172 2754 conlitebuutur
1191 2727 1238 2754 tibi
1256 2727 1283 2754 in
1300 2732 1442 2759 (etet-num,
1458 2730 1484 2754 et
1507 2727 1533 2753 in
1549 2727 1678 2754 smculum

898 2774 990 2801 smculi
1007 2773 1040 2801 ⁸³,
1063 2784 1072 2800 ›

908 2864 929 2879 ⁸⁸
944 2865 1011 2893 Gen.
1033 2873 1125 2892 xxviii.
1143 2865 1183 2892 l'l.
1223 2865 1243 2879 “'3
1261 2864 1330 2891 Psal.
1349 2872 1418 2896 xur,
1440 2865 1479 2891 I9.
