1882 3070
61 183 117 214 477

705 177 868 207 lIOIiIlLlA
892 175 1055 206 XXXVIII.

1638 167 1688 198 478

58 239 90 265 δέ
111 237 216 272 μᾶλλον
238 236 307 270 πρὸς
332 236 366 262 τὰ
391 235 518 270 πρόϐατα
538 234 571 261 τὰ
586 233 746 260 ἀπολωλότα
771 232 801 258 οἵ·

945 237 995 259 :cte
1007 238 1102 258 omnes
1119 233 1211 264 gentes
1225 228 1258 254 θ’.
1281 237 1289 254 ι
1307 227 1411 262 Quippe
1424 234 1484 254 eum
1497 225 1572 259 prius
1591 225 1688 250 intide-

65 283 192 318 Ἰσραήλ·
216 293 225 308 ι
243 280 321 313 οὗτος
335 281 393 312 νῦν,
418 291 426 306 ι
455 280 649 316 Πορευθέντες,
665 279 740 314 φησι.
761 277 850 312 μαθη-

59 325 180 354 τεύσατε
197 328 289 354 πάντα
304 327 338 353 τὰ
355 327 432 360 ἒθνηι
458 336 467 352 ι
484 326 531 352 καὶ
555 326 608 360 γὰρ
625 325 703 359 ἡμῶν
728 323 852 350 ἁπειθειη

62 374 174 400 σάντων
196 373 343 408 πρότερον,
359 373 406 399 καὶ
424 371 469 398 τὸν
485 372 515 398 ἐν
537 371 575 406 τῷ
594 371 692 405 κόσμῳ
718 371 792 401 δντα,
806 371 853 396 καὶ

60 419 107 445 διὰ
120 419 173 452 τῆς
197 417 350 452 εὐκοσμίας
375 416 429 442 τῶν
451 416 537 443 ὄντων
566 415 769 451 κηρυττόμενον
788 416 854 441 Θεὸν

64 464 104 499 μὴ
119 463 275 497 ἐπιγνῶναι
289 462 474 496 θελησάντων,
490 463 545 493 τοῖς
564 461 697 492 εὐπειθῶς
712 461 854 495 ἐπιγνοῦσι

61 509 182 540 δικαίως
199 509 214 534 ὁ
232 508 334 542 Κύριος
356 507 388 534 δι’
400 507 497 533 ἑαυτοῦ
515 516 544 533 τε
561 507 672 533 καὶτῶν
704 507 853 541 προφητῶν

63 554 151 581 αὐτοῦ
174 553 331 587 διελέγετο·
356 551 405 579 νῦν
423 553 451 578 δὲ
466 552 601 578 κάκείνων
629 552 853 583 ἀπειθεισάντων,

63 601 143 627 οὐδὲν
166 601 200 634 τῇ
218 598 405 634 δικαιοκρισίᾳ
424 597 469 624 τοῦ
495 597 563 623 Θεοῦ
579 597 770 631 προσίσταται,
788 596 857 630 πρὸς

64 647 97 674 τὸ
114 647 164 673 καὶ
182 647 258 680 ἡμᾶς
276 644 432 679 ἐλεηθῆναι,
453 644 498 669 καὶ
513 643 556 669 διὰ
569 642 623 668 τῶν
642 642 722 676 ἱερῶν
742 641 859 668 ἀποστό-

65 694 121 720 λων
138 692 218 727 αὐτῷ
237 690 456 726 μαθητευθῆναι.
474 690 529 716 Καὶ
544 690 615 723 τάχα
638 687 717 714 τοῦτό
731 689 804 714 ἐστιν
815 687 856 719 τὺ,

69 747 78 762 ι
103 737 202 771 Ἐδὸθη
218 745 263 770 μοι
281 736 355 762 πᾶσι
370 734 478 767 ὲξουσία
491 735 519 760 ἐν
532 733 638 768 οὐρανῷ
649 733 696 760 καὶ
710 734 756 758 ἐπὶ
766 732 858 767 -213

66 783 194 816 γῆς,»ὼς
210 784 261 817 τῆς
278 782 353 813 θείας
368 779 565 815 δικαιοκρισίας
578 780 615 815 μὴ
627 780 749 814 ἐφιείσης
762 779 862 814 πρότε-

69 837 117 863 ρον
137 828 240 862 ἐπίσης
257 829 313 859 τοῖς
331 827 502 862 πειθομένοις
517 826 562 853 καὶ
575 827 637 857 τοὺς
652 825 775 856 ἀπειθεῖς
787 824 862 860 ἡμᾶς

68 874 222 905 ἐλεεῖσθαι,
235 874 282 900 καὶ
298 871 515 908 προσκαλεῖσθαι
531 874 600 904 πρὸς
615 871 650 897 τὰ
670 869 796 906 οὐράνια.

904 279 942 306 les
966 284 1100 309 essemus,
1120 281 1147 302 et
1163 276 1247 302 Deum
1278 274 1304 300 in
1324 273 1425 300 mundo
1448 276 1585 299 vet-satum
1609 275 1692 303 atque

903 325 1018 360 pulchro
1034 329 1123 349 rerum
1143 320 1239 347 ordine
1256 319 1433 354 prsidii-alunt
1455 324 1619 349 cognoscere
1634 316 1692 342 nol-

904 371 1004 401 lentus,
1018 369 1116 395 merito
1137 367 1269 393 Dominus
1293 373 1340 400 per
1366 364 1540 397 semetipsum
1571 369 1692 395 suosque
1721 390 1732 398 θ

905 417 1051 452 prophetas
1068 422 1127 440 eum
1141 413 1256 440 lideliter
1273 410 1451 438 noscentibus
1464 409 1669 441 colquuebatur
1684 417 1690 439 ;

906 471 977 490 nunc
1006 467 1096 489 autem
1117 469 1176 486 cum
1208 459 1244 485 illi
1264 458 1318 485 sitit
1341 455 1485 485 increduli,
1512 454 1578 480 nihil
1602 454 1693 480 obstat

904 510 977 544 justo
993 508 1036 534 Di-i
1049 507 1152 541 judicio
1167 510 1195 532 ut
1212 511 1260 531 nos
1273 509 1381 537 quoque
1399 500 1612 527 misericordiam
1629 506 1693 526 cou-

906 562 1066 589 sequamur,
1079 557 1105 580 et
1120 560 1167 586 per
1196 554 1306 578 sanctos
1332 548 1470 582 apostolos
1495 546 1529 572 de
1550 553 1581 572 eo
1597 544 1695 571 docea-

907 610 978 629 mur.
991 602 1052 628 ldeo
1065 600 1154 626 statim
1170 599 1290 632 adjecit:
1305 605 1314 621 ι
1328 595 1393 621 Data
1408 598 1447 620 cst
1464 593 1528 619 mihi
1543 591 1632 617 omnis
1648 597 1695 624 po-

909 652 992 674 testas
1006 646 1032 673 in
1049 645 1118 672 Ctelo
1136 650 1162 670 ct
1183 643 1209 669 in
1227 647 1298 668 terra
1309 642 1332 657 9’
1354 650 1376 671 ι,
1392 640 1427 665 ita
1451 644 1480 665 ut
1499 637 1563 669 justi
1588 636 1622 662 sit
1649 634 1696 660 Uri

907 693 1001 728 judicii
1017 699 1066 718 nos
1081 691 1126 725 qui
1141 690 1217 724 prius
1231 687 1353 714 inﬁdeles
1367 693 1427 712 cum
1447 683 1570 711 ﬁdelibus
1592 685 1694 715 partem

910 745 964 764 non
978 737 1157 767 habebamus,
1177 732 1391 760 misericordiam
1406 730 1538 760 obtinere,
1551 733 1577 755 et
1593 727 1626 753 ad
1640 732 1697 752 cce-

911 783 990 811 lestia
1014 781 1171 810 convocari.

105 919 165 946 Νῦν
177 920 206 946 δὲ
226 919 281 945 τῶν
296 901 345 953 μέν
361 919 503 954 πρότερον,
519 901 573 944 τῶν
588 901 615 944 δέ
628 901 752 952 ὕστερον,
767 918 848 951 ἀμφο-

957 917 1028 944 Νιιηο
1044 920 1134 942 autem
1157 917 1184 941 et
1200 912 1337 948 prioribus
1350 915 1378 937 et
1392 906 1601 944 posterioribus,
1619 905 1700 932 utris-

68 966 162 1001 τέρων
178 966 208 992 δὲ
228 965 277 992 καὶ
299 965 411 992 πάντων
435 963 693 999 συγκεκλεισμένων
719 964 759 995 εις
781 962 864 989 ἀπεί-

70 997 160 1042 θειαν,
182 1011 246 1037 κατ’
274 1010 378 1037 οἰκείαν
402 997 527 1042 ἐξουσίαν
552 997 698 1044 δεδομένην
722 1008 800 1044 παρὰ
814 1009 865 1044 τῆς

70 1058 182 1089 οἰκείας
204 1057 415 1092 δικαιοκρισίας,
431 1055 477 1087 οὓς
499 1055 629 1090 ὴθέλησιν
646 1055 660 1082 ό
686 1055 754 1086 Θεδς
780 1055 866 1089 ἠλέη-

71 1113 131 1131 σεν.
156 1103 290 1138 Ἠθὲλησε
311 1103 340 1129 δὲ
356 1103 403 1129 καὶ
418 1102 534 1138 ἠλέησεν
549 1103 624 1136 ἡμᾶς
640 1101 704 1133 τοὺς
722 1100 751 1134 ἐξ
767 1100 864 1131 ἐθνῶν,

73 1149 179 1184 μᾶλλον
197 1149 226 1175 δὲ
242 1149 359 1180 πάντας,
376 1150 439 1175 ἐπεὶ
453 1149 500 1174 καὶ
515 1147 626 1174 πάντων
648 1148 706 1174 ἐστὶ
720 1147 787 1178 Θεός
797 1155 804 1163 ·
817 1146 866 1182 τὴν

76 1196 131 1230 μὲν
149 1196 207 1231 γὰρ
222 1196 270 1222 τοῦ
284 1195 376 1226 ἐλέους
391 1194 480 1230 ἀρχὴν
494 1194 541 1228 ἀφ’
557 1193 636 1229 ἡμῶν
656 1193 774 1228 ἠθέλησε
787 1192 867 1227 ποιή-

76 1239 181 1266 σασθαι
209 1239 268 1271 νῦν⁹
295 1239 352 1265 ἀλλ’
366 1239 415 1265 οὐκ
433 1239 487 1265 ἀπὸ
500 1239 555 1265 τῶν
577 1238 624 1265 νῦν
641 1238 847 1273 ἀπειθησάντων
858 1245 865 1252 ·

72 1285 127 1312 οὐκ
141 1285 310 1320 ἀπεστράφη
325 1284 354 1310 δὲ
375 1284 476 1315 τελέως
499 1283 554 1310 οὐδ’
574 1284 714 1315 ἐκείνους·
731 1283 867 1317 ἀνέῳκται

74 1332 133 1365 γὰρ
145 1331 285 1363 κάκείνοις
296 1330 329 1357 δι’
347 1330 424 1365 ἡμῶν
440 1331 455 1364 ὴ
471 1329 542 1364 θύρα
558 1329 608 1364 τῆς
623 1329 771 1363 σωτηρίας,
786 1327 867 1360 ειπερ

75 1378 230 1412 βούλοιντο,
246 1379 294 1405 καὶ
309 1377 370 1408 τούς
388 1375 418 1408 ἐξ
430 1375 519 1403 αὐτῶν
531 1377 564 1410 τῇ
581 1376 642 1402 καθ’
662 1375 737 1410 ἡμᾶς
755 1374 870 1408 Ἐκκλη-

76 1425 126 1459 σία
139 1425 304 1459 προσιόντας
317 1424 496 1458 προσδέχεται
507 1422 633 1456 ἀσμένως
644 1429 651 1437 ο
667 1421 696 1447 οὐ
709 1421 763 1455 γὰρ
776 1420 870 1447 ἐπται-

77 1479 130 1496 σαν
143 1470 188 1496 ἴνα
202 1469 335 1500 πέσωσιν,
350 1469 408 1495 ἀλλ’
436 1468 480 1495 ἵνα
495 1467 533 1502 τῷ
553 1467 645 1494 αὐτῶν
660 1465 869 1501 παραπτώματι

77 1515 137 1546 τοῖς
164 1514 300 1549 πρότερον
323 1513 505 1548 ἀπειθήσασιν
524 1513 590 1547 ἡμῖν
606 1513 623 1547 ἡ
642 1511 765 1546 σωτηρία
783 1519 870 1546 προσ.

915 971 968 999 que
988 967 1015 990 et
1030 961 1157 988 omnibus
1175 961 1200 986 in
1221 955 1409 984 incredulitate
1424 952 1590 982 constrictis,
1602 952 1627 977 vl
1640 950 1700 984 ejus

916 996 1052 1037 ilhertatis
1066 1015 1148 1041 quam
1169 1004 1242 1032 dedit
1254 1004 1358 1038 justum
1375 999 1519 1036 judicium,
1533 997 1603 1024 Deus
1620 996 1700 1030 cujus

915 1054 1135 1083 vultmiseretur.
1148 1042 1240 1078 Voluit
1254 1055 1319 1075 vero
1331 1052 1358 1074 et
1378 1046 1507 1073 misertus
1521 1047 1561 1070 est
1579 1042 1657 1069 nobis
1667 1049 1701 1068 ex

917 1100 1053 1136 gentibus,
1079 1103 1106 1124 et
1130 1097 1220 1130 potius
1254 1093 1392 1124 erunibus,
1423 1098 1484 1118 cum
1515 1090 1550 1117 sit
1576 1087 1700 1115 omnium

918 1148 1007 1178 Deus;
1025 1142 1227 1178 voluitquidem
1245 1138 1460 1168 misericordiam
1475 1144 1489 1164 a
1507 1135 1586 1162 nobis
1599 1134 1702 1167 incipe-

919 1201 958 1224 re,
974 1197 999 1218 et
1014 1199 1068 1218 non
1086 1190 1118 1216 ah
1127 1189 1165 1216 eis
1177 1188 1223 1223 qui
1242 1194 1314 1214 nunc
1326 1187 1470 1212 versantur
1486 1182 1512 1209 in
1524 1179 1702 1208 incredulita-

919 1244 960 1271 te;
986 1238 1032 1266 sed
1066 1243 1153 1270 neque
1181 1233 1294 1261 omnino
1320 1239 1367 1259 eos
1393 1233 1536 1256 aversatus
1556 1230 1613 1259 est;
1639 1231 1701 1251 nam

919 1286 987 1321 ipsis
1000 1284 1082 1312 etiam
1101 1289 1148 1316 per
1163 1288 1213 1308 nos
1233 1281 1325 1313 aperta
1337 1281 1379 1305 est
1393 1280 1470 1311 porta
1491 1273 1600 1306 salutis,
1617 1272 1639 1299 si
1653 1280 1703 1298 vo-

919 1331 1065 1363 luerint,et
1082 1335 1128 1355 eos
1138 1326 1185 1361 qui
1199 1333 1230 1352 ex
1244 1325 1285 1352 eis
1299 1324 1327 1350 in
1344 1327 1466 1350 nostram
1490 1320 1595 1347 intrant
1610 1318 1705 1344 Eccle-

920 1378 988 1406 siam
1001 1383 1062 1403 cum
1071 1374 1170 1409 gaudio
1192 1371 1309 1405 accipit;
1325 1376 1378 1397 non
1390 1368 1463 1396 enim
1487 1365 1659 1394 offenderunt
1675 1367 1706 1390 ut

921 1424 1028 1454 cadant.
1044 1421 1092 1449 sed
1104 1425 1134 1448 ut
1147 1427 1192 1454 per
1205 1426 1281 1446 suam
1297 1416 1427 1444 olTensam
1444 1413 1518 1442 salus
1536 1412 1614 1439 nobis
1629 1411 1707 1445 prius

921 1469 1069 1499 incredulis
1093 1465 1243 1497 adveniret,
1257 1467 1286 1491 ut
1299 1464 1357 1491 zelo
1374 1461 1566 1490 accendantur,
1579 1462 1606 1485 et
1621 1457 1654 1484 ad
1667 1457 1706 1484 εἱ-

922 1517 1013 1544 milem
1028 1514 1173 1541 trahantur
1183 1511 1308 1541 salutem,
1319 1508 1373 1536 nisi
1386 1507 1483 1535 oculos
1497 1505 1628 1533 habentes
1651 1511 1705 1530 non

78 1562 208 1596 γένηται,
228 1562 268 1593 είς
285 1561 316 1587 τὸ
337 1561 534 1596 παραζηλῶσαι
555 1560 655 1589 αὐτοὺς
676 1559 722 1585 καὶ
739 1558 806 1593 πρὸς

994 1565 1044 1592 int,
1067 1563 1095 1586 et.
1107 1565 1187 1585 aures
1202 1557 1333 1584 habentes
1347 1561 1400 1581 non
1423 1551 1548 1582 audiant,
1562 1558 1597 1577 ne
1614 1549 1707 1576 viden-
1735 1566 1737 1570 .

79 1610 180 1644 ὁμοίαν
191 1607 396 1642 ἐφελκύσασθαι
411 1608 559 1641 σωτηρίαν,
569 1606 595 1632 εἴ
604 1614 636 1640 γε
647 1606 684 1640 μὴ
696 1605 758 1636 τοὺς
769 1604 872 1638 ὀφθαλ-

82 1657 154 1691 μοὺς
173 1655 285 1685 ἑκόντες
307 1654 416 1688 μύουσι,
437 1653 485 1696 καὶΖ
500 1654 534 1679 τὰ
555 1650 612 1679 ὦτα
629 1651 748 1686 βύουσιν,
764 1651 808 1677 ἵνα
835 1650 872 1686 μὴ

83 1702 188 1731 ἰδόντες
209 1700 258 1726 καὶ
280 1699 446 1730 ἀκούσαντες
469 1699 517 1725 καὶ
537 1697 732 1728 πιστεύσαντες
752 1697 871 1723 σωθῶσι.

82 1748 142 1774 Καὶ
165 1745 357 1781 παραπλήσιόν
383 1754 410 1771 τι
437 1745 562 1779 γέγονεν,
592 1743 686 1778 ὥσπερ
711 1743 744 1769 ἂν
775 1742 800 1769 εί
830 1751 872 1774 τις

85 1793 186 1824 σκεῦος
211 1793 240 1818 ἐν
264 1791 353 1826 ἐαυτῷ
375 1792 467 1826 πηγὴν
493 1790 584 1817 ἐλαίου
600 1789 682 1824 φέρον
710 1790 757 1816 ἐπὶ
773 1790 874 1824 θάτερα

84 1840 298 1875 παρασκευάσει
314 1837 401 1864 νεύειν
411 1845 418 1852 ·
434 1837 464 1863 τὸ
477 1837 505 1863 δὲ
520 1836 630 1871 δαψιλὲς
644 1835 675 1862 τὸ
689 1835 778 1870 ῥεῦμα
794 1835 874 1869 ἀφιὲν

85 1887 117 1913 οὐ
136 1886 169 1912 τὸ
184 1885 254 1919 πρὸς
268 1884 282 1910 ὃ
296 1883 368 1910 νεύει
387 1883 476 1918 μόνον,
492 1882 559 1909 ἀλλὰ
572 1883 619 1908 καὶ
633 1882 663 1908 τὸ
675 1882 771 1916 ἓτερον
784 1881 875 1915 πλημ-

88 1932 216 1966 μυρῆσαν
236 1928 403 1956 κατακλύσει
426 1929 526 1962 piper
542 1929 558 1963 ἡ
575 1927 629 1962 γὰρ
650 1928 697 1954 ἐπὶ
717 1927 763 1954 τοῦ
789 1936 875 1961 προσ-

87 1976 210 2012 κυνητοῦ
238 1975 363 2009 σώματος
391 1974 511 2005 Musae;
537 1974 591 2000 τῶν
619 1973 700 2000 θείων
725 1973 876 2007 οἰκτιρμῶν

87 2023 137 2049 ἐπὶ
155 2021 190 2049 τὰ
204 2021 269 2056 ἔθνη
293 2020 421 2052 νεύσασα,
441 2018 496 2046 οἷον
520 2019 573 2045 τῶν
594 2019 730 2046 Ἰουδαίων
753 2019 877 2053 ὠθησάν-

88 2078 157 2100 των,
175 2068 206 2094 οὐ
226 2067 281 2093 τῶν
296 2066 381 2093 ἐθνῶν
401 2066 480 2100 μόνον
495 2066 558 2096 τοὺς
581 2065 790 2096 πιστεύσαντας,
809 2064 878 2091 ἀλλὰ

89 2114 216 2144 καὶτοὺς
231 2112 262 2144 ἐξ
280 2111 416 2138 Ἰουδαίων
440 2110 671 2144 συμπεριέλαεεν.
690 2119 699 2136 ‹
724 2109 815 2144 Ἐδόθη
833 2117 878 2143 μοι

90 2162 170 2188 πᾶσα
188 2159 299 2193 ἐξουσία
315 2159 342 2184 ἐν
362 2158 470 2192 οὐρανῷ
492 2158 540 2184 καὶ
562 2157 606 2183 ἐπὶ
621 2158 684 2191 γῆς.
706 2165 714 2181 ι
733 2157 813 2182 Ἐστι
830 2156 878 2182 καὶ

91 2204 166 2232 κατὰ
179 2205 210 2230 τδ
226 2204 395 2238 ἀνθρώπινον
410 2204 505 2237 νοῆσαι
520 2202 617 2228 τοῦτο·
634 2203 666 2237 ἣν
683 2202 736 2237 γὰρ
751 2203 878 2234 ἐξουσίαν

91 2252 131 2281 ὡς
149 2251 216 2281 Θεὸς
237 2250 267 2282 ἐξ
289 2249 375 2276 ἀϊδίου
397 2247 466 2284 εἶχε,
486 2249 533 2275 καὶ
555 2249 604 2283 τὴν
632 2249 746 2283 δύναμιν
768 2249 814 2275 καὶ
830 2248 879 2282 τὴν

92 2296 174 2328 δόξαν
191 2296 239 2322 καὶ
254 2295 284 2322 τὸ
297 2295 494 2329 ὑπερουράνιον
513 2294 580 2328 ὖψος
594 2295 642 2321 καὶ
657 2295 687 2320 τὸ
710 2294 818 2329 ἀξίωμα
834 2294 881 2320 νῦν

93 2342 232 2376 λαμϐάνει
258 2341 296 2372 ὡς
316 2341 470 2375 ἄνθρωπος.
492 2339 586 2374 Ἐδόθη
610 2348 655 2373 μοι
678 2339 767 2366 τοίνυν
791 2341 823 2367 ὲκ
837 2349 882 2366 νε-

96 2388 172 2423 κρῶν
184 2386 346 2419 ἀναστάντι,
360 2387 438 2420 φησι,
453 2386 529 2413 πᾶσα
543 2386 651 2417 ἐξουσία
664 2386 693 2411 ἐν
706 2385 814 2420 οὐρανῷ
835 2386 884 2412 καὶ

96 2435 146 2460 ἐπὶ
158 2433 222 2467 γῆς.
240 2432 298 2458 Οὐκ
320 2432 360 2458 ἐτι
382 2431 520 2466 βασιλεύει
536 2431 587 2465 τῆς
603 2431 704 2465 σαρκὸς
719 2433 732 2457 ὁ
746 2431 862 2463 θάνατος
874 2440 882 2449 ·

95 2480 127 2506 τὸ
140 2479 197 2512 γὰρ
222 2477 320 2512 θνητὸν
337 2476 422 2511 αὐτῆς
444 2476 497 2503 ὑπὸ
511 2477 559 2511 τῆς
574 2476 647 2510 ζωῆς
672 2477 700 2502 ἐν
723 2476 784 2510 ἐμοὶ
807 2485 886 2503 κατε-

96 2524 181 2559 πόθη.
197 2524 256 2550 οὐκ
269 2523 311 2549 ἔτι
325 2521 440 2557 τελευτὴ
453 2522 501 2548 καὶ
524 2522 615 2548 τελεία
630 2522 706 2556 λῆξις
719 2523 732 2548 δ
748 2522 863 2554 θάνατος
876 2531 884 2539 ο

97 2571 114 2605 ὴ
132 2571 188 2604 γὰρ
200 2569 334 2600 ἀθάνατος
351 2568 409 2602 ζωὴ
424 2568 519 2594 τοῦτον
536 2569 565 2595 ἐν
591 2569 654 2603 ἐμοὶ
667 2569 814 2601 διεδέξατο,
838 2570 887 2596 καὶ

98 2616 132 2642 δι’
149 2615 218 2649 ἐμοῦ
234 2615 336 2646 πάντες
349 2614 374 2640 οἱ
387 2613 512 2645 θανόντες
527 2614 567 2645 εἷς
582 2613 655 2649 ζωὴν
674 2614 884 2649 μεταῦήσονται.

100 2648 200 2689 Οὐκέτι
220 2661 331 2693 καθέξει
347 2661 382 2688 τὰ
404 2661 520 2696 σώματα
535 2662 591 2688 τῶν
613 2648 749 2688 θανδντων
833 2662 885 2696 γῆς

100 2708 114 2734 ὁ
129 2708 262 2736 θάνατος·
284 2706 338 2741 ἐγὼ
357 2707 412 2742 γὰρ
430 2707 460 2733 τὸ
482 2708 598 2742 γηγενὲς
613 2707 678 2742 ἐμὸν
693 2707 772 2742 σῶμα
785 2709 841 2738 τοῖς
859 2709 886 2734 ἐν

101 2754 228 2788 οὐρανοῖς
245 2752 402 2787 ἐνθρονίσω,
418 2753 466 2779 καὶ
481 2753 531 2779 σὺν
541 2753 615 2787 αὐτῷ
629 2753 684 2778 τῶν
700 2753 823 2787 οὐρανῶν
836 2752 885 2787 βαι

103 2798 218 2826 σιλεύων
234 2797 384 2833 ἐλεύσομαι
401 2798 483 2825 πάλιν
499 2798 547 2824 καὶ
565 2798 651 2834 κρινῶ
665 2799 756 2825 πᾶσαν
771 2799 821 2833 τὴν
835 2799 887 2834 γῆν

139 2889 162 2905 ’⁸
178 2888 277 2914 Matth.
297 2894 390 2918 sunt,
415 2887 456 2912 l8.
497 2887 517 2902 °"
539 2886 603 2913 iliid.

923 1614 963 1635 tes
976 1612 1002 1633 et
1025 1605 1169 1632 audientes
1186 1607 1213 1630 et
1235 1601 1379 1628 credentes
1410 1597 1478 1626 salvi
1503 1597 1579 1623 ﬁant.
1593 1595 1706 1622 Factum

921 1657 962 1680 est
977 1651 1088 1687 perinde
1103 1657 1134 1677 ac
1148 1649 1171 1677 si
1187 1649 1232 1683 qui
1249 1654 1296 1674 vas
1314 1646 1342 1673 in
1369 1644 1516 1677 semetipso
1541 1641 1640 1668 fontem
1655 1639 1706 1666 olei

924 1685 1013 1726 lere-ns
1027 1697 1060 1724 ad
1075 1696 1140 1723 illud
1151 1701 1234 1729 super
1245 1693 1298 1720 alia
1313 1689 1513 1719 infundendum
1528 1694 1558 1714 se
1572 1685 1707 1719 accingat,

923 1746 1064 1779 copiosum
1080 1745 1171 1769 autem
1181 1739 1312 1766 ﬂuentum
1328 1736 1390 1764 inde
1404 1734 1519 1762 eﬂusum
1532 1740 1586 1759 non
1601 1735 1706 1757 tantum

923 1776 1026 1826 partem
1042 1787 1085 1815 cui
1099 1786 1258 1814 instillatur,
1271 1783 1319 1810 sed
1331 1782 1411 1809 etiam
1426 1780 1538 1807 alterum
1554 1776 1710 1805 redundans

925 1836 1036 1866 abluat;
1051 1841 1113 1860 nam
1129 1832 1243 1867 abyssus
1255 1829 1408 1857 divinarum
1420 1824 1668 1854 misericordiarum
1683 1822 1711 1848 in

926 1881 1055 1910 adorabili
1089 1885 1205 1914 corpore
1243 1879 1368 1904 contenta
1405 1874 1432 1900 in
1469 1876 1564 1907 gentes
1598 1869 1710 1899 dill‘usa.

925 1928 1026 1956 Judaeis
1043 1929 1137 1961 utpote
1155 1921 1366 1957 refragantibus,
1380 1927 1434 1946 non
1462 1921 1566 1944 tantum
1591 1922 1640 1942 eos
1664 1914 1711 1948 qui

927 1960 1099 2002 crediderunt
1112 1978 1143 1998 ex
1159 1969 1294 2005 gentibus,
1307 1967 1354 1995 sed
1366 1965 1448 1993 etiam
1460 1963 1550 1991 ﬁdeles
1564 1969 1595 1989 ex
1611 1960 1714 1987 Jtttla'ls

927 2010 1142 2053 comprehendit.
1163 2025 1172 2041 ι
1187 2015 1251 2041 Data
1265 2017 1307 2040 est
1332 2011 1398 2038 mihi
1425 2009 1514 2037 omnis
1540 2012 1660 2042 potestas
1684 2005 1715 2032 in

928 2066 997 2094 coelo
1014 2069 1041 2091 et
1055 2065 1080 2091 in
1098 2069 1180 2090 terra.
1199 2070 1208 2086 ι
1223 2059 1285 2087 llaec
1298 2056 1448 2086 secundum
1465 2059 1592 2082 naturam
1615 2053 1712 2078 Illlllla-

928 2120 990 2139 nam
1008 2114 1073 2138 sunt
1087 2107 1264 2142 accipienda;
1284 2112 1346 2131 nam
1363 2109 1443 2136 quam
1461 2106 1490 2128 ut
1502 2100 1573 2126 Deus
1589 2099 1624 2125 ab
1634 2103 1715 2124 :eter-

929 2165 965 2184 no
992 2160 1153 2190 potestatem
1183 2153 1289 2184 habuit,
1306 2154 1333 2176 et
1359 2149 1486 2175 virtutem
1506 2150 1533 2173 et
1561 2145 1672 2179 gloriam
1689 2147 1716 2169 et

931 2202 1068 2230 coelestem
1082 2198 1270 2228 celsitudinem
1286 2201 1313 2223 et
1325 2196 1493 2230 dignitatem,
1510 2199 1583 2219 nttne
1596 2196 1623 2216 ιιι
1634 2190 1716 2216 homo

932 2248 1040 2282 accipit.
1064 2247 1135 2274 Dixit
1151 2253 1227 2279 ergo,
1243 2243 1308 2270 Data
1327 2246 1368 2269 est
1394 2239 1491 2267 millia
1512 2237 1626 2266 mortuis
1643 2236 1716 2262 redi-

932 2295 992 2321 viro
1005 2293 1095 2320 omnis
1110 2296 1232 2327 potestas
1259 2291 1285 2316 in
1303 2289 1372 2316 caelo
1386 2292 1412 2314 et
1427 2287 1454 2314 in
1471 2291 1553 2313 terra.
1566 2283 1625 2311 1am
1643 2290 1717 2309 mors

933 2346 1102 2373 nequaquam
1113 2337 1186 2364 carni
1201 2336 1330 2370 imperat;
1347 2341 1408 2360 nam
1421 2332 1492 2367 quod
1511 2331 1570 2366 ejus
1579 2335 1636 2356 erat
1650 2336 1719 2355 mur-

933 2385 986 2412 tale
1001 2385 1086 2416 avita
1110 2382 1137 2408 in
1160 2389 1202 2407 me
1219 2381 1379 2414 absorptum
1407 2378 1469 2405 luit.
1485 2375 1544 2403 Jam
1564 2382 1638 2402 mors
1664 2382 1717 2400 non

933 2435 974 2458 est
990 2437 1050 2457 sors
1063 2429 1157 2456 ultima
1183 2432 1210 2454 et
1224 2427 1331 2458 ﬁnalis;
1349 2425 1423 2453 illam
1442 2424 1514 2452 enim
1528 2423 1554 2450 in
1577 2430 1619 2448 me
1643 2429 1719 2448 rece-

935 2478 974 2512 pit
992 2476 1045 2502 vita
1071 2473 1245 2505 immortalis,
1265 2477 1292 2499 et
1307 2479 1354 2506 per
1382 2479 1425 2497 me
1442 2476 1536 2496 omnes
1565 2466 1664 2494 mortui
1691 2466 1718 2492 in

935 2523 1016 2549 vitam
1031 2520 1195 2548 transibunt.
1207 2518 1268 2546 Jam
1284 2525 1358 2544 mors
1371 2525 1424 2544 non
1441 2514 1590 2550 possidebit
1609 2514 1635 2540 iu
1649 2517 1720 2539 terra

935 2575 1050 2602 corpora
1073 2569 1325 2597 mortuorum;ego
1354 2562 1427 2589 enim
1459 2566 1594 2588 terrenum
1623 2565 1722 2591 corpus

936 2622 1026 2642 meum
1046 2613 1072 2640 in
1090 2611 1193 2639 caelesti
1221 2616 1320 2644 ponam
1335 2608 1421 2641 solio';
1436 2611 1463 2633 et
1490 2614 1551 2633 cum
1572 2612 1604 2631 eo
1625 2610 1722 2638 regens

938 2660 1059 2688 cmlestia
1073 2665 1182 2686 rursum
1196 2656 1300 2683 veniam
1310 2660 1335 2682 et
1345 2653 1473 2689 iudicabo
1490 2659 1598 2678 omnem
1610 2657 1720 2679 terram,

941 2713 970 2733 ut
986 2714 1032 2733 rex
1050 2703 1185 2736 universi;
1200 2706 1226 2729 et
1246 2701 1344 2735 dignos
1366 2699 1475 2734 quidem
1493 2702 1572 2724 terrae
1590 2696 1615 2722 in
1633 2704 1663 2721 ea
1682 2703 1722 2719 rt»-

941 2753 1073 2786 linquam,
1088 2757 1158 2786 quos
1170 2747 1334 2782 verojustos
1351 2746 1500 2772 invenerim
1515 2750 1576 2768 cum
1592 2742 1648 2768 suis
1662 2748 1724 2766 cor-

941 2798 1052 2833 poribus
1067 2797 1094 2824 in
1117 2795 1215 2824 cmlum
1239 2800 1389 2825 assumam,
1405 2794 1433 2818 et
1456 2796 1566 2824 regnum
1592 2787 1723 2814 caelorum
