1882 3070
214 114 264 145 ιὲἶ

855 116 1045 145 υιιιςιὶυιιιι
1066 116 1227 145 ΡΑΙΑΛΜΞΕ

1784 117 1837 148 488

215 170 289 195 cuitn‘
306 168 412 204 Moyses
435 167 461 195 in
484 172 605 195 montem
622 168 805 203 quadraginta
821 169 926 196 dierqu
944 169 996 202 egit

1061 169 1260 197 κισ-πάσασθαι
1275 171 1324 205 τὴν
1340 171 1435 206 ὀργήν.
1449 172 1482 199 Τί
1502 171 1565 203 τοὺς
1583 172 1754 208 Ἰσραηλίτας
1769 175 1839 200 (ἀνα⁴

212 215 357 250 jejunium,
370 219 396 241 rt
410 222 470 241 cum
497 214 552 241 Deo
570 222 618 249 pro
631 223 729 249 genere
744 219 921 242 conversatus
935 220 976 242 est
989 224 996 248 ;

214 263 285 287 unde
302 268 355 287 non
369 260 551 291 tnanufactas,
567 261 613 287 sed
631 261 716 295 digito
734 261 778 288 Dei
794 261 910 294 scriptas
921 269 999 287 acce-

212 305 250 339 pit
279 305 397 336 tabulas,
429 308 455 331 et
490 305 672 332 descendebat
699 310 811 339 portans
841 305 942 331 donum
964 304 998 331 ad

212 351 361 378 Israelitas.
377 350 430 377 Sed
452 358 513 377 cum
532 351 627 384 procul
653 351 816 385 percepisset
832 359 864 377 ex
881 350 998 377 tumultu

211 403 237 424 (ιι
259 396 387 423 obscenis
400 396 566 423 clamoribus
586 405 631 424 eos
648 397 788 429 inebriari,
811 396 928 423 dicens:
947 396 999 423 Vo-

210 450 269 469 cem
289 442 428 469 ebriorum
445 442 536 473 audio,
551 442 610 469 illos
624 442 752 476 judicans
773 441 883 476 indigne
898 441 998 468 tabulis

211 497 294 523 opere
308 489 353 515 Dei
367 487 447 514 factis
463 492 488 514 et
502 489 622 522 scriptis,
639 489 688 515 has
705 488 856 522 confregit;
874 493 937 514 tunc
950 487 999 514 ad-

211 544 307 562 versus
328 544 374 563 eos
390 538 472 564 armis
487 537 598 564 instruit
611 537 685 563 viros
703 543 818 570 quorum
840 542 916 561 mens
937 534 999 561 vino

213 590 266 608 non
283 583 390 610 turbata
407 583 503 616 fuerat,
518 583 563 617 qui
583 583 663 610 etiam
683 583 764 609 deum
787 582 925 608 ebriorum
943 588 998 607 non

212 629 405 660 rordlarerant,
421 634 448 656 ct
467 630 564 656 horutn
581 637 632 663 ope
650 629 726 663 plura
744 628 843 655 occidit
857 627 952 658 millia,
973 631 999 653 et

211 675 250 701 sic
272 675 386 708 placavit
409 676 494 702 Deum
511 676 676 702 sobriorutn.
692 673 724 700 Et
742 681 837 701 rursus
849 673 999 700 ascendens

211 721 278 747 alias
294 722 390 748 detulit
406 721 524 753 tabulas,
539 721 664 747 similiter
675 719 784 754 quidem
798 719 925 753 scriptas,
944 725 998 744 non

210 773 301 794 autem
324 768 441 800 similes;
459 775 521 794 nam
543 775 575 794 ex
603 766 728 794 inferiori
754 765 869 792 materia
888 769 998 792 consta~

212 815 287 841 bant.

1052 216 1124 248 ξίους
1137 217 1249 251 ἐποίησε
1261 218 1316 244 τῶν
1333 218 1490 254 θεοδμήτων
1507 218 1638 251 nitatem;
1656 219 1706 254 οὐχ
1719 221 1735 254 ἡ
1749 220 1838 255 μέθῃ

1057 263 1173 293 Ἀναϐὰς
1186 264 1239 298 γὰρ
1254 263 1267 289 ό
1279 264 1398 297 Μωῦσῆς
1412 266 1452 295 εἰς
1467 265 1496 291 τὸ
1507 264 1569 298 ὅρος
1581 267 1839 300 τεσσαρακονθῆμε-

1053 314 1099 341 ρον
1121 304 1172 341 ἦγε
1193 307 1334 342 νηστείαν,
1352 309 1400 334 καὶ
1427 309 1465 344 τῷ
1490 309 1550 344 Θεῷ
1571 310 1642 343 ὑπὲρ
1670 311 1717 336 τοῦ
1744 311 1839 344 γένους

1051 352 1149 386 ὡμίλει
1163 361 1169 367 ·
1195 353 1255 379 ὅθεν
1275 354 1321 380 καὶ
1345 355 1572 389 ἀχειροποιήτους
1594 356 1704 386 πλάκας
1730 357 1839 389 ἐδέξατο

1051 395 1175 431 δακτύλῳ
1195 397 1263 423 Θεοῦ
1280 400 1488 433 γεγραμμένας,
1504 401 1550 426 καὶ
1567 401 1725 435 κατήρχετο
1748 401 1840 434 φέρων

1051 441 1101 476 τὴν
1117 442 1221 473 δωρεὰν
1246 443 1303 474 τοῖς
1330 444 1525 479 Ἰσραηλίταις.
1549 445 1594 477 Ὠς
1611 446 1640 471 δὲ
1660 447 1707 471 καὶ
1728 446 1839 481 πόρρω-

1051 487 1097 512 θεν
1118 487 1216 522 ᾔσθετο
1242 489 1397 521 μεθυόντων
1424 491 1477 516 ἀπὸ
1501 490 1549 516 τοῦ
1577 490 1695 525 θορύϐου
1714 491 1760 518 καὶ
1786 491 1838 524 τῆς

1051 534 1170 567 ἀσὲμνου
1186 535 1322 573 κραυγῆς,
1348 545 1357 561 ι
1377 537 1481 571 Φωνῆς,
1499 537 1594 570 είπὼν,
1613 538 1768 572 μεθυόντων
1783 538 1840 571 ἐγὼ

1051 578 1154 612 ἀκούω,
1175 588 1184 604 ›
1207 580 1333 611 ἀναξίους
1356 581 1454 612 αὐτοὺς
1475 582 1571 614 κρίνας
1595 582 1650 607 τῶν
1669 581 1840 615 αὑτοχεὶρως

1050 624 1088 658 τῷ
1104 624 1162 659 Θεῷ
1184 625 1229 650 καὶ
1251 626 1443 660 γεγενημένων
1460 627 1507 652 καὶ
1534 628 1747 661 γεγραμμένων,
1773 634 1838 652 συν-

1050 671 1135 705 τρίϐει
1154 671 1203 704 μὲν
1219 672 1267 702 τὰς
1284 672 1389 702 πλάκας
1407 672 1527 706 ὲκείνας,
1543 673 1650 704 ὁπλίζει
1664 673 1693 698 δὲ
1714 672 1773 698 κατ’
1789 672 1839 697 αὖ·

1050 717 1104 742 τῶν
1118 716 1180 747 τοὺς
1199 716 1236 750 μὴ
1254 717 1322 751 μέθῃ
1338 717 1386 748 τὰς
1400 718 1503 752 φρένας
1522 718 1753 750 σεσαλευμένους,
1769 716 1838 750 μηδὲ

1053 763 1206 797 μεθυόντων
1227 763 1286 789 θεον
1306 763 1527 796 ἀναπλάσαντας,
1552 764 1599 790 καὶ
1623 764 1728 790 κτείνει
1741 762 1775 789 δι’
1791 762 1839 787 αὺ-

1051 809 1104 836 τῶν
1119 809 1219 840 πολλὰς
1236 809 1369 844 χιλιάδας,
1385 810 1431 836 καὶ
1444 810 1530 841 οὕτως
1547 809 1716 845 ὲξευμενίζει
1728 809 1774 835 τὸν
1786 807 1839 833 τῶν

210 861 350 895 νηφόντων
369 860 445 887 Θεόν.
482 861 537 886 Καὶ
555 859 636 886 πάλιν
666 859 764 894 ἐτέρας
794 858 896 890 ἀναϐὰς
921 855 1073 890 καταφέρει
1097 855 1216 888 πλάκας,
1242 857 1440 892 γεγραμμένας
1465 856 1515 890 μὲν
1538 856 1652 891 ὁμοίως,
1678 855 1772 881 οὐκέτι
1811 854 1840 880 δὲ

209 907 306 942 ὁμοίας
317 914 324 921 ·
340 907 371 932 ἐκ
388 906 441 940 γὰρ
459 906 510 939 τῆς
528 905 647 931 κάτωθεν
661 903 732 938 ἦσαν
750 904 827 938 ὕλης.

247 952 340 978 V'iden‘
351 951 488 986 qttomodo
503 950 565 977 inde
578 950 612 976 al)
623 950 734 983 antiquo
747 954 868 982 tempore
878 947 997 974 ebrietas
1014 949 1035 978 Β

210 997 355 1023 exhibetur
381 995 507 1022 letifera?
534 998 636 1029 quanta
659 994 836 1021 damnatione
853 994 946 1027 digna,
971 996 997 1018 et

209 1041 347 1076 quornodo
363 1041 386 1068 ei
403 1040 510 1067 deditos
526 1040 588 1067 fecit
600 1040 724 1075 indignos
741 1040 820 1066 donis
838 1040 883 1066 Dl'i
901 1044 927 1066 et
943 1040 996 1065 vita

210 1087 361 1122 pra’sellli?
377 1086 502 1114 Ebrietas
528 1088 633 1114 dmino"
655 1091 695 1113 est
714 1087 879 1121 corporalis,
894 1086 998 1119 cogita-

210 1133 314 1160 tionum
344 1133 507 1165 subversio,
539 1132 664 1167 corporis
695 1132 815 1164 solutio,
841 1132 895 1158 vita
921 1131 998 1166 pcjor

210 1186 310 1211 morte,
340 1179 386 1206 Dei
408 1179 561 1206 avcrsionis
587 1186 679 1205 causa.
707 1178 793 1212 Majus
818 1179 932 1212 insuper
956 1181 998 1205 est

211 1226 312 1252 malum
331 1225 462 1260 quOniam
479 1233 530 1252 nos
549 1229 625 1251 arcet
642 1232 657 1251 ιι
671 1224 726 1250 vita
747 1232 761 1250 a
778 1224 831 1250 Dco
850 1224 997 1258 promissa.

215 1281 226 1296 ι
247 1271 366 1303 Ebriosi,
381 1272 420 1297 ait
437 1271 597 1304 Apostolus,
622 1278 737 1304 regnum
757 1269 803 1296 Dei
828 1277 882 1297 non
909 1269 998 1304 possi-

211 1311 316 1344 debunt
329 1317 361 1342 '°.
378 1326 387 1342 ι
413 1316 483 1348 Quid
503 1321 594 1342 autem
616 1316 783 1343 fornicatio?
801 1315 934 1350 Egressus
958 1319 1000 1342 est

213 1362 259 1388 Dei
281 1362 398 1396 populus
422 1370 455 1388 et
473 1361 591 1396 Egypto
618 1361 730 1388 omnino
755 1362 815 1388 sine
843 1362 945 1393 armis;
973 1366 998 1388 et

214 1414 383 1436 armatorum
401 1409 552 1436 multitudo
572 1409 647 1436 illum
666 1409 892 1444 persequebatur.
915 1408 999 1443 Igitur

211 1463 274 1482 cum
303 1455 335 1482 ad
362 1463 436 1482 mare
462 1455 637 1482 advenissent
653 1455 680 1482 hi
704 1455 847 1491 fugientes,
877 1455 915 1483 illi
936 1463 1000 1491 per-

213 1505 378 1534 sequentes,
408 1501 528 1534 potentia
557 1505 584 1527 et
609 1501 747 1527 voluntate
776 1500 841 1532 Dei,
869 1502 943 1536 virga
974 1506 1001 1529 et

213 1553 296 1572 manu
314 1545 427 1580 Moysis,
443 1547 564 1580 utrisque
591 1554 665 1573 mare
681 1555 711 1574 se
732 1547 834 1580 divisit,
857 1547 918 1574 aliis
937 1547 1000 1582 qui-

212 1592 274 1618 dem
291 1592 406 1619 scissum
426 1592 453 1618 in
481 1592 570 1618 medio
595 1597 667 1625 patet
682 1598 708 1620 et
726 1597 813 1619 tutum
834 1592 881 1619 dat
899 1593 1000 1620 transi-

213 1642 282 1668 tum,
299 1637 368 1664 alios
384 1642 475 1664 autent
494 1643 689 1672 persequentes
705 1638 824 1666 reﬂuens
840 1639 954 1671 invadit,
972 1642 999 1666 et

214 1687 337 1708 mortuos
351 1682 448 1709 vicinis
463 1682 520 1709 oris
540 1682 680 1714 restituit;
699 1683 768 1709 alios
782 1678 895 1716 quidem.
913 1683 997 1710 armis

213 1734 316 1754 vat-uos
333 1728 437 1761 optime
452 1732 574 1754 armatos
594 1727 732 1759 exhibuit,
757 1728 825 1754 alios
842 1736 906 1755 vero
925 1729 1000 1755 omni

214 1773 294 1800 modo
326 1774 476 1800 instructos
509 1773 589 1807 ejecit
615 1778 749 1800 mortuos.
781 1773 851 1806 Quid
881 1774 1001 1802 deinde?

213 1819 380 1846 Pet-currunt
405 1819 480 1846 locos
502 1823 529 1845 et
550 1818 676 1852 regiones
703 1824 760 1846 tum
791 1819 916 1852 refertas,
942 1825 998 1847 tum

213 1865 333 1891 deem-tas
348 1864 446 1891 incolis
461 1864 644 1898 invincibiles,
657 1867 818 1899 superantes
840 1873 888 1892 eos
903 1873 999 1892 omnes

211 1910 259 1944 qui
285 1910 346 1937 ausi
371 1909 473 1937 fuerint
492 1910 637 1938 obsistere.
657 1910 710 1937 Sed
735 1915 764 1937 ut
789 1911 945 1938 inciderunt
971 1911 998 1938 iu

213 1954 435 1987 fornicationem,
455 1961 595 1990 tantopere
614 1956 676 1982 victi
694 1955 814 1988 fuerunt,
836 1962 864 1982 ut
880 1961 944 1983 tunc
970 1957 997 1982 in

212 2000 284 2028 bello
300 2002 431 2036 perierint
447 2002 556 2036 triginta
573 2002 623 2028 tria
645 2001 738 2028 millia.
757 2001 819 2028 ldco
832 2001 932 2028 Paulus
949 2010 999 2028 no-

213 2047 265 2078 bis,
291 2056 301 2073 ς
313 2046 402 2074 Nolite
418 2047 559 2078 fornicari.
580 2047 680 2080 inquit.
698 2048 770 2074 sicut
784 2048 894 2081 quidam
911 2055 943 2074 ex
957 2048 998 2075 cis

212 2093 338 2119 fornicati
355 2097 429 2125 sunt,
446 2098 473 2120 et
487 2093 646 2120 ceciderunt
663 2093 689 2119 iu
710 2101 762 2120 una
778 2094 822 2121 die
839 2094 932 2129 viginti
946 2095 996 2122 tria

213 2138 297 2163 millia
310 2137 344 2164 “.
362 2147 371 2163 ι
391 2138 424 2164 Et
440 2138 491 2166 nisi
508 2139 653 2166 zelavisset
667 2138 795 2172 Phiuees,
812 2144 839 2165 et
854 2147 905 2166 una
918 2139 997 2174 plaga

212 2189 273 2209 cum
288 2184 434 2211 meretrice
450 2186 648 2217 turpitudinem
668 2190 828 2219 operantem
842 2185 996 2218 occidisset,

211 2231 240 2254 et
255 2228 356 2254 malum
367 2236 498 2256 coercens
513 2230 595 2256 Dt‘unl
610 2232 755 2264 placasset,
774 2239 867 2258 omnes
880 2232 998 2259 interiis-

1090 945 1162 972 Ἀλλ’
1185 946 1266 979 ὁρᾶτε
1292 945 1366 976 ὅπως
1389 945 1420 971 ὲκ
1448 944 1566 971 παλαιοῦ
1601 944 1795 980 θανατηφόρον
1822 946 1838 979 ἡ

1051 990 1142 1026 μέθη;
1172 991 1260 1025 πόσης
1287 991 1350 1023 ἀξία
1374 991 1535 1025 καταδίκης,
1559 991 1606 1017 καὶ
1630 991 1690 1022 πῶς
1709 991 1839 1022 ἀναξίους

1049 1039 1122 1063 ποιεῖ
1136 1038 1199 1068 τοὺς
1214 1038 1374 1072 χρωμένους
1390 1037 1437 1063 καὶ
1450 1037 1504 1064 τῶν
1524 1038 1554 1063 ὲκ
1567 1036 1635 1063 Θεοῦ
1653 1038 1776 1072 δωρεῶν,
1793 1039 1839 1064 καὶ

1048 1084 1098 1116 τῆς
1117 1083 1259 1118 παρούσης
1283 1082 1377 1117 Cio-71;;
1399 1082 1478 1116 Μέθη
1503 1082 1610 1116 δαίμων
1632 1083 1709 1109 ἐστὶν
1733 1083 1838 1115 ἔνυλος,

1049 1129 1214 1164 παρατροπὴ
1229 1128 1380 1162 λογισμῶν,
1395 1129 1550 1163 παράλυσις
1562 1129 1700 1164 σώματος,
1717 1128 1837 1156 θανάτου

1049 1175 1147 1210 χείρων
1170 1175 1237 1209 ζωὴ,
1262 1174 1439 1209 ἀποστροφῆς
1463 1174 1530 1200 Θεοῦ
1555 1175 1681 1209 ἀφορμή.
1696 1175 1736 1201 Τδ
1760 1176 1788 1201 δέ
1808 1184 1838 1208 γε

1051 1221 1143 1255 μεῖξον
1158 1221 1242 1247 κακὸν
1260 1221 1300 1246 ὅτι
1315 1221 1364 1246 καὶ
1381 1220 1431 1255 τῆς
1452 1221 1660 1256 ἐπηγγελμένης
1676 1221 1756 1256 παρὰ
1771 1221 1838 1247 Θεοῦ

1050 1266 1122 1300 ζωῆς
1137 1266 1212 1292 ἐστιν
1228 1265 1419 1300 ἀλλοτρίωσιςο
1441 1275 1450 1292 ι
1468 1267 1588 1293 Μέθυσοι
1610 1266 1676 1300 γὰρ,
1697 1268 1778 1301 φησὶ,
1793 1267 1840 1301 βα-

1051 1312 1154 1339 σιλείαν
1177 1312 1246 1339 Θεοῦ
1272 1313 1303 1339 οὖ
1328 1313 1574 1348 κληρονομήσουσι,
1594 1323 1603 1339 ι
1626 1314 1660 1340 Τί
1688 1314 1717 1340 δὲ
1741 1315 1759 1349 ἡ
1776 1322 1840 1348 πορ-

1049 1360 1127 1391 νείας
1149 1359 1278 1394 Ἐξῆλθεν
1298 1360 1312 1386 ὁ
1333 1361 1395 1387 τότε
1409 1359 1474 1387 λαὸς
1498 1359 1545 1386 τοῦ
1560 1359 1627 1386 Θεοῦ
1644 1360 1674 1392 EE
1699 1360 1840 1393 Αἰγύπτου

1050 1405 1224 1432 παντάπασιν
1243 1405 1350 1438 ἄοπλοι,
1367 1406 1415 1433 καὶ
1438 1405 1554 1432 ὁπλιτῶν
1578 1405 1691 1437 τούτους
1707 1405 1841 1431 ἐπεδίωκε

1050 1451 1163 1487 πλῆθος.
1183 1451 1229 1483 Ὦς
1246 1449 1294 1478 οὖν
1311 1451 1392 1487 μέχρι
1408 1450 1458 1486 τῆς
1482 1450 1622 1486 θαλάσσης
1641 1449 1736 1486 ἦλθον,
1750 1452 1775 1477 οι
1792 1450 1840 1485 μὲν

1051 1498 1209 1534 φεύγοντες,
1221 1498 1246 1524 οί
1261 1498 1289 1523 δὲ
1300 1498 1456 1529 διώκοντες,
1470 1497 1583 1530 δυνάμει
1598 1497 1646 1523 καὶ
1659 1496 1742 1531 βουλῇ
1760 1495 1838 1525 Θεοῦ.

1051 1546 1098 1572 καὶ
1116 1546 1206 1581 ῥάδδῳ
1224 1546 1271 1572 καὶ
1288 1545 1359 1580 χειρὶ
1383 1545 1516 1577 Μωσέως,
1536 1543 1641 1578 διχάζει
1662 1543 1731 1577 πρδς
1749 1543 1840 1576 ἁμιξο-

1051 1592 1147 1626 τέρους
1163 1592 1284 1622 ἐκείνους
1306 1592 1323 1626 ἡ
1341 1590 1473 1623 θάλασσα,
1494 1590 1611 1620 καὶτοῖς
1629 1588 1678 1624 μὲν
1702 1588 1842 1621 ὑποχωρεῖ

1012 1623 1035 1654 C
1053 1623 1192 1673 σχισθεϊσα
1208 1639 1291 1672 μέση,
1305 1623 1353 1664 καὶ
1367 1637 1484 1672 πάροδον
1500 1636 1642 1662 ἀκίνδυνον
1656 1635 1751 1662 δίδωσι
1764 1642 1773 1651 ο
1788 1635 1842 1664 τοῖς

1050 1684 1079 1710 δὲ
1105 1683 1322 1710 καταδιώκουσιν
1352 1682 1550 1719 ὲπιρῤεύσασα,
1572 1681 1687 1716 νεκροὺς
1706 1683 1765 1712 τοῖς
1787 1681 1841 1714 γείο

1050 1738 1126 1756 τοσιν
1140 1730 1275 1763 αἰγιαλοῖς
1290 1729 1405 1761 ἐκείνοις
1419 1729 1534 1761 ἐξέδωκε
1548 1737 1555 1743 “
1569 1728 1616 1755 καὶ
1639 1728 1704 1758 τοὺς
1724 1728 1841 1756 ἀόπλους

1052 1776 1220 1807 πανοπλίτας
1232 1775 1368 1809 ἀπέδειξε,
1382 1776 1582 1806 σκυλεύσαντας
1593 1776 1656 1805 τοὺς
1673 1773 1839 1809 ὲκδρασθέν-

1050 1829 1101 1853 τας
1124 1821 1250 1855 νεκρούς.
1269 1819 1337 1847 Εἶτα.
1361 1821 1407 1854 τί;
1425 1821 1584 1856 Διέρχονται
1607 1821 1706 1851 τόπους
1724 1821 1772 1845 καὶ
1792 1820 1840 1852 γὼ-

1053 1875 1101 1900 ρας
1120 1867 1282 1901 οίκουμένας
1303 1867 1351 1893 καὶ
1381 1867 1526 1902 ἀοικήτους
1548 1867 1690 1901 ἀήττητοι,
1710 1865 1840 1894 νικῶντες

1051 1912 1134 1947 218
1153 1914 1258 1944 πάντας
1280 1913 1343 1943 τοὺς
1360 1913 1608 1946 ἀντιτεταγμένους
1630 1912 1732 1942 αὐτοῖς.
1756 1911 1801 1941 Ὠς
1814 1911 1838 1935 Et

1050 1958 1164 1992 πορνείᾳ
1182 1959 1333 1989 ὐπέπεσαν,
1350 1959 1396 1984 ὲπὶ
1412 1958 1539 1984 τοσοῦτον
1556 1956 1723 1992 ἡττήθησαν,
1739 1956 1779 1987 ὡς
1793 1957 1839 1981 καὶ

1050 2003 1200 2030 ἀποθανεῖν
1216 2004 1244 2029 ἐν
1261 2003 1300 2037 τῷ
1316 2003 1427 2037 πολέμῳ
1449 2003 1576 2038 πάραυτα
1593 2002 1654 2028 τότε
1674 2001 1838 2036 εἰκοσιτρεῖς

1049 2049 1186 2084 χιλιάδας.
1206 2049 1252 2076 Διὸ
1268 2050 1313 2076 καὶ
1330 2050 1343 2075 ὀ
1362 2049 1467 2080 Παῦλος
1491 2049 1558 2084 πρὸς
1578 2049 1662 2082 ἡμᾶς.
1679 2057 1687 2073 ι
1708 2048 1754 2081 Μὴ
1773 2055 1838 2080 πορ-

1049 2096 1153 2128 νεύετε,
1180 2095 1258 2131 φησὶ,
1285 2095 1376 2126 καθώς
1390 2103 1462 2126 τινες
1476 2095 1565 2121 αὑτῶν
1588 2095 1770 2128 ἐπόρνευσαν,
1795 2092 1838 2119 καὶ

1050 2141 1147 2168 ἔπεσον
1161 2142 1190 2167 ὲν
1205 2141 1255 2176 μιᾷ
1271 2140 1362 2175 ἡμέρᾳ
1386 2141 1549 2174 εἰκοσιτρεῖς
1566 2140 1694 2174 χιλιάδες.
1713 2148 1722 2164 ›
1742 2140 1797 2165 Καὶ
1814 2137 1837 2163 εῐ

1051 2186 1088 2222 μὴ
1107 2186 1201 2217 Φινεὲς
1218 2186 1355 2221 ζηλώσας,
1372 2187 1419 2213 καὶ
1443 2187 1492 2221 μιᾷ
1506 2186 1598 2220 πληγῇ
1618 2185 1687 2219 μετὰ
1703 2185 1752 2219 τῆς
1772 2193 1836 2218 πορ-

1048 2226 1199 2271 νευομένης
1224 2233 1437 2261 συναποκτείνας
1450 2232 1495 2258 τον
1510 2231 1540 2257 τὸ
1562 2231 1647 2265 μύσος
1668 2230 1836 2264 κατεργαζό-

211 2277 284 2303 seut,
311 2274 470 2300 omnimodo
495 2275 589 2301 tentati
611 2275 650 2301 ira
677 2275 723 2302 Dei
747 2281 858 2310 propter
875 2276 996 2304 fornica—

1061 2286 1143 2312 ιενον,
1157 2278 1205 2304 καὶ
1219 2278 1398 2310 ἀναχαιτίσας
1422 2278 1470 2311 τὴν
1487 2278 1586 2311 πρᾶξιν
1607 2275 1772 2308 ἑξιλεώσατο
1795 2276 1835 2301 τὸν

212 2318 295 2344 tionis
316 2319 501 2352 iniquitatem.
520 2319 604 2346 l‘orro
630 2321 708 2347 istam
727 2321 781 2348 Dco
794 2321 917 2348 odiosam
932 2322 995 2349 libi-

212 2363 303 2390 dinem
319 2364 346 2390 in
365 2364 442 2392 nobis
456 2367 587 2400 grassari,
605 2367 667 2400 quis
684 2368 788 2394 nescit?
805 2367 891 2395 Nemo
904 2374 994 2396 autent

212 2410 260 2444 qui
286 2410 421 2443 cohibeat,
446 2411 502 2438 fere
532 2419 582 2438 nec
607 2413 691 2438 tilium
717 2418 804 2447 pater,
834 2422 885 2441 nec
913 2413 996 2442 frater

213 2455 336 2489 fratrem,
363 2464 413 2483 nec
434 2458 540 2483 amicus
561 2459 693 2490 anticum;
720 2457 776 2485 imo
803 2460 928 2494 suntqui
951 2467 998 2486 co-

212 2509 370 2538 operantur,
393 2504 458 2530 licet
480 2505 579 2531 clamet
605 2505 776 2538 Apostolus:
803 2514 812 2530 ‹
831 2504 899 2532 Cum
920 2505 997 2539 ejus-

212 2549 286 2575 modi
315 2557 365 2576 nec
389 2549 482 2576 cibum
501 2557 609 2576 sumere
626 2550 658 2576 ι’.
676 2559 686 2575 ι
704 2550 850 2584 Propterea
869 2555 956 2577 morte
970 2554 998 2577 et

213 2595 340 2622 universa
365 2597 487 2631 peru.cie
510 2604 604 2623 omnes
627 2596 700 2631 digni
730 2604 835 2624 sumus.
853 2597 888 2623 At
904 2597 926 2623 si
944 2597 999 2624 for-

211 2642 310 2668 nicalio
329 2642 374 2668 tali
391 2647 418 2668 et
433 2647 507 2669 tanta
532 2647 574 2669 est
599 2643 774 2669 damnatione
789 2643 881 2677 digna;
897 2647 998 2677 quanto

211 2689 298 2720 magis
314 2687 441 2714 adulterii
459 2688 588 2715 facinus?
612 2689 689 2722 Quod
710 2697 760 2716 nec
788 2696 873 2715 unum
890 2694 994 2716 tantum

213 2735 254 2758 \'cl
274 2736 351 2766 duos,
369 2734 416 2760 sed
431 2739 501 2762 totas
517 2735 614 2762 domos
630 2740 656 2762 et
678 2736 747 2761 Vitas
766 2736 896 2770 integras,
912 2740 995 2762 totus—

251 2824 270 2837 ’⁵
291 2823 374 2850 Ι(Ἳ«›Γ.
395 2833 431 2854 γι,
452 2825 492 2851 ill,
534 2827 553 2840 “
572 2826 656 2852 ltior.
674 2832 700 2855 ς,
716 2825 741 2851 8.
784 2825 803 2839 "
823 2825 830 2850 l
848 2826 911 2852 Cor.
929 2834 955 2860 ν,
971 2827 996 2853 8.

1049 2323 1127 2355 Θεὸν,
1146 2323 1198 2349 κᾶν
1223 2323 1323 2354 πάντες
1353 2322 1503 2354 ἀπώλοντο,
1530 2321 1664 2355 παγγενεὶ
1687 2321 1736 2356 τῆς
1762 2321 1836 2349 Θείας

1049 2368 1135 2402 ὀργῆς
1157 2367 1335 2402 πειραθέντες
1356 2367 1400 2393 διὰ
1417 2367 1466 2402 τὴν
1490 2367 1539 2400 τῆς
1562 2367 1693 2400 πορνείας
1718 2371 1836 2398 παρανο-

1053 2415 1127 2448 μίαν.
1149 2414 1194 2440 Ἑν
1213 2414 1277 2448 ὑμῖν
1290 2414 1317 2440 δὲ
1339 2414 1380 2440 ὅτι
1398 2415 1447 2448 μὲν
1468 2413 1619 2448 ἐνεργεῖται
1644 2412 1674 2438 τὺ
1691 2411 1835 2444 θεοστυγὲς

1050 2459 1129 2485 τοῦτο
1150 2459 1246 2492 πάθος,
1262 2459 1303 2490 τίς
1317 2460 1366 2485 οὐκ
1387 2458 1440 2485 οἶδε
1454 2467 1460 2490 ;
1480 2459 1509 2484 Ὀ
1523 2459 1550 2484 δὲ
1569 2457 1681 2484 κωλύων
1694 2457 1793 2487 οὐδεὶς,
1806 2455 1834 2480 οὐ

1052 2506 1135 2531 παῖδα
1150 2505 1243 2540 σχεδὸν
1257 2506 1350 2540 πατήρ
1362 2513 1368 2520 ·
1385 2506 1433 2531 οὐκ
1447 2506 1560 2539 ἀδελφὸς
1573 2503 1702 2538 ἁδελφόνο
1716 2504 1745 2529 οὐ
1762 2503 1834 2535 φίλος

1053 2552 1146 2586 φίλον·
1171 2551 1225 2578 εἰσὶ
1251 2552 1279 2578 δὲ
1306 2551 1330 2578 οἳ
1357 2553 1403 2579 καὶ
1428 2552 1645 2586 συμπράττωσι,
1678 2550 1763 2576 καίτοι
1790 2546 1834 2573 τοῦ

1059 2598 1221 2624 ’Δποστόλου
1243 2598 1368 2631 λέγοντος
1383 2606 1389 2612 ·
1405 2607 1413 2623 ι
1434 2599 1497 2629 Τοῖς
1521 2596 1653 2627 τοιούτοις
1678 2595 1744 2630 μηδὲ
1759 2601 1831 2619 συνε-

1055 2643 1138 2670 σθίειν
1149 2652 1155 2660 ι
1175 2653 1184 2669 ι
1200 2643 1243 2670 διὰ
1259 2644 1338 2669 τοῦτο
1354 2644 1470 2670 θανάτου
1494 2643 1541 2669 καὶ
1558 2641 1747 2674 πανωλεθρίας
1767 2648 1831 2665 πιν-

1052 2698 1097 2720 τες
1115 2689 1197 2723 ἐσμὲν
1212 2689 1294 2721 ἄξιοι.
1311 2690 1342 2715 Εἰ
1355 2690 1383 2715 δὲ
1403 2691 1418 2724 ἡ
1433 2690 1546 2724 πορνεία
1560 2688 1697 2721 τοσαύτης
1722 2686 1768 2712 καὶ
1786 2692 1829 2709 τοι⁴

1050 2735 1136 2770 αυτης
1150 2735 1297 2769 καταδίκης
1310 2735 1383 2769 ἀξία,
1402 2736 1477 2770 πόσῳ
1492 2735 1591 2770 μᾶλλον
1605 2734 1635 2760 τὸ
1647 2734 1696 2768 τῆς
1714 2732 1830 2766 impia;
