1882 3070
56 144 107 175 ἐξ)

707 134 878 171 ἰιοιιιῖιιλ
898 142 1033 172 xxxtx.

1629 149 1682 180 490

55 203 140 235 ἇγος;
158 202 172 227 ὃ
189 201 259 236 μηδὲ
273 201 333 227 καθ’
348 201 394 227 Eva.
417 200 524 234 μόνονῆ
543 199 599 232 δύο,
618 198 684 225 ἀλλὰ
696 199 744 225 καὶ
753 199 812 225 οῗκο

912 206 952 232 [ue
965 199 1084 226 familias
1102 199 1246 227 traditione
1260 208 1433 236 percurrens,
1447 205 1517 240 rapit
1531 210 1557 232 et
1570 206 1681 235 inutiles

54 248 142 279 ὅλους,
158 248 207 272 καὶ
230 246 306 281 βίους
325 247 414 278 ὅλους,
430 246 477 272 καὶ
489 246 538 276 τὰς
562 245 633 272 κατὰ
648 244 729 279 σῶμα
745 252 846 277 συγγε-

55 293 128 323 νείας
156 293 205 319 καὶ
229 293 354 327 διαδοχὰς
378 292 506 326 κατασκᾷ
530 300 558 318 τε
589 291 636 317 καὶ
662 291 777 325 ἀχρειοϊ,
798 289 847 320 τὰς

55 339 145 373 ψυχας
161 339 217 373 πρὸ
237 339 340 365 τούτων
361 339 532 373 ἁναμὲστους
549 337 668 369 ποιῆσαν
692 336 783 370 πάσης
798 344 847 362 κα-

55 385 117 414 xta;
139 384 189 411 καὶ
208 384 350 418 πονηρίας.
372 383 402 410 '0
427 383 519 418 μέντοι
537 382 635 417 φθόνος
647 382 728 415 φόνου
748 380 848 415 γεννή-

55 439 112 464 τωρ
130 429 181 462 ὦν,
210 430 272 456 ἐπεὶ
286 430 335 457 καὶ
351 429 386 456 δι’
410 429 493 456 αὑτὸν
517 428 566 463 τὴν
589 428 676 462 ἀρχὴν
705 426 848 462 ἄνθρωπος

56 477 127 509 ἔγνω
154 476 204 502 τοῦ
231 476 347 503 θανάτου
370 475 420 511 τὴν
445 476 553 510 πεῖραν,
580 473 775 507 ἀδελφοκτόνον
801 472 848 498 τὸν

56 524 126 550 Κάῑν
153 524 396 558 ἀπεργασάμενον,
426 523 485 554 πῶς
511 522 542 548 οὐ
567 522 681 548 θάνατον
705 521 752 547 καὶ
773 520 800 546 ei
821 528 848 546 τι

57 570 177 596 θανάτου
205 572 296 605 χεῖρον
318 570 425 596 δικαίαν
439 568 558 604 ἔχειτὴν
583 567 748 600 καταδίκην;
772 567 805 592 Ἦ
819 566 848 592 δὲ

57 617 147 651 κλοπὴ
163 616 247 642 πάλιν
260 617 344 642 πόσον
361 615 507 650 παροξύνει
523 614 606 646 Θεόν;
632 613 675 639 Ἑν
688 612 727 647 τῷ
739 611 847 646 παλαιῷ

58 664 149 696 ’Λχαρ
167 660 201 696 ἦν
217 662 296 696 μόνος
308 663 322 688 ὁ
343 661 452 695 κλέψας,
467 661 514 687 καὶ
531 662 545 687 ὸ
563 659 676 695 στρατὸς
694 659 767 690 ἄπας
785 659 847 693 ὑςρί-

57 717 139 734 στατο
155 708 208 742 τὴν
221 707 340 742 πληγὴν,
357 707 408 738 ἕως
423 707 632 742 ἐρευνήσαντες,
649 706 680 733 ἐκ
706 706 790 740 μέσου
809 705 849 732 λι-

55 756 255 791 θιϐολὴσαντες
270 756 315 782 τὸν
331 756 490 790 ἁμαρτόντα
506 754 649 790 ἐποίησαν.
777 792 779 795 π

96 803 226 837 Ἐγράφη
243 802 272 828 δὲ
295 801 379 828 ταῦτα
395 802 485 828 πάντα
505 801 573 836 πρὸς
594 800 736 827 νουθεσίαν
756 800 846 835 ἡμῶν,

56 849 100 876 ἵνα
117 840 156 883 μὴ
170 849 228 880 τοῖς
244 848 336 879 αὐτοῖς
360 848 572 887 περιπίπτοντες
589 847 784 882 ἁμαρτήμασι,
799 846 847 873 καὶ

898 243 975 276 l‘acit,
991 252 1107 279 quarum
1123 247 1229 274 animas
1244 249 1319 275 omni
1336 249 1437 276 malitia
1453 255 1480 277 et
1501 253 1682 285 perversitate

898 289 1016 317 refertas
1047 290 1138 319 allicit.
1159 291 1257 320 Verum
1284 301 1346 320 cum
1375 295 1477 322 invidia
1503 297 1680 325 homicidium

898 336 1043 369 parturiat,
1058 336 1184 371 equidem
1201 345 1250 372 per
1266 346 1324 365 eam
1340 340 1422 367 homo
1437 343 1564 375 cognovit
1577 350 1590 368 a
1607 343 1682 377 prin—

897 380 968 415 cipio
988 383 1083 409 mortis
1095 383 1284 416 tentatiuncm.
1301 389 1328 412 et
1345 385 1410 412 Cain
1428 386 1516 414 factus
1533 393 1576 415 est
1591 389 1682 416 fratri-

899 426 970 454 cida.
987 426 1133 459 Quomodo
1151 436 1204 456 non
1221 435 1335 457 mortem
1354 431 1395 458 vel
1414 432 1480 466 quid
1498 433 1574 468 pejus
1595 440 1683 462 morte

897 472 1000 506 justam
1015 473 1096 500 habet
1114 474 1340 503 damnationem?
1357 477 1470 505 Furtum
1487 484 1576 506 autem
1594 488 1683 515 quan-

901 524 956 545 tutn
966 519 1085 547 divinam
1104 521 1225 549 stimulat
1243 523 1428 551 iracuttdiami
1446 525 1476 552 in
1491 526 1573 553 veteri
1588 526 1684 555 Testa-

899 569 993 592 mento
1019 565 1110 592 Achar
1140 571 1199 593 erat
1216 568 1293 596 solus
1323 569 1369 602 qui
1394 570 1500 599 furatus
1526 572 1625 604 luerat.
1656 577 1683 601 et

899 612 974 637 totus
991 611 1130 638 exercitus
1156 613 1262 647 plagam
1288 614 1409 647 pertulit,
1430 615 1517 643 donec
1540 617 1683 652 inquiren-

900 658 940 681 tes
964 659 1135 689 peccatorcm
1162 664 1176 684 e
1207 658 1298 686 medio
1316 659 1452 694 lapidibus
1478 662 1606 690 obrutum
1627 664 1685 700 eje-

899 701 1013 730 cissent.
1361 710 1364 716 ι

935 793 997 822 Haec
1016 799 1106 822 autem
1123 797 1213 824 omnia
1230 799 1331 833 scripta
1346 805 1410 827 sunt
1425 801 1456 828 ad
1477 802 1684 832 instructionem

901 845 1035 874 nostram,
1053 849 1086 869 ne
1110 843 1136 869 in
1152 844 1245 870 eadem
1264 851 1375 879 peccata
1394 848 1564 882 decidentes,
1582 851 1609 878 in
1627 860 1688 879 eas-

56 896 117 926 ταίς
131 895 229 925 αὐταῖς
249 894 421 926 καταδίκαις,
441 893 542 928 μᾶλλον
556 892 585 919 δὲ
605 893 652 919 καὶ
672 893 786 928 χείροσι,
802 901 812 919 ν

912 886 964 913 lem
989 886 1180 916 damnationes
1205 889 1248 916 vel
1273 890 1354 917 etiam
1377 892 1403 919 in
1431 894 1538 928 pejores
1565 903 1686 925 nosmet-

55 941 275 975 θυποϐάλλωμεν
300 941 428 971 ἑαυτούς’
457 940 579 976 μείζονος
597 939 660 974 ἱγὰρ
676 941 692 975 ἢ
713 940 802 966 ὲκετνο
819 939 849 966 τὸ

54 988 134 1020 γένος
162 987 327 1018 ἀξιωθέντες
353 987 404 1021 τῆς
424 985 500 1017 θείας
520 986 686 1020 ἐπισκοπῆς,
718 985 850 1020 μειζόνων

52 1034 142 1067 ἐσμὲν
155 1034 228 1066 ἄξιοι
249 1034 372 1068 πληγῶν,
394 1033 419 1059 εί
435 1033 473 1068 μη
488 1033 660 1068 φυλάττομεν
673 1032 784 1064 ἑαυτοὺς
797 1031 852 1058 τῶν

55 1081 110 1107 ὑπὸ
134 1081 206 1106 Θεοῦ
226 1081 466 1115 ἀπῆγορευμένων
492 1079 644 1113 ἁνωτέρονς
667 1078 770 1105 κακῶν.
790 1087 800 1103 ι
819 1076 851 1103 Εί

56 1128 112 1161 γὰρ
132 1128 146 1153 ὸ
159 1126 194 1152 δι’
213 1126 339 1158 ἀγγέλων
355 1125 483 1161 λαληθεὶς
505 1124 584 1159 λόγος
600 1125 707 1158 ἐγένετο
730 1123 850 1158 βέϐαιος,

55 1174 105 1200 καὶ
128 1173 208 1199 πᾶσα
231 1172 389 1208 παράϐασις
409 1171 456 1198 καὶ
478 1171 608 1207 παρακοὴ
627 1170 725 1196 ἔλαϐεν
748 1169 853 1196 ἔνδικον

56 1219 289 1254 μισθαποδοσίαν,
321 1219 380 1249 πῶς
405 1219 487 1252 ἡμεῖς
514 1216 713 1251 ἐκφευξόμεθα,
738 1216 822 1250 φησιν
838 1216 852 1242 ὁ

62 1265 249 1296 ’Λπόστολος,
278 1263 446 1299 τηλικαύτης
473 1262 663 1298 ἀμελήσαντες
694 1263 850 1297 σωτηρίαςς

54 1313 119 1346 ἥτις
134 1311 225 1347 ἀρχὴν
241 1310 362 1337 λαϐοῦσα
386 1309 526 1336 λαλεῖσθαι
541 1308 584 1335 διὰ
604 1308 650 1335 τοῦ
667 1307 782 1343 Κυρίου,
799 1307 852 1334 ὑπὸ

56 1359 112 1384 τῶν
128 1357 309 1383 ἀκουσάντων
323 1357 363 1387 είς
375 1356 448 1390 ἡμᾶς
470 1355 632 1389 ἐϐεϐαιώθη,
651 1362 853 1389 συνεπιμαρτυ-

57 1405 172 1439 ροῦντος
188 1403 235 1429 τοῦ
253 1402 322 1429 Θεοῦ
339 1402 462 1437 σημείοις
475 1401 523 1428 καὶ
538 1401 644 1436 τέρασι,
661 1401 708 1428 καὶ
726 1401 852 1436 Πνεῦμα-

55 1460 103 1482 τος
121 1450 204 1485 ἁγίου
222 1450 369 1484 μερισμοῖς
390 1449 438 1475 καὶ
461 1447 598 1479 ποικίλαις
620 1448 763 1482 δυνάμεσι,
781 1447 851 1474 κατὰ

55 1498 107 1531 τὴν
125 1495 212 1523 αὐτοῦ
227 1496 346 1530 θέλησιν.
364 1504 374 1520 ›
390 1495 490 1529 Διόπερ
508 1493 632 1525 ’Δνανίας
644 1494 692 1520 καὶ
707 1493 851 1528 Σαπφείρα

901 931 977 967 ipsos
998 933 1209 967 prtecipitemus.
1236 936 1301 963 Nam
1320 937 1422 971 majore
1437 947 1518 974 quam
1535 941 1573 968 illi
1597 942 1688 970 chari-

902 984 956 1006 tate
984 979 1088 1013 donati,
1113 981 1262 1016 majoribus
1293 991 1388 1012 suntus
1424 985 1497 1021 digni
1529 989 1687 1024 sappiiciis,

903 1024 956 1051 nisi
981 1032 1031 1052 nos
1055 1026 1243 1054 custodiamus
1268 1035 1282 1054 a
1306 1029 1385 1057 ntalis
1406 1038 1421 1057 a
1446 1031 1500 1059 Deo
1525 1034 1684 1067 prohibitis.

906 1079 917 1096 ι
937 1070 964 1098 Si
974 1072 1058 1105 enim,
1070 1078 1098 1100 ut
1116 1073 1153 1099 ait
1169 1073 1383 1110 Apestolus,qui
1406 1085 1453 1112 per
1470 1080 1580 1113 angelos
1598 1081 1686 1110 dictus

901 1120 943 1144 est
960 1125 1067 1151 sermo,
1090 1118 1178 1146 factus
1196 1124 1237 1148 est
1257 1121 1363 1155 ﬁrmus,
1391 1128 1418 1150 et
1443 1126 1539 1152 omnis
1559 1129 1688 1160 prmvari-

902 1164 973 1190 catio
988 1169 1015 1191 et
1032 1165 1217 1193 inobedientia
1234 1167 1340 1202 accepit
1360 1168 1462 1203 justam
1489 1173 1623 1200 mercedis
1643 1181 1688 1201 re-

903 1211 1091 1244 tributionem,
1102 1213 1239 1246 quomodo
1256 1221 1305 1241 nos
1327 1214 1498 1250 ellugiemus,
1512 1218 1533 1245 si
1548 1223 1689 1255 tantopere

903 1255 1103 1290 neglexerimus
1124 1257 1258 1285 salutem?
1273 1258 1338 1291 Qua:
1362 1268 1424 1288 cum
1442 1262 1550 1289 initiunt
1567 1266 1690 1299 accepis-

903 1306 946 1329 set
967 1302 1088 1329 enarrari
1114 1310 1162 1337 per
1181 1303 1325 1332 Dominum
1347 1307 1382 1333 ab
1401 1307 1440 1335 cis
1464 1309 1511 1343 qui
1531 1310 1687 1346 audierunt,

904 1347 930 1374 in
949 1355 1001 1376 nos
1026 1349 1187 1378 conﬁrmata
1207 1355 1258 1384 est,
1280 1357 1451 1382 contestante
1478 1354 1534 1383 Deo
1561 1357 1646 1392 signis
1662 1364 1690 1386 et

903 1395 1048 1428 portentis,
1077 1400 1105 1423 et
1130 1395 1250 1430 Spiritus
1277 1399 1365 1426 sancti
1395 1400 1635 1432 distributionibus
1662 1409 1711 1432 ct-

905 1441 988 1468 variis
1007 1441 1163 1476 virtutibus,
1182 1443 1332 1471 secundum
1355 1453 1432 1473 suam
1452 1447 1619 1477 voluntatem
1636 1451 1684 1478 η.)

904 1486 1087 1519 Quamobrem
1099 1487 1220 1516 Anauias
1233 1495 1259 1517 et
1270 1490 1402 1525 Sapphira
1412 1493 1458 1527 qtti
1471 1501 1524 1521 non
1537 1495 1562 1522 in
1577 1496 1685 1531 alienis,

56 1545 108 1570 οὐχ
125 1545 155 1569 ὲν
180 1544 239 1574 τοῖς
263 1541 425 1578 ἀλλοτρίοις,
444 1540 502 1567 ᾶιλλ⁹
525 1541 555 1566 ὲν
577 1540 633 1572 τοῖς
658 1539 771 1572 οἰκείοις
802 1548 812 1566 ’1

912 1533 952 1560 sed
970 1534 996 1561 in
1010 1535 1129 1569 propriis
1143 1536 1247 1564 furtum
1263 1540 1472 1572 commiserunt,
1486 1548 1598 1577 pr0pter
1612 1552 1688 1572 men-

55 1589 165 1624 κλοτιὴν
182 1588 380 1622 ἐργασάμενοι,
403 1586 447 1613 διὰ
462 1586 493 1613 τὸ
514 1585 622 1621 ψεῦδος,
640 1585 653 1612 ὃ
667 1585 792 1612 σύνεστιν
807 1586 852 1612 ἀεὶ

56 1638 90 1671 τῇ
109 1635 213 1670 κλοπῇ,
229 1632 412 1660 θανατοῦνται
428 1632 503 1668 παρὰ
517 1631 563 1659 τοῦ
578 1632 692 1667 Πέτρου,
709 1631 810 1667 μᾶλλον
824 1631 853 1657 δὲ

58 1682 140 1716 παρὰ
161 1680 210 1706 τοῦ
232 1679 310 1710 Θεοῦ,
327 1679 396 1713 πρὸς
412 1679 440 1705 ὃν
463 1686 546 1713 φησιν
560 1678 574 1704 6
596 1678 738 1713 προφήτης
755 1677 850 1704 Δαϐίδ-

62 1739 71 1754 ι
99 1726 228 1757 ’Λπολεῖς
245 1726 348 1756 πάντας
364 1724 427 1755 τοὺς
452 1723 601 1755 λαλοῦντας
614 1723 645 1749 τὸ
665 1722 772 1758 ψεῦδος.
790 1732 800 1748 ι
823 1722 853 1749 ’0

60 1774 88 1800 δὲ
107 1771 218 1802 Παίλος
242 1770 280 1805 τῷ
300 1770 407 1804 Σατανᾷ
425 1768 592 1803 παραδίδωσι
607 1767 652 1794 τὸν
676 1768 705 1794 ὲν
728 1767 853 1803 Κορίνθῳ

60 1817 268 1853 πορνεύσαντα,
285 1816 332 1842 καὶ
346 1816 402 1846 τοῖς
417 1813 572 1849 Κορινθίοις
585 1814 770 1848 παραγγέλλει
786 1814 853 1849 γρά-

60 1870 137 1899 φων·
159 1872 168 1889 ι
189 1862 236 1896 Τῷ
263 1860 377 1895 τοιούτῳ
401 1860 469 1895 μηδὲ
495 1860 658 1886 συνεσθίειν.
688 1869 698 1885 ι
723 1860 778 1886 Καὶ
803 1860 854 1886 οὐκ

58 1910 187 1944 ἐκύρωσε
204 1909 254 1943 τὴν
267 1907 389 1941 ἀγάπην,
407 1906 459 1937 ἕως
481 1905 603 1937 ἀποστὰς
620 1907 724 1937 ἐκεῖνος
738 1907 788 1941 τῆς
803 1914 854 1931 πο-

60 1957 152 1991 νηρᾶς
175 1955 313 1991 πράξεως,
341 1953 374 1980 δι’
393 1953 482 1987 ἔργων
506 1952 556 1986 τὴν
577 1953 722 1986 μετάνοιαν
747 1952 855 1978 ἐπεδεί-

61 2003 140 2035 ξατο.
158 2001 230 2034 Πρὸς
246 1999 274 2026 δὲ
298 1998 343 2024 τὸν
359 1997 526 2032 πλεονέκτην
546 1996 586 2029 ὃς,
600 1997 647 2031 τῆς
669 1997 760 2031 χώρας
774 1996 855 2030 εὐφοο

64 2047 216 2083 ρησάσης,
251 2044 282 2071 οὐ
310 2043 447 2071 διαδίδωσι
478 2043 535 2074 τοῖς
565 2042 602 2078 μὴ
631 2042 761 2077 ἔχουσ.ν,
788 2042 856 2068 ἀλλὰ

64 2092 200 2119 πλατύνει
223 2091 272 2122 τὰς
293 2089 445 2124 ἀποθήκας,
459 2089 486 2115 τί
502 2089 584 2123 φησιν
598 2089 627 2114 ὲν
650 2088 825 2122 Εὑαγγελίοις
842 2090 856 2115 ὁ

65 2140 193 2174 Κύρεαςς
211 2147 220 2163 ι
239 2137 354 2171 Ἀφρον,
380 2135 468 2170 ταύτῃ
484 2137 517 2171 τῇ
533 2135 611 2161 νυκτὶ
629 2134 678 2169 τὴν
699 2134 789 2170 ψυχήν
809 2143 855 2160 σου

63 2185 231 2214 ἀπαιτοῦσιν
245 2185 299 2211 ἀπὸ
316 2183 378 2210 σοῦ’
393 2182 411 2209 ἃ.
431 2182 459 2208 δὲ
475 2182 639 2216 ἡτοίμασας,
655 2182 708 2208 τίνι
725 2182 802 2208 ἔσται
816 2190 824 2214 ;
842 2191 851 2207 ι

64 2234 123 2260 Καὶ
147 2233 190 2258 ἴνα
208 2231 245 2267 μή
268 2239 310 2261 τις
335 2230 432 2264 νομίσῃ
460 2228 520 2255 καθ’
536 2227 595 2258 ἑνός
619 2236 692 2259 τινος
710 2225 779 2254 εἶναι
805 2227 855 2262 τὴν

67 2279 208 2312 ἀπόφασιν
225 2275 340 2310 ταύτην,
362 2276 476 2309 ἐπάγει·
496 2283 505 2300 ι
522 2273 615 2306 Οὕτως
640 2274 655 2300 ὁ
681 2273 855 2309 θησαυρίζων

66 2324 169 2359 ἐαυτῷ,
187 2322 233 2349 καὶ
251 2321 288 2357 μὴ
306 2323 345 2352 είς
358 2321 424 2347 Θεὸν
446 2319 580 2347 πλουτῶν.
601 2328 609 2344 ι
633 2319 728 2345 Καίτοι
744 2319 758 2345 ὁ
774 2319 856 2345 πλού-

67 2377 126 2400 σιος
141 2369 248 2398 ἐκεῖνος
263 2367 313 2393 οὐκ
333 2365 459 2392 ἐπλούτει
474 2364 557 2400 219
577 2364 606 2396 ἐξ
621 2364 744 2394 ἀδικίας·
760 2363 786 2390 τί
801 2364 855 2399 γὰρ

66 2417 170 2446 ἐκεῖνος
184 2413 324 2448 ἠδίκησεν,
341 2412 365 2437 εί
381 2412 397 2446 ἡ
412 2411 487 2446 χώρα
504 2410 586 2436 αὑτοῦ
602 2410 752 2444 εὐφόρησεν
764 2417 772 2442 ;
785 2409 854 2436 Ἀλλ’

66 2463 151 2496 ῑμως,
178 2461 220 2487 ὅτι
248 2459 300 2485 οὐκ
325 2459 459 2492 ἐχρήσατο
483 2457 516 2491 τῇ
543 2457 620 2491 παρὰ
647 2455 693 2481 τοῦ
711 2455 780 2482 Θεοῦ
805 2455 859 2482 τῶν

67 2508 241 2543 πραγμάτων
268 2504 386 2539 ἀφθονίᾳ.
412 2503 513 2535 καλῶς,
541 2502 609 2537 μηδὲ
632 2502 798 2536 ὲπλούτησεν
819 2502 858 2533 είς

69 2556 134 2580 θεὸν
154 2554 199 2580 διὰ
219 2552 267 2587 τῆς
295 2550 476 2586 μεταδόσεως,
497 2549 572 2581 ἄξιος
596 2547 714 2574 θανάτου
737 2547 858 2580 ἐγένετο,

69 2600 114 2625 τοῦ
133 2599 251 2625 πλούτου
277 2596 360 2632 μηδὲν
383 2595 566 2629 ἁπονάμενος.
592 2593 686 2628 Ἦμῶν
701 2592 729 2619 δέ
745 2593 814 2618 εἰσιν
833 2592 857 2618 οἳ

72 2646 109 2679 μὴ
122 2647 155 2671 τὰ
171 2645 283 2674 δααίως
299 2642 467 2676 ποριζόμενα
482 2640 573 2676 μόνον,
589 2639 656 2666 ἀλλὰ
672 2642 719 2665 καὶ
741 2639 790 2669 τὰς
804 2638 858 2664 ἀπὸ

71 2691 123 2716 τῶν
139 2689 257 2724 πτωχῶν
276 2689 404 2723 ἁρπαγὰς
422 2686 529 2722 ἔχουσιν
543 2687 571 2712 ἐν
583 2686 638 2716 τοῖς
656 2685 742 2716 οἴκοις
755 2684 856 2717 αὐτῶν,

72 2736 227 2767 πλεονεξίαν
252 2735 424 2769 ἀγαπῶντες,
445 2733 494 2767 τὴν
511 2732 642 2767 δευτέραν
664 2730 734 2757 κατὰ
753 2730 858 2757 Παῦλον

71 2781 311 2815 εἰδωλολατρείσιν·
338 2779 521 2814 φιλαργυρίαν
549 2777 701 2808 νοσοῦντες,
719 2776 768 2811 τὴν
789 2777 859 2802 πᾶν·

123 2870 145 2886 ¹³
163 2869 248 2898 llcbr.
267 2877 297 2901 ιι,
313 2869 341 2896 2.
380 2870 401 2885 ¹⁸
419 2869 491 2897 Psal.
510 2878 537 2904 ν,
554 2870 581 2898 6.

226 2918 363 2948 PATROL.
384 2920 404 2945 (ἶ
411 2928 440 2947 tt.
461 2919 518 2948 CLI

622 2869 668 2896 ιιι
684 2868 747 2896 Cor.
765 2875 790 2900 v,
806 2865 832 2894 5.

905 1578 1014 1606 decium
1032 1580 1107 1614 quod
1132 1588 1240 1623 semper
1267 1582 1340 1611 lurto
1363 1585 1552 1620 conjungitur,
1568 1595 1584 1615 a
1603 1588 1686 1617 Petro

904 1625 944 1651 vel
964 1625 1055 1659 potius
1078 1633 1094 1652 a
1123 1627 1176 1655 Deo
1201 1627 1335 1656 interfecti
1364 1636 1446 1664 sunt;
1473 1632 1534 1661 ideo
1559 1637 1689 1670 propheta

906 1669 991 1697 David
1020 1671 1054 1698 ad
1084 1671 1168 1699 Deum
1196 1672 1286 1702 dixit:
1303 1685 1313 1700 l
1339 1675 1437 1705 Perdes
1461 1685 1556 1708 omnes
1579 1669 1624 1716 qui
1650 1683 1692 1710 lo-

905 1721 1029 1750 quuntur
1040 1717 1214 1746 mendacium
1230 1719 1260 1746 “.
1275 1729 1284 1746 ι
1299 1719 1401 1750 Paulus
1413 1731 1478 1751 vero
1492 1724 1600 1754 Satanae
1611 1729 1693 1756 tradit

905 1761 1077 1790 Corinthium
1111 1764 1304 1793 fornicatoretn
1321 1787 1327 1798 ,
1345 1773 1372 1794 et
1401 1770 1511 1798 mandat
1541 1772 1692 1801 Corinthiis

906 1808 1029 1836 scribens
1045 1818 1052 1837 :
1072 1819 1082 1835 ι
1102 1810 1169 1837 Cum
1187 1812 1320 1846 ejusmodi
1338 1821 1387 1841 nec
1399 1815 1489 1843 cibum
1507 1824 1615 1846 sumere
1628 1821 1660 1847 ¹⁵.
1678 1829 1687 1846 ι

906 1853 999 1888 Neque
1016 1855 1137 1883 lirmavit
1156 1856 1319 1885 charitatem
1336 1860 1389 1887 nisi
1411 1866 1554 1896 postquam
1571 1864 1614 1891 ille
1626 1872 1692 1900 apo—

905 1905 976 1929 stata
993 1902 1123 1936 operibus
1141 1904 1351 1932 monstravisset
1368 1913 1444 1934 suam
1467 1909 1501 1936 de
1519 1909 1590 1937 iacto
1604 1913 1692 1946 ι)ωηὶ-

906 1948 1030 1976 tentiam.
1069 1950 1158 1976 Avaro
1187 1956 1276 1978 autem
1302 1952 1348 1986 qui
1377 1955 1449 1988 agris
1475 1955 1689 1985 exuberantibus

906 2001 1079 2029 nequaquam
1096 1996 1242 2030 egentibus
1255 1999 1451 2031 communicat,
1468 2001 1516 2028 sed
1533 2005 1613 2036 au'get
1626 2003 1690 2030 hor-

907 2047 964 2073 rea,
994 2041 1058 2075 quid
1084 2041 1151 2069 dicit
1179 2043 1205 2069 in
1224 2043 1375 2077 Evangeliis
1392 2045 1546 2073 Dominus?
1565 2056 1574 2073 (
1591 2047 1690 2081 Stulte,

908 2089 958 2115 hac
975 2094 1056 2115 nocte
1069 2089 1187 2116 animant
1202 2093 1275 2116 tuam
1293 2095 1414 2124 repetent
1429 2098 1443 2118 ³
1459 2096 1504 2124 te;
1521 2101 1581 2128 qua:
1596 2099 1687 2121 autem

907 2134 1021 2168 parasti,
1039 2135 1118 2169 cujus
1134 2135 1270 2162 erunt“?
1285 2144 1294 2161 ι
1321 2135 1355 2162 Et
1379 2144 1413 2163 ne
1433 2137 1494 2171 quis
1517 2139 1616 2173 cogitet
1641 2140 1691 2167 ad—

907 2187 1005 2206 versus
1032 2187 1118 2206 unum
1143 2180 1287 2213 quemdam
1316 2180 1374 2207 dari
1401 2182 1480 2209 istam
1505 2184 1667 2211 sententiam
1683 2206 1690 2218 ,

908 2225 1006 2252 addit:
1026 2234 1035 2250 ι
1058 2224 1104 2252 Sic
1123 2229 1164 2252 est
1184 2226 1230 2260 qui
1253 2226 1304 2253 sibi
1326 2228 1504 2260 thesaurizat,
1522 2235 1548 2256 et
1573 2238 1625 2257 non
1642 2239 1690 2265 pro

909 2270 964 2297 Deo
980 2274 1022 2297 est
1037 2271 1122 2298 dives.
1144 2280 1153 2296 ι
1170 2272 1296 2298 Attamen
1317 2271 1393 2299 dives
1411 2273 1454 2300 ille
1470 2282 1639 2310 nequaquam
1656 2284 1689 2303 ex

909 2315 1039 2349 injustttia
1053 2315 1233 2349 locupletatus
1249 2317 1352 2349 fuerat;
1369 2325 1432 2344 nam
1446 2318 1510 2352 quid
1527 2319 1689 2353 injustitiam

909 2360 1020 2388 fecisset
1037 2360 1080 2387 cui
1097 2361 1154 2395 agri
1173 2361 1270 2388 uberes
1286 2361 1392 2390 fructus
1408 2363 1615 2391 ferebant?Sed
1628 2366 1692 2399 quia

911 2405 994 2432 rebus
1005 2406 1063 2432 suis
1078 2414 1092 2432 a
1109 2406 1162 2433 Dcu
1173 2407 1199 2433 in
1214 2415 1311 2441 magna
1329 2409 1407 2442 copia
1422 2410 1542 2442 acceptis
1556 2417 1609 2436 non
1624 2411 1692 2437 bene

911 2451 1050 2482 utebatur,
1072 2458 1122 2478 nec
1143 2451 1168 2477 in
1185 2451 1270 2478 Deum
1286 2453 1362 2479 dives
1381 2457 1440 2479 erat
1457 2453 1516 2480 illas
1538 2454 1599 2482 aliis
1618 2462 1694 2481 cotu-

910 2496 1090 2529 municando,
1107 2497 1206 2531 dignus
1228 2502 1316 2525 morte
1335 2497 1424 2526 factus
1444 2505 1502 2532 cst,
1521 2500 1623 2527 divitiis
1639 2502 1693 2527 nti-

909 2544 984 2570 nime
998 2543 1217 2578 proﬁcientibus.
1245 2544 1283 2570 Ex
1302 2545 1402 2571 nostris
1417 2553 1481 2572 vero
1498 2551 1561 2573 sunt
1575 2547 1621 2581 qui
1637 2555 1692 2574 non

910 2595 1014 2617 tantum
1041 2590 1115 2623 juste
1142 2594 1310 2624 comparata,
1341 2591 1388 2618 sed
1404 2591 1484 2618 etiam
1499 2599 1513 2618 a
1529 2593 1695 2627 pauperibus

912 2641 1004 2670 erepta
1027 2636 1053 2663 in
1069 2636 1126 2663 suis
1141 2635 1240 2663 habent
1255 2635 1394 2668 domibus,
1419 2637 1562 2664 avaritiam
1579 2638 1693 2673 diligen-

912 2686 963 2714 tes,
973 2689 1034 2716 quaa
1047 2681 1197 2709 secundum
1211 2680 1324 2708 Paulum
1337 2681 1456 2709 secunda
1469 2687 1513 2709 est
1525 2683 1677 2710 idololatria
1689 2705 1696 2715 ,

913 2736 992 2762 oputn
1012 2735 1107 2756 amore
1122 2732 1286 2762 aegrotantes
1301 2727 1347 2762 qui
1364 2732 1406 2754 est
1419 2728 1542 2755 omnium
1562 2729 1696 2756 malorum

913 2781 996 2802 causa
1010 2784 1017 2807 ;
1035 2779 1060 2802 et
1075 2782 1129 2802 non
1147 2774 1233 2801 nostri
1250 2773 1338 2802 solum
1357 2772 1504 2808 principes,
1523 2775 1570 2802 sed
1586 2779 1612 2802 et
1628 2782 1698 2802 mer-

874 2864 894 2882 "
905 2863 972 2892 Luc.
989 2873 1037 2898 xu,
1052 2865 1098 2892 9.0.

1495 2917 1529 2947 16
