1882 3070
59 131 99 162 4’3}
695 127 749 156 ΠΟ
762 124 837 154 ιῖῙῙδῘ

910 123 1017 153 XXIX.

1620 115 1671 145 “la

61 187 192 221 σςρκικῶν
221 185 306 213 αὐτοῦ
339 184 537 220 φρονημάτων,
568 184 614 210 καὶ
647 181 839 217 ἐπιστρεψάτω

910 182 1002 212 nimo,
1026 183 1052 206 el
1076 181 1231 206 avertamur
1257 185 1271 204 a
1291 177 1381 212 pravis
1409 175 1539 204 moribus.
1571 182 1585 200 a
1604 182 1687 201 con»

59 235 117 269 πρὶς
135 233 252 268 λύριον.
274 232 496 266 Μετανοήσωμεν
517 231 548 256 ἐκ
568 229 668 264 ψυχῆς,
684 229 765 263 22o
788 236 838 263 με-

59 280 234 314 ταστήςωμεν
254 279 328 314 ἡμᾶς
352 278 451 308 αὐτοὺς
471 276 524 303 ἀπὸ
547 276 596 310 τῆς
616 275 736 309 πονηρᾶς
757 281 839 308 συνη·

60 326 126 357 θείας
146 325 195 351 καὶ
211 325 260 359 τῆς
274 324 432 359 φιλαμαρτή
439 330 519 356 μονος
533 320 656 355 γνώμης,
669 320 713 347 ἵνα
736 319 842 354 στήσω-

61 379 103 406 μεν
117 370 168 405 τὴν
181 371 258 396 ῦείαν
274 369 368 403 ὀργὴν,
381 369 427 395 καὶ
443 369 511 404 πρὸς
523 367 597 394 ἔλεον
613 366 840 401 μεταστήσωμεν.

65 416 263 450 Ἰατρεύσωμεν
282 415 333 450 τὴν
359 414 498 449 ἡμετέραν
524 412 634 445 κακίαν,
657 412 695 447 μὴ
717 410 770 438 ύπὸ
791 411 842 445 τῆς

60 461 152 493 κακίας
177 461 371 495 ἀναλωοῶμεν.
397 458 590 494 Μιμησὼμεθα
607 459 644 493 μὴ
667 459 730 489 τοὺς
755 458 784 484 ἐν
804 456 843 490 τῷ

61 507 247 541 κατακλυσμῷ
262 506 473 540 διαφθαρέντας,
494 505 562 531 ἀλλὰ
578 504 641 536 τοὺς
657 504 685 530 ὲν
701 505 734 539 τῇ
749 502 843 530 Ννινευῒ

61 554 87 586 τῇ
106 551 279 587 μεταμελείᾳ
291 550 491 581 διασωθέντας⁴
506 550 607 576 ἐκεῖνοι
631 549 669 584 μὴ
688 549 798 583 ἔχοντες
812 549 844 574 ἐκ

62 597 162 624 πολλῶν
177 596 389 631 ὑποδειγμάτων
410 596 512 622 ἐννοεῖν
531 594 682 630 τηνικαῦτα
705 594 754 629 τὴν
769 593 845 620 θείαν

61 642 280 677 φιλανθρωπίαν,
296 643 370 676 ὅμως
383 640 536 674 ἀνεϐόησαν
548 641 617 674 πρὸς
630 641 676 667 τὸν
691 640 757 666 Θεὸν
770 640 846 666 ἐκτε-

61 688 121 719 νῶς,
139 688 193 714 καῖ
213 687 387 722 ἀπέστρεψεν
406 687 523 718 ἕκαστος
538 687 592 713 ἀπὺ
613 687 661 721 τῆς
678 686 737 713 ὀδοῦ
763 685 845 712 αὑτοῦ

60 733 106 768 τῆς
121 733 258 768 πονηρᾶς,
283 732 331 759 καὶ
353 732 407 759 ἀπὸ
424 731 473 766 τῆς
498 731 605 763 ἀδικίας
628 732 677 766 τῆς
701 731 729 757 ἐν
753 729 846 766 χερσὶν

61 779 152 810 αὑτοῦ.
167 779 296 812 λέγοντες
308 787 315 794 ·
334 787 344 804 ι
362 778 411 810 Τίς
428 776 499 804 οἶδεν
516 777 540 803 εἰ
558 777 719 812 μετανοήσει
740 776 754 803 ὁ
770 776 846 807 Θεὸς,

61 826 105 852 καὶ
127 825 299 860 ἀποστρέψει
321 824 351 858 ἒξ
366 824 452 859 ὀργῆς
469 824 556 858 θυμοῦ
578 823 671 855 αὐτοῦ,
691 822 738 850 καὶ
760 823 791 848 οὐ
806 822 846 857 μὴ

891 228 1003 255 scientia
1028 225 1161 253 scelerum
1191 223 1417 254 cumulatissima,
1457 229 1487 249 ut
1517 221 1586 248 iram
1625 220 1672 248 Dei
1707 215 1712 220 ’

893 272 1023 300 sistamus
1039 273 1066 297 et
1079 269 1113 297 ad
1131 268 1345 296 miscricordiam
1357 268 1534 295 adducamus.
1546 265 1672 293 Nostram

893 325 1022 346 sanemus
1040 315 1180 348 malitiam,
1201 322 1234 342 ne
1253 314 1355 341 malitia
1372 321 1525 348 pereamus.
1543 313 1620 340 Absit
1642 319 1674 340 ut.

895 363 1034 391 imitemur
1060 369 1108 389 eos
1131 361 1177 396 qui
1203 361 1229 388 in
1254 359 1356 387 diluvio
1373 359 1544 392 interierunt,
1562 359 1609 387 sed
1625 366 1673 386 eos

893 410 939 445 qui
958 410 985 436 in
1000 408 1099 436 Ninive
1116 407 1275 443 poenitentia
1291 405 1388 433 salvati
1404 405 1534 438 fuerunt;
1561 406 1586 432 hi
1601 405 1673 432 enim

893 455 944 482 etsi
958 455 1101 488 nequirent
1127 461 1160 480 ex
1183 452 1308 487 pluribus
1324 451 1456 486 exemplis
1471 450 1590 477 divinam
1615 457 1677 484 spe-

893 507 955 527 rare
973 498 1145 527 clementiam
1158 517 1165 529 ,
1191 497 1379 524 elamaverunt
1401 500 1492 523 tamen
1520 494 1628 522 assidue
1643 494 1678 521 ad

896 545 1054 576 Dominum,
1071 550 1098 570 et
1113 543 1276 577 semetipsos
1291 541 1391 577 singuli
1410 544 1570 567 averterunt
1594 547 1608 566 a
1635 540 1678 567 via

896 599 945 618 sua
960 591 1046 622 mala,
1070 593 1100 617 et
1127 589 1160 616 ab
1186 588 1333 623 iniquitate
1349 594 1478 614 manuum
1495 593 1619 618 suarum,
1635 585 1679 612 di—

896 641 988 666 centes
1001 646 1007 664 :
1023 646 1032 663 ι
1045 636 1111 669 Quis
1128 635 1212 663 scitsi
1227 638 1403 662 convertatur
1416 638 1442 660 et
1454 633 1577 668 ignoscat
1590 632 1677 666 Deus;

896 687 924 710 et
949 685 1103 710 revertatur
1128 689 1142 708 a
1170 679 1263 708 furore
1289 680 1336 706 ira:
1358 687 1425 712 suae,
1450 683 1478 706 et
1502 686 1555 706 non
1582 678 1681 713 peribi—

898 734 959 754 mus
974 726 1006 754 ".
1026 735 1035 752 ι
1055 725 1110 754 Nos
1127 733 1192 753 vero
1210 733 1242 752 ex
1259 725 1353 752 multis
1378 725 1439 752 aliis
1459 729 1542 760 atque
1564 732 1597 752 ex
1614 725 1680 759 ipsis

898 772 1025 800 novimus
1053 772 1207 807 quoniam:
1230 781 1239 797 ι
1257 771 1331 798 Vidit
1358 771 1430 799 Dcns
1456 779 1539 807 opera
1565 779 1679 804 eorum,

898 819 962 854 quia
978 819 1103 847 conversi
1118 823 1183 846 sunt.
1200 819 1234 846 de
1249 819 1293 845 via
1316 826 1367 846 sua
1390 819 1461 846 mala
1475 827 1481 851 ;
1507 823 1534 846 et
1550 819 1682 846 misertus

61 871 246 906 ἀπολώμεθας
267 880 276 896 ι
297 870 393 904 Ἡμεῖς
408 871 440 896 ὲκ
455 869 562 896 πολλῶν
577 878 606 895 τε
618 869 706 896 ἄλλων
722 869 843 903 ἔγνωμεν

910 867 941 890 st
956 871 1039 898 super
1055 864 1188 890 malitiam
1207 871 1287 898 quam
1305 864 1411 891 locutus
1430 863 1518 891 fuerat
1534 869 1563 891 ut
1579 864 1682 891 faceret.

61 918 104 943 καὶ
121 917 151 949 ἐξ
169 917 282 943 ἐκείνων
297 916 387 942 αὐτῶν
401 916 441 942 ὅτι
455 923 463 931 ·
487 925 497 941 ι
518 913 592 941 Εἶδεν
611 916 624 941 ὁ
639 915 706 946 Θεὸς
724 915 758 941 τὰ
779 915 847 950 ἔργα

61 963 162 994 αὐτῶν,
185 963 227 988 ὅτι
246 962 412 996 μετενόησαν
434 961 480 987 καὶ
498 961 680 995 ἐπέστρεψαν,
704 961 750 987 καὶ
768 969 848 995 μετε-

60 1009 141 1042 νόησε
162 1008 211 1034 καὶ
235 1008 316 1039 αὐτὸς
335 1008 384 1033 ἐπὶ
406 1008 464 1038 τοῖς
483 1008 578 1039 κακοῖς
603 1004 645 1038 οἷς
662 1006 776 1041 ἑλάλησε
800 1005 847 1032 τοῦ

61 1055 177 1087 ποιῆσαι
190 1053 294 1085 αὐτοῖς,
311 1053 357 1079 καὶ
372 1053 422 1079 οὒκ
439 1052 575 1088 ἐποίησεν.
594 1062 603 1078 ι
630 1052 701 1080 Ἀλλ’
725 1053 783 1079 ἐκεῖ
799 1051 849 1087 μὲν

66 1099 160 1130 Ἰωνᾶς
181 1099 215 1134 ἦν
228 1100 242 1125 ὁ
263 1099 404 1134 κηρύττων
419 1099 466 1126 καὶ
479 1099 599 1126 ἀπειλῶν
611 1107 618 1114 ‘
636 1099 683 1126 καὶ
696 1099 725 1126 τὸ
745 1098 848 1134 μεῖζον,

61 1146 100 1171 ὅτι
116 1145 186 1179 μηδὲ
201 1145 271 1180 πρὸς
289 1145 432 1179 μετάνοιαν
446 1144 543 1177 ἕλκων,
560 1144 627 1179 μηδὲ
645 1145 848 1180 ἐπαγγελλόμε-

61 1198 105 1220 νος
122 1190 174 1224 τὴν
186 1189 371 1223 συμπάθειαν.
390 1189 482 1220 Ἰωνᾶς
500 1190 513 1215 ὁ
538 1188 661 1220 καταὸὰς
678 1190 718 1220 εἰς
740 1187 850 1223 Ἰόππην

61 1235 89 1266 ἑξ
111 1234 257 1267 Ἰουδαίας,
275 1235 322 1260 καὶ
346 1234 399 1261 ἀπὸ
415 1234 515 1268 ταύτης
533 1234 573 1266 είς
587 1234 633 1260 τὸν
651 1233 701 1268 τῆς
715 1232 851 1268 θαλάσσης

63 1281 198 1316 βρασμὸν,
220 1282 250 1307 ὲν
271 1278 293 1314 ᾧ
306 1280 473 1311 καταποθεὶς
488 1280 540 1307 ὑπὸ
563 1280 675 1314 κήτους,
701 1279 852 1314 τριήμερος

62 1325 176 1361 ἑξεδόση
194 1326 264 1362 πρὸς
291 1326 340 1361 τὴν
355 1325 449 1352 Νινευῖ
467 1327 514 1352 καὶ
539 1325 683 1360 ἐκήρυττε.
712 1325 798 1351 Πόσον
819 1324 852 1359 δὴ

63 1373 157 1399 πλεῖον
176 1371 256 1398 Ίωνᾱ
268 1369 335 1404 ὧδε;
349 1371 436 1402 Δὺτδς
452 1371 504 1406 γὰρ
517 1372 532 1397 ὁ
548 1370 594 1397 τοῦ
608 1370 676 1396 Θεοῦ
690 1370 853 1405 προαιὼνιος

63 1419 163 1452 Λόγος,
183 1415 214 1444 οὗ
229 1417 315 1448 τύπος
338 1416 429 1448 Ἰωνᾶς
447 1415 492 1452 ἦν,
508 1417 538 1443 ὲκ
549 1415 602 1443 τῶν
618 1415 740 1452 οὐρανῶν
753 1416 854 1450 κατῆλ-

63 1465 121 1495 Dav,
139 1465 180 1495 ὡς
201 1465 305 1495 ἐκεῖνος
329 1464 369 1495 είς
395 1463 520 1498 Ἰόππην,
546 1459 623 1494 οὗτος
648 1463 689 1494 είς
711 1462 781 1497 γῆν·
806 1462 854 1488 καὶ

898 907 949 940 eis,
967 912 992 934 et
1009 915 1060 934 non
1078 907 1143 934 fecit
1158 908 1189 934 “.
1209 917 1218 933 ›
1249 907 1286 935 lbi
1303 908 1412 942 quidem
1440 914 1499 934 erat
1525 907 1609 936 Jonas
1631 909 1682 935 mi-

899 960 968 980 nans
984 957 1010 980 et
1026 953 1194 988 praedicans;
1212 953 1268 981 imo
1288 961 1461 989 nequaquam
1487 955 1520 981 ad
1547 955 1682 999 ppeniteu-

901 999 966 1026 tiam
994 1000 1118 1031 trahens,
1143 1007 1232 1034 neque
1260 1000 1476 1027 misericordiam
1506 1001 1681 1035 promittens.

899 1044 984 1073 Jonas
1002 1045 1171 1073 desoendens
1197 1054 1211 1073 a
1237 1045 1328 1074 Judaza
1344 1047 1371 1074 in
1396 1046 1490 1082 Joppe,
1519 1048 1582 1075 inde
1599 1049 1683 1076 tnaris

900 1091 1021 1126 procella
1047 1091 1166 1125 jactatus
1183 1096 1208 1118 et
1223 1099 1239 1119 a
1260 1097 1318 1120 cete
1336 1093 1362 1120 in
1384 1100 1416 1120 eo
1442 1093 1600 1124 devoratus.
1624 1100 1685 1129 post

901 1142 956 1165 tres
970 1137 1027 1164 dies
1044 1138 1076 1164 ad
1095 1136 1218 1165 Ninivem
1234 1138 1286 1165 luci
1307 1140 1446 1171 redditus,
1464 1146 1490 1167 et
1506 1141 1682 1175 prrcdicahat.

901 1182 954 1210 Sed
983 1189 1085 1218 quanto
1112 1185 1200 1219 majus
1236 1184 1305 1212 Jona
1340 1189 1381 1219 est
1410 1186 1454 1213 hic
1474 1187 1588 1221 ilpsum
1610 1186 1684 1214 enim

902 1233 1036 1256 aeternum
1054 1229 1100 1257 Dei
1117 1229 1247 1262 Verbum,
1269 1231 1346 1266 cujus
1371 1232 1457 1266 figura
1480 1237 1537 1260 erat
1552 1231 1647 1265 Jonas,
1670 1241 1686 1260 e

903 1270 1149 1308 coelis'deseendit,
1166 1276 1239 1303 sicut
1257 1276 1302 1303 ille
1319 1277 1346 1303 in
1371 1275 1486 1311 Joppeu,
1517 1278 1561 1305 hie
1579 1276 1616 1305 in'
1631 1283 1686 1306 ler-

905 1327 981 1353 ram;
998 1325 1024 1347 et
1039 1321 1241 1349 tentationibus
1260 1322 1454 1357 doloribusque
1470 1323 1595 1355 traditus,
1613 1324 1688 1352 velut

903 1367 949 1394 ille
963 1367 1102 1401 ﬂuctibus,
1121 1376 1168 1403 per
1188 1373 1305 1396 mortem
1332 1369 1474 1397 descendit
1500 1370 1527 1397 in
1551 1370 1686 1398 inferiora

904 1419 1002 1448 teme;
1022 1416 1055 1443 ab
1070 1416 1189 1448 inferno,
1206 1419 1235 1442 ut
1256 1416 1299 1443 ille
1317 1420 1377 1443 cete
1400 1416 1558 1451 devoratus,
1578 1422 1606 1444 et
1623 1421 1686 1452 post

905 1465 962 1489 tres
979 1462 1037 1489 dies
1052 1462 1115 1489 inde
1131 1470 1277 1497 resurgens
1301 1462 1499 1497 paenitentibus
1523 1464 1633 1491 caeleste
1647 1472 1689 1492 re-

62 1511 120 1542 τοῖς
139 1510 308 1544 πειρασμοῖς
322 1510 369 1535 καλ.
383 1510 439 1540 τοῖς
452 1508 568 1535 πάθεσιν
585 1508 715 1541 ἐκδοθεὶς,
734 1507 771 1540 ὡς
785 1508 843 1534 ἐκεῖ

910 1515 989 1543 gnum
1003 1508 1141 1543 promisit,
1153 1512 1180 1536 et
1195 1515 1276 1543 opera
1289 1509 1454 1542 pmnitentiae
1468 1509 1546 1536 nobis
1558 1510 1688 1538 omnibus

63 1566 107 1589 vo;
123 1558 184 1588 τοῖς
208 1556 325 1591 κύμασι,
341 1555 384 1582 διὰ
405 1556 453 1583 τοῦ
471 1556 587 1583 θανάτου
608 1555 743 1590 κατῆλθεν
763 1555 803 1586 είς
818 1554 852 1580 τὰ

64 1602 213 1628 κατώτατα
229 1601 321 1636 πάσης
334 1600 384 1635 τῆς
399 1601 450 1636 γῆς
464 1600 516 1627 ὑπὸ
532 1599 579 1627 τοῦ
595 1599 670 1636 ᾅδου,
695 1600 732 1632 ὡς
748 1599 853 1631 ἐκεῖνος

906 1554 1055 1589 explanans
1071 1555 1236 1589 praedicavit,
1248 1555 1349 1590 quibus
1363 1555 1482 1590 rejectis,
1497 1555 1572 1590 juste
1584 1557 1690 1585 acerba:

906 1600 987 1626 morti
1003 1600 1094 1627 traditi
1108 1607 1215 1628 sumus.
1304 1605 1307 1607 ’

64 1648 118 1675 ὑπὸ
132 1648 182 1675 τοῦ
199 1648 301 1682 κήτους
313 1646 488 1679 καταποθεὶς,
499 1647 548 1674 καὶ
571 1648 722 1682 τριήμερος
733 1646 853 1676 ἀναστὰς
871 1646 974 1673 ἐκεῖθεν
991 1647 1049 1678 τοῖς
1064 1647 1242 1682 μετανοοῦσιν
1261 1648 1399 1683 οὐράνιον,
1424 1650 1606 1685 ἐπηγγείλατο
1638 1651 1690 1686 βοι-

66 1695 182 1727 σιλσίαν,
209 1695 258 1721 καὶ
281 1694 317 1720 τὰ
411 1694 557 1728 μετανοίας
581 1694 649 1729 ἔργα
677 1694 761 1720 πᾶσιν
787 1693 855 1729 ἡμῖν
885 1694 1051 1730 διετράνωσε
1075 1695 1121 1720 καὶ
1147 1695 1291 1730 ὲκήρυξεν,
1325 1695 1397 1731 ἅπερ
1422 1696 1581 1729 ἀθετοῦντες
1596 1698 1691 1741 ἡμεῖςΙ

63 1741 180 1772 δικαίως
195 1739 236 1775 τῷ
250 1738 362 1775 χαλεπῷ
379 1738 488 1774 θανάτῳ
503 1739 718 1775 παραδιδόμεθα.

100 1789 229 1816 Χαλεπὸν
243 1788 293 1823 μὲν
306 1787 353 1815 οὖν
370 1788 383 1814 ὀ
399 1788 523 1820 θάνατος,
539 1788 755 1822 προσ-γινόμενος
766 1796 796 1814 τε
809 1788 856 1815 καὶ

66 1836 307 1872 προσδοκώμενος,
333 1835 400 1862 ἀλλὰ
417 1835 446 1862 τὺ
469 1835 523 1862 ἀπὸ
537 1835 591 1861 τῶν
607 1835 750 1870 ἁμαρτιῶν
777 1835 856 1869 ἡμῶν

69 1883 106 1916 μὴ
121 1880 288 1915 ἐπιστρέψαι
312 1880 401 1915 πολλῷ
422 1880 630 1916 χαλεπώτερον’
658 1880 778 1907 ἐνταῦθα
801 1881 854 1916 γὰρ

67 1927 145 1959 αὔξει
160 1927 211 1961 τὴν
227 1926 375 1961 τιμωρίαν,
390 1928 436 1953 καὶ
453 1927 521 1962 μετὰ
537 1926 623 1953 ταῦτα
637 1927 693 1958 τοῖς
708 1925 855 1961 ἀτελευτή-

66 1982 124 2004 τοις
138 1972 324 2007 παραπέμπει
342 1971 541 2007 κολαστηρὶοις,
564 1969 602 1998 ὧν
616 1972 653 2007 μὴ
668 1971 772 2005 γένοιτό
795 1979 856 1998 τινα

66 2020 167 2054 πεῖραν
182 2018 262 2053 ἡμῶν
274 2018 378 2044 λαὸεἶν.
392 2018 423 2044 Et
436 2018 489 2052 γὰρ
503 2018 534 2044 τὰ
546 2017 662 2044 ἐνταῦθα
675 2018 749 2044 δεινὰ
764 2016 858 2044 δοκοῦ-

69 2074 112 2092 σιν
129 2065 270 2100 α’ςόρητα,
288 2064 482 2099 παρερχόμενα
505 2065 579 2097 ὂντα,
596 2066 643 2091 καὶ
660 2064 706 2090 τοῦ
733 2064 858 2099 σώματος

70 2113 153 2146 μόνον
166 2111 320 2145 ἁπτόμενα,
336 2110 397 2136 τίνα
411 2111 513 2143 ἐκεῖνα,
536 2110 554 2137 ἃ
570 2111 640 2145 μετὰ
661 2110 707 2137 τοῦ
733 2111 859 2146 σώματος

69 2156 183 2188 κολάζει
200 2156 248 2182 καὶ
269 2155 318 2190 τὴν
332 2154 430 2190 ψυχὴν,
456 2156 502 2182 καὶ
521 2156 684 2190 προσδοκίαν
700 2156 860 2191 ἀπαλλαγῆς

946 1787 1052 1816 Acerba
1067 1795 1176 1823 qumem
1194 1795 1279 1821 mors,
1298 1788 1355 1815 sive
1370 1790 1556 1823 superveniat,
1570 1791 1626 1819 sive
1640 1800 1691 1825 ex-

909 1837 1067 1866 spectetur;
1092 1833 1138 1861 sed
1166 1833 1251 1860 mul‘to
1277 1833 1366 1860 adhuc
1384 1834 1510 1861 acerbius
1534 1843 1548 1862 a
1571 1838 1690 1870 peccatis

908 1879 1013 1906 nostris
1035 1886 1091 1906 non
1118 1879 1224 1912 averti;
1250 1879 1314 1907 inde
1336 1879 1408 1908 enim
1431 1881 1578 1917 augebitur
1596 1890 1690 1916 poena,

909 1928 936 1952 et
953 1929 1047 1958 postea
1063 1926 1203 1960 perpetuis
1226 1927 1365 1953 trademur
1383 1928 1536 1962 suppliciis,
1553 1929 1691 1965 qum-~ttti-
1743 1918 1748 1924 ‘

909 1976 971 1995 nam
991 1977 1069 1997 nemo
1087 1977 1119 1998 ex
1145 1971 1225 1998 nobis
1249 1972 1414 2006 experientia
1435 1980 1581 2009 cognoscat
1600 1977 1691 2005 iNam

910 2016 934 2043 si
961 2016 1032 2043 mala
1061 2018 1207 2051 praesentia
1243 2018 1370 2046 videntur
1397 2019 1599 2055 intolerabilia,
1630 2024 1693 2052 licet

911 2065 1062 2094 transeant,
1079 2066 1106 2089 et
1129 2070 1183 2089 non
1209 2063 1262 2090 nisi
1285 2071 1386 2098 corpus
1411 2065 1540 2100 alliciant,
1565 2068 1630 2102 quid
1647 2069 1693 2096 illa

914 2115 974 2142 quae
990 2115 1050 2134 cum
1065 2115 1180 2142 corpore
1195 2109 1315 2136 animam
1332 2111 1466 2144 cruciant,
1482 2119 1531 2140 nec
1547 2113 1629 2141 ullam
1645 2115 1694 2142 ha-

915 2153 980 2180 bent
1008 2161 1082 2188 spem
1108 2154 1299 2182 liberntionis?
1322 2155 1376 2184 Nos
1390 2157 1474 2192 igitur
1493 2159 1692 2193 pmniteamns.

69 2203 120 2228 οὐκ
131 2184 189 2236 ἐξίει
202 2184 350 2233 reﬂexo-tsi;
450 2202 531 2235 ἡμεῖς
542 2184 768 2237 ’μετανοήσωμεη
785 2184 843 2228 seei

914 2198 1025 2231 fratres,
1046 2204 1072 2227 ct
1094 2206 1289 2228 convertamur
1313 2202 1398 2229 verbo
1422 2208 1449 2230 et
1465 2212 1547 2239 opere
1563 2206 1696 2239 poeniten-

70 2247 126 2280 ςοὶ,
150 2248 199 2273 καὶ
224 2246 436 2281 ἐπιστρέψωμεν
450 2247 524 2282 ἔργῳ
541 2248 589 2274 καὶ
606 2248 678 2282 λόγῳ
699 2249 748 2282 τὴν
780 2249 862 2283 μετά-

70 2302 148 2319 νοιαν
180 2292 400 2327 ἐνδεικνύμενοι·
427 2293 475 2319 καὶ
505 2293 706 2328 προσπέσωμεν
734 2293 772 2328 τῷ
803 2293 863 2328 Θεῷ

73 2340 143 2372 μετὰ
160 2337 400 2372 συντετριμμένης
415 2337 529 2373 καρδίας
544 2338 611 2372 πρὸς
624 2338 706 2365 αὑτὸν
720 2339 844 2372 λέγοντες
854 2347 860 2354 ·

72 2384 172 2418 Κύριε,
195 2383 235 2418 μὴ
260 2383 299 2418 τῷ
323 2383 400 2418 θυμῷ
418 2392 465 2410 σου
491 2383 603 2419 ἐλέγξῃς
621 2384 706 2419 ἡμᾶς,
737 2385 804 2419 μηδὲ
828 2386 862 2420 τῇ

73 2432 141 2467 ὀργῇ
154 2440 203 2458 σου
218 2430 371 2466 παιδεύσῃς
387 2431 478 2465 ἡμᾶς·
496 2430 564 2457 ἀλλὰ
578 2430 691 2466 ποίησον
707 2431 767 2466 μεθ’
782 2431 860 2466 ἡμῶν

74 2479 145 2504 κατὰ
162 2478 194 2503 τὸ
211 2476 287 2508 ἔλεός
309 2484 366 2503 σου.
388 2476 488 2510 Ἐγγύς
504 2477 577 2502 ἐστιν
594 2473 671 2508 οὗτος
686 2478 741 2508 τοῖς
764 2477 861 2504 ἐπικα-

73 2523 227 2558 λουμένοις,
245 2522 292 2548 ἐὰν
310 2521 347 2556 μὴ
366 2523 422 2553 τοῖς
445 2520 560 2556 στάμασι
575 2524 665 2557 μόνον,
685 2522 752 2549 ἀλλὰ
767 2523 812 2550 καὶ
829 2525 860 2558 τῇ

73 2568 180 2604 διανοίᾳ
207 2567 304 2602 βοῶσι,
319 2567 374 2598 τοῖς
400 2567 490 2601 ἔργοις
506 2568 551 2594 καὶ
572 2569 626 2599 τοῖς
648 2569 861 2604 ἐπιτηδεύμασιν

75 2614 164 2640 αὐτῶν
180 2613 251 2648 πρὸς
277 2612 358 2639 αὐτὴν
384 2613 605 2648 ἐπιστρέφοντες.
628 2622 638 2639 ι
664 2614 862 2649 Ἐπιστρέψατε

75 2660 126 2693 γὰρ
143 2659 214 2694 πρός
232 2666 279 2691 με,
297 2659 345 2684 καὶ
366 2658 606 2693 ὲπιστραφήσομαι
625 2659 692 2693 προς
712 2659 794 2694 ὑμᾶς,
820 2660 862 2685 λέ-

75 2713 116 2737 γει
131 2705 249 2740 Κύριος,
263 2705 310 2729 καὶ
327 2703 381 2729 τῶν
406 2704 528 2738 ἀνομιῶν
549 2704 625 2738 ὑμῶν
640 2705 670 2730 οὐ
693 2705 730 2739 μὴ
751 2705 863 2739 pan-.505)

76 2748 123 2775 ἔτι.
145 2759 155 2775 ι
177 2749 243 2774 Ἐὰν
262 2748 371 2778 πάντως
386 2749 465 2783 ἡμεῖς
481 2747 594 2781 ταύτας,
618 2749 633 2784 ἢ
656 2749 863 2784 ἀνεπιστρόφως

911 2245 975 2272 tiam
992 2245 1174 2279 exhibentes;
1201 2252 1228 2274 et
1250 2249 1425 2282 procidamus
1442 2255 1505 2276 ante
1528 2249 1611 2278 Deum
1632 2259 1695 2279 cum

910 2291 1030 2318 contrito
1059 2292 1142 2320 corde
1164 2293 1307 2320 dicentes:
1331 2303 1340 2319 ι
1361 2294 1483 2327 Domine,
1501 2303 1535 2323 ne
1551 2296 1577 2323 in
1603 2296 1696 2325 furore

911 2341 960 2363 tuo
971 2344 1069 2371 arguas
1081 2345 1132 2371 me,
1146 2346 1233 2373 neque
1246 2339 1273 2366 in
1295 2339 1333 2366 ira
1348 2342 1394 2367 tua
1412 2341 1546 2376 corripias
1557 2349 1601 2370 me
1614 2342 1658 2375 '3‘;
1683 2352 1694 2370 ι

912 2382 960 2409 sed
982 2382 1024 2409 fac
1043 2383 1188 2410 nobiscum
1205 2385 1358 2411 secundum
1376 2385 1592 2414 misericordiam
1609 2391 1696 2415 tuam.

915 2427 1002 2463 Prope
1016 2433 1058 2455 est
1075 2429 1204 2456 Dominus
1219 2430 1422 2463 invocantibus,
1439 2431 1490 2458 nisi
1506 2438 1555 2459 ore
1572 2437 1675 2460 tantum
1687 2453 1696 2466 ,

917 2481 969 2500 non
993 2478 1084 2501 autem
1110 2475 1195 2502 corde
1217 2475 1346 2508 clament,
1376 2477 1504 2511 operibus
1525 2482 1553 2505 et
1571 2480 1697 2507 moribus

916 2519 973 2546 suis
986 2520 1019 2546 ad
1035 2527 1097 2547 cum
1114 2521 1252 2549 conversi.
1265 2521 1345 2554 Nam,
1361 2531 1370 2547 ι
1384 2522 1578 2550 Convertimini
1593 2524 1626 2551 ad
1641 2532 1694 2558 me,

915 2570 942 2592 et
957 2572 1101 2593 convertar
1115 2567 1148 2594 ad
1163 2575 1221 2600 vos,
1238 2568 1304 2595 dicit
1318 2568 1459 2601 Dominus,
1482 2573 1509 2596 et
1520 2569 1696 2603 iniquitatum

917 2617 1069 2640 vestrarum
1088 2622 1193 2642 memor
1209 2615 1329 2649 amplius
1346 2623 1399 2642 non
1415 2623 1462 2642 ero
1475 2617 1509 2643 ".
1523 2624 1532 2641 ›
1551 2616 1580 2643 Si
1596 2624 1646 2644 nos
1657 2617 1699 2643 vel

917 2666 963 2685 eas
980 2660 1093 2687 omnino
1111 2660 1146 2686 in-
1164 2666 1325 2695 perpetuum
1351 2661 1497 2697 fugiamus,
1513 2662 1556 2688 vel
1569 2670 1617 2697 per
1631 2669 1698 2689 con-

917 2704 1066 2732 fessionem
1082 2710 1108 2732 et
1123 2707 1311 2741 paenitentiam
1325 2708 1454 2742 operibus
1469 2708 1568 2742 quibus
1582 2708 1698 2734 offensas

918 2756 1027 2777 nostras
1043 2759 1202 2786 pensemus,
1217 2760 1317 2781 numen
1329 2753 1480 2790 placemus,
1497 2760 1544 2788 per
1554 2753 1698 2790 .ellicacem

110 2840 131 2856 "
147 2839 226 2867 Jun-.0
242 2847 284 2871 Ill,
300 2839 326 2867 9.
367 2840 387 2854 ”
407 2840 469 2868 ibid.
488 2840 528 2867 IO.
569 2841 601 2856 ¹³¹
617 2840 687 2868 PSJI.
708 2848 745 2873 vt,
772 2840 800 2868 2.
839 2841 843 2855 ¹

910 2841 952 2868 cli.
975 2850 1000 2877 ι,
1021 2842 1046 2870 5.
