1882 3070
160 133 211 165 503

786 140 976 172 GREGORII
997 141 1157 173 PALAME

1732 141 1764 172 ξτο
1771 140 1787 172 4‘

159 193 243 226 patio,
261 192 371 220 auditus
384 198 411 221 et
426 198 599 228 conspectus,
621 196 746 232 famaque
760 205 888 233 grassans
902 207 948 234 per

1019 200 1097 232 .ύσος,
1117 200 1195 228 Οὒτω
1209 201 1274 234 γοῦν
1294 200 1365 228 κατὰ
1390 201 1480 229 πᾶσαν
1505 200 1635 227 πρόθεσιν
1658 201 1790 238 προσχεῖν

158 239 218 266 ioca
233 239 333 271 omnia,
347 246 512 275 quapropter
538 241 670 270 llerodias
694 242 826 271 Joannem
854 254 946 279 perse-

160 285 305 319 quebatur,
326 285 350 312 id
373 291 413 313 est
429 286 495 313 iram
515 288 648 315 adversus
664 296 725 315 cum
744 289 770 316 in
794 290 874 318 corde
893 299 944 318 suo

160 330 310 363 nutriebat,
324 335 350 357 et
372 331 479 359 volebat
498 339 559 359 eum
578 333 743 366 interﬁcere,
760 334 806 361 sed
822 342 876 362 non
889 343 941 370 po-

162 381 240 404 terat.
263 386 272 402 ι
300 376 422 404 Ιιιτοιίρε
437 378 509 405 enim
535 379 672 406 metuebat
691 379 837 413 Joannem,
855 383 944 409 sciens

160 429 222 448 eum
243 423 329 449 virum
345 422 450 456 justum
467 429 493 450 et
507 427 644 450 sanctum.
666 433 674 449 ι
692 424 818 452 Tiinebat
832 426 943 460 quidem

161 468 284 495 Herodes
312 467 443 496 Joannem
463 474 574 504 propter
600 470 710 497 virtutis
737 471 943 504 excellentiam,

163 513 248 540 Deum
267 519 357 542 autem
374 522 427 541 non
445 514 567 547 timebat,
582 523 596 542 a
613 523 667 550 quo
682 516 839 543 hominibus
859 516 946 544 virtus

162 559 334 592 infunditur;
353 567 404 586 nec
429 559 562 587 Joannem
580 561 695 588 timebat
713 566 741 588 ut
769 562 865 596 talem,
883 562 945 596 quia

163 605 266 632 sciebat
282 613 344 632 cum
358 605 463 640 justum
482 611 508 633 et
524 611 661 638 sanctum,
679 607 726 634 sed
745 607 858 634 timebat
882 616 945 635 eum

162 656 274 684 propter
290 652 393 683 turbas,
412 651 475 686 quia
489 656 617 687 tanquam
633 653 792 688 prophetam
810 653 946 681 habebant

163 706 236 730 eum,
254 699 484 732 quemadmodum
507 699 576 726 dixit
607 699 765 733 Matthzeus;
783 708 845 727 nam
876 701 948 727 sicut

164 743 222 777 ipse
236 744 358 779 scripsit,
373 752 427 772 non
441 745 499 772 sola
517 745 661 779 l'Ierodias,
680 748 726 774 sed
744 751 771 773 et
789 746 846 780 ipse
862 746 947 774 Hero.

165 790 223 820 des,
237 798 298 817 cum
314 791 393 817 Vellet
403 788 536 819 Joannem
550 791 684 822 occidere.
698 792 811 820 timebat
828 793 946 820 turbam.

1002 255 1083 282 μενος
1095 248 1128 282 τῇ
1142 247 1237 282 κακίᾳ,
1254 247 1402 274 κάντεῦθεν
1423 247 1468 274 τὸν
1494 247 1605 282 ἔλεγχον
1621 245 1660 280 μὴ
1684 245 1786 280 φέρων,

1001 293 1030 320 ἐν
1055 293 1162 328 φυλακῇ
1180 294 1225 320 τὸν
1244 293 1371 328 Ἰωάννην
1399 294 1586 321 κατέκλεισεν.
1606 292 1690 318 ’Λλλᾶ
1706 291 1754 318 καὶ
1770 292 1786 326 ἡ

1002 339 1110 374 φυλακὴ
1139 339 1208 373 αὕτη
1228 339 1328 374 μείζων
1353 339 1462 374 ἔλεγχος
1480 337 1524 374 ἦν,
1554 339 1602 366 καὶ
1618 338 1786 372 ἀκουομένη,

1001 385 1050 411 καὶ
1063 385 1200 420 ὁρωμένη,
1213 386 1261 412 καὶ
1276 385 1321 411 διὰ
1339 386 1448 412 πάντων
1472 385 1594 420 φοιτῶσα
1608 383 1654 410 διὰ
1671 383 1724 416 τῆς
1739 383 1788 418 φή-

1003 439 1057 465 μης
1070 439 1077 446 ·
1090 430 1134 457 διὰ
1151 431 1229 458 τοῦτο
1250 431 1297 458 καὶ
1312 433 1327 466 ἡ
1348 431 1484 466 Ἡρωδιὰς
1508 432 1610 465 ἐνεῖχεν
1633 429 1728 460 αὐτὸν,
1743 429 1788 464 δη-

1001 476 1087 502 λονότι
1109 477 1158 512 τὴν
1187 477 1259 504 κατὰ
1289 477 1336 503 τοῦ
1358 478 1485 504 Ἰωάννου
1514 478 1614 511 μανίαν
1645 477 1674 502 ἐν
1702 476 1785 509 ἑαυτῇ

1001 521 1108 556 ἔτρεφε,
1123 523 1169 548 καὶ
1186 522 1283 556 ἤθελεν
1300 522 1381 554 αὐτὸν
1408 523 1579 553 ἀποκτεῖναι,
1592 521 1641 548 καὶ
1656 521 1709 548 οὔκ
1724 520 1787 553 ἡδύ-

1001 575 1082 593 νατο·
1099 576 1107 592 ι
1132 567 1160 594 '0
1174 567 1228 603 γὰρ
1247 567 1381 603 Ἡρώδης,
1397 568 1488 602 φησὶν,
1505 567 1629 602 ἐφοϐεῖτο
1652 567 1700 593 τὸν
1733 567 1787 592 Ἰωα

1002 612 1095 647 άννην,
1113 613 1190 644 εἰδὼς
1202 613 1283 640 αὐτὸν
1295 614 1380 648 ἄνδρα
1393 613 1497 640 δίκαιον
1513 613 1561 639 καὶ
1577 613 1666 645 ἅγιον.
1681 621 1690 637 ι
1708 611 1786 644 Ἐφο-

1002 658 1075 685 6εττο
1096 658 1145 693 μὲν
1160 659 1174 684 ὁ
1192 658 1316 694 Ἡρώδης
1342 661 1388 686 τὸν
1412 659 1538 692 Ἰωάννην
1558 658 1602 684 διὰ
1617 658 1647 683 τδ
1662 657 1714 692 τῆς
1726 656 1788 690 ἀρε·

1002 703 1051 738 τῆς
1067 703 1247 739 ὑπερϐάλλον,
1261 705 1311 731 οὐκ
1326 705 1450 738 ἐφοϐεῖτο
1460 705 1488 731 δὲ
1509 704 1553 730 τὸν
1582 703 1661 734 Θεὸν,
1678 701 1745 736 παρ’
1757 696 1786 727 οὗ

1002 750 1058 780 τοῖς
1077 749 1232 784 ἀνθρώποις
1256 751 1272 784 ἠ
1292 751 1376 785 ἀρετή
1389 758 1396 766 '
1413 750 1473 777 οὐδὲ
1499 750 1581 776 αὐτὸν
1596 749 1723 782 ἐφοϐεῖτο
1741 746 1788 773 τὸν

1008 794 1135 830 Ἰωάννην
1151 796 1198 823 ἆτε
1213 796 1345 829 τοιοῦτον,
1357 797 1445 824 καίτοι
1461 797 1509 823 καὶ
1531 797 1612 828 αὐτὸς
1635 795 1732 822 τοῦτον
1749 793 1788 819 εί-

165 837 216 869 δίυς
231 837 315 873 ἄνδρα
332 838 435 864 δίκαιον
449 841 495 866 καὶ
510 839 599 873 ἅγιον,
617 839 675 865 ἀλλ’
700 839 824 874 ἐφοϐεῖτο
849 840 945 868 τοῦτον
963 841 1008 869 διὰ
1023 843 1086 874 τοὺς
1099 843 1207 878 ὄχλους,
1218 845 1259 871 ὅτι
1273 844 1310 876 ὡς
1328 845 1474 880 προφήτην
1488 844 1568 871 αὑτὸν
1600 842 1686 877 εἶχον,
1716 841 1789 869 καθά

166 891 248 917 φησιν
272 883 287 908 ὸ
309 883 448 914 ΆῙατθαῖος
461 892 467 898 ·
485 884 522 914 ὡς
540 885 593 919 γὰρ
611 885 625 911 ὁ
648 885 728 916 αὐτὸς
745 885 946 920 συγγράφεται,
965 887 1014 922 οὐχ
1033 889 1050 923 ὴ
1086 888 1221 924 Ἡρωδιὰς
1236 890 1328 925 μόνον,
1354 890 1423 917 ἀλλὰ
1458 890 1505 918 καὶ
1522 889 1605 920 αὐτὸς
1627 889 1642 914 ὁ
1662 888 1788 923 Ἡρώδης

166 931 250 957 θέλων
265 931 425 957 ἀποκτεῖναι
437 930 482 956 τὸν
504 931 640 966 Ἰωάννην,
656 930 780 965 ἐφοόεῖτο
795 933 840 958 τὸν
853 931 942 967 ὄχλον.

207 978 282 1012 Quod
293 983 381 1006 autem
395 978 500 1006 Marcus
512 979 544 1006 de
555 978 662 1006 Herode
677 980 754 1013 dixit,
767 987 865 1015 nempe
878 980 950 1014 quod
968 983 988 1012 Β

165 1027 281 1054 libenter
297 1025 430 1052 Joannem
447 1025 587 1057 audiebat,
612 1024 652 1053 sic
669 1024 874 1059 intelligendum
887 1030 947 1057 est;

165 1072 391 1108 quemadmodum
403 1073 428 1099 in
443 1072 599 1107 potionibus
612 1071 862 1099 medicamentariis
877 1078 952 1098 ama-

165 1119 312 1149 ritudinem
337 1118 446 1154 quidem
467 1118 612 1151 sentimus,
625 1118 730 1146 sedeas
749 1121 839 1144 tamen
852 1117 953 1151 accipi-

167 1169 237 1197 mus,
250 1165 312 1200 quia
331 1165 393 1192 inde
409 1173 551 1200 speramus
562 1166 719 1198 utilitatem,
738 1165 773 1192 ita
785 1172 800 1192 e
815 1165 952 1192 contrario

167 1211 199 1238 d:
216 1211 406 1245 spiritualibus
419 1212 565 1244 doctrinis,
579 1212 612 1239 iis
626 1211 734 1246 quidem
750 1215 846 1238 natura
861 1211 951 1238 suavi-

167 1258 217 1285 bus
235 1258 404 1286 delectantur
419 1258 463 1293 qui
480 1259 519 1286 eis
540 1266 593 1285 non
608 1259 818 1293 persuadentnr,
846 1259 893 1287 sed
907 1260 951 1287 illa

167 1311 337 1338 neiuaquam
359 1304 505 1339 accipiunt.
523 1304 639 1332 scientes
655 1305 700 1332 illa
716 1305 808 1340 pravis
823 1306 881 1334 suis
904 1305 951 1332 de-

167 1350 275 1378 sideriis
292 1350 436 1378 obluctari.
448 1350 494 1377 Sic
510 1349 628 1378 libenter
639 1357 701 1378 eum
715 1351 790 1386 prius
812 1351 950 1385 audiebat,

169 1397 241 1429 ideo,
260 1397 360 1431 inquit.
376 1397 548 1424 custodiebat
565 1405 638 1431 eum,
654 1402 680 1425 et
696 1398 790 1426 audito
818 1405 851 1426 eo
865 1398 950 1425 multa

168 1443 297 1471 faciebat.
324 1442 426 1470 Verum
456 1450 517 1470 cum
544 1444 651 1471 soleant
677 1444 739 1471 mali
769 1443 832 1472 odio
850 1445 952 1472 habere

168 1490 359 1524 corripientes,
380 1489 442 1516 odio
457 1493 567 1525 propter
583 1490 798 1526 increpationcm
819 1498 951 1526 superve-

170 1537 272 1566 nicntc,
287 1535 332 1562 illa
348 1536 439 1562 omnia
456 1540 632 1564 contemnens
657 1544 718 1564 cum
741 1537 863 1564 adultera
882 1544 950 1564 con-

170 1582 304 1609 srnticbat
318 1582 351 1608 de
367 1582 482 1609 consilio
492 1582 645 1615 homicidii,
660 1591 686 1610 et
698 1583 792 1610 volens
804 1584 860 1618 ipse
872 1583 952 1610 Joan-

170 1636 230 1654 nem
249 1628 384 1659 occidere,
399 1633 429 1655 ut
447 1627 514 1654 dixit
531 1628 684 1662 Mattheus,
706 1629 817 1657 timebat
829 1628 950 1662 turbam,

170 1681 223 1701 non
238 1674 300 1708 quia
319 1677 453 1701 metueret
464 1681 523 1700 eam
543 1673 752 1708 refragaturam,
770 1675 816 1702 sed
830 1674 895 1709 quia
909 1674 947 1701 ti-

170 1723 257 1746 meret
286 1726 319 1745 ne
345 1719 379 1746 ab
396 1725 426 1745 ea
447 1718 649 1753 reprobaretnr,
661 1718 789 1753 quoniam
815 1725 864 1752 pro
887 1725 951 1752 pro-

170 1766 251 1800 pheta
271 1772 334 1792 eum
365 1764 509 1791 habebant.
530 1763 646 1791 Noverat
676 1764 758 1797 enim,
781 1771 842 1790 nam
864 1762 953 1790 nemi-

171 1819 234 1838 nem
261 1811 316 1838 haec
341 1810 450 1841 latebat.
480 1810 667 1838 excellentiam
688 1810 796 1836 virtutis
814 1813 841 1836 et
860 1809 953 1844 gratiae

170 1854 290 1888 JoannFS,
306 1859 333 1882 et
359 1862 420 1881 cum
438 1855 545 1882 cederet
560 1854 633 1882 laudi
657 1862 689 1882 ex
716 1854 886 1882 multitudine
905 1862 952 1883 ve-

171 1902 267 1934 nienti,
289 1905 315 1929 el.
332 1902 446 1935 gloriam
467 1902 501 1929 ab
516 1909 546 1929 ea
564 1906 725 1934 sectaretur,
743 1901 856 1928 timebat
868 1908 901 1928 ne
919 1900 952 1928 ab

171 1957 203 1976 ea
217 1949 403 1980 damnaretur,
418 1952 445 1975 c'.
459 1947 578 1982 ﬁngebat
593 1955 656 1982 erga
671 1947 802 1975 Joannem
820 1947 891 1983 piant
904 1947 953 1974 do-

171 1995 311 2023 cilitatem.
324 1994 375 2022 Sed
391 1993 535 2025 Herodias.
553 2001 614 2021 cum
628 1994 712 2031 sciret
725 2001 786 2021 eum
799 1994 831 2020 ad
848 1993 950 2020 malum

173 2046 279 2067 vertere
295 2040 367 2066 hunc
385 2045 487 2066 metum
504 2038 596 2072 solvit,
611 2043 636 2065 ct
651 2038 684 2065 ad
700 2038 799 2066 credam
814 2038 886 2065 sicut
902 2045 953 2072 pu—

173 2086 249 2118 tavit,
267 2086 308 2112 vel
329 2085 418 2119 potius
433 2089 462 2112 ut
476 2084 582 2116 fefellit,
606 2084 828 2119 irrcprchcnsam
847 2083 951 2116 traxit;

170 2139 234 2159 nam
269 2131 408 2158 iracundia
439 2129 532 2158 furens
547 2135 573 2158 et
589 2131 796 2165 sanguinolenta
816 2130 841 2157 id
859 2129 954 2157 stude-

172 2177 218 2204 bat
236 2181 265 2204 ut
281 2176 388 2204 facinus
402 2176 496 2203 multis
519 2177 630 2208 celaret,
647 2181 673 2204 et
687 2176 720 2204 ad
739 2183 810 2211 opus
828 2176 954 2204 adduce-

173 2225 215 2248 ret
232 2229 311 2248 suum
331 2222 357 2248 in
375 2221 526 2256 Baptislam
541 2227 569 2249 et
592 2221 753 2257 prophetam
782 2222 887 2250 odium.
905 2222 955 2258 Igi-

127 2272 134 2302 κ,
174 2271 229 2299 tur,
248 2268 286 2293 ait
307 2266 424 2298 Marcus,
442 2275 503 2295 cum
527 2267 588 2294 dies
602 2273 773 2302 opportunus
797 2267 952 2300 accidisset,

1041 981 1074 1007 Ὃ
1091 981 1120 1007 δέ
1132 989 1215 1015 φησιν
1233 981 1248 1007 ὸ
1271 980 1386 1015 Μάρκος
1413 979 1478 1014 περὶ
1498 979 1629 1014 Ἡρώδου,
1644 980 1686 1006 ὅτι
1703 979 1788 1014 ἡδέως

1003 1028 1086 1064 ἡκουε
1102 1028 1149 1054 τοῦ
1162 1027 1297 1059 Ἰωάννου,
1309 1026 1429 1053 τοιοῦτόν
1443 1027 1501 1052 ἐστι
1515 1034 1521 1041 '
1535 1025 1660 1061 καθάπερ
1674 1026 1721 1052 ἐπὶ
1735 1026 1788 1052 τῶν

1005 1073 1135 1108 ἰατρικῶν
1160 1072 1290 1107 πομάτων
1316 1071 1502 1109 αἰσθανόμεθα
1528 1071 1577 1106 μὲν
1594 1071 1644 1106 τῆς
1663 1071 1787 1105 πικρίας,

1004 1119 1209 1154 καταδεχόμεθα
1223 1119 1251 1146 δὲ
1269 1119 1350 1157 αὐτὰ,
1364 1118 1413 1153 τὴν
1427 1118 1482 1144 ἀπο
1511 1118 1614 1144 cci-nov
1633 1117 1788 1148 ἐννοοῦντες

1002 1167 1149 1202 ὠφέλειαν,
1160 1165 1246 1196 οὕτως
1257 1165 1445 1199 ἀντιστρόφως
1460 1164 1506 1190 ἐπὶ
1520 1164 1576 1190 τῶν
1591 1163 1789 1198 πνευματικῶν

1004 1213 1188 1248 Βιδιγμάτων,
1203 1212 1313 1247 ἥδονται
1344 1210 1394 1245 μὲν
1427 1209 1521 1241 αὐτοῖς
1548 1209 1683 1240 τοιούτοις
1707 1209 1789 1242 φύσει

1002 1261 1130 1295 γλυκέσιν
1145 1257 1205 1286 οὖσι
1217 1259 1263 1286 καὶ
1277 1258 1303 1284 οἱ
1328 1259 1364 1292 μὴ
1381 1257 1486 1288 τούτοις
1512 1255 1680 1290 πειθόμενοι,
1693 1256 1724 1281 οὐ
1741 1263 1789 1280 κα-

1002 1307 1163 1341 ταδέχονται
1173 1305 1201 1331 δέ
1214 1303 1294 1335 αὐτὰ,
1305 1303 1353 1337 τὴν
1364 1302 1417 1329 ἀπὸ
1428 1301 1530 1328 τούτων
1541 1300 1693 1331 ἐννοοῦντες
1707 1299 1789 1334 225

1003 1353 1072 1387 πρὸς
1089 1351 1138 1382 τὰς
1155 1350 1259 1381 οἰκείας
1282 1349 1404 1383 πονηρὰς
1427 1347 1532 1383 ὀρέξεις
1548 1346 1687 1373 ἀντίθεσιν
1700 1354 1707 1361 ·
1723 1346 1787 1376 ἴσως

1002 1398 1031 1424 δὲ
1046 1397 1092 1424 καὶ
1111 1397 1196 1431 ἡδέως
1212 1395 1262 1430 μὲν
1279 1393 1388 1421 ἀκούων
1402 1391 1435 1429 ἦν
1450 1392 1534 1419 αὑτοῦ
1563 1391 1710 1428 πρότερον,
1728 1391 1788 1416 ἐπεὶ

1003 1444 1049 1471 καὶ
1076 1442 1230 1476 συνετήρει,
1256 1441 1350 1475 φησὶν,
1378 1439 1469 1471 αὐτὸν,
1499 1437 1547 1465 καὶ
1577 1437 1685 1464 ἁκούων
1705 1435 1788 1463 αὑτοῦ

1003 1489 1088 1516 πολλὰ.
1105 1488 1190 1515 ἐποίει
1204 1495 1211 1503 ·
1230 1487 1390 1520 πεφυκότων
1404 1485 1432 1511 δέ
1446 1485 1500 1511 τῶν
1514 1483 1609 1511 κακῶν
1622 1484 1712 1518 μισεῖν
1724 1483 1787 1513 τοὺς

1002 1536 1174 1570 ἐλέγχοντας,
1193 1533 1241 1560 τοῦ
1256 1533 1351 1567 μίσους
1364 1531 1581 1566 προσγενομένου
1595 1530 1639 1556 διὰ
1648 1527 1701 1556 τὸν
1713 1529 1790 1563 ἔλεγ-

1002 1590 1060 1616 χον,
1076 1581 1186 1608 πάντων
1200 1579 1338 1613 ἀλογήσας
1354 1576 1468 1604 ἐκείνων
1494 1576 1644 1610 συνεφὼνει
1667 1577 1701 1610 τῇ
1730 1583 1789 1609 μοι·

1003 1628 1139 1664 χευομένῃ
1158 1626 1229 1653 κατὰ
1249 1625 1296 1660 τὴν
1324 1624 1415 1659 φόνιον
1439 1622 1563 1658 γνώμην,
1578 1623 1625 1649 καὶ
1640 1621 1728 1648 θέλων
1744 1620 1790 1647 καὶ

1004 1674 1086 1705 αὐτὸς
1103 1672 1264 1699 ἀποκτεῖναι
1277 1671 1322 1696 τον
1344 1669 1485 1704 Ἰωάννην,
1501 1668 1574 1695 καθά
1587 1676 1671 1702 φησιν
1684 1676 1698 1694 ο
1715 1667 1791 1694 Ματ-

1003 1718 1089 1751 θαῖος,
1103 1718 1228 1753 ἐφοὸεῖτο
1241 1717 1286 1743 τὸν
1301 1717 1390 1751 δχλον,
1403 1716 1454 1741 οὐκ
1469 1715 1596 1741 Eva-taciti
1613 1722 1676 1740 τινα
1694 1712 1790 1744 δεδιὼς

1003 1767 1036 1793 ἐκ
1052 1765 1167 1796 τούτων,
1184 1763 1253 1791 ἀλλὰ
1277 1762 1361 1797 μόνην
1388 1761 1437 1796 τὴν
1456 1761 1509 1788 ἀπὸ
1528 1759 1632 1786 τούτων
1649 1759 1790 1792 κατάγνω-

1004 1822 1057 1846 σιν,
1075 1811 1224 1846 ἐπειδήπερ
1238 1809 1275 1841 ὡς
1291 1808 1435 1845 προφήτην
1448 1807 1530 1833 αὑτὸν
1550 1804 1622 1840 εἶχον
1635 1813 1643 1822 ·
1659 1805 1721 1840 ᾔδει
1735 1805 1791 1840 γὰρ

1003 1860 1041 1892 ὡς
1061 1858 1157 1886 οὐδένα
1176 1857 1230 1883 τῶν
1247 1856 1375 1882 ἁπάντων
1388 1853 1484 1888 λέληθε
1497 1853 1528 1879 τὺ
1551 1852 1645 1887 περιον
1662 1851 1714 1886 τῆς
1728 1851 1791 1885 ἀρε-

1002 1905 1052 1940 τῆς
1069 1904 1117 1930 καὶ
1129 1903 1239 1937 χάριτος
1257 1900 1392 1932 Ἰωάννου,
1404 1900 1451 1926 καὶ
1463 1899 1512 1933 τῆς
1526 1897 1601 1932 παρὰ
1614 1897 1668 1924 τῶν
1684 1896 1789 1923 πολλῶν

1003 1951 1083 1984 δόξης
1098 1949 1230 1983 ὑπάρχων
1251 1947 1342 1982 ἥττων
1367 1945 1492 1980 ἐφοϐεῖτο
1516 1945 1565 1979 τὴν
1586 1943 1663 1978 παρὰ
1684 1944 1788 1969 τούτων

1004 1994 1183 2030 κατηγορίαν,
1200 1992 1246 2019 καὶ
1259 1992 1304 2018 τὸν
1318 1991 1384 2029 παρ’
1400 1990 1489 2017 αὐτῶν
1505 1989 1665 2024 θηρώμενος
1678 1989 1788 2015 ἔπαινον

1004 2043 1078 2069 ἔστιν
1091 2040 1133 2075 ἐφ’
1145 2037 1182 2067 ὧν
1193 2039 1233 2065 ἔτι
1246 2038 1294 2074 τὴν
1310 2038 1379 2072 πρὸς
1388 2037 1435 2064 τὸν
1452 2037 1582 2070 Ἰωάννην
1594 2037 1788 2071 προσεποιεῖτο

1005 2087 1092 2116 πειθὼ
1112 2087 1159 2113 καὶ
1174 2084 1328 2112 εὐλάϐειαν.
1351 2082 1452 2118 Ἀλλ’ή
1475 2082 1611 2117 Ἡρωδιὰς
1629 2082 1701 2116 σοφὴ
1723 2079 1788 2108 οὖσα

1004 2134 1051 2162 τοῦ
1068 2132 1250 2166 κακοποιῆσαι
1268 2129 1315 2157 καὶ
1339 2128 1435 2155 τοῦτον
1460 2128 1492 2162 δὴ
1517 2128 1562 2154 τὸν
1587 2127 1670 2160 φόϐον
1694 2127 1787 2153 ἔλυσεν

1004 2179 1089 2214 αὐτῷ,
1107 2178 1154 2205 καὶ
1169 2178 1237 2212 προς
1260 2176 1305 2202 τὸν
1331 2175 1423 2208 φόνον,
1437 2174 1474 2204 ὡς
1500 2173 1621 2208 ἐνόμισε,
1639 2172 1741 2207 μᾶλλον
1762 2173 1788 2198 δὲ

1004 2226 1040 2257 ὡς
1056 2225 1198 2259 ἠπάτησεν
1221 2220 1396 2254 ἀνεγκλήτως
1421 2218 1524 2253 ἐπῆρεν
1537 2225 1544 2233 '
1565 2217 1719 2250 ἐγκοτοῦσα
1736 2218 1789 2251 γὰρ

1005 2270 1054 2298 καὶ
1068 2268 1178 2303 φονῶσα
1198 2265 1294 2301 καιρὸν
1308 2265 1400 2300 ἐζήτει
1415 2264 1466 2298 τὴν
1487 2263 1539 2290 ἀπο
1555 2264 1608 2289 τῶν
1624 2263 1730 2289 πολλῶν
1747 2272 1791 2289 συ-

174 2312 279 2340 scilicet
300 2313 332 2340 ad
350 2313 504 2341 carniﬁcem
531 2313 774 2347 machinationem,
796 2314 862 2341 dum
881 2315 952 2342 cele-

1019 2315 1119 2342 rxtdnt
1139 2312 1252 2348 μέμψιν,
1266 2311 1312 2338 καὶ
1325 2311 1493 2345 προαγαγεῖν
1507 2310 1545 2341 είς
1561 2309 1642 2344 ἔργον
1656 2309 1707 2344 τὴν
1721 2311 1791 2336 κατὰ

174 2360 318 2389 brarentur
334 2358 450 2387 Hérodis
466 2358 601 2391 natalitia,
618 2359 692 2385 omni
703 2359 813 2394 quidem
827 2360 953 2388 multitu-

122 2415 134 2422 -
174 2405 237 2432 dine
257 2410 431 2440 congregata,
452 2410 478 2432 et
493 2405 622 2432 omnibus
639 2413 740 2432 mensa:
755 2406 955 2434 discumbenti-

174 2453 233 2484 hus,
249 2452 360 2478 intrarit
376 2452 403 2478 iu
419 2451 510 2478 medio
526 2451 648 2478 omnium
671 2451 729 2484 ejus
747 2452 800 2479 ﬁlia
827 2454 859 2480 de
877 2453 956 2481 indu-

172 2497 239 2525 stria
253 2505 268 2524 a
282 2503 367 2525 marte
381 2496 512 2529 immissa,
524 2501 550 2524 et
559 2505 648 2524 coram
665 2498 751 2526 oculis
765 2498 887 2526 omnium
900 2499 956 2526 sal-

175 2544 251 2576 taiit,
266 2548 298 2571 ὀι
318 2544 421 2578 placuit
440 2542 539 2571 Herodi
557 2548 583 2571 et
594 2545 708 2572 caeteris.
727 2544 794 2572 Nam
815 2545 954 2579 quomodo

175 2589 337 2617 llerodiadis
354 2590 417 2622 ﬁlia,
433 2597 448 2616 a
463 2595 548 2617 matre
559 2590 701 2625 producta,
715 2598 767 2618 non
784 2591 956 2626 impudenter

175 2639 314 2668 saltasset,
334 2645 384 2665 nec
404 2636 504 2664 llerodi
523 2637 690 2672 placuisset?
707 2637 745 2664 Ita
770 2645 833 2665 vero
854 2637 957 2665 lascivo

180 2682 235 2717 regi
252 2682 344 2709 arrisit
369 2681 512 2716 impudens
542 2682 662 2715 saltatio,
684 2687 714 2710 ut
745 2682 853 2710 saltanti
882 2683 957 2710 dicc-

178 2734 216 2756 ret
235 2738 241 2756 :
258 2739 266 2754 I
285 2729 348 2755 Pete
364 2736 379 2755 a
395 2736 437 2755 me
451 2729 521 2762 quod
539 2729 589 2761 vis,
605 2734 632 2755 et
647 2729 717 2755 dabo
736 2729 793 2756 tibi.
811 2728 843 2756 Et
855 2729 958 2763 jurmit

178 2776 215 2802 illi
234 2784 240 2801 :
260 2775 321 2810 quia
345 2775 474 2810 quidquid
493 2776 604 2810 petieris
622 2775 693 2803 dabo
713 2776 772 2809 tibi,
795 2776 859 2804 licet
873 2776 955 2803 dimi-

179 2822 251 2848 dium
274 2822 346 2856 regni
364 2822 415 2849 mei
428 2822 461 2848 ".
479 2831 488 2847 ι
506 2821 565 2849 lixit
577 2822 610 2848 ad
624 2827 737 2849 matrem
756 2827 782 2850 ct
798 2822 956 2858 magistram

229 2881 250 2894 ’⁵
267 2879 344 2907 Μίιιο
365 2888 402 2912 vi,
417 2879 462 2906 ‘22.

1007 2359 1054 2386 τοῦ
1067 2356 1220 2385 Βαπτιστοῦ
1232 2355 1279 2381 καὶ
1291 2355 1434 2390 Προφήτου
1449 2354 1556 2389 μανίαν.
1565 2354 1721 2388 Γενομένης
1733 2354 1790 2385 οὖν,

1008 2406 1101 2440 φησὶν,
1118 2403 1223 2439 ἡμέρας
1238 2402 1382 2436 εὐκαίρου,
1399 2399 1469 2435 πρὸς
1481 2401 1529 2435 τὴν
1544 2399 1658 2434 φονικὴν
1670 2400 1791 2435 δηλονότι

1009 2451 1143 2487 μηχανὴν,
1159 2449 1329 2482 τελουμένων
1346 2447 1399 2474 τῶν
1425 2445 1570 2480 γενεθλίων
1597 2445 1792 2480 Ἡρώδου,καὶ

1007 2496 1109 2527 παντὸς
1124 2495 1173 2530 μὲν
1187 2494 1234 2521 τοῦ
1247 2493 1326 2528 ὄχλου
1340 2491 1561 2526 συνειλεγμένου,
1574 2491 1685 2518 πάντων
1695 2491 1724 2517 δὲ
1738 2490 1791 2517 τῶν

1008 2545 1037 2570 ἐν
1052 2542 1126 2569 τέλει
1153 2539 1384 2576 προκαθημένων,
1403 2537 1511 2573 εἰσῆλθε
1541 2537 1643 2569 μεταξὺ
1669 2537 1790 2569 πάντων,

1008 2589 1138 2624 ἀφεθεῖσα
1155 2588 1220 2622 παρ’
1243 2586 1330 2620 αὐτῆς
1353 2584 1479 2620 ἐπίτηδες
1498 2584 1514 2618 ἡ
1535 2582 1638 2618 ταύτης
1655 2583 1791 2618 θυγάτηρ,

1008 2636 1056 2662 καὶ
1071 2634 1122 2661 ὑπὸ
1135 2633 1197 2665 τοὺς
1213 2632 1342 2659 ἁπάντων
1360 2629 1517 2665 ὀφθαλμοὺς
1536 2629 1683 2665 ὠρχήσατο
1701 2629 1731 2654 τὸ
1746 2636 1792 2654 κου

1011 2684 1116 2718 ράσιον,
1139 2680 1187 2707 καὶ
1211 2678 1294 2713 ἦρεσε
1310 2678 1366 2708 τοῖς
1388 2685 1418 2702 τε
1436 2676 1527 2706 ἄλλοις
1552 2676 1598 2702 καὶ
1614 2674 1653 2710 τῷ
1672 2673 1791 2709 Ἡρώδῃ.

1010 2728 1072 2759 Πῶς
1088 2727 1141 2761 γὰρ
1167 2725 1217 2751 οὐκ
1236 2723 1348 2758 ἔμελλεν
1368 2722 1452 2757 αὐτῆς
1469 2730 1498 2749 τε
1515 2721 1596 2753 οὖτα,
1612 2721 1658 2747 καὶ
1685 2720 1731 2746 ὑπ’
1746 2720 1792 2746 αὑ-

1009 2776 1058 2809 τῆς
1078 2771 1256 2808 προαχθεῖσα,
1280 2770 1328 2796 καὶ
1351 2769 1469 2800 ἀναιδῶς
1494 2767 1676 2803 ὸρχὴσαοϐαι,
1695 2767 1742 2793 καὶ
1755 2765 1792 2800 τῷ

1016 2819 1124 2854 Ἡρώδῃ
1139 2817 1277 2853 ἀρέσκειν,
1288 2815 1352 2842 Ἐπὶ
1365 2814 1493 2840 τοσοῦτον
1508 2813 1535 2839 δὲ
1549 2812 1595 2838 τοῦ
1612 2811 1792 2846 φιλοπαίγμο-
