1882 3070
49 159 97 193 531

742 163 909 194 HOMILIA
936 163 1015 196 XLI.

1646 168 1698 202 522

47 218 77 243 έν
90 216 130 251 τῷ
146 216 257 252 οὖρανῷ
273 217 319 243 ἐπὶ
336 217 376 243 ἑνὶ
394 217 552 253 ἁμαρτωλῷ
576 218 765 253 μετανοοῦντι.

953 221 980 248 :si
996 224 1060 249 sunt
1074 221 1156 255 servi,
1169 221 1289 251 Joannes
1300 222 1403 251 Domini
1417 223 1581 259 Prmcursor,
1591 226 1696 255 Zacha-

45 261 94 289 οὖν
109 263 236 298 ἀρρήτου
252 263 402 298 συναφείας
421 263 469 290 τοῦ
487 264 674 299 χαρισαμένου
689 265 740 300 τὴν
758 265 843 299 μετά‹

46 316 123 335 νοιαν
139 309 209 343 ἡμῖν
223 308 291 335 Υἱοῦ
317 308 364 335 τοῦ
385 308 469 342 Θεοῦ,
494 309 562 344 πρὸς
587 309 638 345 τὴν
666 309 843 346 ἀνθρωπίνην

45 355 130 388 φύσιν
144 355 317 391 τελουμένης
329 355 391 391 ἠδη,
405 356 453 382 καὶ
471 355 521 390 τῆς
538 356 585 382 ἒ.πὶ
603 356 692 392 ταύτῃ
709 358 785 392 παρὰ
794 357 842 385 τοῦ

44 401 115 427 Θεοῦ
128 404 177 428 καὶ
194 402 305 438 Πατρὶς
327 403 566 437 συγκροτουμένης
596 402 677 438 233
707 405 842 440 μυστικῆς

44 450 134 484 χαρᾶς
156 449 186 476 ὲν
202 449 340 484 οὐρανοῖς,
349 449 543 484 ἀπεστάλησαν
560 449 584 476 οἰ
599 449 700 481 δοῦλοι.
713 451 841 486 Ἰωάννης

42 496 56 521 ὁ
73 495 121 521 τοῦ
138 495 246 530 Κυρίου
267 495 434 531 πρόδρομος,
459 496 599 531 Ζαχαρίας
625 495 656 522 ὃν
677 497 842 524 ἀπέκτειναν

41 544 67 569 οί
83 542 211 570 Ἰουδαῖοι
225 543 329 577 μεταξὺ
346 542 393 570 τοῦ
410 542 476 570 ναοῦ
495 543 542 569 καὶ
554 543 601 570 τοῦ
630 543 840 580 Θυσιαστηρίου,

44 589 161 623 Συμεὼν
178 590 192 616 ὁ
207 589 345 624 θεοὸόχος,
365 590 413 616 καὶ
428 589 522 621 ἁπλῶς
551 589 651 621 πάντες
668 590 694 616 οί
714 591 767 625 πρὸ
790 591 840 618 τοῦ

45 635 184 671 σωτηρίου
204 636 311 668 πάθους
321 637 369 663 καὶ
381 638 432 672 τῆς
447 635 629 668 ἀναστάσεως
641 637 841 671 καταγγείλαν-

42 691 90 713 τες
111 682 316 718 τετελεσμένην
347 683 398 718 ἠδη
425 681 476 717 τὴν
491 683 539 709 τοῦ
548 682 654 718 Κυρίου
672 683 716 710 διὰ
739 683 840 719 σαρκὸς

42 729 152 755 έλευσιν
169 729 216 756 ἐπὶ
226 729 280 763 τὴν
296 729 358 764 γῆν.
375 728 586 765 Ἀπεστάλησαν
599 727 646 755 οὖν
661 725 735 756 οὗτοι
757 729 840 756 καλέ-

43 785 90 803 σαι
120 776 184 808 τοὺς
214 777 413 812 κεκλημένους,
434 776 558 811 δηλονότι
583 776 647 808 τοὺς
672 775 837 808 Ἰουδαίους·

40 819 116 849 οὗτοι
131 824 187 858 γὰρ
201 823 272 850 εἰσιν
287 824 312 849 oi
329 823 506 858 κεκλημένοι,
529 822 567 854 ὡς
583 824 630 849 καὶ
645 823 778 858 πρότερον
795 823 839 850 διὰ
852 828 862 838 ν

40 869 96 895 τῶν
111 869 266 904 προφητῶν
289 869 449 904 κληθέντες,
477 868 536 896 ἀλλ’
557 869 608 895 οὐκ
632 869 770 909 ἠθέλησαν
797 868 839 895 ἑλ-

40 916 110 949 θεῖν,
131 917 258 943 τουτέστι
273 915 422 943 πιστεῦσαι
434 917 482 942 καὶ
497 916 705 951 συμμετασχεῖν
714 906 768 950 ’τῆς
783 916 837 951 ἀρ.
852 906 875 935 Β

41 962 127 997 ρήτου
141 962 286 995 κοινωνίας
299 962 346 990 καὶ
362 963 485 998 χάριτος,
510 962 600 989 καίτοι
633 962 765 994 πολλάκις
789 962 838 988 καί

41 1008 179 1044 πρότερον
197 1009 245 1036 καὶ
260 1007 308 1035 νῦν
323 1009 483 1044 κληθέντες.
510 1008 597 1036 Πάλιν
617 1005 665 1036 οὖν
697 1016 792 1044 φησιν,
814 1007 838 1035 ὣ

39 1056 88 1090 τῆς
107 1056 217 1090 ἀφὰτου
234 1055 451 1091 μακροθυμίαςί
468 1055 631 1083 ἀπέστειλεν
655 1055 752 1089 ἄλλους
776 1055 839 1082 δού-

38 1103 120 1135 λους,
149 1102 238 1137 λέγων
253 1110 260 1118 -
294 1112 306 1129 ι
331 1102 401 1130 Ἰδοὺ
434 1103 465 1129 τὸ
497 1103 609 1138 ἄριστόν
647 1111 698 1138 μου
726 1102 840 1138 ἡτοίμα-

41 1157 117 1181 σται,
138 1149 164 1174 οῐ
183 1148 281 1185 ταῦροί
306 1157 357 1183 μου
373 1148 469 1176 καὶτὰ
497 1149 605 1176 σιτιστὰ
631 1149 768 1184 τεθυμένα
786 1148 835 1175 καὶ

38 1195 130 1221 πάντα
159 1194 271 1229 ἕτοιμα,
307 1194 385 1221 δεῦτε
416 1195 457 1226 είς
469 1194 546 1230 ιτοὺς
573 1195 691 1230 γάμους.
711 1203 720 1220 ι
751 1194 784 1221 Οί
804 1194 835 1221 δὲ

35 1238 228 1275 ἀκούσαντες,
259 1243 284 1269 οι
315 1242 365 1278 μὲν
396 1243 605 1279 ἀμελήσαντες,
643 1242 765 1278 ἀπῆλθον
794 1243 834 1274 είς

35 1289 141 1325 ἀγροὺς
174 1290 224 1316 καὶ
251 1289 390 1326 ἐμπορίας
406 1299 415 1307 ·
439 1290 524 1318 πόσον
558 1289 662 1318 τούτων
685 1289 836 1324 ἀπέχουσιν

895 266 951 294 rias
965 273 1047 304 quem
1058 267 1218 296 occiderunt
1227 267 1314 297 Judaei
1331 270 1401 298 inter
1418 272 1547 307 templum
1561 277 1588 300 et
1599 275 1694 308 altare,
1719 286 1725 290 -

895 310 1006 340 Simeon
1016 314 1062 348 qui
1076 313 1160 342 Deum
1176 314 1204 342 in
1215 314 1293 342 ulnas
1310 317 1460 351 accepit,et
1470 325 1565 346 omnes
1581 327 1694 355 prorsus

895 358 942 385 alii
959 359 1017 394 qui,
1035 364 1097 387 ante
1111 360 1280 388 salutiferam
1293 362 1450 396 passionem
1469 370 1496 391 et
1510 367 1693 395 resurrectio—

894 406 1205 436 nem,annuntiaverunt
1218 407 1272 442 iam
1289 408 1390 436 factum
1400 409 1508 438 Domini
1523 419 1571 447 per
1579 421 1691 442 carnem

893 450 1040 479 adventum
1058 451 1086 479 in
1101 456 1212 481 terram.
1229 455 1260 482 ili
1273 463 1339 491 ergo
1353 457 1430 485 missi
1446 463 1510 486 sunt
1522 463 1552 486 ut
1562 467 1694 489 vocarent

893 495 1034 531 invitatos,
1046 497 1151 526 scilicet
1160 498 1287 534 ludat-os;
1301 501 1344 529 isti
1360 503 1434 530 enim
1446 509 1509 531 sunt
1521 505 1637 539 invitati,
1648 511 1693 535 ut-

893 549 956 579 pote
970 545 1045 580 prius
1055 553 1102 580 per
1118 548 1265 582 praphetas
1281 550 1436 583 voeati,sed
1450 552 1598 580 noluerunt
1614 555 1693 582 veni-

892 598 932 624 re,
941 591 966 619 id
976 597 1019 620 est
1027 592 1139 620 credere
1149 592 1176 621 et
1187 594 1332 630 participes
1343 596 1401 624 ﬁeri
1415 595 1561 626 ineliabllis
1575 600 1692 631 sociata:

891 637 928 665 tis
941 642 968 665 et
979 639 1082 674 gratiae,
1094 639 1145 666 etsi
1161 641 1301 669 multoties
1315 646 1343 669 et
1358 642 1448 677 primo
1461 648 1488 671 et
1500 652 1572 672 nunc
1588 647 1689 674 vocati.

894 683 994 712 lterum
1018 693 1084 720 ergo
1111 686 1222 719 dixit,o
1249 688 1443 717 inenarrabilis
1473 690 1687 726 ionganimitasl

893 730 968 758 misit
980 730 1049 759 alios
1065 739 1159 760 servos
1175 733 1290 762 dicens:
1307 743 1317 760 ι
1339 734 1408 763 Ecce
1424 737 1572 771 prandium
1592 746 1685 767 meum

891 777 995 812 paravi,
1014 779 1085 806 tauri
1112 779 1165 806 mei
1192 785 1220 808 et
1244 780 1331 809 altilia
1347 783 1440 811 occisa
1457 788 1533 818 sunt,
1550 789 1578 813 et
1593 787 1689 814 omnia

891 826 1004 857 parata;
1021 825 1111 852 venite
1125 825 1159 852 ad
1187 826 1308 861 nuptias.
1326 837 1335 854 ι
1360 827 1416 856 lliv‘
1433 830 1546 864 auditis,
1563 831 1607 859 alii
1625 833 1688 867 qui-

891 868 953 896 dem
969 870 1159 906 neglexerunt,
1173 877 1200 900 et
1220 874 1347 902 abierunt
1366 875 1394 902 in
1411 882 1491 912 agros
1509 882 1536 905 et
1553 878 1587 905 ad
1601 886 1687 914 nego-

891 915 1050 949 tiationem;
1074 918 1101 945 in
1126 926 1182 954 quo
1197 919 1231 947 ab
1245 921 1304 949 istis
1323 921 1453 950 diﬂ‘erunt
1465 924 1511 959 qui
1527 924 1629 960 fruges,
1645 926 1686 954 vi-

891 969 957 990 neas
980 967 1008 992 et
1032 964 1100 992 alias
1127 966 1302 1001 negotiorum
1334 968 1533 1003 inreqnalitates
1565 972 1683 1005 causati,

891 1016 985 1038 sacros
999 1016 1151 1040 conventus
1163 1013 1369 1050 derelinquunt,
1382 1024 1433 1045 nec
1443 1016 1595 1046 doctrinam
1609 1019 1684 1054 psal-

892 1057 1067 1093 modiamque
1081 1063 1206 1088 sanctam
1219 1062 1316 1090 audire
1337 1062 1520 1092 desideranti
1538 1065 1592 1093 Alii
1617 1073 1685 1095 vero

890 1106 1038 1132 tenuerunt
1058 1112 1164 1140 servos,
1189 1111 1217 1135 et
1239 1110 1417 1138 contumeliis
1440 1110 1558 1140 electos
1576 1113 1685 1141 occide-

888 1154 961 1178 runt.
971 1150 994 1178 A
1004 1151 1106 1186 quibus
1115 1159 1168 1180 non
1176 1153 1254 1182 valde
1266 1155 1371 1184 distant
1382 1156 1430 1192 qui
1443 1157 1601 1187 etiamnunc
1616 1164 1685 1188 obe-

888 1195 1019 1224 dientiam
1033 1203 1163 1232 negantes
1173 1199 1307 1234 praefectis
1319 1201 1455 1237 Ecclesiae,
1464 1204 1526 1233 illos
1537 1209 1566 1232 ut
1578 1205 1683 1234 inimici

888 1242 981 1271 verbis
997 1243 1141 1278 impetum.
1157 1245 1212 1274 Nos
1227 1252 1317 1275 autem
1342 1249 1401 1278 istis
1415 1251 1498 1278 etiam
1514 1259 1548 1280 ex
1564 1253 1615 1281 hac
1630 1260 1682 1289 pa-

891 1289 984 1316 rabole
1011 1289 1158 1318 salutarem
1184 1293 1269 1327 gratis
1294 1295 1481 1329 exprimamus
1504 1299 1681 1328 suavitatem.

33 1339 59 1366 οἱ
79 1339 171 1375 τρὺγη
189 1339 238 1366 καὶ
253 1338 473 1374 ἀμπελῶναςκαλ
486 1337 689 1375 πραγματικὰς
714 1336 877 1373 ἀνωμαλίας
895 1337 1143 1372 προφασιζόμενοι,
1173 1344 1222 1367 καὶ
1249 1341 1304 1369 τῶν
1335 1342 1418 1377 ιερῶν
1449 1344 1587 1377 συνάξεων
1614 1347 1683 1373 dno-

34 1386 206 1421 λειπόμενοι,
223 1385 269 1412 καλ⁵
281 1387 331 1422 τῆς
353 1385 429 1421 ἱερᾶς
447 1385 610 1421 ψαλμῳδίας
645 1385 692 1412 καὶ
719 1384 897 1416 διδασκαλίας
923 1383 1034 1411 ἀκούειν
1066 1386 1104 1422 μὴ
1133 1387 1374 1424 προθυμούμενοιῖ
1406 1391 1437 1418 Οί
1465 1392 1505 1424 δὲ,
1530 1395 1607 1429 φησὶ,
1632 1391 1682 1423 καὶ

32 1435 98 1466 τοὺς
113 1435 227 1467 δούλους
245 1435 434 1470 κρατήσαντες
449 1435 567 1471 ὕϐρισαν
582 1435 631 1463 καὶ
651 1434 828 1461 ἀπέκτειναν.
851 1433 888 1461 Οὐ
912 1432 985 1460 πάνυ
1005 1433 1102 1470 πόῤῥω
1116 1435 1222 1464 τούτων
1232 1438 1301 1465 statu
1313 1439 1338 1466 οί
1355 1440 1401 1466 καὶ
1428 1440 1477 1468 νῦν
1502 1442 1681 1476 ἀπειθοῦντες

30 1482 91 1513 τοῖς
112 1481 286 1516 προστάταις
309 1481 361 1517 τῆς
378 1481 557 1516 Ἐκκλησίας,
586 1480 634 1508 καὶ
657 1481 718 1508 κατ’
744 1478 835 1507 αὐτῶν
850 1479 926 1505 ἔστιν
944 1478 989 1506 ὅτε
1004 1480 1038 1506 τὰ
1050 1480 1106 1508 τῶν
1137 1481 1279 1518 πολεμίων
1325 1485 1607 1523 παραφθεγγόμενον
1620 1489 1680 1516 ἀλλ’

30 1530 117 1565 ημεῖς
134 1529 242 1565 δωρεὰν
257 1529 304 1556 καὶ
317 1528 425 1561 τούτοις
438 1529 471 1555 ἐκ
481 1529 530 1564 τῆς
547 1527 706 1564 παραϐολῆς
722 1526 826 1559 ταύτης
840 1526 1018 1562 ἐκθλίψωμεν
1032 1527 1063 1554 τὸ
1077 1527 1214 1564 σωτήριον
1229 1529 1357 1564 γλεῦκος-

69 1590 79 1606 ι
110 1579 188 1612 Ἰδοὺ,
204 1580 284 1615 φησὶ,
313 1579 344 1607 ab
372 1580 483 1616 ἄριστόν
508 1588 559 1615 μου
580 1579 766 1616 ἡτοίμασται·
796 1587 810 1605 ο

941 1577 1020 1610 Ecce,
1037 1577 1138 1613 inquit,
1155 1579 1300 1614 prandium
1311 1588 1400 1609 meum
1414 1583 1517 1618 paravi,
1533 1584 1604 1612 tauri
1621 1585 1677 1615 mei

28 1626 129 1661 ταῦροί
140 1634 192 1660 μου
206 1626 255 1652 καὶ
279 1625 314 1652 τὰ
336 1625 445 1653 σιτιστὰ
475 1624 626 1660 τεθυμένα,
657 1624 706 1651 καὶ
736 1623 771 1651 πό

933 1623 1041 1650 rolatilia
1067 1624 1158 1652 occisa
1186 1630 1261 1659 sunt,
1295 1631 1323 1655 et
1338 1628 1431 1656 omnia
1464 1636 1592 1665 parata.)
1608 1630 1676 1661 Vere

28 1673 141 1706 ἕτοιμα.
163 1681 172 1698 ›
194 1671 300 1703 Ὄντως
329 1671 402 1698 κατὰ
416 1670 466 1706 τὴν
483 1669 692 1706 ὲνανθρώπησιν
701 1668 748 1696 τοῦ
767 1669 825 1696 Κυ-

30 1719 92 1752 ρίου
105 1717 238 1753 ἐτελέσθη
256 1717 310 1744 τῶν
335 1717 412 1753 παρὰ
438 1714 507 1744 Θεοῦ
530 1716 680 1752 γεγονότων
704 1716 735 1744 τὸ
762 1717 826 1752 ἄρι-

29 1772 94 1790 στον
108 1771 115 1779 ·
136 1763 228 1790 πάντα
245 1762 300 1798 γὰρ
317 1763 351 1790 τὰ
369 1763 423 1799 πρὸ
435 1763 537 1799 ταύτης
558 1761 739 1798 οἰκονομικῶς
754 1763 824 1798 ὑπὲρ

27 1809 110 1844 ἡμῶν
123 1809 201 1845 παρὰ
216 1809 284 1836 Θεοῦ
297 1810 431 1845 γενόμενα
455 1809 527 1837 καλά
537 1817 567 1836 τε
599 1807 634 1845 ἦν
647 1810 695 1837 καὶ
722 1809 823 1844 ἀγαθὰ,

28 1857 99 1892 πρὸς
108 1857 190 1884 τοῦτο
205 1857 236 1883 τδ
258 1855 334 1888 τέλος
358 1856 480 1884 τείνοντα
495 1865 502 1872 ·
519 1856 550 1883 τδ
578 1855 608 1884 δὲ
635 1857 745 1884 πάντων
764 1856 825 1892 ἄρι-

27 1913 104 1936 στον,
125 1904 228 1939 μᾶλλον
251 1903 281 1931 δὲ
306 1903 339 1930 τὸ
370 1903 452 1938 μόνον
466 1903 552 1935 ὅντως
576 1903 625 1930 καὶ
654 1904 823 1939 ἀσύγκριτον

25 1951 154 1985 ἄριστον,
172 1952 189 1986 ἡ
201 1951 413 1986 ὲνανορὼπησίς
428 1951 486 1978 ἐστι
496 1951 542 1978 τοῦ
556 1952 660 1988 Κυρίου
672 1951 752 1988 ἡμῶν
769 1952 823 1988 ’1η-

27 1998 77 2024 σοῦ
95 1997 230 2032 Χριστοῦ,
243 1998 291 2024 καὶ
306 1997 408 2033 ταύτης
424 1993 542 2033 μάλιστα
558 1998 589 2024 τὸ
602 1998 689 2032 τέλος,
704 1999 738 2026 τὰ
771 2007 825 2026 σω-

25 2045 114 2079 τήρια
131 2044 208 2077 πάθη
225 2043 271 2070 καὶ
282 2044 299 2078 ἡ
316 2044 464 2076 ἀνάστασις
478 2052 485 2060 ⁸
505 2045 632 2079 φαίνεται
644 2045 700 2080 γὰρ
714 2047 732 2081 ἡ
758 2045 822 2081 κλῆ-

26 2097 70 2121 σις
84 2089 156 2124 αὕτη
177 2089 248 2123 μετὰ
265 2089 313 2124 τὴν
330 2090 362 2116 ὲκ
377 2089 483 2125 νεκρῶν
498 2090 648 2118 ἀνάστασιν
659 2091 706 2118 τοῦ
718 2092 820 2127 Κυρίου

23 2136 204 2169 γεγενημένη
222 2143 230 2150 ·
247 2135 308 2161 τότε
324 2134 378 2171 γὰρ
390 2135 438 2162 καὶ
466 2135 555 2163 πάντα
586 2138 698 2171 γέγονεν
723 2137 822 2173 ἕτοιμα

22 2183 57 2206 τὰ.
74 2182 144 2216 7:98,-
158 2181 209 2215 τὴν
227 2181 366 2217 σωτηρίαν
391 2181 441 2217 τὴν
476 2183 654 2219 ήμετέραν,ή
682 2184 730 2210 τοῦ
754 2184 819 2211 Υίοῠ

20 2229 71 2255 τοῦ
87 2227 157 2254 Θιῦῦ
186 2227 231 2254 διὰ
260 2227 362 2263 σαρκὸς
397 2229 507 2264 ἐντελὴς
539 2230 691 2265 οἰκονομία,
718 2231 735 2265 ἡ
757 2231 820 2258 κατ’

20 2275 112 2310 αὐτὴν
140 2274 284 2307 θεόλεκτος
311 2263 491 2310 διδασκαλία,
514 2277 549 2304 τὰ
579 2263 815 2313 τῆς-θεανέρικῆς
833 2263 855 2291 D

19 2320 169 2355 ἐνεργείας
183 2320 408 2355 ἀποτελέσματα,
421 2322 437 2356 ἡ
456 2321 599 2356 μετάδοσις
613 2323 659 2349 τοῦ
681 2323 816 2359 θεανθρὼ-

18 2374 72 2393 που
87 2366 231 2401 σώματος,
246 2366 276 2393 τὸ
289 2367 362 2402 μέγα
377 2367 425 2394 καὶ
434 2366 506 2394 θεῖον
524 2369 571 2395 καὶ
583 2370 717 2405 σωτήριον
729 2369 815 2405 θῦμα,

16 2415 33 2449 η
52 2415 87 2440 ἑκ
102 2413 212 2449 νεκρῶν
231 2414 382 2450 τριήμερος
406 2415 524 2450 ἕγερσις,
558 2417 574 2451 ἡ
609 2418 734 2452 καταρχὴ
766 2418 816 2453 τῆς

17 2460 137 2488 αἰωνῖου
158 2460 232 2495 ζωῆς
250 2461 361 2496 καὶτῆς
376 2460 469 2488 ἐνθέου
488 2462 555 2489 κατ’
569 2462 655 2498 αὐτὴν
678 2463 814 2498 εὐφροσύ-

16 2516 78 2542 νης.
97 2507 131 2534 Οί
150 2507 246 2542 ταῦροί
264 2515 325 2542 μου,
338 2508 417 2543 φησι,
434 2508 481 2535 καὶ
494 2508 529 2534 τὰ
542 2509 650 2536 σιτιστὰ
660 2510 794 2544 τεθυμένα
805 2517 812 2525 ·

15 2554 78 2579 τότε
99 2553 155 2587 γὰρ
171 2553 220 2579 καὶ
237 2552 272 2579 τὰ
288 2553 394 2580 παλαιὰ
408 2554 464 2585 τοῖς
480 2553 550 2585 νέοις
570 2553 673 2589 ἥνωται
688 2563 695 2571 ο
713 2556 748 2581 τὰ
763 2555 812 2590 μὲν

14 2601 59 2626 διὰ
74 2599 126 2634 τῆς
139 2599 194 2625 τῶν
207 2599 334 2626 σιτιστῶν
350 2599 444 2631 θυσίας
458 2600 611 2636 δηλούμενα
623 2609 630 2616 ·
646 2601 730 2636 ἄρτος
757 2603 811 2638 γάρ

15 2648 90 2673 ἐστιν
103 2647 120 2673 ό
136 2645 186 2672 νῦν
202 2645 274 2681 ὑπὲρ
294 2646 375 2681 ἡμῶν
390 2646 419 2673 ἐν
431 2647 464 2682 τῇ
490 2647 642 2683 Ἐκκλησία¹
658 2647 790 2683 θυόμενος
803 2658 809 2665 ·

14 2693 48 2718 τὰ
63 2692 93 2718 δὲ
111 2691 218 2718 παλαιὰ
232 2691 277 2718 διὰ
285 2692 340 2718 τῶν
355 2691 464 2728 ταύρων
481 2693 682 2728 σημαινόμενα,
709 2695 756 2722 καὶ
767 2695 810 2722 διὰ

13 2739 63 2772 τῆς
83 2737 184 2771 καινῆς
202 2736 299 2769 θυσίας
313 2739 539 2773 μετενηνεγμένα
571 2739 641 2774 πρὸς
653 2741 683 2766 τὸ
708 2740 810 2768 θειότε-

15 2793 72 2818 ρον.
92 2783 306 2818 Ἀπεστάλησαν
323 2783 370 2811 οὖν
385 2784 461 2811 ἄλλοι
472 2784 576 2819 δοῦλοι,
590 2786 615 2812 oi
630 2786 678 2814 τοῦ
704 2788 807 2823 Κυρίου

14 2831 173 2862 ἀπόστολοι,
190 2829 308 2865 κηρῦξαι
324 2830 411 2858 ταῦτα
437 2832 553 2864 καὶτοῖς
589 2833 736 2867 Ἰουδαίοις,
767 2837 807 2863 ἔτι

15 2876 263 2912 μηροθυμοῦντος
297 2878 342 2903 ἐπ’
374 2878 466 2910 αὐτοῖς
486 2879 533 2906 τοῦ
562 2880 719 2908 Δεσπότου·
748 2884 807 2912 ἀλλ’

14 2923 184 2954 οχούσαντες
200 2923 313 2958 ἐκεῖνοι,
330 2925 355 2950 οί
376 2924 426 2959 μὲν
443 2925 504 2952 οὐδὲ
532 2928 696 2963 προσέσχον,
708 2929 806 2965 ἀγροῖς

13 2970 58 2995 καλ.
75 2970 238 3006 ἐμπορίαις,
257 2971 292 3006 γῇ
308 2972 423 3003 καὶτοῖς
433 2973 539 3007 γηΐιιοις
552 2974 705 3009 ὁλοσχερῶς
718 2985 805 3012 προσ-

178 3019 315 3049 Ρλτιιυι.
340 3021 399 3050 Gn.
417 3021 478 3050 tiLl

878 1677 928 1704 per
948 1669 1165 1699 incarnationem
1177 1672 1282 1702 Domini
1297 1676 1452 1710 appositum
1469 1682 1511 1705 est
1538 1678 1673 1715 optimum

877 1723 910 1743 ex
923 1716 1052 1751 operibus
1072 1717 1133 1751 Dei;
1155 1727 1217 1746 nam
1230 1720 1322 1747 omnia
1340 1726 1404 1750 ante
1432 1731 1491 1751 cam
1509 1726 1673 1760 sapientcra‘

880 1761 935 1790 Deo
953 1767 1064 1798 propter
1072 1771 1128 1804 nos
1149 1764 1219 1793 facta
1236 1767 1348 1801 pulchra
1374 1775 1452 1798 erant
1467 1775 1493 1798 et
1504 1771 1587 1806 bona,
1602 1774 1674 1801 etad

878 1808 951 1836 hunc
967 1809 1047 1837 tinem
1069 1812 1294 1845 spectantia;sed
1319 1815 1453 1849 optimum
1483 1826 1516 1846 ex
1531 1821 1671 1854 omnibus,

877 1855 932 1883 into
947 1856 1035 1884 solum
1050 1864 1113 1885 vere
1137 1862 1164 1885 et
1178 1859 1238 1886 sine
1251 1859 1302 1886 ulla
1319 1864 1524 1896 comparatione
1538 1866 1670 1900 optimum

875 1906 915 1929 est
925 1902 1076 1930 incarnatio
1086 1903 1192 1931 Domini
1205 1905 1288 1934 nostri
1303 1905 1366 1935 Iesu
1375 1907 1486 1944 Christi,
1498 1915 1524 1939 et
1535 1914 1671 1947 praecipue

876 1948 957 1984 hujus
974 1948 1035 1977 linis
1051 1950 1194 1979 :salutaris
1229 1954 1358 1988 passioet
1382 1959 1558 1986 resurrectio.
1592 1960 1670 1989 'i‘unc

874 1995 947 2022 enim
983 1996 1076 2023 omnia
1098 2002 1192 2032 parata
1227 2005 1291 2027 sunt
1307 2001 1340 2028 ad
1370 2002 1486 2032 salutem
1513 2011 1662 2037 nostram:

874 2038 935 2069 Filii
952 2041 997 2069 Dei
1016 2049 1063 2077 per
1075 2050 1184 2071 carnem
1212 2046 1332 2080 perfecta
1363 2049 1541 2084 dispensatio,
1572 2053 1666 2082 divina

874 2096 922 2123 per
935 2096 994 2117 eam
1019 2090 1155 2123 doctrina,
1173 2092 1300 2122 humanm
1331 2095 1467 2132 simulque
1496 2099 1594 2129 divina:
1611 2102 1667 2129 vir-

875 2135 940 2163 tutis
957 2143 1051 2170 opera,
1064 2136 1149 2164 divini
1164 2139 1301 2175 simuique
1322 2142 1434 2171 humani
1451 2147 1575 2181 corporis
1590 2155 1668 2176 corn-

872 2182 1033 2217 municatio,
1066 2192 1193 2221 magnum
1226 2192 1253 2215 el
1268 2189 1390 2217 divinum
1425 2196 1452 2218 et
1480 2194 1602 2222 salutare
1619 2204 1664 2223 sa—

872 2228 1019 2260 criﬁcium.
1044 2235 1105 2265 pest
1140 2237 1193 2261 tres
1217 2234 1304 2262 dicsa
1332 2238 1448 2266 mortuis
1486 2244 1662 2276 resurrectio,

869 2274 996 2308 primitiae
1017 2278 1146 2311 perennis
1175 2279 1237 2308 vita:
1260 2281 1412 2318 divinaeque
1439 2286 1466 2313 in
1485 2294 1514 2314 ea
1553 2274 1662 2319 laetitiae.

871 2317 955 2347 Tauri
971 2321 1037 2355 mci,
1051 2322 1100 2355 ait,
1116 2327 1142 2350 ct
1158 2324 1277 2353 volatilia
1302 2317 1393 2355 occisa
1408 2336 1473 2358 sunt
1491 2340 1498 2365 ;
1515 2337 1579 2362 tunc
1587 2338 1661 2363 enim

869 2370 961 2394 vetera
980 2368 1058 2396 novis
1087 2369 1205 2398 adunata
1228 2379 1311 2406 sunt;
1327 2373 1383 2402 haec
1397 2377 1506 2411 quidem
1521 2387 1573 2414 per
1585 2383 1662 2410 occi-

868 2411 973 2440 sionem
989 2414 1139 2443 volatilium
1169 2417 1354 2454 manifestata,
1372 2429 1434 2450 nam
1461 2411 1539 2459 panis
1556 2434 1598 2456 est
1612 2431 1660 2465 qui

867 2466 940 2487 nunc
954 2465 1066 2496 propter
1080 2469 1130 2490 nos
1144 2463 1170 2490 in
1189 2463 1307 2493 Ecclesia
1332 2469 1503 2498 sacriﬁcatur
1517 2481 1523 2505 ;
1538 2473 1580 2501 illa
1597 2463 1660 2503 vero

865 2510 956 2533 vetera
971 2514 1016 2542 per
1029 2512 1122 2537 tauros
1139 2510 1284 2546 declarata,
1299 2518 1326 2541 et
1339 2522 1386 2548 per
1404 2524 1501 2544 novam
1520 2520 1657 2550 victimam

865 2552 892 2580 in
920 2555 1084 2582 sacriﬁcium
1111 2556 1167 2584 Deo
1188 2558 1296 2594 dignius
1327 2562 1467 2590 translata.
1491 2564 1565 2594 Missi
1594 2575 1659 2598 sunt

864 2606 928 2635 ergo
942 2601 988 2628 alii
1011 2604 1093 2636 servi,
1107 2603 1212 2633 Domini
1243 2609 1442 2644 apostoli,qum
1474 2612 1525 2640 ista
1557 2613 1663 2644 intimis“

863 2647 1052 2681 praedicarent,
1080 2649 1196 2678 Domino
1223 2653 1314 2682 adhuc
1341 2655 1374 2684 de
1388 2657 1426 2684 eis
1444 2657 1560 2688 habente
1586 2664 1658 2696 pati-

862 2693 973 2721 entiam.
988 2695 1022 2722 At
1038 2696 1093 2730 isti,
1110 2697 1151 2725 bis
1160 2699 1270 2732 auditis,
1290 2702 1335 2729 alii
1365 2703 1473 2738 quidem
1490 2713 1544 2734 non
1567 2693 1658 2737 atten-

862 2741 970 2774 derunt,
983 2743 1056 2776 agris
1068 2748 1095 2771 et
1122 2746 1361 2782 negotiationibus,
1391 2754 1469 2778 terra:
1490 2758 1517 2780 et
1541 2758 1656 2786 terrenis
1695 2781 1700 2788 .

861 2786 908 2814 toti
924 2787 1190 2824 incumbentes;alii
1212 2798 1303 2822 autem
1329 2804 1469 2830 praecones
1497 2806 1654 2839 tenuerunt,

859 2838 886 2861 et
900 2834 968 2862 alios
991 2837 1100 2871 quidem
1129 2841 1303 2870 contumeliis
1316 2843 1477 2880 affecerunt,
1511 2849 1579 2878 alios
1591 2834 1655 2881 vero

859 2881 1060 2919 lapidavcrunt,
1071 2892 1167 2914 omnes
1180 2892 1281 2922 autem,
1298 2896 1432 2925 quantum
1459 2897 1549 2930 potuit
1559 2906 1656 2931 eorum

859 2928 1026 2965 malignitas,
1041 2937 1069 2960 et
1085 2934 1219 2962 conviciis
1234 2935 1434 2966 lacessiverunt
1444 2928 1472 2968 et
1486 2928 1656 2976 occiderunt.

858 2987 868 3004 ι
888 2978 977 3006 Iratus
993 2979 1086 3014 igitur.
1103 2980 1152 3015 ait,
1182 2989 1227 3010 rex
1241 3003 1248 3017 ,
1265 2984 1358 3013 missis
1383 2988 1551 3018 exercitibus
1584 2993 1652 3020 suis.

1439 3034 1475 3057 17
