1882 3070
157 132 209 164 503

784 139 973 171 GREGORII
994 141 1153 172 PALAME

1728 141 1759 172 ΞΟ
1766 140 1782 172 ζ

156 192 240 225 patio,
258 191 368 219 auditus
381 197 409 220 et
424 197 597 227 conspectus,
618 195 744 230 famaque
757 204 885 232 grassans
899 206 945 233 per

1021 199 1095 232 ύσος.
1114 200 1193 227 Οὕτω
1206 200 1272 234 γοῦν
1291 200 1362 228 κατά
1387 201 1478 228 πᾶσαν
1503 199 1632 227 πρόθεσιν
1655 200 1785 238 προσκεί-

155 238 215 265 loca
230 238 510 274 ornr:ia,quapropler
535 240 667 269 licrodias
691 241 823 270 Joannem
852 253 943 278 persc~

157 284 303 318 quebatur,
323 284 348 311 id
371 290 411 312 cat
426 285 493 312 iram
513 286 646 314 adversus
661 295 722 314 eum
740 288 767 314 in
791 289 872 317 corde
890 298 941 317 suo

157 329 307 362 nutriebat,
321 335 348 356 et
369 330 476 358 volebat
495 339 557 358 eum
575 331 740 365 interﬁcere,
757 333 804 360 sed
820 341 873 361 non
887 343 939 370 po‘

159 381 238 403 terat.
261 385 270 401 (
297 376 420 404 Herodes
434 377 506 404 enim
532 378 670 405 metuebat
689 378 835 412 Joannem,
852 382 942 408 sciens

157 428 219 447 eum
239 422 326 448 Virum
342 421 447 456 justum
464 428 490 449 et
504 427 641 450 sanetum.
664 432 672 448 ι
689 423 815 451 Timebat
830 425 940 459 quidem

158 467 282 494 llerodes
309 467 440 495 Joannem
460 473 572 503 propter
597 469 708 496 virtutis
735 470 940 502 excellentiam,

159 512 245 539 Deum
264 518 354 541 autem
371 521 424 540 non
442 513 564 546 timebat,
580 522 593 541 ιι
610 522 665 549 quo
680 515 836 542 hominibus
856 515 943 543 virtus

159 557 331 591 infunditur;
351 566 401 586 nec
426 558 559 586 Joannem
577 560 692 588 timebat
710 565 738 588 ut
766 561 862 595 talem,
880 561 942 595 quia

160 604 263 631 sciebat
279 612 341 631 eum
355 604 460 639 justum
479 610 506 632 et
521 611 658 637 sanctum,
676 606 723 633 sed
742 606 855 633 timebat
879 614 942 634 eum

159 655 271 683 propter
286 651 391 682 turbas,
409 651 473 685 quia
486 656 614 686 tanquam
630 652 789 687 prophetam
806 652 943 680 habebant

160 705 234 729 vum,
251 698 480 731 quemadmodum
505 698 573 726 dixit
604 698 762 731 Matthznus;
780 707 842 726 nam
872 700 945 726 sicut

162 742 219 776 ipse
234 743 355 778 scripsit,
370 751 424 771 non
438 744 496 771 sola
514 744 658 778 llerodias,
677 748 723 773 sed
741 750 768 772 et
786 745 843 779 ipse
859 744 944 773 Hero-

161 789 221 819 des,
234 797 295 816 cum
311 790 390 816 vellet
401 787 533 818 Joannem
547 791 681 821 occidere.
694 791 807 819 timebat
824 792 942 819 turbam.

999 255 1081 281 μενος
1092 247 1125 282 τῇ
1140 246 1234 281 κακίᾳ,
1252 246 1400 273 κάντεῦθεν
1420 247 1465 274 τὸν
1492 247 1602 282 ἔλεγχον
1619 245 1658 280 μὴ
1681 245 1781 280 φέρων,

998 293 1028 319 ἐν
1053 292 1160 328 φυλακῇ
1177 293 1222 319 τὸν
1241 292 1368 326 Ἰωάννην
1397 293 1584 320 κατέκλεισεν.
1603 291 1687 318 Ἀλλὰ
1702 291 1781 326 καὶὴ

999 338 1108 373 φυλακὴ
1136 338 1206 372 αὕτη
1225 338 1326 373 μείζων
1350 339 1460 374 ἔλεγχος
1477 336 1521 373 ἣν,
1551 338 1600 365 καὶ
1616 337 1782 371 ἀκουομένη,

998 384 1047 410 καὶ
1060 384 1198 419 ὁρωμένη,
1210 385 1258 411 καὶ
1273 384 1319 411 διὰ
1336 385 1445 411 πάντων
1469 384 1591 418 φοιτῶσα
1606 383 1652 409 διὰ
1669 382 1721 416 τῆς
1736 383 1784 417 φή-

1000 438 1054 464 μης
1067 438 1074 446 ι
1088 429 1132 456 διὰ
1148 430 1227 457 τοῦτο
1248 431 1295 457 καὶ
1309 432 1324 465 ἠ
1346 431 1481 465 Ἡρωδιὰς
1505 431 1608 464 ἐνεῖχεν
1631 428 1724 459 αὑτὸν,
1739 428 1785 462 δη-

998 475 1085 502 λονότι
1107 475 1156 511 τὴν
1185 477 1257 503 κατὰ
1286 476 1333 503 τοῦ
1356 477 1482 504 Ἰωάννου
1511 477 1612 511 μανίαν
1642 475 1671 501 ἒν
1699 475 1782 508 ἑαυτῇ

998 520 1105 555 ἔτρεφε,
1120 522 1166 548 καὶ
1183 521 1281 556 ἤθελεν
1297 521 1378 553 αὐτὸν
1406 523 1576 552 ἀποκτεῖναι,
1589 521 1638 547 καὶ
1653 521 1705 547 οὐκ
1721 519 1783 552 ὲ,δὺ-

999 574 1078 592 νατο·
1095 575 1104 592 ι
1129 566 1158 593 'O
1171 566 1225 602 γὰρ
1245 567 1378 602 Ἡρώδης,
1395 568 1485 601 φησὶν,
1502 567 1626 601 ἐφοϐεῖτο
1649 566 1697 592 τὸν
1729 566 1785 591 Ἰω-

1000 611 1092 646 άννην,
1110 612 1188 644 εἰδὼς
1200 613 1280 639 αὑτὸν
1293 613 1378 648 ἄνδρα
1390 612 1494 639 δίκαιον
1510 612 1559 638 καὶ
1574 612 1663 644 ἆγιον.
1678 620 1687 636 ι
1705 610 1784 644 Ἐφο-

999 657 1072 683 ϐεῖτο
1093 657 1142 691 μὲν
1157 658 1171 683 ὁ
1190 658 1313 694 Ἡρώδης
1339 660 1385 685 τὸν
1409 658 1535 691 Ἰωάννην
1555 657 1599 683 διὰ
1615 657 1644 682 τδ
1659 656 1710 690 τῆς
1723 655 1785 690 ἀρε-

999 703 1048 737 τῆς
1064 703 1244 739 ὑπερϐάλλον,
1258 705 1308 730 οὐκ
1323 704 1446 738 ἐφοϐεῖτο
1457 704 1485 730 δὲ
1506 703 1550 729 τὸν
1580 703 1658 733 Θεὸν,
1675 701 1742 736 παρ’
1754 696 1784 726 οὗ

999 749 1055 779 τοῖς
1074 748 1229 783 ἀνθρώποις
1253 750 1269 784 ἠ
1289 750 1393 784 ἀρετήο
1410 749 1471 776 οὐδὲ
1496 749 1578 776 αὐτὸν
1593 748 1721 781 ἐφοϐεῖτο
1739 745 1786 772 τὸν

1005 793 1132 829 Ἰωάννην
1148 795 1195 822 ἅτε
1210 795 1342 828 τοιοῦτον,
1354 796 1442 823 καίτοι
1458 796 1505 822 καὶ
1527 795 1609 827 aeta;
1632 794 1730 821 τοῦτον
1747 793 1786 818 el-

162 836 213 868 δὼς
228 836 312 872 ἄνδρα
330 837 432 864 δίκαιον
446 839 492 864 καὶ
507 837 596 872 ἅγιον,
614 838 672 864 ἀλλ’
696 838 821 872 ἐφοϐεῖτο
846 839 942 867 τοῦτον
960 840 1005 868 διὰ
1020 842 1084 873 τοὺς
1096 841 1204 877 ὄχλους,
1216 844 1257 870 ὅτι
1270 844 1308 876 ὼς
1326 844 1471 879 προφήτην
1484 843 1565 871 αὑτὸν
1597 841 1683 876 εἶχον,
1713 841 1787 868 καθά

163 890 245 916 φησιν
270 881 284 907 δ
306 882 445 914 Minoa“;
458 891 464 897 '
482 883 519 914 ὡς
537 883 590 919 γὰρ
609 884 622 910 ὁ
645 883 725 915 αὖτδς
741 884 943 919 συγγράφεται,
962 886 1011 921 οὐχ
1030 887 1046 922 ἡ
1083 888 1218 924 Ἡρωδιὰς
1233 889 1326 924 μόνον,
1351 889 1420 916 ἀλλά
1455 889 1502 917 καὶ
1519 888 1602 920 αὐτὸς
1624 888 1639 914 ὁ
1659 887 1785 922 Ἡρώδης

163 930 248 956 θέλων
263 930 422 956 ἀποκτεῖναι
434 929 479 955 τὸν
501 929 637 966 Ἰωάννην,
653 930 777 964 ἐφοϐεῖτο
792 931 837 957 τὸν
849 931 939 966 ὄχλον.

205 977 280 1010 Quod
290 982 379 1004 autem
392 977 497 1005 Marcus
509 978 541 1005 de
553 977 659 1006 Herode
673 979 750 1012 dixit,
764 986 861 1014 nempe
875 979 948 1014 quod
965 983 985 1011 Β

162 1025 279 1052 libenter
294 1024 427 1051 Joannem
445 1024 584 1056 audiebat,
609 1024 649 1052 sic
666 1024 870 1058 intelligendum
884 1029 944 1057 est;

163 1071 389 1106 quemadmodum
400 1072 425 1097 in
440 1071 596 1106 potionibus
609 1070 859 1098 medicamentariis
873 1077 949 1098 ama-

162 1117 310 1147 ritudinem
333 1117 443 1153 quidem
464 1117 609 1150 sentimus,
622 1117 727 1145 sedeas
747 1120 836 1143 tamen
849 1116 950 1151 accipi-

163 1167 234 1196 mus,
247 1164 310 1198 quia
328 1164 390 1191 inde
406 1172 547 1199 speramus
559 1164 716 1197 utilitatem,
734 1165 770 1190 ita
782 1171 797 1191 e
812 1164 948 1191 contrario

164 1210 196 1237 d:
213 1210 403 1244 spiritualibus
417 1211 562 1243 doctrinis,
577 1211 610 1238 iis
624 1210 731 1245 quidem
747 1214 843 1237 natura
857 1210 948 1237 suavi-

164 1257 214 1284 hus
232 1257 401 1284 delectantur
416 1258 460 1292 qui
477 1258 517 1285 eis
537 1265 590 1284 non
605 1258 815 1292 persnadentur,
842 1258 890 1286 sed
904 1259 948 1286 illa

163 1310 335 1337 ne;uaquam
356 1302 502 1339 accipiunt,
520 1303 636 1331 scientes
652 1303 697 1331 illa
713 1305 805 1339 pravis
820 1305 878 1332 suis
901 1305 948 1332 de-

164 1349 272 1376 sideriis
289 1349 433 1377 obluctari.
444 1349 491 1376 Sic
507 1349 624 1377 libenter
636 1356 698 1377 eum
712 1350 787 1385 prius
810 1350 947 1384 audiebat,

166 1396 238 1428 ideo,
257 1396 357 1430 inquit.
373 1396 544 1424 custodiebat
561 1404 635 1430 eum,
651 1401 677 1424 et
692 1397 787 1424 audito
815 1404 847 1425 eo
862 1397 947 1425 multa

166 1442 294 1470 faciebat.
321 1441 423 1469 Verum
453 1449 514 1469 cum
541 1443 648 1470 soleant
673 1443 736 1470 mali
766 1442 829 1471 odio
847 1443 949 1471 habere

165 1489 356 1523 corripientes.
377 1488 439 1515 odio
454 1492 564 1523 propter
580 1489 796 1525 increpationem
817 1497 948 1524 superve-

166 1536 269 1565 nit-nte,
285 1534 329 1561 illa
345 1535 435 1561 omnia
452 1539 629 1563 contemnens
654 1543 715 1563 cum
738 1536 860 1563 adultera
880 1543 948 1563 eon-

167 1581 301 1608 s<nticbat
315 1581 348 1608 de
363 1581 479 1608 consilio
489 1581 642 1615 homicidii,
657 1589 683 1609 et
695 1582 789 1609 volens
801 1583 857 1618 ipse
868 1581 949 1609 Joan-

167 1634 227 1653 nem
246 1626 381 1658 occidere,
397 1631 425 1654 ut
444 1627 511 1653 dixit
527 1627 681 1660 lllatthaaus,
702 1629 814 1655 timebat
825 1627 947 1660 turbam,

166 1679 220 1699 nou
235 1672 298 1707 quia
316 1676 450 1699 metueret
461 1680 520 1699 eam
540 1672 749 1707 reiragaturam,
766 1674 813 1701 sed
827 1673 892 1708 quia
906 1673 943 1700 ti-

167 1721 254 1744 meret
283 1725 316 1744 ne
342 1717 376 1744 ab
393 1724 423 1744 ea
443 1717 645 1751 reprobaretur,
658 1717 786 1752 quoniam
811 1724 861 1751 pro
884 1724 948 1751 pro-

168 1764 248 1799 pheta
268 1771 331 1791 eum
362 1763 506 1790 habebant.
526 1762 643 1789 Noverat
672 1763 755 1796 enim,
777 1769 839 1789 nam
861 1762 950 1789 nemi-

169 1818 231 1837 nem
258 1811 313 1837 haec
337 1809 447 1840 latebat,
476 1809 664 1836 excellentiam
685 1809 793 1835 virtutis
810 1812 837 1835 et
856 1809 950 1843 gratiae

167 1853 288 1887 Joannis,
303 1858 330 1881 et
355 1861 416 1881 cum
435 1853 542 1881 cederet
556 1853 630 1880 laudi
654 1861 686 1881 ex
713 1853 883 1880 multitudine
902 1861 949 1881 ve-

168 1901 263 1933 nienti,
285 1905 312 1928 et
329 1900 443 1934 gloriam
463 1901 497 1927 ab
513 1907 543 1928 ea
561 1904 722 1934 sectaretur,
739 1900 853 1928 timebat
865 1907 898 1927 ne
915 1899 949 1927 ab

168 1955 201 1976 ea
215 1948 400 1979 damnaretur,
415 1951 442 1974 e'.
456 1947 575 1981 ﬁngebat
589 1953 653 1981 erga
668 1946 799 1974 Joannem
816 1947 888 1981 piam
901 1946 949 1973 do-

168 1994 308 2021 cilitatem.
320 1992 372 2020 Sed
387 1991 532 2024 lierodias,
549 2000 610 2020 cum
625 1993 708 2030 sciret
721 2000 783 2020 eum
795 1993 828 2020 ad
845 1992 946 2020 malum

171 2045 276 2066 vertere
292 2039 364 2065 hunc
382 2043 484 2065 metum
500 2037 592 2071 solvit,
607 2042 633 2064 et
647 2037 681 2064 ad
696 2038 796 2065 eaedem
811 2037 882 2065 sicut
899 2044 950 2071 pu-

170 2085 246 2117 tavit,
264 2084 304 2111 vel
326 2084 415 2118 potius
429 2087 459 2110 ut
473 2082 578 2115 fefellit,
602 2083 824 2118 irreprehensam
844 2082 948 2115 traxit;

167 2138 230 2157 nam
266 2130 405 2157 iracundia
436 2128 528 2158 furens
543 2134 570 2157 et
585 2130 792 2165 sanguinolenta
812 2129 838 2156 id
855 2128 950 2156 stude-

169 2176 215 2203 bat
232 2180 262 2203 ut
278 2175 384 2202 facinus
399 2175 493 2202 multis
516 2177 627 2207 celaret,
644 2180 670 2203 et
684 2175 717 2202 ad
736 2182 806 2210 opus
825 2175 950 2203 adduce-

170 2224 212 2247 ret
229 2228 308 2248 suum
328 2221 354 2247 in
371 2220 522 2255 Baptistam
538 2225 566 2248 et
589 2220 749 2256 prophetam
779 2221 883 2249 odium.
901 2221 951 2257 lgi-

123 2271 130 2302 χ
171 2270 226 2298 tur,
245 2266 282 2292 ait
303 2265 420 2298 Marcus,
438 2274 499 2294 cum
524 2266 583 2294 dies
599 2272 770 2302 opportunus
793 2266 948 2300 accidisset,

1038 981 1071 1006 "O
1088 981 1116 1007 δέ
1129 988 1212 1014 φησιν
1230 980 1245 1006 ὁ
1269 979 1383 1014 Μάρκος
1410 979 1475 1014 περὶ
1494 978 1626 1013 Ἡρώδου,
1640 979 1682 1005 δτι
1700 979 1786 1014 ἡδέως

1000 1027 1082 1063 ἤκουε
1099 1027 1146 1054 τοῦ
1160 1026 1294 1059 Ἰωάννου,
1306 1026 1426 1052 τοιοῦτόν
1440 1026 1498 1052 ἔστι
1512 1034 1518 1040 ·
1532 1025 1657 1060 καθάπερ
1671 1025 1719 1051 ἐπὶ
1732 1025 1786 1051 τῶν

1001 1072 1133 1108 ἰατρικῶν
1157 1071 1287 1106 πομάτων
1313 1071 1498 1109 αίσοιανὸμεθα
1525 1071 1574 1105 μὲν
1591 1070 1641 1105 τῆς
1660 1071 1784 1105 πικρίας,

1001 1118 1206 1154 καταδεχόμεθα
1220 1118 1248 1145 δὲ
1266 1118 1347 1157 αρτἀ,
1361 1117 1409 1153 τὴν
1425 1118 1479 1144 ἀπὸ
1507 1117 1610 1143 τούτων
1629 1117 1786 1147 ἐννοοῦντες

999 1166 1146 1200 ὠφέλειαν,
1157 1165 1244 1195 οὕτως
1254 1164 1441 1198 ἀντιστρόφως
1457 1164 1503 1190 ἐπὶ
1517 1163 1572 1189 τῶν
1588 1162 1786 1197 πνευματικῶν

1000 1212 1184 1247 διδαγμὰτων,
1201 1211 1311 1246 ἥδονται
1341 1209 1390 1245 μὲν
1424 1209 1518 1240 αὐτοῖς
1545 1208 1679 1239 τοιούτοις
1704 1208 1786 1241 φύσει

999 1260 1127 1294 γλυκέσιν
1142 1256 1201 1285 οὖσι
1214 1258 1260 1285 καὶ
1274 1257 1300 1283 oi
1325 1258 1362 1291 μὴ
1377 1257 1483 1287 τούτοις
1509 1254 1678 1289 πειθόμενοι,
1690 1255 1721 1280 οὐ
1738 1263 1787 1280 κα-

999 1306 1160 1340 ταδέχονται
1170 1304 1198 1330 δὲ
1211 1303 1291 1334 αὐτὰ,
1302 1302 1350 1336 τὴν
1361 1301 1414 1329 ἀπὸ
1425 1301 1527 1328 τούτων
1537 1299 1690 1330 ἐννοοῦντες
1704 1299 1784 1334 225

999 1352 1069 1386 πρὸς
1085 1350 1135 1382 τὰς
1152 1349 1255 1380 οἰκείας
1279 1348 1400 1383 πονηρὰς
1424 1347 1528 1382 ὀρέξεις
1545 1346 1683 1372 ἀντίθεσιν
1697 1353 1704 1360 ·
1720 1346 1785 1375 ἴσως

998 1397 1027 1424 δὲ
1043 1397 1088 1423 καὶ
1108 1395 1193 1430 ἡδέως
1209 1394 1259 1429 μὲν
1276 1393 1385 1420 ἀκούων
1398 1390 1432 1428 ἦν
1447 1391 1531 1418 αὑτοῦ
1559 1391 1706 1427 πρότερον,
1724 1391 1786 1416 ἐπεὶ

1000 1443 1045 1471 καὶ
1073 1441 1227 1476 συνετήρει,
1253 1440 1347 1474 φησιν,
1374 1438 1466 1470 αὑτὸν,
1496 1437 1544 1465 καὶ
1574 1437 1682 1463 ἁκούων
1701 1434 1787 1462 αὑτοῦ

999 1488 1084 1515 πολλὰ
1102 1487 1187 1514 ἐποίει
1201 1495 1208 1502 ·
1226 1485 1387 1520 πεφυκότων
1401 1484 1429 1510 δὲ
1443 1484 1497 1510 τῶν
1511 1483 1605 1510 κακῶν
1619 1483 1709 1518 μισεῖν
1720 1482 1785 1512 τοὺς

999 1535 1171 1569 ἐλέγχοντας,
1190 1532 1238 1560 τοῦ
1253 1532 1347 1566 μίσους
1361 1530 1577 1566 προσγενομένου
1592 1529 1636 1556 διὰ
1646 1527 1697 1555 ’τὸν
1710 1529 1787 1562 ἐλεγ-

999 1589 1057 1616 χον,
1073 1580 1182 1607 πάντων
1197 1578 1335 1612 ἀλογήσας
1351 1575 1465 1603 ἐκείνων
1491 1576 1640 1610 συνεφώνει
1663 1576 1697 1609 τῇ
1726 1583 1787 1609 μοι-

999 1627 1136 1663 χευομένη
1155 1625 1226 1652 κατὰ
1245 1625 1293 1660 τὴν
1321 1623 1412 1659 φόνιον
1436 1621 1559 1657 γνώμην,
1574 1622 1621 1648 καὶ
1637 1621 1724 1647 θέλων
1740 1620 1787 1646 καὶ

1000 1673 1083 1704 αὐτὸς
1100 1671 1261 1698 ἀποκτεῖναι
1273 1670 1319 1696 τὸν
1341 1669 1482 1703 Ἰωάννην,
1497 1667 1570 1694 καθά
1584 1675 1668 1701 φησιν
1681 1675 1695 1693 ο
1711 1667 1788 1693 Ματ-

1000 1716 1085 1750 Θαῖος,
1100 1717 1224 1752 ἐφοϐεῖτο
1238 1716 1283 1743 τὸν
1298 1716 1387 1750 δχλον,
1400 1715 1450 1741 οὐκ
1466 1714 1593 1740 ἐνστασίν
1609 1721 1672 1740 τινα
1690 1711 1787 1743 δεδιὼς

1000 1766 1033 1792 ὲκ
1050 1764 1164 1795 τούτων,
1181 1763 1250 1789 ἀλλὰ
1273 1761 1357 1797 μάνην
1384 1761 1434 1796 τὴν
1452 1760 1506 1787 ἀπὸ
1524 1759 1628 1785 τούτων
1645 1758 1788 1791 κατάγνωυ

1000 1821 1054 1845 σιν,
1072 1810 1220 1846 ἐπειδήπερ
1235 1808 1272 1840 ὡς
1288 1807 1432 1844 προφήτην
1445 1806 1527 1833 αὑτὸν
1546 1803 1619 1840 εἶχον
1631 1812 1640 1821 ο
1656 1805 1717 1840 ᾔδει
1731 1803 1788 1838 γὰρ

999 1859 1037 1891 ὡς
1058 1857 1154 1885 οὐδένα
1173 1856 1227 1882 τῶν
1243 1854 1372 1881 ἁπάντων
1385 1852 1481 1888 λέληθε
1494 1852 1524 1878 τὸ
1547 1852 1642 1887 περιὸν
1658 1850 1710 1885 τῆς
1725 1851 1789 1884 ἀρε-

999 1904 1048 1938 τῆς
1066 1903 1113 1930 καὶ
1126 1902 1236 1936 χάριτος
1254 1899 1388 1931 Ἰωάννου,
1400 1899 1447 1925 καὶ
1459 1898 1508 1933 τῆς
1522 1897 1598 1931 παρὰ
1610 1897 1665 1923 τῶν
1680 1895 1786 1922 πολλῶν

1000 1950 1079 1984 δόξης
1095 1948 1227 1982 ὑπάρχων
1248 1946 1339 1982 ἥττων
1363 1944 1488 1979 ἐφοϐεῖτο
1512 1944 1562 1978 τὴν
1583 1943 1660 1978 παρά
1681 1943 1785 1969 τούτων

1001 1994 1180 2029 κατηγορίαν,
1196 1991 1242 2018 καὶ
1256 1991 1301 2017 τὸν
1315 1989 1380 2029 παρ’
1396 1989 1485 2016 αὐτῶν
1501 1988 1662 2024 οηρώμενος
1674 1988 1785 2014 ἔπαινον

1001 2041 1074 2068 ἐστιν
1087 2040 1129 2074 ἐφ’
1141 2037 1178 2066 ὧν
1190 2039 1230 2065 ἔτι
1242 2037 1290 2072 τὴν
1307 2037 1375 2071 πρὸς
1385 2037 1431 2063 τὸν
1449 2036 1579 2069 Ἰωάννην
1591 2036 1785 2070 προσεποιεῖτο

1001 2086 1089 2115 πειθὼ
1108 2086 1156 2113 καὶ
1171 2084 1325 2111 εὐλάϐειαν.
1347 2081 1416 2108 Ἀλλ’
1432 2083 1449 2117 ή
1472 2081 1608 2116 Ἡρωδιὰς
1626 2081 1697 2114 σοφὴ
1720 2078 1786 2108 οὖσα.

1001 2134 1048 2160 τοῦ
1064 2131 1247 2166 κακοποιῆσαι
1264 2129 1312 2156 καὶ
1336 2127 1432 2155 τοῦτον
1457 2127 1488 2160 δὴ
1513 2127 1559 2153 τὸν
1583 2126 1666 2160 φόϐον
1691 2126 1784 2152 ἔλυσεν

1001 2178 1085 2213 αὐτῷ,
1103 2178 1150 2204 καὶ
1166 2177 1233 2210 πρὸς
1256 2175 1302 2201 τὸν
1328 2174 1419 2208 φόνον,
1434 2173 1471 2204 ὡς
1497 2172 1617 2207 ἐνόμισε,
1635 2172 1738 2207 μᾶλλον
1758 2172 1785 2197 δὲ

1001 2224 1036 2256 ὡς
1053 2224 1194 2258 ἠπάτησεν
1218 2219 1392 2253 ἀνεγκλήτως
1417 2217 1520 2252 ἐπῆρεν
1533 2225 1540 2232 ·
1562 2216 1715 2250 ὲγκοτοῦσσ.
1733 2217 1786 2251 γὰρ

1002 2269 1050 2297 καὶ
1065 2266 1175 2302 φονῶσα
1194 2264 1290 2301 καιρὺν
1305 2264 1396 2299 ἐζήτει
1411 2264 1462 2298 τὴν
1483 2262 1536 2290 circo
1551 2263 1604 2289 τῶν
1620 2263 1727 2289 πολλῶν
1742 2271 1788 2288 συ-

170 2312 275 2339 seilicet
297 2312 328 2340 ad
347 2312 501 2340 carniﬁcem
528 2311 771 2346 machinationem,
793 2313 858 2340 dum
878 2313 949 2341 cele-

1022 2314 1115 2342 κιάσαι
1136 2311 1249 2347 μέμψιν,
1262 2311 1308 2337 καὶ
1321 2310 1489 2344 προαγαγεῖν
1503 2309 1542 2340 εἰς
1558 2309 1638 2343 ἔργον
1652 2308 1702 2343 τὴν
1717 2310 1787 2335 κατά

171 2359 315 2388 brareutur
331 2358 446 2386 Herodis
463 2357 597 2390 natalitia,
614 2358 688 2385 omni
700 2358 809 2393 quidem
823 2359 949 2387 multitu-

118 2415 130 2421 -
170 2405 234 2432 dine
254 2409 428 2439 congregata,
449 2409 475 2431 et
490 2404 618 2432 omnibus
634 2412 736 2432 mensa
751 2405 952 2433 discumbenti-

170 2453 229 2482 bus,
245 2451 357 2478 intrarit
373 2451 400 2477 in
416 2450 506 2477 medio
523 2450 644 2477 orltnium
667 2450 725 2483 ejus
744 2451 797 2478 ﬁlia
824 2453 856 2479 de
873 2452 952 2480 indu-

169 2497 236 2525 stria
250 2504 264 2524 a
278 2501 364 2524 marte
378 2496 509 2527 immissa.
520 2501 645 2524 etcoram
661 2497 747 2525 oculis
761 2497 882 2525 omnium
896 2498 952 2525 sal—

171 2543 247 2576 tmit,
262 2546 294 2571 ὀι
315 2543 417 2577 placuit
437 2541 535 2570 lierodi
553 2544 704 2571 etemteris.
722 2543 790 2571 Nam
811 2544 950 2578 quomodo

172 2588 334 2616 llerodiadis
351 2589 413 2621 ﬁlia,
429 2595 444 2615 a
459 2594 544 2616 matre
556 2589 697 2624 producta,
712 2597 764 2617 non
780 2590 953 2624 impudenter

171 2638 310 2668 saltasset,
330 2643 380 2663 nec
400 2635 501 2663 lierodi
519 2635 686 2671 placuisset?
704 2636 741 2669 lta
766 2644 829 2664 vero
850 2636 953 2664 lascivo

177 2682 231 2716 regi
248 2681 341 2708 arrisit
366 2680 509 2715 impudens
538 2681 659 2714 saltatio,
680 2686 710 2708 ut
741 2681 849 2708 saltanti
878 2682 953 2709 diec-

174 2733 212 2755 ret
231 2737 237 2754 :
254 2737 262 2752 ι
281 2727 344 2754 Pete
360 2735 375 2754 a
392 2735 433 2755 me
447 2729 517 2762 quod
535 2728 585 2760 vis,
602 2733 629 2754 et
643 2727 713 2754 dabo
732 2728 790 2755 tibi.
807 2727 839 2755 Et
851 2728 954 2762 jurmil

175 2775 211 2801 illi
230 2783 236 2800 ε
256 2773 318 2808 quia
341 2774 470 2809 quidquid
490 2775 600 2809 petieris
618 2775 689 2802 dabo
709 2775 767 2808 tibi,
791 2775 855 2803 licet
869 2775 952 2802 dimi-

175 2821 248 2847 dium
271 2821 342 2854 regni
361 2821 411 2848 mei
424 2821 457 2847 ³⁸.
475 2830 484 2846 ι
502 2820 561 2848 lixit
573 2822 606 2847 ad
620 2825 733 2847 matrem
752 2826 778 2849 et
794 2821 953 2857 magistram

226 2879 246 2892 ’⁵
264 2877 341 2906 Marc.
361 2887 399 2911 γι,
413 2878 458 2905 22.

1003 2357 1050 2385 τοῦ
1063 2355 1216 2384 Βαπτιστοῦ
1229 2354 1276 2381 καὶ
1287 2354 1430 2389 Προφήτου
1445 2353 1552 2388 μανίαν.
1562 2353 1717 2388 Γενομένης
1729 2354 1787 2385 οὖν,

1005 2405 1098 2439 φησιν,
1115 2402 1219 2438 ἡμέρας
1235 2401 1378 2435 εὐκαίρου,
1395 2399 1465 2435 προς
1477 2400 1526 2434 τὴν
1540 2399 1654 2434 φονικὴν
1665 2399 1788 2434 δηλονότι

1005 2449 1140 2486 μηχανὴν,
1155 2447 1326 2481 τελουμένων
1342 2446 1395 2473 τῶν
1421 2445 1567 2480 γενεθλίων
1594 2445 1788 2480 Ἤριδδου,καὶ

1004 2495 1106 2526 mm;
1120 2495 1169 2529 μὲν
1184 2493 1231 2520 τοῦ
1243 2492 1322 2527 ὄχλου
1336 2491 1558 2526 συνειλεγμένου,
1570 2490 1681 2517 πάντων
1690 2490 1720 2516 δὲ
1734 2490 1788 2516 τῶν

1004 2544 1033 2569 ὲν
1049 2541 1122 2568 τέλει
1150 2538 1381 2575 προκαοημὲνων,
1399 2537 1508 2572 εἰσῆλθε
1538 2537 1639 2569 μεταξὺ
1664 2537 1786 2568 πάντων,

1005 2588 1135 2623 ἀφεθεῖσα
1151 2587 1216 2621 παρ’
1240 2585 1327 2619 αὐτῆς
1349 2583 1475 2619 ἐπίτηδες
1494 2583 1510 2618 ή
1531 2582 1634 2617 ταύτης
1651 2582 1787 2617 θυγάτηρ,

1005 2635 1053 2662 καὶ
1067 2633 1118 2660 ὑπὸ
1132 2632 1194 2663 τοὺς
1209 2631 1338 2658 ἁπάντων
1356 2629 1513 2664 ὀφθαλμοὺς
1532 2628 1679 2664 ὠρχήσατο
1697 2628 1726 2654 τὸ
1741 2636 1787 2653 κο-

1007 2683 1112 2718 ράσιον,
1136 2679 1183 2706 καὶ
1207 2678 1290 2712 ήρεσε
1307 2677 1362 2707 τοῖς
1384 2684 1414 2702 τε
1432 2675 1523 2705 ἄλλοις
1548 2674 1649 2708 καὶτῷ
1669 2673 1787 2708 Ἡρώδῃ.

1006 2728 1068 2758 Πῶς
1084 2726 1137 2760 γὰρ
1163 2724 1213 2750 οὐκ
1232 2722 1344 2757 ἔμελλεν
1365 2722 1447 2756 αὐτῆς
1465 2729 1493 2748 τε
1512 2720 1592 2752 οὖσα,
1608 2720 1655 2746 καὶ
1681 2720 1726 2746 ὑπ’
1741 2719 1788 2745 αὑ-

1005 2775 1055 2808 τῆς
1074 2770 1253 2807 προαχθεῖσα,
1276 2769 1324 2795 καὶ
1347 2768 1465 2799 ἀναιδῶς
1489 2766 1672 2802 ὀρχήσασθαι,
1691 2766 1736 2793 καὶ
1749 2764 1787 2799 τῷ

1012 2818 1121 2853 Ἡρώδῃ
1135 2815 1348 2852 ἁρέςκεινςῈπὶ
1362 2813 1489 2840 τοσοῦτον
1504 2812 1531 2839 δὲ
1546 2811 1590 2838 τοῦ
1608 2811 1787 2846 φιλιδπχίγμο-
