1882 3070
53 159 99 193 531

746 163 912 194 HOMILIA
940 163 1018 196 XLI.

1650 168 1702 202 5%

51 219 79 243 ὲν
93 215 133 252 τῷ
149 216 260 252 οὖρανῷ
277 217 323 243 ἐπὶ
340 217 380 244 ἐν).
398 217 555 253 ἁμαρτωλῷ
580 218 769 253 μετανοοῦντι.

957 221 983 248 si
999 224 1064 249 sunt
1078 221 1160 255 servi,
1173 221 1292 251 Joannes
1303 221 1406 251 Domini
1420 223 1585 259 Prsecursor,
1595 225 1700 255 Zacha-

49 262 96 289 οὖν
111 263 239 298 ἀρρήτου
255 263 405 298 συναφείας
424 263 473 290 τοῦ
490 264 678 299 χαρισαμένου
693 265 744 300 τὴν
761 265 846 299 μετά-

50 316 126 335 νοιαν
142 309 212 343 ἡμῖν
226 308 294 335 Υἱοῦ
320 308 368 335 τοῦ
389 308 473 342 Θεοῦ,
497 309 566 344 πρὸς
591 309 641 345 τὴν
669 309 846 346 ἀνθρωπίνην

50 355 133 388 φύσιν
148 355 320 391 τελουμένης
333 355 395 391 ήδη,
409 356 456 382 καὶ
474 355 524 390 τῆς
542 356 589 382 ἐπὶ
607 356 696 392 ταύτῃ
713 358 789 391 παρὰ
798 357 845 384 τοῦ

49 401 118 428 Θεοῦ
132 404 181 428 καὶ
198 402 308 438 Πατρὶς
331 403 570 437 συγκροτουμὲνης
600 402 681 438 233
711 405 845 439 μυστικῆς

50 449 138 483 χαρᾶς
160 449 189 476 ὲν
206 449 547 484 ούρανοῑς,ἀπεστάλησαν
563 450 588 476 οι
603 449 703 481 δοῦλοι.
716 451 845 486 Ἰωάννης

48 496 62 521 ὁ
78 495 125 521 τοῦ
142 495 249 530 Κυρίου
270 495 438 531 πρόδρομος,
463 496 604 531 Ζαχαρίας
629 495 660 522 ὃν
680 496 846 524 ἀπέκτειναν

47 544 72 569 oi
88 543 214 570 Ἰουδαῖοι
228 543 332 577 μεταξὺ
350 542 396 570 τοῦ
413 542 480 570 ναοῦ
498 543 605 570 καὶτοῦ
634 543 843 580 θυσιαστηρίου,

49 589 165 623 Συμεὼν
182 591 196 616 ὁ
210 588 348 624 θεοδόχος,
369 591 417 616 καὶ
431 589 526 621 ἁπλῶς
555 589 654 621 πάντες
672 590 697 616 ol.
717 591 771 625 προ
794 591 844 618 τοῦ

49 636 188 671 σωτηρίου
207 636 315 668 πάθους
325 637 372 663 καὶ
385 638 435 672 τῆς
451 636 632 668 ἀναστάσεως
645 637 845 671 καταγγείλαν-

46 691 93 713 τες
115 682 320 718 τετελεσμένην
351 683 402 718 ἢδη
429 681 480 717 τὴν
495 683 543 709 τοῦ
552 682 658 718 Κυρίου
675 682 720 710 διὰ
743 683 844 719 σαρκὸς

46 729 155 756 ἐλευσιν
172 729 219 756 ἐπὶ
229 729 284 764 τὴν
300 729 362 764 γῆν.
378 729 590 765 Ἀπεστᾶλησαν
602 728 650 756 οὖν
665 726 738 756 οὗτοι
761 729 844 756 καλέ-

47 785 93 803 σαι
123 777 188 808 τοὺς
217 777 416 812 κεκλημένους,
437 776 562 811 δηλονότι
588 776 651 808 τοὺς
675 775 841 808 Ἰουδαίους”

43 819 119 850 οὗτοι
133 823 190 858 γάρ
204 823 275 850 εἰσιν
291 824 315 849 οί
333 823 510 858 κεκλημένοι,
532 823 571 854 ὡς
587 824 633 849 καὶ
648 823 782 858 πρότερον
799 822 843 850 διὰ
856 827 867 837 "

43 868 99 895 τῶν
114 869 270 904 προφητῶν
293 869 453 904 κληθέντες,
481 868 540 896 ἀλλ’
561 868 612 895 οὐκ
636 868 773 910 ἠθέλησαν
801 868 843 895 ἑλ-

42 916 113 949 θεῖν,
134 917 261 943 τουτέστι
277 916 426 943 πιστεῦσαι
438 917 485 942 καὶ
501 916 709 951 συμμετασχεῖν
718 906 772 950 τῆς
786 916 841 951 ἂ.ρο
857 906 879 935 Β

42 962 130 998 ρήτσυ
143 962 290 994 κοινωνίας
303 962 350 990 καὶ
366 963 489 998 χάριτος,
514 962 604 989 καίτοι
637 962 769 994 πολλάκις
793 961 841 988 καὶ

41 1008 181 1043 πρότερον
200 1009 249 1036 καὶ
264 1007 312 1036 νῦν
326 1009 487 1044 κληθέντες.
515 1008 600 1036 Πάλιν
622 1006 670 1036 οὖν
700 1016 795 1044 φησιν,
818 1007 842 1034 ὣ

40 1056 90 1090 τῆς
109 1056 220 1090 ἀφατου
237 1055 455 1092 μακροθυμίαςί
472 1055 635 1083 ἀπέστειλεν
658 1055 757 1089 ἄλλους
780 1054 843 1082 δού-

38 1103 122 1134 λους,
152 1103 242 1137 λέγων
256 1110 264 1118 ·
298 1112 310 1129 ι
335 1102 404 1130 Ἰδοὺ
438 1103 469 1130 τὸ
501 1102 613 1138 ἄριστόν
650 1111 702 1138 μου
730 1102 844 1138 ἡτοίμα-

41 1158 120 1181 σται,
141 1149 168 1175 oi
187 1148 285 1185 ταῦροί
311 1157 361 1184 μου
377 1148 473 1176 καὶτὰ
501 1148 608 1176 σιτιστὰ
635 1149 772 1184 τεθυμένα
790 1148 838 1175 καὶ

38 1194 133 1221 πάντα
163 1194 275 1229 ἕτοιμα,
310 1193 389 1221 δεῦτε
420 1195 461 1226 εἰς
473 1195 550 1230 ιτοῦς
577 1195 696 1230 γάμους.
715 1203 724 1220 ι
755 1194 788 1221 οε
808 1194 838 1221 δὲ

36 1241 232 1274 ἀκούσαντες,
263 1243 287 1269 οἱ
319 1243 369 1278 μὲν
400 1243 609 1279 ἀμελήσαντες,
647 1242 769 1278 ἀπῆλθον
798 1243 838 1274 είς

35 1289 145 1325 ἀγροὺς
177 1290 228 1317 καὶ
254 1290 394 1326 ἐμπορίας
410 1299 418 1307 ·
443 1290 528 1317 πόσον
562 1289 666 1317 τούτων
689 1289 839 1324 ἀπέχουσιν

899 266 954 294 rlas
969 274 1050 304 quem
1061 267 1221 296 occiderunt
1231 267 1318 296 Judaei
1335 270 1405 298 inter
1421 271 1551 307 templum
1564 277 1591 300 et
1603 274 1698 307 altare.
1723 285 1729 290 υ

898 310 1009 340 Simeon
1020 313 1066 348 qui
1079 313 1163 341 Deum
1180 314 1207 341 in
1220 314 1296 342 ulnas
1314 316 1464 351 accepit,et
1474 325 1568 346 omnes
1584 327 1698 355 prorsus

899 357 945 385 alii
962 359 1020 394 qui,
1039 364 1101 388 ante
1115 360 1284 388 salutiferam
1297 362 1453 396 passionem
1473 370 1500 391 et
1514 367 1697 395 resurrectio-

897 405 1208 436 nem,annuntiaverunt
1222 407 1276 442 iam
1292 408 1393 436 factum
1404 409 1511 438 Domini
1527 419 1574 447 per
1583 420 1695 442 carnem

897 450 1044 479 adventum
1062 451 1090 479 in
1104 456 1215 481 terram.
1233 454 1264 482 Hi
1277 463 1343 491 ergo
1357 457 1434 484 missi
1450 462 1514 485 sunt
1524 463 1556 486 ut
1566 466 1698 490 vocarent

897 495 1037 531 invitatos,
1049 497 1154 526 scilicet
1164 498 1291 534 ludat-os;
1304 501 1348 529 isti
1364 503 1438 530 enim
1450 509 1513 531 sunt
1525 505 1640 538 invitati,
1652 511 1697 535 ut-

897 548 960 579 pote
974 545 1049 579 prius
1059 553 1106 580 per
1122 547 1269 582 prophetas
1285 550 1439 583 vocati,sed
1454 552 1602 580 noluerunt
1618 555 1697 582 veni-

896 598 936 624 re,
945 591 970 619 id
980 592 1142 620 estet-edere
1153 591 1179 621 et
1191 594 1336 630 participes
1347 596 1405 624 ﬁeri
1419 595 1565 626 inetiabilis
1579 600 1696 631 societa-

895 637 931 665 tis
944 642 972 664 et
983 639 1086 673 gratiae,
1098 639 1149 666 etsi
1165 641 1304 668 multoties
1320 645 1347 669 et
1362 642 1452 677 primo
1465 648 1492 670 et
1503 651 1575 672 nunc
1591 647 1694 674 vocati.

898 683 998 712 lterum
1022 693 1088 720 ergo
1115 685 1226 719 dixit,o
1253 687 1447 717 inenarrabilis
1477 690 1691 726 longanimitasl

897 730 972 758 misit
984 730 1053 759 alios
1069 739 1163 760 servos
1178 732 1273 761 dicens
1287 743 1295 762 :
1311 743 1321 760 ι
1342 734 1411 763 Ecce
1427 737 1576 770 prandium
1595 746 1689 766 meum

895 777 999 812 paravi,
1018 779 1089 806 tauri
1116 779 1169 807 mei
1195 785 1224 808 et
1248 780 1334 808 altilia
1351 783 1444 810 occisa
1461 788 1537 817 sunt,
1554 789 1582 812 et
1597 787 1692 814 omnia

895 826 1007 856 parata;
1025 825 1114 852 venite
1129 825 1162 852 ad
1191 826 1312 861 nuptias.
1330 837 1339 854 ι
1364 827 1420 856 Ilis‘
1437 829 1549 863 auditis,
1566 831 1611 858 alii
1629 832 1692 867 qui-

895 868 958 896 dem
973 870 1163 906 neglexerunt,
1177 877 1204 900 et.
1224 873 1351 901 abierunt
1370 875 1398 902 in
1415 882 1495 911 agros
1513 882 1540 904 et
1557 878 1590 905 ad
1605 886 1691 914 nego-

895 915 1054 948 tiationem;
1078 918 1105 945 in
1130 926 1186 954 quo
1201 919 1235 947 ab
1248 921 1308 948 istis
1327 921 1457 950 diil‘erunt
1468 924 1515 958 qui
1531 924 1633 960 fruges,
1649 926 1690 953 vi-

896 969 961 991 neas
984 967 1012 992 et
1036 964 1104 992 alias
1131 966 1306 1001 negotiorum
1338 968 1536 1003 inatqualitates
1568 972 1687 1005 causati,

895 1016 988 1038 saeros
1003 1015 1155 1039 conventus
1167 1013 1372 1049 derelinquunt.
1386 1024 1437 1045 nec
1446 1016 1599 1045 doctrinam
1613 1019 1688 1054 psal—

896 1057 1071 1092 modiamque
1085 1063 1210 1087 sanetam
1223 1062 1320 1089 audire
1341 1062 1524 1092 desiderant?
1541 1065 1596 1093 Alii
1621 1073 1688 1094 vero

894 1106 1042 1132 tenuerunt
1062 1112 1168 1140 servos.
1193 1111 1221 1135 et
1243 1109 1420 1138 contumeliis
1443 1110 1561 1140 electos
1579 1113 1688 1141 occide-

892 1154 965 1178 runt.
975 1150 998 1178 A
1008 1151 1109 1186 quibus
1118 1159 1172 1180 non
1179 1153 1258 1182 valde
1270 1154 1375 1184 distant
1386 1156 1434 1192 qui
1447 1157 1605 1186 etiamnunc
1620 1164 1689 1188 one-

892 1195 1023 1224 dientiam
1037 1203 1167 1232 negantes
1176 1199 1311 1234 praai'eetis
1322 1201 1459 1237 Ecclesiae,
1469 1204 1530 1232 illos
1541 1209 1570 1232 ut
1581 1205 1687 1234 inimici

892 1242 986 1271 verbis
1001 1243 1145 1278 impetum.
1162 1245 1215 1274 Nos
1231 1251 1320 1274 autem
1346 1248 1405 1277 istis
1419 1251 1502 1278 etiam
1518 1259 1552 1279 ex
1568 1252 1618 1280 hac
1634 1260 1686 1288 pa-

895 1288 1162 1318 rabola-salutarem
1188 1293 1273 1327 gratis
1298 1295 1485 1329 exprimamus
1509 1299 1684 1328 suavitatem.

34 1340 60 1366 et
81 1339 175 1375 τρὺγη
193 1339 241 1366 καὶ
256 1339 477 1374 ἀμπελῶναςκαὶ
490 1337 693 1375 πραγματικὰς
718 1336 881 1372 ἀνωμαλίας
899 1336 1147 1372 προφασιζόμενοι,
1177 1344 1225 1366 και
1252 1341 1308 1369 τῶν
1338 1342 1422 1378 ἱερῶν
1453 1344 1591 1377 συνάξεων
1618 1346 1686 1372 ἀπο-

34 1386 210 1421 λειπόμενοι,
226 1385 335 1422 καὶτῆς
357 1385 433 1421 ἱερᾶς
451 1385 614 1421 ψαλμῳδίας
649 1385 695 1412 καὶ
723 1384 901 1416 διδασκαλίας
927 1383 1038 1411 ἀκούειν
1070 1386 1108 1421 μὴ
1137 1386 1378 1424 προθυμούμενοι;
1409 1391 1441 1418 Ol
1469 1392 1509 1423 δὲ,
1534 1395 1611 1429 φησὶ,
1636 1391 1686 1423 καὶ

33 1435 101 1467 τοὺς
116 1435 230 1467 δούλους
249 1435 438 1471 κρατήσαντες
453 1435 570 1471 ὖὸρισαν
586 1434 635 1463 καὶ
654 1434 832 1461 ἀπέκτειναν.
855 1433 891 1461 ού
916 1432 988 1459 πάνυ
1009 1433 1106 1470 πόρρω
1121 1435 1225 1463 τούτων
1236 1437 1305 1464 εῑσὶν
1317 1440 1342 1465 ol
1359 1439 1405 1466 καὶ
1432 1440 1481 1468 νῦν
1506 1442 1685 1476 ἀπειθοῦντες

31 1482 94 1513 τοῖς
116 1481 290 1516 προστάταις
314 1481 366 1517 τῆς
383 1481 561 1516 Ἐκκλησίας,
590 1480 638 1508 καὶ
660 1481 721 1508 κατ’
748 1479 839 1507 αὐτῶν
854 1479 930 1505 ἔστιν
948 1478 993 1505 ὅτε
1008 1479 1042 1506 τὰ
1054 1479 1110 1508 τῶν
1141 1481 1283 1518 πολεμίων
1329 1485 1611 1523 παραφθεγγόμενον
1624 1489 1684 1516 ἀλλ’

32 1530 121 1566 ἡμεῖς
139 1529 246 1565 δωρεὰν
261 1529 307 1556 καὶ
321 1528 429 1561 τούτοις
442 1529 474 1555 ἐκ
486 1529 534 1564 τῆς
551 1527 710 1564 παραϐολῆς
726 1527 830 1559 ταύτης
845 1525 1022 1562 ὲκθλίψωμεν
1036 1526 1066 1554 τὸ
1081 1527 1218 1564 σωτήριον
1233 1529 1360 1564 γλεῦκος.

71 1590 82 1606 ι
113 1579 288 1615 Ίδοῦ,φησ“ι,
317 1579 348 1607 τδ
376 1580 487 1615 ἄριστόν
512 1588 563 1615 μου
583 1579 770 1615 ἡτοίμασται·
800 1578 861 1609 οίο

29 1626 132 1661 ταῦροί
144 1634 197 1661 μου
211 1627 258 1652 καὶ
283 1625 319 1652 τὰ
340 1625 449 1653 σιτιστὰ
479 1624 630 1660 τεθυμένα,
662 1624 710 1651 καὶ
740 1624 831 1651 πάντα

30 1673 145 1706 ἕτοιμα.
167 1681 177 1697 ι
198 1671 304 1703 Ὄντως
334 1671 406 1698 κατὰ
421 1669 471 1706 τὴν
488 1669 696 1707 ινανθρώπησιν
705 1668 752 1696 τοῦ
772 1669 829 1696 Κυ-

31 1719 95 1752 ρίου
108 1717 242 1753 ἐτελέσθη
259 1717 314 1744 τῶν
339 1717 416 1753 παρὰ
442 1714 511 1744 Θεοῦ
534 1716 684 1752 γεγονότων
708 1716 739 1743 τὸ
766 1717 829 1752 ἄρι-

30 1772 97 1790 στον
111 1771 119 1778 ·
140 1763 232 1790 πάντα
249 1763 304 1799 γὰρ
321 1763 355 1791 τὰ
373 1763 427 1799 πρὸ
439 1763 541 1799 ταύτης
562 1762 742 1798 οἰκονομικῶς
758 1763 828 1798 ὑπὲρ

28 1810 113 1845 ἡμῶν
127 1809 206 1845 παρὰ
220 1809 288 1836 Θεοῦ
301 1811 436 1845 γενόμενα
459 1809 531 1837 καλά
542 1817 571 1836 τε
604 1807 638 1845 ἦν
651 1810 699 1837 καὶ
726 1809 827 1843 ἀγαθὰ,

28 1858 102 1892 πρὸς
112 1857 196 1883 τοῦτο
210 1857 240 1883 τὸ
262 1855 338 1888 τέλος
362 1856 484 1884 τείνοντα
499 1865 506 1872 ·
523 1857 554 1884 τὸ
583 1856 612 1883 δὲ
640 1856 749 1884 πάντων
768 1856 829 1892 ἄρι-

28 1913 108 1937 στον,
128 1903 232 1939 μᾶλλον
255 1904 285 1930 δὲ
310 1903 343 1930 τὸ
374 1903 457 1939 μόνον
470 1903 555 1934 ὅντως
580 1903 629 1930 καὶ
658 1903 827 1939 ἀσύγκριτον

26 1952 159 1986 ἄριστον,
177 1952 194 1985 ἡ
206 1951 417 1986 ὲνανορώπησίς
433 1951 490 1978 ἐστι
500 1951 546 1978 τοῦ
560 1952 664 1987 Κυρίου
676 1951 755 1988 ἡμῶν
773 1953 828 1988 ’ἰη-

28 1999 79 2024 σοῦ
98 1997 234 2032 Χριστοῦ,
247 1998 295 2024 καὶ
310 1997 412 2032 ταύτης
428 1993 545 2033 μάλιστα
562 1998 593 2025 τὸ
606 1998 693 2031 τέλος,
708 1999 743 2026 τὰ
775 2007 829 2026 σω-

27 2044 118 2080 τήρια
135 2044 212 2078 πάθη
230 2043 303 2078 καὶὴ
320 2044 469 2076 ἀνάστασις
482 2052 489 2060 ·
510 2045 637 2079 φαίνεται
649 2045 704 2080 γὰρ
718 2046 736 2080 ἡ
762 2046 827 2080 κλῆ-

27 2098 73 2122 σις
87 2089 161 2124 αὕτη
182 2089 252 2123 μετὰ
269 2089 318 2124 τὴν
334 2090 366 2116 ὲκ
382 2090 487 2124 νεκρῶν
502 2090 652 2118 ἀνάστασιν
664 2091 710 2118 τοῦ
721 2091 824 2126 Κυρίου

25 2136 209 2170 γεγενημένη
226 2143 233 2151 ·
251 2135 312 2161 τότε
328 2134 383 2171 γὰρ
395 2135 442 2162 καὶ
470 2135 560 2163 πάντα
590 2137 702 2171 γέγονεν
728 2137 826 2172 ἕτοιμα

24 2182 60 2207 τὰ
76 2182 149 2216 :th;
163 2181 213 2216 τὴν
231 2181 371 2216 σωτηρίαν
395 2181 445 2217 τὴν
480 2183 659 2219 ήμετέραν,ἡ
687 2184 733 2210 τοῦ
758 2183 823 2210 Υίοῦ

22 2229 74 2256 τοῦ
90 2228 162 2255 Θεῠῦ
190 2227 235 2254 διὰ
264 2227 367 2263 σαρκὸς
401 2229 512 2264 ἐντελὴς
543 2230 695 2266 οἰκονομία,
722 2231 739 2264 ἡ
761 2231 823 2258 κατ’

22 2276 116 2310 αὐτὴν
143 2274 288 2307 θεόλεκτος
315 2263 495 2309 διδασκαλία,
518 2277 553 2303 τὰ
583 2263 819 2313 τῆς-θεανῦρικῆς
837 2263 859 2291 D

21 2320 173 2355 ἐνεργείας
187 2320 413 2355 ἀποτελέσματα,
425 2322 442 2356 ἠ
459 2321 603 2356 μετάδοσις
617 2323 663 2349 τοῦ
685 2322 820 2358 θεανθρώ-

20 2375 75 2394 ⁶που
90 2367 235 2401 σώματος,
250 2367 280 2393 τὸ
294 2367 366 2401 μέγα
382 2367 429 2394 καὶ
438 2367 511 2394 θετον
528 2368 575 2395 καὶ
588 2370 722 2405 σωτήριον
733 2369 819 2405 θῦμα,

19 2416 37 2450 ἡ
56 2415 90 2441 ὲκ
105 2413 217 2449 νεκρῶν
235 2414 387 2450 τριήμερος
409 2415 529 2451 ἑγερσις,
562 2417 579 2451 ἡ
613 2418 739 2452 καταρχὴ
771 2417 820 2452 τῆς

20 2461 140 2488 αἰωνίου
161 2461 237 2496 ζωῆς
254 2462 302 2488 καὶ
316 2461 366 2496 τῆς
380 2461 474 2488 ἐνθέου
493 2462 559 2488 κατ’
574 2462 659 2498 αὐτὴν
682 2462 818 2498 εὐφροσύ-

18 2517 81 2543 νης.
101 2507 134 2534 Oi
153 2506 251 2542 ταῦροί
268 2515 330 2542 μου,
343 2508 422 2543 φησι,
439 2508 534 2535 καὶτὰ
546 2509 654 2535 σιτιστὰ
665 2510 799 2544 τεθυμένα
809 2517 816 2525 ·

17 2555 80 2579 τότε
102 2553 159 2588 γὰρ
175 2553 224 2579 καὶ
241 2552 276 2579 τὰ
292 2553 398 2580 παλαιὰ
412 2554 468 2585 τοῖς
484 2553 555 2585 νέοις
574 2553 678 2589 ἥνωται
692 2563 699 2570 ·
718 2555 752 2581 τὰ
767 2555 817 2589 μὲν

16 2601 62 2627 διὰ
76 2600 130 2633 τῆς
142 2599 198 2625 τῶν
211 2599 339 2626 σιτιστῶν
354 2599 449 2631 θυσίας
463 2600 616 2635 δηλούμενα
628 2608 635 2615 ·
650 2601 734 2636 ἄρτος
762 2602 816 2637 γάρ

17 2649 95 2674 ἐστιν
108 2647 124 2673 ὸ
140 2646 190 2673 νῦν
206 2645 278 2681 ὑπὲρ
298 2645 379 2682 ἡμῶν
394 2646 424 2673 ἐν
435 2647 469 2682 τῇ
495 2647 646 2683 Ἐκκλησία
663 2647 795 2683 θυόμενος
807 2658 813 2664 ·

16 2693 50 2719 τὰ
66 2692 96 2719 δὲ
115 2691 222 2718 παλαιὰ
236 2691 281 2718 διὰ
289 2692 344 2718 τῶν
360 2691 469 2728 ταύρων
485 2693 687 2728 σημαινόμενα,
713 2695 760 2721 καὶ
771 2694 815 2721 διὰ

15 2739 66 2773 τῆς
86 2737 188 2772 καινῆς
206 2736 303 2769 θυσίας
317 2738 544 2773 μετενηνεγμένα
576 2739 646 2774 πρὸς
658 2741 687 2766 τὺ
713 2739 814 2767 θειότε-

16 2794 75 2819 ρον.
96 2784 310 2818 ’Δπεστάλησαν
327 2783 374 2811 οὖν
390 2784 465 2811 ἄλλοι
477 2784 580 2819 δοῦλοι,
595 2786 620 2812 οί
634 2786 683 2813 τοῦ
709 2787 812 2822 Κυρίου

15 2831 176 2863 ἀπόστολοι,
194 2829 313 2865 κηρῦξαι
329 2830 416 2857 ταῦτα
441 2832 558 2863 καὶτοῖς
594 2833 741 2867 Ἰουδαίοις,
771 2837 811 2862 ἔτι

17 2876 268 2912 μακροθυμοῦντος
301 2877 346 2903 ἐπ’
379 2877 471 2910 αὐτοῖς
491 2878 538 2906 τοῦ
567 2880 723 2908 Δεσπότου·
752 2883 811 2910 ἀλλ’

16 2924 188 2954 ἀκούσαντες
204 2924 318 2958 ἐκεῖνοι,
334 2925 359 2951 οἱ
381 2925 431 2960 μὲν
448 2925 509 2952 οὐδὲ
537 2928 700 2962 προσέσχον,
713 2928 810 2964 ἀγροῖς

15 2971 60 2995 καὶ
77 2970 242 3006 ἐμπορίαις,
261 2971 296 3006 γῇ
313 2972 359 2998 καὶ
371 2973 428 3003 τοῖς
438 2973 544 3007 γηῖνοις
557 2973 710 3009 ὁλοσχερῶς
723 2984 810 3011 προσ-

183 3019 320 3049 Ρλτιωι..
345 3021 404 3050 Gn.
422 3021 483 3050 CLI

916 1586 926 1603 ‹
945 1577 1024 1610 Ecce,
1040 1576 1142 1613 inquit,
1159 1579 1304 1613 prandium
1315 1587 1404 1608 meum
1417 1582 1521 1618 paravi,
1537 1583 1608 1611 tauri
1625 1585 1682 1614 mei

883 1626 911 1650 et
926 1622 1045 1650 volatilia
1071 1624 1161 1652 occisa
1190 1630 1265 1660 sunt,
1299 1631 1327 1655 et
1342 1628 1434 1656 omnia
1468 1635 1572 1664 parata.
1587 1640 1596 1657 ι
1611 1630 1681 1660 Vere

882 1676 932 1704 per
951 1669 1169 1699 incarnationem
1181 1671 1286 1701 Domini
1301 1676 1455 1710 appositum
1473 1682 1515 1705 est
1542 1678 1677 1714 optimum

881 1722 914 1743 ex
927 1715 1056 1751 operibus
1075 1716 1137 1750 Dei;
1159 1726 1221 1746 nam
1234 1720 1326 1747 omnia
1344 1726 1407 1750 ante
1436 1731 1495 1751 cam
1513 1726 1677 1760 sapientera

883 1761 939 1789 Deo
957 1767 1068 1798 propter
1076 1770 1132 1805 nos
1153 1763 1223 1792 facta
1240 1767 1352 1801 pulchra
1378 1774 1456 1798 erant
1470 1775 1496 1798 et
1508 1771 1590 1806 bona,
1606 1777 1631 1800 et
1643 1774 1678 1801 ad

882 1808 955 1836 hunc
971 1809 1051 1837 ilnetn
1073 1812 1297 1845 speetantia;sed
1323 1815 1457 1849 optimum
1486 1825 1520 1846 ex
1535 1821 1675 1854 omnibus,

880 1855 936 1883 itno
951 1856 1039 1884 solum
1054 1864 1117 1884 vere
1141 1862 1168 1885 et
1182 1859 1242 1886 sine
1255 1859 1306 1886 ulla
1323 1864 1528 1897 comparatione
1543 1866 1674 1900 optitnunt

879 1906 919 1929 est
929 1902 1080 1930 incarnatio
1090 1903 1196 1932 Domini
1209 1906 1292 1934 nostri
1307 1905 1369 1935 Iesu
1379 1907 1490 1944 Christi,
1502 1915 1529 1939 et
1539 1913 1675 1948 praecipue

880 1949 961 1984 hujus
979 1949 1039 1977 iinis
1055 1950 1198 1979 :salutaris
1232 1954 1362 1988 passioet
1386 1959 1562 1987 resurrectio.
1596 1961 1674 1989 Tunc

878 1995 952 2022 enim
988 1996 1080 2024 omnia
1102 2002 1196 2032 parata
1230 2005 1294 2027 sunt
1311 2000 1344 2029 ad
1374 2003 1490 2032 salutem
1517 2011 1666 2037 nostram:

878 2039 940 2069 Filii
956 2042 1002 2069 Dei
1020 2050 1068 2078 per
1080 2050 1189 2071 carnem
1216 2047 1336 2080 perfecta
1367 2049 1545 2084 dispensatio,
1576 2053 1671 2082 divina

878 2096 925 2123 per
939 2095 998 2117 eam
1024 2090 1159 2123 doctrina,
1177 2092 1303 2122 humana:
1335 2095 1471 2132 simulque
1500 2099 1598 2128 divina:
1614 2102 1671 2128 vir-

879 2135 945 2162 tutis
961 2143 1055 2171 opera,
1069 2137 1153 2165 divini
1169 2139 1305 2175 simulque
1326 2142 1438 2170 humani
1455 2147 1579 2180 corporis
1594 2155 1672 2176 com-

876 2182 1037 2217 municatio,
1070 2193 1198 2221 magnum
1230 2192 1257 2215 et
1273 2188 1394 2217 divinum
1429 2195 1456 2218 et
1484 2194 1605 2222 salutare
1623 2203 1668 2223 sa-

876 2228 1023 2259 criﬁcium.
1048 2236 1109 2265 post
1144 2237 1197 2261 tres
1222 2234 1308 2262 diesa
1337 2238 1453 2265 mortuis
1490 2244 1666 2275 resurrectio.

874 2273 1000 2307 primitiae
1022 2278 1150 2310 perennis
1179 2279 1241 2308 vitae
1265 2281 1416 2318 divinaeque
1443 2285 1470 2313 in
1489 2293 1518 2314 ea
1557 2289 1666 2318 lmtitiaa.

875 2317 959 2347 Tauri
975 2320 1041 2354 mei,
1055 2322 1104 2354 ait,
1120 2327 1146 2350 ct
1162 2324 1281 2353 volatilia
1307 2317 1398 2356 occisa
1412 2335 1477 2358 sttnt
1496 2340 1502 2364 ;
1519 2337 1583 2361 tune
1591 2337 1666 2363 enim

873 2370 966 2394 vetera
984 2367 1063 2395 novis
1091 2368 1209 2398 adunata
1233 2379 1297 2400 sunt
1310 2383 1316 2406 ;
1331 2373 1387 2403 lucc
1401 2376 1510 2411 quidem
1525 2387 1577 2414 per
1589 2383 1666 2409 occi-

872 2411 978 2439 sionem
993 2413 1143 2442 volatilium
1173 2417 1358 2454 manifestata,
1376 2430 1438 2450 naut
1465 2411 1543 2460 panis
1561 2430 1664 2464 estqui

872 2466 944 2486 nunc
959 2465 1070 2496 propter
1084 2469 1134 2489 nos
1148 2462 1174 2490 in
1193 2463 1311 2493 Ecclesia
1336 2470 1507 2499 sacriiicatur
1520 2481 1528 2505 ;
1542 2474 1585 2501 illa
1601 2462 1664 2502 vero

869 2510 960 2533 vetera
975 2514 1021 2541 per
1034 2511 1126 2536 tauros
1143 2509 1289 2545 declarata,
1303 2518 1331 2541 et
1343 2523 1390 2549 per
1408 2525 1505 2545 noram
1524 2521 1662 2550 victimam

870 2552 897 2579 in
924 2554 1088 2582 sacriﬁcium
1115 2555 1171 2583 Deo
1191 2557 1301 2593 dignius
1331 2563 1472 2591 translata.
1496 2565 1569 2595 Missi
1598 2576 1663 2598 sunt

868 2606 932 2635 ergo
946 2601 992 2628 alii
1016 2603 1097 2635 servi,
1112 2602 1216 2632 Domini
1247 2609 1447 2644 apostoli,quat
1478 2613 1530 2642 ista
1560 2615 1668 2646 Juda-is'

867 2646 1057 2680 prtedicarent,
1084 2648 1200 2677 Domino
1227 2652 1318 2680 adhuc
1345 2655 1378 2683 de
1391 2656 1430 2683 eis
1449 2658 1565 2689 habente
1591 2665 1662 2697 pati-

867 2692 978 2720 entiam.
992 2694 1027 2721 At
1042 2695 1097 2729 isti,
1115 2696 1274 2731 hisauditis,
1294 2701 1339 2728 alii
1368 2703 1477 2737 quidem
1494 2714 1548 2734 non
1572 2692 1662 2737 alten-

867 2740 975 2773 derunt,
988 2742 1061 2776 agris
1073 2747 1100 2770 et
1127 2745 1365 2781 negotiationibus,
1395 2754 1472 2778 terra:
1494 2758 1521 2780 et
1545 2758 1660 2786 terrenis
1699 2783 1704 2787 .

866 2786 913 2813 toti
928 2786 1195 2823 iucumbentes;alii
1217 2797 1308 2821 autem
1334 2803 1473 2829 praecones
1501 2805 1658 2839 tenuerunt,

864 2838 891 2860 et
905 2834 973 2861 alios
995 2836 1104 2870 quidem
1134 2840 1307 2869 contumeliis
1320 2842 1480 2879 affecerunt,
1514 2848 1583 2877 alios
1595 2834 1659 2880 vero

864 2881 1064 2918 lapidavcrunt,
1076 2892 1171 2913 omnes
1185 2891 1286 2922 autem,
1302 2895 1436 2925 quantum
1464 2896 1552 2929 potuit
1563 2905 1659 2930 cetum

863 2928 1031 2964 malignitas,
1045 2936 1073 2959 et
1090 2933 1223 2962 conviciis
1238 2934 1438 2966 lacessiverunt
1448 2928 1475 2968 et
1490 2935 1660 2974 occiderunt.

863 2985 873 3003 ι
893 2977 981 3005 iratus
998 2977 1090 3013 igitur.
1107 2980 1156 3014 ait,
1187 2989 1232 3010 rex
1246 3002 1253 3016 ,
1269 2983 1363 3013 missis
1387 2988 1554 3018 exercitibus
1588 2992 1655 3019 suis.

1443 3035 1479 3057 1'1
