1882 3070
201 137 255 170 543

817 136 1008 168 GREGORII
1028 137 1192 168 PALAME

1783 137 1829 170 ,μ

200 185 322 217 pondere
342 183 444 211 cadens
459 183 486 210 iu
498 187 599 211 terram
620 190 674 212 non
693 182 776 211 ferret
790 183 912 211 fructum
926 183 994 211 mul-

1058 182 1139 209 ιεσὼν
1166 183 1211 210 διὰ
1234 182 1282 210 τοῦ
1310 183 1438 218 σώματος
1459 181 1500 214 είς
1522 182 1572 216 τὴν
1585 182 1648 217 γῆν,
1664 181 1716 208 οὐκ
1739 183 1831 218 ἐνέγκῃ

200 233 259 257 tum
292 235 402 264 propter
418 230 596 257 immaturum
613 237 718 257 casum.
732 230 783 257 Sed
803 238 866 258 cum
895 230 992 256 horum

201 274 392 310 symbolarum
410 277 514 304 exitum
532 277 555 304 is
571 284 651 311 quem
678 282 753 305 recte
779 277 866 313 ipsam
892 275 995 304 dixeris

200 322 341 355 invidiam,
353 323 541 355 vidisset,cum
555 323 620 351 talia
636 323 706 351 ferre
719 331 773 351 non
787 327 890 358 posset,
902 322 995 351 furore

165 397 168 401 ,
202 369 328 396 accendit
337 369 486 397 secundum
501 370 640 404 antiquam
649 369 783 398 fallaciam
793 370 905 405 opifices
916 378 994 397 meu-

201 414 272 441 dacii
283 415 329 449 qui
343 416 400 450 regi
412 416 618 450 mendacii(iste
631 416 813 444 Maximianus
824 416 892 447 erat)
905 416 994 444 domi-

203 460 279 488 nanti
291 467 417 496 parentes
428 466 630 496 persequuntur
642 463 775 491 mendacii
787 463 993 495 insectatorem,

204 511 232 533 et
259 507 299 534 sic
328 507 361 534 ad
387 508 513 543 martyrii
529 508 647 537 stadium
663 509 812 544 accingitur
831 509 993 541 Demetrium,

203 552 302 584 gratiis
330 553 517 582 inelfabiiibus
536 562 549 581 a
566 555 657 590 pueris
672 555 779 590 plenus,
811 555 839 583 in
866 555 995 583 omnibus

203 599 313 633 sapiens
330 604 357 627 et
372 599 466 635 justus
483 605 509 628 et
530 605 643 629 sanctus
659 606 686 630 et
704 602 845 637 apostolus
865 606 892 630 et
917 602 996 636 virgo

204 647 231 670 et
247 643 452 674 immaculatus.
468 646 539 679 Quid
557 647 654 681 plura?
677 655 730 676 non
746 648 836 676 dicam
864 647 994 682 quoniam

204 689 320 717 dilectus
335 690 445 719 Christo
461 692 626 728 discipulus,
651 693 780 729 quoniam
804 701 911 726 servus,
926 700 996 727 quo-

205 735 278 762 niam
307 738 550 765 constantissimus
564 744 591 766 et
619 739 851 767 familiarissimus
879 739 995 770 amicus.

205 789 253 809 seu
268 783 369 818 potius,
386 789 414 811 ut
436 785 528 813 omnia
543 786 577 821 \in
596 793 650 813 uno
662 786 840 821 complectar,
865 786 995 820 quoniam

205 829 334 856 transivit
357 837 406 865 per
432 832 527 860 omnia
554 832 608 860 Deo
623 832 757 868 jucunda,
773 835 831 860 tum
860 832 994 866 rationes,

205 879 263 903 tum
276 876 369 909 verba,
387 881 444 904 tum
461 879 643 912 operationes.

242 921 407 952 Desidet-alis
421 932 526 958 omnes,
543 926 644 961 optimc
662 934 757 959 nosco,
784 926 896 954 modum
922 932 997 953 com-

205 968 408 1003 prehensionis,
431 970 476 997 ubi
488 975 522 998 et-
542 971 680 1006 quomodo
704 979 718 999 a
743 973 821 999 turba
849 971 997 1007 iuquisitus

206 1013 257 1041 fuit
271 1019 298 1041 et
311 1020 465 1050 correptus.
478 1017 536 1043 Stat
549 1017 669 1050 porticus
678 1017 875 1046 subterraneus
888 1018 914 1044 in
927 1022 979 1046 tem
987 1031 997 1038 -

206 1059 251 1093 pio
267 1059 388 1096 Deiparze
408 1069 515 1098 semper
543 1063 657 1098 Virginis
672 1064 717 1092 cui
745 1072 894 1100 cognomen
923 1064 997 1091 refu-

204 1105 278 1140 gium
297 1106 341 1133 ubi
355 1115 388 1134 ev
398 1108 512 1143 antiquo
522 1116 597 1136 more
609 1110 698 1146 magni
710 1110 995 1146 martyrisencomium

205 1151 320 1189 singulis
336 1153 418 1181 annis
438 1153 568 1189 incipitur
588 1159 615 1182 et
632 1157 657 1182 in
678 1155 758 1183 finem
785 1156 930 1183 deducitur
953 1163 997 1183 so-

204 1188 343 1226 iemnitas.
361 1188 504 1234 Regnante
517 1208 582 1236 ergo
597 1201 748 1236 impietate,
759 1210 821 1230 cum
840 1203 928 1237 pictas
945 1203 996 1230 sub

203 1244 263 1271 sole
277 1244 368 1273 locum
384 1254 436 1274 non
450 1247 573 1281 haberet,
596 1249 642 1276 illa
663 1249 793 1285 bypogaaa
820 1251 934 1278 subiens
953 1259 999 1279 as-

205 1289 367 1319 sistentibus
385 1292 524 1320 caelestem
541 1293 694 1322 doctrinam
713 1295 905 1328 distribuebat,
925 1301 952 1324 et
963 1297 998 1324 ad

205 1344 267 1365 eum
284 1338 319 1365 ab
338 1338 485 1374 impietatis
497 1339 564 1368 limo
591 1341 664 1368 velut
680 1342 714 1369 ab
737 1342 934 1370 acstuosissimo
949 1350 997 1378 pe-

205 1384 267 1420 lago
281 1385 500 1422 confugientibus
523 1394 585 1416 vere
611 1389 789 1425 tranquillum
807 1390 916 1425 pietatis
934 1397 998 1425 por-

207 1433 266 1456 tum
284 1431 369 1459 vitam
384 1431 568 1461 Christianam
584 1430 870 1471 secure'prwdtcatam
896 1444 998 1471 propo-

207 1477 302 1510 nebat,
317 1482 343 1505 et
361 1477 400 1506 sic
413 1478 548 1514 refugium
565 1480 756 1510 divinissimus
772 1481 879 1510 exstitit
894 1487 998 1518 martyr

208 1523 337 1570 omnibus
350 1524 422 1559 piam
436 1526 519 1553 vitam
543 1525 718 1562 eligentibus,
748 1533 892 1562 propterea
922 1529 998 1556 refu-
1011 1540 1034 1570 α

209 1568 283 1603 gium
299 1576 348 1604 pro
371 1570 499 1598 cathedra
515 1572 641 1599 sortitum
665 1576 717 1600 est.
736 1572 840 1605 Quibus
851 1573 951 1601 auditis
966 1574 1000 1601 ab

209 1614 251 1642 eis
267 1615 314 1650 qui
328 1620 405 1643 erant
420 1623 452 1645 ex
467 1622 544 1651 parte
557 1617 712 1647 Maximiani
724 1618 860 1650 Herculei.
874 1627 1001 1648 surrexe-

211 1665 275 1689 runt
291 1662 324 1689 ad
339 1662 533 1698 inquirendum
550 1664 659 1700 pictatis
684 1669 827 1700 patronos,
846 1671 873 1694 et
894 1666 1000 1695 detecto

209 1712 330 1744 martyre
346 1709 382 1737 ibi
399 1710 527 1744 populum
540 1711 665 1744 docente,
681 1711 767 1739 multo
783 1712 871 1747 magis
886 1712 926 1740 ira
941 1713 996 1740 fer-

210 1757 448 1790 vueruntquando
467 1757 609 1785 collectam
635 1758 763 1786 viderunt
794 1759 998 1787 multitudinem

209 1801 283 1828 velut
299 1800 347 1828 Dei
359 1802 418 1830 voci
431 1802 562 1831 Demetrii
578 1803 754 1831 sermonibus
767 1804 958 1838 inhaerentem,
972 1805 1000 1833 in

210 1845 297 1880 ipsum
316 1846 425 1875 irruunt
439 1852 568 1884 tanquam
588 1849 616 1876 in
633 1850 863 1884 praestantiorem,
878 1851 1001 1887 dispersa

210 1892 396 1929 multitudine,
427 1895 630 1930 apprehensum
660 1903 709 1932 per
727 1896 800 1925 istud
821 1897 873 1925 iter
895 1902 999 1932 agunt;

208 1943 236 1966 et
264 1939 431 1969 Maximiano
447 1941 564 1970 otierunt
590 1943 637 1978 qui
666 1943 768 1971 interea
797 1950 860 1971 cum
890 1951 997 1972 summa

209 1987 348 2027 voluplaw
364 1988 493 2016 baccheis
508 1988 665 2017 homicidiis
681 1994 753 2018 totus
764 1989 935 2025 indulgebat.
949 1989 1000 2023 Qui

209 2041 271 2061 cum
285 2034 339 2062 nisi
363 2041 435 2070 aegre
452 2034 545 2062 divelli
570 2039 675 2070 posset,
703 2035 804 2063 interea
821 2040 947 2064 sanctum
973 2036 1001 2063 in

209 2088 320 2108 carcere
338 2080 441 2108 includi
456 2081 548 2116 jussit,
568 2081 627 2116 ejus
656 2082 741 2110 dilato
762 2081 904 2118 martyrio.
928 2082 1002 2115 Quo-

209 2134 277 2153 rum'
286 2134 337 2153 nos
353 2125 512 2154 memoriam
531 2127 681 2163 quotannis
702 2127 874 2155 Celebrautes
891 2127 927 2154 ibi
951 2134 1001 2154 en-

209 2173 298 2199 comia
321 2172 479 2207 incipimus,
500 2174 544 2201 hic
566 2179 657 2201 autem
682 2174 859 2209 perfecimus.
873 2173 948 2201 Talis
971 2181 1002 2201 se

1045 230 1152 266 καρπὸν
1167 229 1252 257 πολὺν
1279 230 1324 257 διὰ
1356 231 1407 264 τὴν
1436 230 1568 265 ἀκαιρίαν
1601 229 1649 255 τοῦ
1676 229 1830 263 πτώματος.

1044 275 1117 302 Ἀλλ’
1133 275 1214 312 ἡνίκα
1235 276 1291 303 τῶν
1315 276 1459 312 συμϐόλων
1479 276 1591 302 ἐκείνων
1614 276 1664 311 τὴν
1692 269 1805 302 ἔκϐασιν
1819 277 1832 302 ὁ

1045 322 1209 358 αὐτόχρημα
1227 323 1325 358 φθόνος
1351 321 1434 354 εἶδεν,
1450 322 1542 349 οὐκέτι
1560 322 1655 357 φέρειν
1672 319 1729 352 οἷός
1745 330 1775 348 τε
1789 321 1832 354 ὢν,

1044 369 1170 403 ὲκμαίνει
1200 369 1271 395 κατὰ
1296 367 1342 395 τοῦ
1369 368 1520 396 ἀντιπάλου
1553 369 1603 402 τῆς
1637 366 1745 400 πλάνης
1775 367 1833 397 τοὺς

1045 413 1185 450 ὑπηρέτας
1210 415 1261 450 τῆς
1279 415 1397 449 πλάνης,
1413 414 1460 440 καὶ
1473 413 1512 448 τῷ
1529 412 1636 447 βασιλεῖ
1651 412 1702 446 τῆς
1718 411 1832 446 ἀπάτης,

1044 461 1218 495 Μαξιμιανδς
1237 457 1317 492 οὗτος
1339 458 1384 496 ἦν,
1416 460 1609 496 κρατήσαντες
1635 459 1778 492 ἀπάγουσι
1793 461 1833 485 τὸν

1044 507 1094 540 τῆς
1110 507 1218 541 ἀπάτης
1233 506 1362 540 διώκτην,
1378 506 1425 532 καὶ
1441 505 1514 532 οὕτω
1528 504 1597 540 προς
1618 505 1650 531 τὺ
1668 505 1717 531 τοῦ
1734 513 1832 539 μαρτυ-

1047 554 1107 590 ρίου
1126 554 1234 580 στάδιον
1255 553 1405 579 ἀποδύεται
1422 553 1589 588 Δημήτριος,
1606 553 1620 578 ὁ
1642 551 1767 587 χαρίτων
1789 552 1833 586 tif.-

1046 601 1138 636 ῥήτων
1160 601 1193 627 ὲκ
1223 599 1318 630 παιδὸς
1343 598 1481 634 ἔμπλεως,
1505 598 1553 625 καὶ
1572 598 1606 625 τὰ
1629 601 1722 625 πάντα
1748 598 1832 632 σοφὸς,

1046 647 1094 674 καὶ
1108 646 1224 679 δίκαιος,
1247 645 1294 672 καὶ
1315 645 1399 678 ὅσιος,
1423 645 1470 671 καὶ
1486 644 1644 675 ἀπόστολος,
1669 644 1719 670 καὶ
1738 644 1833 672 παρθέ-

1046 701 1100 725 νος,
1118 693 1164 719 καὶ
1180 692 1328 726 πάναγνος,
1345 691 1376 719 οὒ
1391 691 1460 718 πολὺ
1478 691 1505 717 δὲ
1521 691 1620 725 είπεῖν,
1635 691 1678 718 ὅτι
1701 691 1752 717 καὶ
1772 691 1834 724 ἠγα-

1047 739 1169 775 πημένος
1194 739 1234 775 τῷ
1260 739 1372 775 Χριστῷ
1405 739 1537 774 μαθητὴς,
1558 739 1575 774 ἢ
1607 741 1685 770 παῖς,
1715 738 1733 774 ἦ
1764 739 1833 773 φίλος

1047 787 1131 822 ἄκρος
1156 786 1202 813 καὶ
1221 785 1398 819 οίκειότατος,
1427 784 1530 817 μᾶλλον
1545 785 1574 811 δὲ
1600 785 1684 811 πάνθ’
1703 784 1786 819 ὁμοῦ,
1800 784 1832 816 ὡς

1048 833 1095 859 καὶ
1122 832 1166 858 διὰ
1187 831 1296 859 πάντων
1312 831 1397 858 ὲλοὼν
1418 831 1473 858 τῶν
1495 831 1554 866 Θεῷ
1577 830 1676 865 φίλων,
1692 831 1744 857 καὶ
1768 830 1834 864 λογι-

1050 879 1138 914 σμῶν,
1152 879 1198 905 καὶ
1210 879 1310 912 λόγων,
1324 879 1371 904 καὶ
1388 878 1526 912 πράξεων.

1085 926 1197 953 Ποθεῖτε
1226 925 1338 958 πάντες,
1360 922 1389 952 εὖ
1419 923 1489 958 οῖδα,
1517 925 1567 952 καὶ
1595 925 1641 952 τον
1663 925 1771 960 τρόπον
1792 925 1835 959 τῆς
1867 949 1868 952 η

1050 972 1253 1006 κατασχέσεως,
1274 972 1328 1006 ὅπη
1353 980 1383 998 τε
1405 971 1452 998 καὶ
1476 971 1552 1003 ὅπως
1577 971 1630 997 ὑπὸ
1654 971 1712 997 τῶν
1737 969 1835 1004 δημίων

1050 1017 1106 1053 ἥλω
1124 1016 1301 1050 ζητούμενος.
1317 1016 1387 1043 Στοά
1404 1025 1444 1047 τις
1458 1016 1534 1042 ἐστὶν
1549 1015 1677 1049 ὑπόγειος
1689 1016 1722 1041 ἐν
1737 1014 1776 1049 τῷ
1787 1014 1835 1047 ναῷ

1051 1063 1100 1098 τῆς
1117 1062 1300 1097 άειπαροένου
1319 1062 1365 1088 καὶ
1377 1061 1563 1096 Θεομήτορος,
1587 1059 1622 1096 ἧς
1647 1060 1796 1094 καταφυγὴ
1811 1058 1835 1085 τι

1050 1108 1205 1143 ἐπώνυμον,
1219 1107 1280 1134 ὅθεν
1297 1107 1358 1138 ἔθος
1374 1107 1434 1134 ἐστὶ
1453 1106 1570 1133 παλαιὸν
1588 1105 1638 1139 τῆς
1657 1104 1708 1131 τοῦ
1728 1104 1835 1140 μεγαλο-
1867 1106 1868 1113 ‘

1051 1155 1191 1191 μάρτυρος
1214 1153 1398 1189 πανηγύρεως
1416 1154 1467 1187 τὴν
1487 1152 1575 1188 ἀρχὴν
1599 1152 1633 1179 δι’
1651 1151 1732 1182 ἔτους
1757 1151 1835 1178 ποιεῖ-

1051 1201 1124 1233 σθαι,
1144 1200 1274 1227 κάκεῖθεν
1295 1199 1340 1225 διὰ
1357 1198 1406 1233 τῆς
1422 1199 1562 1235 λεωφόρου
1586 1199 1648 1235 μεθ’
1669 1199 1769 1233 ὕμνων
1790 1197 1838 1224 τῶν
1867 1197 1868 1205 ‘

1051 1247 1120 1283 πρὸς
1136 1248 1217 1274 αὐτὸν
1234 1247 1372 1280 ἀνιόντας,
1390 1248 1487 1275 ἐνθάδε
1505 1247 1608 1282 ταύτην
1622 1247 1720 1274 ἀνύειν
1741 1247 1789 1274 καὶ
1804 1247 1837 1278 είς

1049 1294 1126 1325 τέλος
1141 1294 1218 1328 ἄγειν
1230 1293 1280 1328 τὴν
1297 1294 1406 1328 ἑορτήν.
1426 1293 1482 1327 Τῆς
1497 1294 1544 1320 οὖν
1568 1293 1700 1325 ἀσεϐείας
1721 1294 1833 1327 ὲπικρι-

1050 1341 1162 1375 τούσης,
1186 1340 1246 1367 ἐπεὶ
1270 1340 1304 1367 τὰ
1323 1340 1370 1374 τῆς
1389 1339 1532 1372 εὐσεϐείας
1547 1340 1650 1375 ’χώραν
1675 1340 1732 1366 οὐκ
1759 1337 1834 1375 εἶχεν,

1050 1386 1247 1422 ὲμφιλοχωρῶν
1274 1387 1288 1413 ὀ
1316 1386 1423 1421 μάρτυς
1451 1388 1508 1418 τοῖς
1535 1386 1676 1420 ὑπογείοις
1715 1387 1828 1413 ἐκείνου
1867 1398 1868 1413 :

1053 1421 1197 1468 μετεδίδου
1211 1434 1269 1465 τοῖς
1301 1433 1447 1468 προσιοῦσι
1473 1433 1524 1467 τῆς
1547 1432 1678 1468 οὐρανίου
1712 1434 1838 1460 διδασισ-
1867 1421 1868 1468 ἦ

1051 1479 1121 1512 λίας,
1137 1479 1184 1506 καὶ
1199 1480 1255 1512 τοῖς
1270 1479 1323 1506 ἀπὸ
1339 1479 1391 1514 τῆς
1409 1479 1547 1513 ἀσεϐείας,
1564 1480 1648 1506 οἱονεί
1667 1488 1746 1511 τινος
1763 1479 1839 1505 πολυ-

1052 1526 1192 1562 κυμάντου
1216 1526 1363 1560 κλύδωνος,
1384 1526 1428 1552 ἐπ’
1448 1526 1529 1552 αὑτὸν
1552 1526 1779 1561 καταφεύγουσι,
1799 1526 1838 1552 τὸν

1051 1573 1136 1604 ὅντως
1153 1571 1241 1599 εὖδιον
1257 1572 1356 1606 λιμένα
1374 1571 1425 1608 τῆς
1440 1571 1594 1605 εὐσεϐείας,
1617 1572 1676 1607 μετ’
1697 1573 1793 1603 ἁδεῖα,
1812 1572 1839 1599 τὰ

1051 1618 1223 1652 Χριστιανῶν
1241 1618 1384 1645 ὑπετίθετο
1402 1617 1451 1645 καὶ
1477 1618 1575 1645 ἐτέλει.
1594 1618 1651 1644 Καὶ
1671 1617 1749 1645 οὕτω
1764 1627 1839 1644 κατα·

1051 1666 1126 1700 φυγὴ
1143 1664 1193 1700 μὲν
1219 1666 1233 1692 ὁ
1257 1664 1394 1696 θειότατος
1411 1664 1519 1699 ὑπῆρχε
1553 1663 1712 1700 τηνικαῦτα
1739 1665 1838 1700 μάρτυς

1052 1710 1162 1737 πάντων
1179 1710 1232 1737 τῶν
1247 1710 1374 1737 εὐσεϐεῖν
1390 1710 1575 1745 αἱρουμένων.
1587 1711 1749 1746 Καταφυγὴ
1760 1710 1788 1736 δὲ
1801 1709 1840 1736 καὶ

1050 1755 1133 1787 τόπος
1159 1755 1284 1783 ἐντεῦθεν
1311 1756 1428 1791 ἐκλήθη.
1456 1755 1543 1782 Τοῦτο
1569 1756 1705 1791 μαθόντες
1725 1756 1752 1783 el
1774 1755 1840 1790 παρὰ

1051 1802 1224 1837 Μαξιμιανοῦ
1240 1802 1288 1829 τοῦ
1307 1802 1469 1838 Ἐρκουλίου
1486 1803 1677 1833 καταστάντες
1691 1802 1840 1838 ρινηλιιτιξν

1051 1849 1114 1880 τοὺς
1146 1848 1315 1884 συνηγόρους
1347 1849 1398 1884 τῆς
1426 1848 1591 1882 εροεϐείας,
1623 1849 1785 1876 διδάσκοντι
1807 1848 1839 1882 τῷ
1867 1848 1868 1884 l

1053 1896 1173 1932 μάρτυρι
1191 1896 1236 1922 τὸν
1251 1895 1316 1923 λαὸν
1331 1896 1497 1928 ἐπιστάντες
1524 1896 1594 1928 ἐκεῖ,
1610 1896 1659 1924 καὶ
1676 1896 1750 1923 πολὺ
1767 1895 1839 1923 πλέον
1867 1900 1868 1913 ³

1053 1941 1195 1977 μανέντες,
1210 1941 1259 1968 am
1279 1941 1310 1968 τδ
1330 1941 1539 1977 συνειλεγμένον
1557 1941 1662 1976 πλῆθος
1680 1942 1795 1974 ἰδόντες,
1806 1941 1837 1971 ὡς

1051 1988 1119 2015 Θεοῦ
1137 1989 1249 2024 φωναῖς,
1272 1989 1328 2020 τοῖς
1345 1988 1392 2016 τοῦ
1408 1989 1570 2024 Δημητρίου
1586 1988 1680 2023 λόγοις
1697 1988 1839 2024 προσέχον-

1051 2045 1113 2067 τας,
1141 2036 1204 2062 κατ’
1221 2035 1304 2062 αὐτοῦ
1326 2035 1476 2070 χωροῦσιν,
1501 2035 1540 2067 ὡς
1568 2035 1793 2070 προεστηκότος,
1815 2033 1839 2059 τδ

1053 2082 1155 2117 πλῆθος
1170 2081 1410 2113 διασκεδάσαντες.
1441 2082 1637 2117 Κρατήσαντες
1663 2081 1705 2114 δὲ,
1727 2081 1772 2108 διὰ
1797 2081 1839 2114 τῆς

1052 2127 1193 2163 λεωφόρου
1208 2127 1306 2161 άγουσι
1323 2127 1438 2162 ταύτης,
1456 2128 1504 2154 καὶ
1523 2127 1562 2161 τῷ
1578 2127 1752 2162 Μαξιμιανῷ
1767 2134 1838 2160 παρε-

1053 2173 1159 2205 στᾶσιν,
1171 2173 1290 2200 ἐνταῦθά
1299 2181 1345 2199 ποι
1357 2172 1534 2207 διατρίϐοντι,
1548 2173 1595 2199 καὶ
1607 2173 1669 2204 ταῖς
1678 2174 1731 2199 τοῦ
1742 2172 1837 2200 Λυαῖον

209 2219 305 2246 habuit
323 2225 426 2256 martyr
447 2224 557 2256 propter
583 2220 724 2248 Christum
747 2220 849 2247 vadens
865 2220 899 2248 ad
925 2220 997 2248 occi-

1058 2219 1305 2254 Ξινθρωποκτονίαις
1334 2218 1394 2254 μεθ’
1411 2219 1509 2253 ἡδονῆς
1534 2219 1575 2245 ὅτι
1599 2218 1734 2253 πλείστης
1765 2225 1839 2252 προσ-

209 2264 233 2292 si
247 2272 326 2298 mem,
344 2269 472 2300 tanquam
485 2265 518 2292 ad
537 2264 636 2293 festum
662 2271 688 2292 et
700 2265 856 2300 gratissima
876 2265 1001 2292 convivia

211 2311 354 2338 invitatus.
382 2311 614 2339 Pcrvcrsissimus
649 2311 711 2339 ideo
738 2311 844 2339 zelabat
876 2311 1001 2340 diabolus

209 2366 291 2388 quam
308 2358 437 2386 citissime
454 2359 487 2385 ab
504 2357 662 2386 hominibus
684 2358 794 2386 auferre
812 2358 995 2386 Demetrium.

209 2404 268 2432 Non
284 2406 357 2432 enim
374 2405 529 2440 patiebatur
542 2405 620 2432 talem
638 2405 727 2434 adhuc
750 2406 778 2433 in
804 2410 877 2433 terra
903 2413 999 2433 versat

209 2457 237 2478 et
250 2452 335 2479 videri
346 2456 371 2479 et
384 2451 544 2478 hominibus
556 2451 630 2486 loqui
643 2457 670 2479 ct
681 2460 793 2487 prorsus
806 2452 907 2480 audiri.
927 2452 1000 2480 Deus

210 2503 300 2524 autem
317 2498 425 2525 volebat
443 2505 524 2524 suum
542 2497 704 2532 prophetam
720 2505 782 2525 mox
808 2505 900 2525 coram
914 2498 1003 2525 omni-

210 2544 261 2572 bus
277 2544 408 2578 proferrc,
429 2548 455 2571 et
470 2544 532 2571 inde
544 2544 659 2572 illustris
677 2544 800 2580 martyrii
819 2545 936 2579 palmam
948 2544 1004 2572 col-

211 2592 306 2626 ligere,
322 2591 369 2618 sed
386 2599 440 2618 non
456 2598 517 2618 cum
537 2597 642 2619 tantum
662 2591 786 2627 martyrii
811 2591 928 2626 gratiam
955 2591 1004 2618 ha-

210 2639 286 2670 bere,
297 2645 390 2665 verum
400 2638 481 2665 etiam
492 2638 635 2666 habentem
645 2639 705 2666 aliis
715 2638 1002 2674 impertire,tanquam

208 2683 361 2718 cwximia
380 2689 512 2720 arctaque
529 2693 591 2713 cum
612 2686 670 2720 ipso
690 2685 822 2713 societate
846 2684 924 2719 quasi
942 2683 1005 2711 fon-

210 2736 264 2757 tem
283 2730 414 2758 eximium
431 2732 525 2768 gratiae
537 2733 636 2760 factus.

1057 2267 1155 2302 ἔχοντι.
1179 2265 1208 2293 '0
1234 2265 1262 2292 δὲ
1287 2265 1527 2297 δυσαποσπάστως
1551 2265 1622 2300 ἔχων
1642 2265 1693 2298 τῆς
1713 2265 1838 2300 τέρψεως.

1055 2313 1176 2341 ἐνταῦθα
1208 2312 1408 2340 κατάκλειστον
1438 2312 1568 2346 γενέσθαι
1601 2311 1773 2347 προστάττει
1799 2311 1837 2336 τὸν

1055 2360 1143 2394 ἅγιον,
1157 2356 1191 2395 ¹οὗ
1208 2359 1256 2386 καὶ
1269 2359 1299 2386 τὸ
1315 2367 1467 2394 μαρτυριον
1485 2359 1580 2394 ﬂauas.
1598 2358 1685 2385 Ταῦθ’
1709 2358 1790 2393 misi;
1805 2358 1838 2382 εἰ-

1056 2395 1214 2438 κονίζοντες
1225 2405 1285 2432 κατ’
1299 2405 1359 2437 ἔτος
1374 2405 1499 2437 είκὸτως,
1513 2405 1572 2432 ἐκεῖ
1593 2404 1644 2438 μὲν
1657 2405 1708 2439 τῆς
1726 2406 1838 2437 πανηγὺ-

1060 2461 1130 2488 ρεως
1147 2451 1301 2486 ποιούμεθα
1316 2451 1366 2486 τὴν
1382 2451 1483 2486 ἀρχὴν.
1504 2447 1555 2477 ὧδε
1575 2451 1603 2476 δὲ
1619 2450 1670 2485 τὴν
1695 2450 1836 2478 τελείωσιν,

1057 2498 1119 2526 ἐπεὶ
1134 2498 1181 2525 καὶ
1193 2499 1205 2525 ὁ
1219 2498 1326 2533 μάρτυς
1340 2496 1427 2528 οὕτως
1438 2494 1522 2531 εἶχεν,
1535 2496 1682 2531 ἑλκόμενος
1691 2497 1732 2527 εἰς
1745 2494 1838 2529 σφαγὴν

1057 2543 1211 2579 τηνικαῦτα
1239 2542 1284 2569 διὰ
1303 2541 1429 2577 Χριστὸν,
1453 2542 1490 2573 ὡς
1508 2542 1548 2573 είς
1572 2541 1671 2577 ἑορτὴν
1687 2542 1737 2568 καὶ
1760 2541 1838 2574 θυμη-

1056 2589 1117 2617 δίαν
1143 2590 1194 2624 τὴν
1227 2589 1363 2624 μεγίστην
1391 2587 1571 2623 καλούμενος.
1596 2588 1629 2614 Ἡ
1659 2587 1710 2622 μὲν
1733 2585 1780 2614 οὖν
1799 2584 1837 2611 τοῦ

1057 2636 1216 2671 ἁρχεκάκου
1230 2634 1357 2662 διαϐόλου
1376 2634 1491 2670 σπουδὴ,
1518 2635 1632 2669 τοτάχος
1645 2633 1676 2666 ἐξ
1695 2633 1837 2667 ἀνθρώπων

1057 2682 1209 2718 τηνικαῦτα
1226 2681 1356 2716 γενέσθαι
1372 2681 1541 2716 Δημήτριον.
1559 2681 1596 2707 Οὐ
1613 2681 1668 2714 γάρ
1684 2680 1765 2714 ἔφερε
1784 2675 1838 2703 10'3-

1058 2737 1105 2756 τον
1118 2728 1165 2756 ἐπὶ
1181 2728 1234 2763 γῆς
1256 2727 1293 2754 ἐτ’
1311 2725 1394 2758 εἶναι,
1413 2727 1460 2754 καὶ
1474 2725 1601 2762 ὁρᾶσθαι,
1622 2726 1668 2752 καὶ
1683 2723 1837 2760 προσλαλεῖν

209 2775 376 2810 ἀνθρώποις.
389 2778 436 2806 καὶ
451 2778 520 2810 ὅλως
535 2778 705 2806 ἀκούεσθαι·
722 2779 736 2805 ὁ
751 2777 779 2805 δὲ
795 2778 861 2809 Θεὸς
872 2776 1000 2804 ἐϐούλετο
1034 2776 1082 2803 καὶ
1108 2775 1255 2811 προφήτην
1280 2774 1346 2801 ὄντα
1377 2773 1554 2808 παραστῆσαι
1587 2772 1634 2799 τὸν
1658 2772 1729 2807 μετὰ
1754 2768 1838 2805 μικρλν

209 2824 342 2860 ἐσόμενον
362 2827 431 2861 πρὸς
447 2829 504 2859 τοῖς
519 2828 611 2859 ἄλλοις
632 2828 699 2853 πᾶσι
731 2828 778 2854 καὶ
798 2827 898 2853 οἰκεῖον
914 2825 1162 2861 μεγαλομάρτυρα,
1175 2823 1224 2851 καὶ
1239 2823 1278 2858 μὴ
1296 2822 1377 2858 μόνον
1405 2822 1510 2849 ἐνοικον
1541 2822 1639 2857 ἔχοντα
1665 2821 1715 2855 τὴν
1745 2827 1837 2855 μαρτυ-

212 2872 293 2908 ρικὴν
309 2873 400 2910 χάριν,
416 2875 486 2902 ἀλλὰ
502 2876 550 2901 καὶ
564 2875 620 2906 τοῖς
637 2874 874 2909 ἄλλοις,παρέχειν
892 2862 1051 2908 ἔχονταίὲκ
1066 2872 1115 2907 τῆς
1130 2871 1199 2908 προς
1217 2870 1299 2898 αὑτὸν
1317 2870 1406 2906 ἄκρας
1442 2869 1603 2904 ὑπερφυοῦς
1635 2868 1783 2902 συναφείας
1801 2861 1837 2890 οἶά

209 2929 272 2948 τινα
287 2922 379 2958 πηγὴν
394 2924 522 2959 ὑπερφυᾶ
536 2923 666 2957 γεγονότα
684 2923 732 2959 τῆς
749 2923 871 2958 χάριτος.
