1882 3070
45 152 92 186 545

715 145 882 177 HOMILIA
897 144 1009 175 XLIII.

1621 143 1676 179 5‘6

77 211 131 239 Καὶ
149 209 177 237 τί
189 209 230 237 διῐ
244 209 347 243 λέγειν,
363 206 412 234 τοῦ
432 206 533 242 καιροῦ
558 206 652 242 μακρὰ
675 205 767 240 λέγειν
792 205 831 241 μὴ
846 223 850 235 λ

943 203 990 230 uid
1017 202 1051 230 ad
1083 201 1141 229 haec
1160 200 1310 236 adjiciam?
1330 207 1395 228 cum
1423 204 1532 235 tempus
1555 201 1675 229 orationi

47 256 272 293 συγχωροῦντος;
290 255 362 282 Ἰττε
385 254 436 289 τὴν
459 253 595 289 ἀναοολὴν
619 252 666 279 τοῦ
685 252 831 287 τυράννου,

47 306 90 333 καὶ
99 305 148 340 τὴν
165 302 309 338 κάθειρξιν
325 301 495 336 Δημητρίου,
511 300 559 327 καὶ
577 299 623 326 τὸν
645 298 770 334 Νέστορα
787 298 833 325 ἐπὶ

46 350 158 382 τούτοις,
183 348 232 375 καὶ
253 348 304 382 τήν
321 347 390 382 πρὸς
405 346 490 374 αὑτὸν
513 345 561 372 τοῦ
575 344 834 380 .μεγαλομάρτυρος

48 395 225 431 προφητείαν,
241 394 285 421 καὶ
296 400 347 428 την
356 393 417 419 κατ’
431 391 516 426 αὐτὴν
529 391 636 418 ἐκείνου
649 390 720 418 κατὰ
733 390 836 417 Λυκίου

48 443 133 476 νίκην,
150 442 198 467 καὶ
213 441 244 466 τὸ
263 439 427 475 μαρτύριον.
454 437 526 464 ’Δλλ¹
544 438 582 469 ὡς
598 435 668 464 εἶδεν
681 437 697 463 ὁ
715 437 836 472 ἁρχέκα·

50 495 92 518 xc;
113 486 177 520 δφις
193 484 433 520 παρατεινομένην
455 482 505 517 τὴν
528 481 663 517 ἀναϐολὴν
675 480 722 507 τοῦ
736 480 838 515 τυράν-

49 542 101 564 νου,
128 532 212 563 αὐτὸς
239 531 269 557 δὲ
285 530 337 557 οὐκ
361 529 461 565 ἔφερεν
483 529 524 556 Est
541 528 633 560 ζῶντα
649 528 761 563 βλέπειν
789 526 838 553 δπὶ

50 580 106 614 γῆς,
121 578 168 605 τὸν
193 577 245 604 καὶ
271 577 326 611 πρέι
341 577 392 610 τῆς
418 575 589 607 τελειώσεως
610 574 659 602 τοῦ
684 574 839 610 μαρτυρίου

50 627 134 661 μέγαν
148 625 321 660 Δημήτριον,
340 622 472 657 σκορπίον
485 620 598 652 ὑποδὺς,
615 619 783 654 προσδάλλει
799 619 840 655 τῷ

53 672 182 707 μάρτυρι,
209 670 261 704 οὐχ
289 668 327 700 ὡς
352 668 506 703 ἀπατήσων
523 667 541 702 ἢ
568 667 682 700 Θέλξων,
709 666 840 702 καθάπερ

51 719 113 745 ποτε
127 718 172 744 διὰ
188 716 239 743 τοῦ
264 716 353 750 δφεως
369 715 419 750 τῆς
438 714 550 750 πρώτης
571 714 679 749 ἐκείνης
695 714 840 749 ξυνωρίδος

52 765 102 791 τῶν
119 763 309 799 προπατόρων
333 763 384 797 τήν
409 761 461 797 μὲν
489 760 657 796 ιξηπάτησε,
684 760 730 786 τὸν
753 760 782 788 δὲ
805 759 840 786 δι’

53 811 154 846 ἐκείνης
170 810 294 843 ἔθελξεν.
315 809 395 844 ’ῌδει
419 808 474 844 γὰρ
492 807 537 835 διὰ
554 807 654 843 πείρας
669 807 843 842 ἀνεξαπάτη-

52 866 94 884 τον
123 857 190 884 οντα
220 857 391 891 Δημήτριον,
419 855 467 882 καὶ
490 855 615 889 γενναῖον
637 852 841 884 ἑπιεικῶς,καὶ

884 249 1078 285 prolongandze
1104 255 1159 275 non
1175 251 1312 282 suppetat.
1322 247 1419 275 Nostis
1436 248 1544 283 tyranni
1563 248 1676 276 dilatio-

885 303 947 324 nem
971 301 998 324 et
1020 293 1150 323 Demetrii
1178 293 1205 320 in
1237 293 1391 320 custodiam
1416 294 1628 330 coniectionem,
1648 298 1677 323 et
1700 319 1704 324 .

885 343 929 370 his
943 341 1081 377 adiunctis
1091 341 1281 373 Nestorem,et
1293 340 1424 374 martyris
1434 340 1520 367 nostri
1536 341 1569 368 ad
1584 341 1674 376 ipsum

886 388 1072 424 prophetiam.
1086 391 1113 414 et
1124 386 1187 420 ejus
1201 386 1348 414 victoriam
1374 385 1401 412 in
1417 385 1538 421 Lyazum,
1553 391 1581 414 et
1604 394 1678 414 mar-

888 439 1000 474 tyrium.
1020 436 1073 464 Sed
1089 435 1317 471 perversissimus
1339 442 1454 470 serpens
1471 440 1616 469 conspecta
1635 441 1677 471 ty.

886 485 966 512 rauui
983 491 1059 510 more
1081 490 1134 510 non
1160 482 1266 509 ferebat
1282 482 1373 509 adhuc
1389 482 1526 508 viventem
1554 482 1581 508 in
1604 486 1677 510 terra

889 530 1056 558 Demetrium
1086 529 1197 561 videre,
1226 529 1303 556 illum
1333 529 1417 556 etiam
1445 533 1510 556 ante
1538 528 1677 563 expletum

887 577 1050 613 martyrium
1067 576 1257 608 excellentem,
1285 575 1332 603 sed
1356 575 1532 611 scorpionem
1557 575 1680 611 irrepens

889 631 951 652 eum
973 617 1007 650 ad
1024 626 1171 657 martyrem
1186 621 1325 654 admovet,
1344 628 1398 648 non
1422 621 1534 655 quidem
1560 625 1589 648 ut
1614 629 1679 649 eum

889 660 1056 699 falleret‘vel
1081 670 1234 697 incantaret
1257 669 1371 704 perinde
1398 676 1430 696 ac
1458 669 1523 696 olim
1547 676 1595 704 per
1618 676 1678 696 scr-

891 723 998 754 pentem
1017 724 1050 744 ex
1068 717 1206 752 primzevis
1226 716 1387 751 parentibus
1405 715 1485 743 aliam
1504 715 1614 751 quidem
1640 716 1680 743 fc-

892 763 972 796 iellit,
993 763 1077 790 alium
1100 770 1166 790 vero
1191 769 1239 797 per
1260 769 1320 790 eam
1337 762 1458 790 seduxit.
1482 762 1592 790 Sciebat
1606 763 1680 790 enim

893 808 1062 837 Demetrium
1093 808 1244 836 tentatione
1273 816 1327 836 non
1354 808 1538 836 deludeudum
1559 812 1586 835 et
1610 809 1679 836 mira

894 855 1078 891 generositate
1104 855 1248 889 pra3ditum
1273 861 1299 884 et
1314 855 1348 882 ad
1365 855 1519 891 eligendum
1535 856 1608 891 quod
1625 864 1682 883 me-

53 903 280 939 γεγυμνασμένον
302 902 372 937 πρὸς
389 901 523 937 διαίρεσιν
550 900 598 928 τοῦ
611 901 765 936 βελτίονος.
784 900 840 934 οὐχ

941 910 948 930 s
961 905 1004 929 est
1019 902 1098 929 valde
1109 902 1273 929 exercitum.
1290 901 1351 929 Non
1369 909 1434 937 ergo
1447 901 1480 928 ad
1497 901 1681 930 deludeudum

51 948 87 979 ὡς
102 948 259 982 ἀπατήσων
273 945 322 974 οὖν
338 946 382 974 διὰ
395 947 529 982 σκορπίου
544 945 722 982 προσϐάλλει,
734 945 792 972 ἀλλ’
803 945 843 977 ὣς

54 993 159 1028 πλήξων
176 993 309 1028 καιρίως,
328 994 376 1021 καὶ
399 993 565 1022 θανατώσων
585 994 625 1026 ὡς
647 993 773 1029 τάχιστα,
796 995 843 1020 καὶ

55 1038 220 1071 ἀπαλλάξων
240 1039 339 1066 ἑαυτὸν
363 1039 513 1066 ἀντιπάλου
526 1040 657 1066 τοσούτου
672 1040 722 1075 τὴν
740 1038 844 1076 ἀρετήν

56 1088 100 1114 καὶ
118 1086 167 1122 τὴν
190 1086 321 1121 δύναμιν.
343 1085 425 1113 Ἀλλὰ
451 1086 549 1120 φθάνει
573 1085 606 1113 τὺ
628 1086 710 1121 τάχος
735 1086 843 1112 ἐκείνου

55 1134 99 1161 καὶ
116 1134 168 1169 τὴν
188 1133 312 1167 σπουδὴν
336 1133 353 1169 ή
369 1132 513 1160 ἐνοικοῦσα
534 1132 573 1168 τῷ
598 1132 747 1168 Δημητρίῳ
761 1133 842 1168 χάρις

55 1180 122 1215 αὕτη
147 1179 198 1206 καὶ
229 1179 355 1214 δύναμις.
383 1179 545 1215 Ἐπικλήσει
560 1179 615 1215 γὰρ
640 1179 689 1206 καὶ
711 1178 842 1214 σφραγῖδι

55 1227 111 1263 θείᾳ
126 1227 172 1254 διὰ
197 1228 249 1262 τῆς
266 1227 370 1258 οίκείας
387 1227 478 1262 χειρὸς
494 1227 509 1252 ὁ
525 1228 631 1262 μάρτυς
655 1226 839 1262 χρησάμενος,

55 1275 144 1309 νειριῐ
157 1274 191 1300 τὸ
207 1274 260 1308 τῆς
274 1273 436 1308 νικρώσεως
454 1273 582 1308 ὄργανον,
603 1273 652 1299 καὶ
665 1271 842 1307 καταισχύνει

57 1321 100 1347 τδν
115 1319 266 1351 ὑποδύντα,
282 1319 460 1355 καταργήσας
470 1319 553 1345 αὐτοῦ
569 1318 619 1354 τὴν
632 1319 784 1353 ἐνέργειαν,
795 1317 842 1344 καὶ

56 1366 190 1393 δείκνυσιν
206 1365 345 1397 ἐντεῦθεν,
360 1364 408 1397 ὡς,
420 1365 446 1391 εί
459 1364 497 1400 μὴ
513 1364 594 1395 αὐτὸς
608 1362 678 1390 ἑκὼν
693 1362 842 1397 samem»

56 1413 150 1445 πάθος,
168 1411 230 1439 οὐδ’
246 1412 280 1439 ἂν
297 1412 366 1444 ὅλως
383 1411 480 1443 ἔπαθε,
498 1410 573 1445 παρὰ
589 1410 639 1445 τῆς
655 1408 703 1436 τοῦ
721 1408 842 1443 Χριστοῦ

57 1460 165 1496 χάριτος
189 1459 242 1485 καὶ
260 1458 403 1493 δυνάμεως
424 1457 628 1493 φρουρούμενος
648 1465 678 1483 τε
702 1455 750 1482 καὶ
763 1455 844 1482 διινιι⁴

57 1506 204 1540 μοὺμενος,
225 1504 312 1531 θέλων
326 1504 354 1530 δὲ
372 1503 561 1539 παραδίδοται,
580 1503 628 1529 καὶ
644 1502 841 1537 περικλείεται,

894 948 1070 984 scorpionem
1094 949 1236 983 ingreSsus
1258 948 1375 982 accedit,
1396 949 1445 976 sed
1465 954 1494 976 ut
1512 949 1605 976 lethall
1623 949 1682 976 vul-

895 1003 961 1023 nere
978 994 1133 1023 sauriatum
1147 1001 1230 1029 qualn
1246 994 1379 1022 citissime
1393 994 1531 1023 occideret
1542 1000 1569 1023 et
1584 1000 1682 1023 semet-

894 1041 983 1077 ipsum
1005 1047 1081 1070 tanto
1104 1047 1132 1069 et
1157 1041 1259 1069 virtute
1284 1046 1312 1069 et
1332 1040 1495 1069 fortitudine
1521 1041 1681 1069 adversario

893 1087 1054 1122 expediret;
1081 1087 1128 1115 sed
1144 1088 1205 1123 ejus
1224 1087 1471 1123 promptitudinem
1495 1087 1682 1123 diligentiam-

893 1141 948 1169 que
974 1134 1105 1169 praevenit
1132 1135 1176 1161 illa
1207 1134 1296 1169 gratia
1324 1139 1351 1162 et
1380 1134 1513 1162 fortitudo
1543 1134 1681 1162 inhaerens

895 1179 1042 1207 Demetrio.
1071 1179 1178 1207 Etenim
1201 1179 1296 1206 divino
1319 1179 1484 1214 precationis
1509 1179 1599 1214 gladio
1618 1187 1682 1214 pro-

895 1224 953 1259 pria
980 1231 1063 1251 manu
1092 1228 1172 1251 utens
1198 1228 1302 1260 martyr
1327 1224 1427 1252 occidit
1452 1225 1548 1253 mortis
1578 1225 1682 1252 instruo

894 1276 1037 1304 mentum,
1069 1274 1098 1298 et
1123 1270 1274 1305 ignominia
1307 1270 1441 1299 suﬂundit
1463 1271 1610 1307 illapsum,
1631 1272 1682 1300 de-
1734 1271 1737 1273 ’

895 1321 1000 1344 structa
1018 1316 1079 1352 ejus
1103 1317 1223 1352 potentia
1249 1322 1276 1345 et
1300 1317 1341 1346 sic
1354 1318 1524 1346 demonstrat
1539 1320 1680 1353 quoniam,

895 1364 950 1392 nisi
974 1364 1061 1392 libens
1079 1371 1188 1399 poenam
1215 1364 1356 1396 subiisset,
1372 1364 1447 1391 nullo
1472 1365 1553 1391 modo
1583 1371 1682 1399 passus

895 1414 970 1438 esset
984 1409 1087 1438 Christi
1105 1410 1194 1445 gratia
1219 1415 1245 1438 et
1267 1410 1367 1438 virtute
1386 1410 1530 1438 accinctus
1552 1415 1579 1438 et
1599 1410 1683 1438 robo-

897 1462 986 1489 ratus.
1009 1457 1078 1483 bene
1093 1463 1158 1483 vero
1171 1461 1268 1491 sponte
1289 1457 1420 1488 traditur,
1435 1456 1543 1484 ducitur
1557 1461 1584 1484 et
1598 1456 1683 1492 impe-

897 1503 970 1530 riose
989 1506 1124 1530 tractatur
1147 1502 1234 1538 plebis
1264 1503 1392 1530 manibus
1417 1507 1445 1530 et
1471 1503 1505 1530 ab
1532 1503 1683 1531 artiﬁcibus

59 1550 103 1578 καὶ
118 1551 198 1585 χερσὶ
223 1550 369 1584 κρατεῖται
383 1548 501 1585 δημίων,
521 1549 570 1576 καὶ
587 1548 639 1575 ὑπὸ
656 1548 711 1575 τῶν
724 1548 845 1584 κακούρ-

941 1549 963 1577 ili
981 1556 1174 1585 perversorum
1192 1549 1326 1584 supplicia
1341 1549 1448 1585 recipit,
1466 1542 1515 1584 pro
1529 1549 1608 1577 nobis
1622 1557 1684 1584 pas-

58 1605 111 1632 γων
135 1597 239 1632 πάσχει
269 1597 304 1623 τὰ
330 1596 384 1623 τῶν
412 1596 585 1632 κακούργων,
609 1595 655 1623 τὸν
677 1595 747 1632 ὐπὶρ
764 1596 844 1631 ἡμῶν

60 1644 176 1670 παοιντα
196 1643 378 1678 μιμούμενος.
394 1642 443 1669 Διὰ
457 1642 537 1669 τοῦτο
560 1643 607 1669 καὶ
630 1643 686 1674 τοῖς
711 1641 845 1677 λογχοφό-

60 1698 112 1726 pot;
126 1691 260 1717 ἐπιστᾶσι
274 1689 402 1724 φονῶσιν,
421 1689 474 1716 ὑπο
490 1690 537 1715 τοῦ
556 1688 690 1723 τυράννου
709 1689 844 1723 πεμφθεῖ-

60 1743 110 1768 σιν,
136 1734 387 1769 ἀναπεπταμέναις
411 1733 554 1768 ἀγκάλαις,
579 1733 617 1765 ὡς
634 1734 750 1769 καιρίως
775 1734 846 1770 πλη-

60 1781 256 1817 χθησομέναις,
270 1781 377 1816 δέχεται
393 1781 442 1816 τήν
461 1781 621 1808 τελευταίαν
638 1781 759 1816 πληγὴν,
778 1781 845 1816 μᾶλ-

57 1826 102 1854 λον
119 1828 148 1854 δὲ
176 1827 230 1858 τὰς
259 1827 377 1862 πληγὰς,
405 1826 450 1853 διὰ
474 1825 583 1853 πάντων
611 1827 715 1859 ίοὺσας,
742 1826 796 1853 τῶν
814 1834 845 1852 τε

59 1874 234 1909 σπλάγχνων,
256 1874 304 1900 καὶ
327 1873 424 1905 ὀστῶν,
439 1873 486 1900 καὶ
503 1873 624 1908 σαρκῶν,
649 1873 687 1905 ὡς
710 1873 845 1908 ἑκατέραν

58 1920 110 1947 τῶν
125 1920 265 1956 πλευρῶν,
277 1920 327 1955 τὴν
343 1919 394 1955 μὲν
408 1919 511 1952 ἔξωθεν
531 1919 660 1952 δέξασθαι
677 1921 726 1952 τὰς
743 1922 776 1947 ὲκ
790 1920 844 1947 τῶν

59 1966 164 2001 αιχμῶν
175 1967 347 2001 διατρήσεις,
365 1966 414 2001 τὴν
427 1965 466 1998 δὲ,
480 1965 597 1999 ἔνδοθεν,
608 1966 656 1992 καὶ
669 1966 740 1992 οὕτω
749 1965 846 1992 διπλα-

58 2013 155 2045 σιάζει,
176 2011 282 2046 μᾶλλον
296 2011 324 2038 δὲ
348 2011 574 2044 πολυπλασιάζει,
598 2011 629 2038 τὸ
643 2012 693 2047 τῆς
710 2012 844 2047 σωτηρίου

59 2060 140 2091 πάθος
155 2059 291 2095 πλευρᾶς,
316 2060 350 2086 τὰ
367 2059 545 2094 ὑστερήματα
567 2059 637 2086 κατὰ
661 2057 767 2085 Παῦλον
781 2059 846 2085 ἀνα-

58 2105 167 2142 πληρῶν
182 2105 233 2133 τοῦ
250 2105 381 2141 Χριστοῦ,
400 2107 446 2133 καὶ
471 2105 558 2137 οὕτως
580 2106 631 2141 ἐρᾷ
653 2106 704 2140 τῆς
725 2104 845 2139 σφαγῆς,

59 2154 103 2180 καὶ
126 2153 218 2185 οὕτως
241 2154 293 2188 ἐρᾷ
314 2155 361 2180 τοῦ
385 2153 415 2179 τὺ
440 2153 507 2181 [διον
535 2151 606 2188 αἷμα
624 2153 683 2188 χεῖν
699 2153 770 2188 ὑπὲρ
796 2151 847 2188 τῆς

57 2200 133 2235 δόξης
149 2200 199 2227 τοῦ
226 2200 358 2236 Χριστοῦ,
376 2200 447 2227 πάνυ
472 2201 602 2232 πολλάκις
628 2200 675 2226 xui.
700 2200 845 2235 διηνεκῶς,

59 2247 135 2282 είπερ
153 2245 190 2284 ἦν
201 2267 209 2279 ,
227 2246 264 2278 ὠς
282 2247 330 2273 καὶ.
345 2247 422 2282 παρὰ
445 2246 492 2273 τοῦ
509 2246 691 2280 γινώσκοντος
707 2247 736 2273 τὸ
752 2245 846 2280 περιὸν

60 2295 133 2328 αὑτῷ
149 2295 199 2322 καὶ
224 2294 397 2330 ὑπερϐάλλον
411 2294 458 2321 τοῦ
481 2294 582 2329 ἔρωτος
604 2293 696 2330 πηγὴν
711 2294 803 2320 λαϐεῖν
819 2293 848 2320 ἐν

58 2342 94 2377 τῷ
112 2342 224 2377 σώματι
239 2343 346 2377 μύρων,
376 2343 421 2369 ἵνα
448 2342 495 2369 τοῦ
521 2341 637 2377 αἵματος
663 2341 847 2374 ἐπιλιπόντος,

59 2388 125 2424 αὕτη
146 2391 195 2416 καὶ
209 2391 250 2421 εἰς
274 2390 319 2416 τὸν
343 2389 409 2424 ἑξῆς
435 2389 523 2417 πάντα
541 2389 638 2424 χρόνον
657 2388 716 2415 ἀντὶ
732 2388 848 2423 αἵματος

60 2436 90 2462 ἐκ
104 2436 152 2463 τοῦ
165 2436 296 2470 σώματος
310 2437 406 2471 χέηται
420 2436 460 2468 εις
476 2435 556 2469 δόξαν
576 2434 708 2470 Χριστοῦ,
726 2435 755 2461 ὃν
771 2430 849 2465 οὗτος

61 2483 105 2510 κιιὶ
128 2484 172 2510 διὰ
194 2483 269 2518 ζωῆς
294 2484 341 2509 καὶ
360 2483 403 2510 διὰ
429 2483 558 2516 θανάτου,
575 2482 716 2521 καιμετὰ
734 2481 850 2509 Θάνατον

61 2531 108 2558 οὒκ
119 2530 232 2564 ἐδόξασε
252 2531 343 2565 μόνον,
358 2529 427 2557 ἀλλὰ
439 2531 488 2557 καὶ
499 2530 606 2562 δοξάζει
618 2529 750 2565 διηνεκῶς
760 2537 767 2545 ·
784 2528 849 2563 παρ’

61 2575 90 2604 ὦ
107 2579 153 2605 καὶ
169 2578 199 2604 ὲν
218 2579 255 2613 γῇ
278 2577 325 2604 καὶ
353 2577 383 2604 ὲν
399 2576 508 2613 οὐρανῷ
525 2577 573 2603 καὶ
592 2575 786 2611 ἀντεδοξάσθη,
804 2574 851 2602 καὶ

61 2623 214 2658 δοξάζεται,
230 2625 278 2651 καὶ
296 2622 494 2658 δοξασθήσεται
508 2623 600 2655 θείως.

100 2671 263 2706 Ἐπέρχεται
277 2670 304 2696 δέ
322 2679 366 2705 μοι
384 2670 432 2698 νῦν
446 2671 536 2705 λέγειν
562 2669 626 2706 περὶ
641 2668 735 2702 αὑτοῦ,
750 2669 818 2704 ὅπερ
836 2667 850 2693 ὁ

64 2717 130 2750 ῦείος
148 2719 254 2750 Παῦλος
270 2718 337 2753 φησὶ
353 2719 416 2754 περὶ
431 2718 478 2744 τοῦ
488 2717 618 2753 Χριστοῦ.
633 2717 779 2751 Συνίστησι
795 2716 850 2750 γὰρ

64 2766 109 2800 τὴν
124 2767 163 2796 εἰς
178 2766 254 2800 ἡμᾶς
270 2765 378 2800 ἀγάπην
389 2767 436 2792 καὶ
449 2766 462 2792 ὁ
476 2765 562 2800 μέγας
576 2764 742 2800 Δημήτριος,
756 2764 796 2789 ὅτι
812 2762 852 2788 ἔτι

64 2812 165 2838 ἀσεϐῶν
182 2801 262 2848 ήμῖἷλν
279 2812 374 2846 ὄντων,
390 2808 470 2844 οὗτος
493 2812 565 2839 κατὰ
579 2811 676 2846 καιρὸν
689 2810 760 2845 ὑπὲρ
785 2809 850 2836 ἀσε-

65 2858 115 2886 6ὦν
130 2859 254 2886 ἀπέθανε
266 2867 273 2875 ⁸
292 2859 360 2886 κατὰ
378 2860 458 2895 χάριν
474 2859 566 2895 μέντοι
583 2858 630 2886 τοῦ
648 2858 785 2886 Δεσπότου
804 2855 852 2884 καὶ

96 2952 117 2968 ⁸⁸
132 2951 241 2981 Coloss.
262 2951 290 2986 i,
315 2951 360 2980 24.

897 1604 957 1624 sum
989 1596 1122 1623 imitatus.
1152 1594 1216 1623 ldeo
1246 1596 1392 1624 lanceaxiis
1423 1596 1646 1624 interiecwribus
1669 1604 1685 1624 a

897 1648 1012 1679 tyranno
1036 1643 1130 1671 missis
1158 1643 1280 1670 occurrit
1303 1647 1332 1670 et
1363 1643 1517 1671 deeussatis
1547 1643 1684 1671 bracchiis

897 1695 1036 1724 tamquam
1068 1689 1161 1716 lethali
1192 1689 1309 1716 vulnere
1336 1689 1533 1724 percutiendis,
1558 1689 1685 1717 ultimam

896 1736 1000 1771 accipit
1015 1735 1122 1770 plagam
1138 1742 1184 1762 seu
1202 1735 1293 1770 potius
1307 1735 1401 1770 plagas
1413 1736 1513 1770 quibus
1529 1744 1608 1764 omne
1626 1744 1687 1764 cor-

896 1790 947 1816 pus
957 1786 984 1810 et
1000 1782 1104 1809 viscera
1117 1786 1144 1808 et
1158 1788 1219 1809 ossa
1231 1786 1258 1808 et
1270 1789 1365 1809 carnes
1377 1783 1509 1810 transﬁxa
1526 1782 1685 1815 doluerunt,

899 1830 935 1858 ita
952 1834 979 1857 ut
1000 1835 1033 1856 ex
1047 1834 1162 1863 utraque
1181 1828 1265 1855 latere
1281 1828 1353 1855 aliud
1368 1828 1480 1863 quidem
1495 1829 1618 1856 exterius
1635 1837 1686 1856 en-

896 1876 967 1904 sium
984 1874 1183 1911 perforationes
1196 1874 1340 1908 receperit,
1361 1874 1448 1901 altero
1467 1879 1560 1901 autem
1571 1875 1686 1902 interius

896 1923 1052 1958 duplicatus
1067 1922 1108 1950 vel
1118 1922 1205 1956 magis
1221 1921 1420 1956 multiplicatus
1429 1920 1514 1948 fuerit
1533 1921 1686 1949 Salvatoris

897 1969 991 1997 lateris
1014 1968 1112 2002 dolor;
1135 1967 1294 2002 adimplevit
1309 1967 1394 1999 enim,
1411 1967 1484 1994 sicut
1496 1971 1523 1993 et
1537 1966 1639 1994 Paulus
1651 1966 1687 1999 ⁵⁸,

897 2025 928 2046 ea
945 2025 1005 2053 qua:
1021 2017 1121 2045 desunt
1144 2015 1320 2051 passionibus
1337 2014 1450 2047 Christi,
1472 2018 1498 2041 et
1513 2014 1553 2041 sic
1568 2014 1686 2041 occisio-

898 2063 941 2090 nis
963 2069 1056 2090 amore
1089 2062 1178 2095 arsit,
1215 2061 1311 2096 sicque
1339 2068 1419 2088 suum
1449 2059 1611 2095 sanguinem
1638 2067 1688 2094 pro

899 2109 1001 2136 Christi
1020 2108 1108 2144 gloria
1124 2115 1237 2135 manare
1256 2115 1309 2134 non
1328 2107 1432 2142 pluries
1449 2106 1530 2134 modo
1542 2105 1591 2133 sed
1603 2106 1687 2133 etiam

897 2153 1010 2190 iugiter,
1023 2153 1045 2180 si
1060 2158 1166 2188 posset,
1182 2152 1360 2184 desideravit,
1388 2156 1418 2179 ut
1436 2152 1470 2178 ab
1485 2159 1518 2178 eo
1534 2159 1615 2186 quem
1632 2158 1686 2179 non

900 2201 1002 2228 latebat
1021 2199 1094 2227 illitis
1110 2199 1213 2226 amoris
1227 2198 1339 2226 uberior
1364 2197 1538 2232 superﬂuitas
1557 2198 1689 2225 meruerit

900 2247 1026 2282 accipere
1039 2246 1067 2274 iu
1086 2253 1202 2281 corpore
1220 2250 1425 2279 unguentorum
1442 2245 1556 2277 fontem.
1578 2251 1606 2272 ut
1625 2252 1690 2272 san-

901 2294 983 2330 guine
1003 2293 1160 2325 deﬁciente,
1180 2291 1241 2319 fons
1264 2292 1309 2319 illa
1339 2300 1387 2326 per
1408 2299 1489 2320 omne
1515 2296 1622 2333 tempus
1638 2299 1689 2325 pro

901 2341 1033 2376 sanguine
1061 2348 1076 2368 a
1104 2346 1218 2375 corpore
1243 2343 1369 2365 manaret
1394 2338 1421 2365 in
1439 2339 1556 2371 gloriam
1573 2339 1690 2372 Christi,

901 2395 981 2422 quem
999 2387 1035 2413 ita
1054 2391 1157 2421 martyr
1175 2390 1269 2413 noster
1284 2388 1310 2411 et
1326 2391 1374 2419 per
1390 2384 1473 2411 vilam
1501 2389 1528 2412 et
1551 2393 1600 2419 per
1618 2392 1691 2412 mor-

902 2439 955 2461 tem
973 2439 1001 2462 et
1026 2439 1088 2469 post
1104 2437 1221 2460 mortem
1243 2439 1298 2459 non
1323 2435 1428 2458 tantum
1448 2431 1622 2465 glorilir-avit,
1643 2430 1690 2458 sud

902 2483 929 2508 et
942 2468 1076 2515 perpetuo
1092 2468 1239 2515 gloriﬁcat,
1255 2486 1269 2504 a
1285 2484 1339 2512 quo
1353 2477 1380 2503 in
1396 2476 1552 2504 mercedem
1571 2477 1597 2503 in
1610 2477 1692 2503 terris

901 2532 928 2555 et
947 2527 973 2553 in
996 2525 1075 2553 caelis
1097 2525 1214 2560 gloriam
1239 2523 1359 2559 aeccpit,
1383 2521 1495 2557 accipit,
1514 2526 1542 2549 et
1559 2523 1691 2550 divinitus

902 2573 1028 2609 accipiet.

941 2667 1072 2702 Superest
1088 2665 1153 2692 mihi
1179 2664 1211 2692 de
1236 2664 1284 2691 illo
1306 2664 1398 2691 dicere
1422 2669 1482 2698 qua:
1501 2661 1580 2689 divus
1592 2660 1692 2688 l’aulus

903 2714 938 2742 de
954 2714 1065 2742 Christo
1087 2711 1213 2748 protulit.
1238 2709 1450 2738 Commendavit
1465 2716 1543 2736 suam
1561 2715 1624 2743 erga
1645 2714 1694 2734 nos

904 2761 1064 2789 eharitatem
1082 2760 1140 2794 ipse
1161 2764 1276 2793 magnus
1302 2755 1457 2784 Demetrius
1476 2756 1606 2791 quoniam
1630 2761 1693 2781 cum

904 2812 1063 2844 peccatores
1078 2813 1203 2834 essemus
1229 2804 1287 2839 ipse
1313 2803 1339 2830 in
1361 2807 1485 2837 tempore
1501 2810 1549 2837 pro
1567 2805 1696 2837 peccato—

907 2856 984 2884 ribus
999 2858 1125 2883 mortuus
1139 2857 1191 2882 cst.
1205 2851 1265 2886 Quo
1278 2857 1370 2880 tamen
1383 2858 1437 2878 nou
1452 2850 1507 2878 nisi
1521 2857 1569 2885 per
1579 2849 1696 2886 gratiam
