1882 3070
190 139 243 173 547

818 138 1012 169 GREGORII
1028 139 1190 170 PALAMiE
1759 141 1809 173 548

190 196 297 224 Domini
324 196 357 222 ad
386 195 446 230 ejus
474 195 657 222 imitationem
681 194 807 229 perfecit,
827 201 855 222 et
880 202 933 222 onn

1066 205 1143 231 ιησιν
1156 206 1163 213 ·
1180 197 1227 224 καὶ
1241 197 1314 225 πᾶσα
1329 198 1346 233 ἡ
1363 197 1440 229 πόλις
1456 197 1527 233 αὕτη
1543 198 1757 234 κατηλλάγημεν
1772 200 1809 235 τῷ

189 242 286 270 civitas
312 241 368 269 Deo
392 242 569 269 reconciliata
595 241 648 268 fuit
674 248 724 276 per
749 245 864 268 mortem
890 241 972 269 illius.

190 287 241 314 Ubi
259 287 330 314 enim
346 287 391 314 illa
407 287 554 322 impietatis
572 285 737 314 redundatio
752 285 782 312 in
803 294 855 320 qua
879 286 972 320 plures

189 340 222 360 ex
237 333 340 360 nostris
354 333 506 367 tnajOribus
520 331 640 365 iacuisse
661 339 715 359 non
735 336 779 359 cst
794 333 975 360 incredibile?

191 379 243 406 Ubi
262 384 351 406 metus
360 386 395 406 ex
417 378 530 413 pietate,
547 383 574 405 et
587 378 651 405 ideo
664 378 817 405 desiderata
834 378 976 413 perfugia?

191 426 243 453 Ubi
261 425 356 459 majori
370 432 451 460 quam
471 425 620 451 bestiarum
638 423 748 452 feritate
767 424 902 452 adversus
915 425 975 459 pios

191 470 333 497 turentes?
348 469 447 496 Omnia
462 469 551 496 soluta
566 474 630 496 sunt
649 469 764 496 adversa
774 489 782 502 ,
810 469 903 496 omnia
929 477 976 497 stt-

191 519 378 550 pervenerunt
399 515 554 547 commoda,
578 515 643 542 dum
669 514 823 542 Demetrius
845 522 906 542 sese
921 515 976 550 pie-

192 563 256 590 tatis
284 561 369 597 gratia
400 561 527 596 periculis
548 560 704 595 obiecisset.
721 560 832 594 Templa
855 560 975 596 ingentia

190 614 217 636 et
235 608 403 643 perpulchra
414 615 529 642 quorum
549 607 609 634 solo
625 611 740 642 aspectu
757 614 853 634 omnes
868 608 902 635 ad
917 608 976 642 ipsa

190 658 392 682 comet-tutntur
406 654 520 681 istorum
547 653 607 680 loco
633 652 801 687 refugiorum
825 657 975 686 steterunt;

191 709 269 735 reges
286 701 387 736 pietate
404 700 492 735 magis
511 707 592 734 quam
610 703 745 733 potestate
762 699 881 727 illustres
897 699 977 726 uobis

191 749 310 779 adstant.
337 751 364 774 et
393 747 516 773 ttuanitni
536 747 633 780 plausu
664 746 818 773 acclamant
847 745 976 780 praeclara

191 794 318 829 martyris
351 797 443 827 gesta;
468 793 531 818 urbs
563 796 619 818 tota
647 791 736 826 palam
774 791 901 826 pietatem
918 792 977 827 ejus

191 840 321 871 celebrat,
341 846 423 873 super
446 839 608 873 martyrium
642 838 730 873 magni
753 837 880 864 Demetrii
905 838 979 864 exal-

191 890 262 913 taus.
275 885 343 912 Nam
357 884 465 911 diﬂudit
479 884 642 910 eharitatem
657 891 711 910 non
730 883 756 910 in
769 884 853 911 cotda
870 888 976 911 tantum
994 879 1013 906 Β

190 937 284 959 nostra
299 931 347 958 sed
363 937 388 958 et
406 931 434 957 in
454 937 569 965 corpora
586 937 633 964 per
649 933 787 964 unguenta
806 937 866 964 qua:
879 937 912 956 ex
926 937 976 958 suo

190 985 306 1012 corpore
325 977 358 1004 ad
375 984 426 1004 nos
443 976 616 1004 roborandus
644 975 766 1002 dimittit.
787 975 908 1008 Quorum
922 976 976 1010 igi~

191 1027 235 1049 tur
262 1023 351 1050 bonus
371 1022 440 1049 odor
461 1029 496 1049 ex
518 1021 592 1049 onmi
619 1026 700 1054 parte
717 1020 792 1048 urbis
809 1021 976 1056 impietatem

189 1067 316 1099 extrusit,
335 1073 362 1095 et
385 1067 524 1094 civitatem
546 1066 626 1094 istam
650 1066 707 1093 Deo
725 1066 821 1094 obtulit
847 1070 975 1101 tauquam

189 1112 273 1140 alium
303 1112 473 1146 paradisum,
495 1111 548 1138 nisi
576 1111 641 1146 quid
672 1110 770 1146 majus,
795 1109 905 1137 ﬂumine
923 1118 976 1138 non

189 1167 323 1193 aquarum
350 1158 398 1185 sed
427 1163 629 1194 unguentorum
665 1157 787 1192 jucunde
815 1157 975 1191 irrigatum,

190 1211 402 1241 unguentorum,
430 1205 552 1239 inquam,
577 1205 602 1231 in
631 1205 732 1239 quibus
760 1209 786 1231 et
813 1212 844 1231 ex
877 1204 977 1238 quibus

190 1259 304 1287 prorsus
319 1256 444 1279 servatur
461 1259 509 1285 per
529 1251 661 1285 Spiritum
679 1250 765 1285 gratia
789 1250 975 1283 curationum,

189 1299 365 1333 operationcs
381 1297 527 1330 virtutum,
544 1297 579 1323 ita
593 1297 766 1330 utpossimus
781 1301 807 1322 et
823 1303 872 1323 nos
886 1295 977 1323 dicere

189 1344 223 1371 de
243 1352 340 1378 magno
365 1343 505 1370 Demetrio
523 1343 596 1376 quod
610 1342 644 1369 de
665 1342 756 1369 anima
772 1348 848 1368 casto
869 1342 977 1370 vinculo

192 1390 247 1416 Deo
260 1394 386 1423 sponsata
404 1389 430 1415 in
444 1389 558 1415 Cautiro
574 1387 750 1415 canticorum
767 1388 898 1423 scriptum
914 1393 975 1416 est:

193 1445 201 1461 ι
223 1436 295 1463 Οιιοι·
311 1435 536 1462 vestimentorum
563 1439 670 1462 tuorum
690 1443 773 1470 super
797 1436 886 1464 omnia
913 1443 976 1464 aro-

191 1486 262 1508 mata
277 1482 310 1508 ".
328 1491 337 1507 ι
366 1481 563 1508 Vestimentum
590 1482 721 1517 martyris
745 1482 843 1510 anima:
865 1483 976 1517 putabis

190 1535 291 1562 corpus
308 1527 387 1561 cujus
405 1535 490 1562 gente,
505 1531 533 1554 ut
549 1535 643 1554 rursus
658 1527 808 1556 secundum
823 1529 894 1556 iJem
911 1536 974 1557 can—

192 1574 274 1600 ticum
296 1573 383 1600 dicam
412 1582 446 1600 :t
469 1578 597 1606 tanquam
625 1575 725 1601 arcolae
750 1580 921 1607 aromatum,
949 1582 976 1603 et

191 1619 268 1654 digiti
283 1620 353 1646 sicut
378 1619 432 1646 lilia
448 1619 608 1647 distillautia
620 1620 757 1654 myrrham
773 1623 891 1656 primam
905 1621 938 1649 δ”.
959 1631 968 1648 ι

191 1664 276 1691 Multo
292 1665 377 1699 magis
391 1665 474 1692 latera
492 1672 556 1692 ense
580 1665 718 1700 perforata
738 1666 809 1693 sicut
824 1667 893 1694 latus
910 1667 976 1694 illud

191 1710 287 1737 lancea
314 1711 494 1744 transﬁxum,
527 1718 580 1737 non
611 1718 682 1739 srcut
713 1713 811 1739 areolae
845 1714 976 1748 unguenti

193 1757 273 1791 primi
292 1757 404 1784 odorem
425 1757 450 1783 in
471 1764 501 1784 se
519 1758 648 1790 retinent,
667 1759 714 1786 scd
732 1759 832 1786 fontem
852 1768 976 1795 exprom-

193 1803 406 1837 pscruntjugem
423 1807 449 1829 et
467 1803 675 1836 inexhaustum,
690 1805 724 1831 ita
743 1810 773 1832 ιιι
787 1813 840 1832 non
850 1806 883 1832 sit
895 1806 976 1833 nobis

192 1856 253 1874 rum
282 1847 425 1876 Psalmista
447 1856 546 1876 canere
570 1858 577 1876 :
597 1859 605 1874 ι
625 1849 739 1878 Flumen
765 1851 812 1878 Dei
839 1852 972 1886 repletum

191 1899 232 1921 est
251 1894 329 1928 aquis
346 1895 388 1928 ";
406 1895 452 1922 εει]
469 1895 531 1922 fons
550 1895 596 1922 Dei
616 1896 677 1932 (hic
699 1902 740 1924 est
767 1899 895 1933 martyris
912 1906 974 1926 eor-

192 1940 261 1973 pus)
278 1939 405 1967 diiﬂueus
423 1942 573 1974 unguentis
599 1947 627 1968 et
646 1943 786 1970 miraculis
807 1948 833 1970 et
854 1946 975 1972 curatio-

192 1987 282 2018 nibus,
299 1991 325 2013 et
344 1986 418 2021 quod
443 1988 642 2015 cratomnibus
670 1988 712 2015 his
735 1989 899 2023 mirabilius,
926 1999 975 2025 per

190 2031 297 2058 canales
323 2031 438 2059 eﬂlucns
457 2033 523 2059 nihil
549 2034 582 2060 de
605 2041 653 2061 sua
676 2034 776 2062 amittit
786 2035 973 2069 plenitudine:

191 2077 228 2103 ita
247 2083 275 2104 ttt
292 2077 357 2104 mihi
377 2077 503 2104 videatur
519 2079 611 2106 divina
629 2080 755 2115 martyris
775 2082 866 2108 anima
881 2089 897 2108 a
914 2089 975 2108 cor-

190 2131 256 2158 pore
270 2124 374 2151 exiens.
392 2123 475 2151 Deum
501 2124 560 2152 istis
580 2127 754 2154 sermonibus
770 2127 879 2154 aﬂatam
902 2135 975 2166 esse,

190 2178 260 2205 quos
273 2171 363 2197 anima
384 2169 439 2197 Deo
454 2177 582 2205 sponsata
599 2172 626 2198 iu
645 2172 698 2198 illis
714 2173 830 2206 protulit
841 2167 969 2200 canticis.

1025 243 1084 278 Θεῷ
1114 244 1157 270 διὰ
1173 243 1220 270 τοῦ
1239 243 1356 272 θανάτου
1372 243 1466 271 αὐτοῦ.
1485 244 1540 271 Ποῦ
1554 244 1608 279 γὰρ
1623 244 1654 270 τὸ
1671 245 1810 279 πλήρωμα

1025 289 1113 316 ἐκεῖνο
1131 290 1180 324 τῆς
1206 289 1344 320 ἀσεϐείας,
1362 290 1391 315 ὲν
1409 285 1431 322 ᾧ
1454 289 1500 315 καὶ
1525 288 1640 319 πολλοὺς
1657 286 1730 315 εἶναι
1755 288 1810 315 τῶν

1026 335 1168 369 ἡμετέρων
1184 335 1324 369 προγόνων
1343 335 1392 361 οὐκ
1417 334 1548 366 ἀπεικός,
1566 333 1620 360 ΙΙοὗ
1642 335 1656 360 ὁ
1671 333 1716 360 ἐπ’
1736 333 1813 360 εὐσε-

1026 381 1086 416 ϐείᾳ
1100 380 1191 414 φόϐος,
1207 382 1253 406 καὶ
1268 381 1296 407 αἱ
1318 380 1362 407 διὰ
1377 380 1470 407 τοῦτον
1492 379 1616 406 ποθειναὶ
1630 379 1811 411 καταδύσεις,

1025 427 1081 453 Ποῦ
1096 427 1121 453 οἱ
1134 426 1182 461 τὴν
1195 427 1250 454 τῶν
1266 427 1368 462 θηρίων
1384 427 1587 461 παρελάσαντες
1603 426 1755 461 ἀγριότητα
1779 428 1812 460 τῇ

1027 473 1098 499 κατὰ
1122 472 1176 499 τῶν
1199 472 1381 499 εὐσεϐούντων
1411 473 1513 507 gavia;
1536 472 1632 498 Πάντα
1647 472 1759 498 λέλυται
1778 471 1812 497 τὰ

1026 518 1111 550 δεινὰ,
1140 518 1228 545 πάντα
1255 519 1437 553 προσεγένετο
1461 518 1494 545 τὰ
1519 518 1635 553 χρηστά.
1653 517 1813 552 Δημητρίου

1026 565 1076 598 τῆς
1095 559 1250 596 ἐὐσεϐείας
1281 565 1570 598 προκινδυνεύσαντος.
1600 564 1653 591 Καὶ
1676 564 1737 590 ναοὶ
1765 564 1814 598 μὲν

1026 610 1196 645 εὐμεγέθεις,
1210 611 1255 637 καὶ
1267 611 1449 645 περικαλλεῖς,
1460 612 1506 638 καὶ
1521 609 1590 646 μόνῃ
1599 612 1632 646 τῇ
1646 610 1696 645 θέα
1709 610 1815 642 πάντας

1026 657 1095 692 πρὸς
1111 657 1224 688 ἑαυτοὺς
1245 658 1466 693 ἐπιστρέφοντες,
1490 658 1537 684 ἐπὶ
1558 657 1613 683 τῶν
1637 656 1817 683 καταδύσεων

1027 704 1140 731 ἐκείνων
1156 704 1287 739 ἑστήκασι
1301 711 1307 718 ·
1327 704 1446 738 βασιλεῖς
1461 703 1489 730 δὲ
1504 704 1538 738 τῇ
1554 702 1682 736 εὐσ-6εία
1700 702 1814 736 μᾶλλον,

1027 751 1043 785 ἤ
1055 751 1086 786 τῇ
1095 750 1215 786 βασιλείᾳ
1224 750 1417 785 κοσμούμενοι,
1434 750 1659 784 συμπαριστᾶσιν
1676 749 1755 783 ἡμῖν,
1767 751 1816 775 καὶ

1028 796 1269 832 συνεπικροτοῦσιν
1296 796 1485 831 εὐφημοῦντος
1515 795 1564 826 τὰς
1596 794 1740 829 ἀριστείας
1769 793 1816 820 τοῦ

1030 843 1188 879 μάρτυρος·
1213 843 1288 869 πᾶσα
1305 841 1333 868 δὲ
1357 842 1373 876 ή
1390 842 1467 873 πόλις
1496 839 1747 876 παῤῥησιαζόμεθα
1767 840 1816 873 τὴν

1027 889 1178 920 εὐσέϐειαν,
1191 889 1238 916 ἐπὶ
1250 889 1289 924 τῷ
1305 888 1445 923 μαρτυρίῳ
1459 888 1507 914 τοῦ
1522 887 1642 921 μεγάλου
1655 885 1815 921 Δημητρίου

1028 936 1211 971 καυχώμενοι.
1233 934 1287 962 Καὶ
1312 935 1365 968 γὰρ
1385 933 1476 968 ἐξέχεε
1504 933 1553 968 τὴν
1579 931 1677 959 ἑαυτοῦ
1706 931 1817 965 ἀγάπην

1027 982 1077 1009 οὐκ
1093 982 1138 1007 ἐπὶ
1159 981 1208 1012 τὰς
1224 979 1337 1015 καρδίας
1354 979 1434 1014 ἡμῶν
1451 979 1542 1013 μόνον,
1559 978 1627 1004 ἀλλὰ
1654 978 1702 1004 καὶ
1717 977 1767 1003 ἐπὶ
1785 977 1818 1003 τε

1028 1028 1152 1062 σώματα,
1160 1027 1204 1053 διὰ
1214 1027 1268 1053 τῶν
1281 1027 1386 1061 μύρων,
1397 1023 1434 1052 ὧν
1444 1026 1483 1056 εἰς
1491 1025 1569 1059 ἡμῶν
1578 1024 1733 1059 εὐρωστίαν
1743 1022 1819 1058 ἀνιη-

1029 1083 1070 1101 σιν
1081 1076 1112 1101 ἐκ
1122 1074 1169 1101 τοῦ
1181 1073 1317 1108 σώματος·
1327 1070 1365 1100 ὧν
1376 1072 1455 1108 ἄραή
1469 1071 1567 1099 εὐωδία
1580 1071 1754 1106 πανταχόθεν
1770 1071 1818 1104 τῆς

1029 1120 1133 1151 πόλεως
1155 1119 1279 1153 ἀπήλασε
1296 1119 1344 1154 τὴν
1364 1118 1504 1150 ἀσέϐειαν,
1520 1118 1567 1143 καὶ
1589 1117 1668 1143 πόλιν
1694 1116 1818 1149 ἀνέδειξε

1028 1166 1129 1200 ταύτην
1155 1165 1233 1198 Θεοῦ,
1260 1165 1459 1200 ἣπαρὰδεισον
1481 1164 1568 1197 ἄλλον,
1595 1165 1619 1190 εἱ
1646 1163 1684 1198 μή
1718 1172 1746 1189 τι
1772 1163 1820 1189 καὶ

1028 1212 1121 1245 πλέον,
1139 1212 1293 1247 ἀρδομένην
1309 1214 1356 1238 καὶ
1376 1211 1548 1246 γαννυμένην
1574 1210 1692 1245 ποταμῷ
1710 1209 1818 1245 μύρων,

1027 1259 1084 1286 ἀλλ’
1096 1259 1144 1293 οὺχ
1159 1259 1263 1286 ὑδάτων
1274 1266 1282 1275 ο
1299 1259 1346 1284 καὶ
1362 1257 1466 1292 μύρων,
1489 1259 1516 1284 ὲν
1531 1254 1573 1289 οἷς
1590 1257 1638 1283 καὶ
1657 1256 1688 1288 ἐξ
1704 1253 1743 1283 ὧν
1759 1257 1818 1283 ἐστι

1028 1305 1136 1336 πάντως
1153 1305 1197 1330 διὰ
1213 1305 1259 1330 τοῦ
1277 1303 1435 1338 Πνεύματος
1454 1305 1470 1338 ἡ
1497 1303 1576 1338 χάρις
1600 1302 1655 1329 τῶν
1682 1303 1819 1337 ἰαμάτων,

1027 1350 1060 1377 τὰ.
1074 1351 1248 1384 ἐνεργήματα
1262 1349 1315 1375 τῶν
1330 1349 1486 1383 Δυνάμεων,
1500 1349 1537 1379 ὡς
1554 1348 1625 1382 ἔχειν
1637 1349 1713 1383 ἡμᾶς
1728 1348 1820 1381 λέγειν

1028 1396 1095 1431 πρὸς
1112 1396 1157 1422 τὸν
1175 1395 1261 1430 μέγαν
1275 1396 1438 1430 Δημήτριον,
1458 1394 1471 1420 ὃ
1489 1394 1552 1429 περὶ
1567 1395 1615 1428 τῆς
1631 1395 1659 1420 ὲν
1675 1393 1821 1429 ἀφθαρσίᾳ

1027 1441 1230 1475 νυμφευοεισης
1253 1441 1290 1475 τῷ
1304 1441 1364 1476 Θεῷ
1388 1440 1476 1475 ψυχῆς
1493 1441 1520 1466 ὲν
1537 1441 1592 1470 τοῖς
1609 1439 1663 1466 τῶν
1680 1439 1818 1475 ᾀσμάτων

1028 1486 1147 1521 ᾄσμασιν
1162 1485 1383 1520 ἀναγέγραπται·
1400 1486 1437 1516 ὼς
1452 1484 1537 1519 Ὀσμὴ
1555 1485 1671 1520 ἱματίων
1690 1493 1738 1510 σου
1748 1484 1820 1519 ὑπὲρ

992 1548 1014 1578 c
1030 1530 1118 1556 πάντα
1129 1530 1163 1556 τὰ
1175 1529 1320 1565 ἀρώματα.
1342 1529 1461 1564 Ίμὰτιον
1476 1530 1504 1555 δὲ
1519 1530 1568 1564 τῆς
1581 1530 1822 1565 μαρτυρικῆςψυ-

1030 1575 1079 1610 χῆς
1105 1576 1211 1610 νοήσεις
1237 1575 1268 1601 τὸ
1292 1575 1383 1609 σῶμα,
1403 1572 1434 1602 οὗ
1462 1575 1510 1601 καὶ
1535 1576 1563 1602 αἱ
1589 1575 1726 1609 σιαγόνες,
1757 1575 1822 1602 κατ’

1027 1621 1116 1647 ἐκεῖνο
1133 1621 1215 1647 πάλιν
1227 1620 1314 1647 εἰπεῖν
1330 1621 1360 1647 τὺ
1378 1619 1462 1656 ᾆσμα,
1481 1621 1524 1652 Ὠς
1535 1620 1629 1655 φιάλαι
1648 1621 1756 1656 μύρων,
1772 1622 1824 1647 καὶ

1027 1666 1052 1692 οι
1075 1666 1201 1693 δάκτυλοι
1234 1666 1271 1698 ὡς
1304 1666 1384 1702 κρίνα
1410 1667 1543 1699 στάζοντα
1568 1666 1694 1693 εὐωδίαν.
1723 1668 1822 1703 Πολλῴ

1029 1712 1130 1748 μᾶλλον
1148 1713 1164 1748 ή
1184 1713 1363 1747 λογχευθεῖσα
1376 1712 1489 1746 πλευρὰ,
1501 1713 1562 1748 ἥτις
1581 1709 1637 1739 οἷον
1652 1713 1822 1748 ἀναστομω-

1028 1758 1106 1786 οεῐσα
1126 1760 1185 1791 ταῖς
1203 1759 1325 1793 λόγχαις,
1353 1759 1445 1786 οὐκέτι
1460 1759 1496 1790 ὡς
1514 1759 1596 1794 φιάλη
1613 1760 1725 1794 κατέχει
1753 1761 1822 1794 παρ’

1027 1805 1110 1840 ἑαυτῇ
1128 1805 1162 1831 τὰ
1176 1805 1260 1840 μύρα,
1274 1805 1334 1831 οὐδὲ
1352 1805 1388 1836 ὡς
1414 1804 1494 1840 κρίνα
1509 1804 1684 1839 σταλαγμοὺς
1705 1805 1822 1837 εὐώδεις

1027 1850 1149 1884 ἀφίησιν,
1162 1851 1229 1877 ἀλλὰ
1241 1851 1332 1886 πηγὴν
1343 1851 1502 1878 ἀναδίδωσιν
1511 1851 1623 1878 ἁένναον
1635 1852 1684 1878 καὶ
1693 1853 1822 1878 ἀνέκλει-

1028 1906 1104 1931 πτον,
1124 1899 1162 1929 ὡς
1187 1897 1255 1926 εἶναι
1274 1899 1311 1934 μή
1327 1900 1398 1926 κατὰ
1412 1899 1442 1926 τὸ
1457 1899 1593 1935 ψαλμικὶν
1618 1900 1693 1934 ἡμᾶς
1712 1900 1819 1934 λέγειν,

1026 1944 1104 1970 ὃτι¹Ο
1119 1945 1242 1979 ποταμὸς
1257 1945 1303 1971 τοῦ
1317 1945 1385 1972 Θεοῦ
1401 1946 1546 1980 ἐπληρώθη
1568 1945 1683 1977 ὑδάτων,
1701 1946 1762 1972 ἀλλ’
1778 1947 1821 1972 ὅτι

1027 1992 1042 2026 ή
1073 1991 1119 2018 τοῦ
1135 1992 1202 2018 Θεοῦ
1228 1992 1327 2028 κρήνη,
1357 1992 1426 2027 αὕτη
1453 1992 1481 2018 δέ
1508 1992 1565 2018 ἐστι
1586 1992 1617 2017 τὸ
1645 1994 1820 2027 μαρτυρικδν

1027 2037 1118 2072 σῶμα,
1136 2039 1313 2073 πεπλήρωται
1333 2039 1427 2074 μύρων
1444 2039 1490 2065 καὶ
1503 2038 1652 2073 θαυμάτων
1670 2040 1720 2066 καὶ
1737 2041 1822 2075 ἰαμά-

1026 2092 1090 2117 των,
1109 2085 1153 2110 καὶ
1168 2085 1198 2111 τὸ
1210 2085 1312 2111 τούτων
1326 2085 1365 2111 ἔτι
1381 2085 1668 2121 θαυμασιώτερον,ὂτι
1684 2088 1733 2115 καὶ
1748 2091 1821 2116 κατὰ.

1027 2131 1158 2165 κρουνοὺς
1177 2132 1275 2166 ῥέουσα
1290 2131 1319 2158 τὸ
1335 2132 1437 2167 πλῆρες
1451 2133 1500 2158 οὐκ
1515 2133 1683 2161 ἀποτίθεται.
1701 2136 1769 2168 Καὶ,
1781 2136 1820 2169 ὡς

1028 2176 1126 2208 ἔοικεν,
1141 2177 1262 2208 ἐκείνους
1277 2175 1338 2204 εἶπε
1354 2178 1416 2210 τοὺς
1436 2178 1532 2212 λόγους
1552 2179 1621 2214 πρὸς
1638 2181 1707 2208 Θεὸν
1725 2183 1758 2209 ὲκ
1772 2183 1819 2209 τοῦ

191 2216 349 2249 Quosuam?
377 2225 386 2241 ι
404 2216 500 2251 Surge,
516 2217 617 2251 aquilo,
645 2222 671 2243 et
687 2218 746 2244 veni
764 2224 866 2251 auster,
888 2227 934 2253 per

1076 2230 1153 2249 ιατος
1176 2222 1288 2249 ἀνιοῦσα
1304 2223 1320 2258 ή
1339 2225 1497 2260 μαρτυρικὴ
1512 2225 1559 2252 καὶ
1584 2226 1644 2253 θεία
1659 2227 1736 2263 ψυχὴ
1749 2248 1756 2259 ,
1773 2229 1819 2259 οὓς

192 2264 302 2289 hortum
321 2271 421 2296 meum,
438 2268 464 2290 et
487 2263 574 2290 ﬂuant
597 2269 718 2290 aromata
733 2272 792 2291 mea
805 2265 838 2292 ".
859 2274 868 2291 ι
886 2265 918 2292 Ει
935 2266 976 2294 sic

191 2309 343 2343 spiritualis
361 2309 499 2343 aquilonis
513 2308 623 2335 [lautiue
636 2310 785 2344 usquedum
801 2310 827 2337 iu
842 2313 907 2339 urbe
924 2319 975 2339 saa-

191 2356 323 2381 \'ieutiutn
353 2354 503 2389 impietatis
531 2355 646 2382 hiemem
680 2356 760 2390 t-jceit
787 2361 815 2383 et
831 2357 973 2390 dissolvit,

191 2401 254 2428 inde
278 2401 390 2428 adduxit
416 2400 495 2427 nobis
516 2401 684 2435 spiritualem
719 2403 826 2437 pietatis
841 2403 971 2437 calorem,

191 2456 271 2482 quem
289 2447 391 2474 invexit
409 2447 473 2474 lelix
488 2447 568 2474 ﬂatus
586 2449 670 2475 austri
689 2449 762 2476 illius
784 2450 830 2484 qui
847 2458 913 2476 aura
934 2457 976 2477 se-

190 2495 359 2522 cuudissintu
388 2495 415 2520 in
445 2494 528 2521 altum
557 2494 670 2529 impellit
694 2504 790 2524 navem
816 2505 910 2524 eortuu
927 2497 974 2532 qui

193 2548 267 2566 tuare
284 2540 429 2567 intendunt
447 2541 647 2574 transmittere,
663 2543 767 2570 oriente
782 2543 839 2570 sole
852 2544 976 2578 iustitiae,

190 2591 217 2613 et
238 2587 264 2612 in
294 2587 371 2613 horto
400 2591 529 2612 vu'tutum
554 2587 767 2622 gratiarumque.
781 2588 839 2615 Hoc
856 2597 919 2617 vere
935 2594 977 2617 est

191 2639 292 2666 ctirpus
325 2631 454 2667 martyris
467 2631 539 2665 quod
558 2632 694 2660 scaturire
716 2633 781 2660 facit
798 2639 935 2668 unguenta
951 2640 978 2663 et.

193 2679 401 2705 medicamenta.
412 2678 461 2710 Qui
476 2678 586 2705 canales
600 2684 639 2706 tot
663 2684 727 2706 sunt
744 2686 809 2713 quot
826 2681 902 2708 facta:
912 2687 975 2709 Slllll

191 2734 206 2752 a
225 2724 371 2752 laneeariis
387 2726 509 2759 corporis
525 2725 736 2760 perforationes.
759 2726 812 2754 Ora
834 2727 907 2754 enim
932 2728 974 2754 ill-

192 2777 290 2805 porum
310 2776 424 2804 quorum
443 2770 470 2797 itt
495 2771 597 2802 medio,
626 2776 655 2798 ut
673 2771 753 2798 docet
775 2772 951 2807 Evangelium
966 2793 974 2806 ,

227 2862 248 2878 "’
269 2860 347 2892 Cant.
367 2871 405 2898 tv,
425 2864 468 2892 tl.

514 2864 537 2881 ⁸⁸
559 2863 638 2891 Caut.
658 2871 685 2899 ν,
706 2864 732 2891 5.
772 2864 794 2879 δν
813 2863 886 2892 Psal.
905 2872 977 2899 utr,

1027 2268 1074 2293 καὶ
1096 2267 1112 2301 ή
1130 2266 1168 2301 τῷ
1190 2266 1249 2302 Θεῷ
1266 2268 1452 2302 νυμφευϐεῐσα
1478 2270 1560 2304 φησὶν
1575 2271 1604 2297 ὲν
1625 2271 1746 2303 ἐκείνοις
1763 2275 1819 2306 τοῖς

1027 2313 1227 2348 ᾇτμασι.Τίνας
1242 2314 1367 2348 τούτους;
1379 2315 1547 2350 Ἐξεγείρου,
1560 2318 1656 2353 βορρᾶ,
1666 2320 1714 2346 καὶ
1723 2320 1818 2356 ἔρχου,

1030 2358 1099 2385 νότε.
1115 2359 1281 2386 Διάπνευσον
1301 2360 1389 2394 κῆπόν
1407 2370 1470 2395 μου,
1488 2365 1535 2391 καὶ
1552 2365 1732 2398 ρευσάτωσαν
1748 2367 1820 2401 ἀρώ-

1030 2405 1104 2439 ματά
1123 2413 1184 2439 μου.
1200 2405 1251 2431 Καὶ
1265 2404 1337 2432 οὕτω
1351 2407 1396 2434 τὸν
1409 2408 1458 2442 μὲν
1472 2408 1525 2435 ἀπὸ
1544 2409 1594 2444 τῆς
1609 2410 1758 2444 ἐπιπνοίας
1771 2413 1818 2440 τοῦ

1031 2452 1125 2487 νοητοῦ
1144 2452 1239 2487 βορέου
1258 2453 1392 2488 τρύχοντα
1416 2454 1567 2490 τηνικαῦτα
1587 2456 1637 2491 τὴν
1663 2458 1743 2484 πόλιν
1763 2468 1820 2493 χει-

1031 2498 1108 2532 μῶνα
1133 2498 1181 2532 τῆς
1198 2498 1324 2530 ἀσεϐείας
1343 2499 1468 2533 ἀπήλασε
1491 2501 1538 2526 καὶ
1554 2501 1676 2528 διέλυσεν
1690 2512 1697 2518 ·
1715 2506 1815 2539 ἐπανή-

1030 2551 1097 2577 γαγε
1115 2543 1143 2569 δὲ
1163 2544 1229 2578 ἡμῖν
1246 2544 1293 2578 τὴν
1309 2544 1407 2579 νοητὴν
1424 2544 1505 2572 ἀλέαν
1520 2545 1567 2579 τῆς
1583 2546 1736 2579 εὐσεϐείας,
1749 2549 1784 2584 ἦν
1801 2551 1816 2584 ἡ

1030 2590 1144 2617 εὔπνοια
1157 2590 1264 2617 δίδωσιν
1275 2591 1379 2617 ἐκείνου
1397 2591 1438 2617 τοῦ
1454 2591 1543 2624 νότου,
1559 2592 1588 2623 ὃς
1604 2594 1676 2620 κατὰ
1689 2595 1818 2630 πρύμναν

1030 2637 1156 2672 καθάπερ
1175 2637 1311 2665 εἰσϐάλλει
1326 2638 1382 2668 τοῖς
1400 2637 1532 2664 ὰναπῖιεῖν
1548 2639 1726 2674 αἱρουμένοις
1747 2642 1817 2676 πρὸς

1031 2684 1080 2715 τὴν
1099 2683 1231 2717 ἀνατολὴν
1249 2683 1295 2709 τοῦ
1319 2685 1369 2719 τῆς
1397 2683 1571 2719 δικαιοσύνης
1600 2685 1689 2719 ἡλίου,
1713 2689 1759 2713 καὶ
1778 2688 1817 2722 τῷ

1028 2730 1110 2763 κήπῳ
1125 2729 1179 2755 τῶν
1189 2730 1295 2764 ἀρετῶν
1306 2729 1352 2756 καὶ
1366 2730 1419 2756 τῶν
1429 2731 1559 2766 χαρίτων,
1577 2728 1654 2763 οὗτος
1670 2733 1699 2759 δέ
1715 2734 1774 2759 ἐστι
1787 2734 1817 2760 τὸ

1030 2775 1108 2809 σῶμα
1124 2775 1154 2801 τὸ
1172 2776 1354 2811 μαρτυρικὸν,
1373 2777 1507 2812 πηγάζειν
1523 2778 1604 2805 ἔδωκε
1621 2779 1656 2806 τὰ
1675 2779 1750 2816 μύρα
1769 2782 1817 2808 καὶ

1003 2865 1044 2893 10.
1085 2867 1106 2882 ³ο
1128 2865 1206 2896 Cant.
1226 2875 1262 2901 ιν,
1284 2868 1326 2896 16.
