1895 3070
156 161 207 194 62!

652 169 857 200 ENCOMIUM
881 168 993 198 AUCT.
1021 169 1243 199 PHILO'I‘HEO
1264 171 1308 201 ΟΡ

1733 167 1786 200 022

156 222 372 257 συντετμημένῳ
399 222 468 258 λόγῳ
502 224 550 258 τῆς
573 225 701 261 ἀληθείας
731 227 777 253 καὶ
801 228 835 262 τῇ
857 227 938 261 καινῇ
956 227 974 254 Α
989 226 1095 252 οἰκείαν
1107 226 1185 259 ἀξίαν
1203 236 1231 253 τε
1250 229 1298 255 καὶ
1310 227 1359 262 τὴν
1373 227 1461 261 τάξιν,
1474 226 1632 260 εἰσάγονται
1648 226 1737 267 καὶ-οι
1751 226 1785 252 τὰ

156 268 237 302 σοφίᾳ
263 267 311 294 τοῦ
339 269 507 304 Πνεύματος,
523 270 557 297 δι’
584 269 617 306 ἧς
646 273 731 304 ἁλιεῖς
749 273 941 308 ἐσοφίσθησαν,

154 315 250 345 καὶείς
268 315 302 349 ἦν
312 315 523 350 ἐξουδενωμένοι
549 319 789 354 προετιμήθησαν·
806 319 824 346 ἃ
838 319 870 354 δὴ
895 320 944 346 καὶ

154 359 178 384 οἱ
187 359 234 385 τοῦ
250 359 370 393 μεγάλου
387 360 482 387 τούτου
493 362 575 388 πάνθ’
589 363 657 398 ὁμοῦ
676 364 832 396 συνελόντες
848 366 943 400 εἰργά-

153 414 236 432 σαντο
256 406 340 439 λόγοι,
353 408 399 433 καὶ
411 408 563 442 γράφοντος
572 411 619 437 καὶ
631 411 852 446 δημηγοροῦντος
865 414 942 447 κοινῇ

152 453 199 477 καὶ
227 453 292 487 ἰδίᾳ,
312 454 439 489 καθάπερ
453 456 570 490 εἴρηται.
596 457 837 492 συμϐουλεύοντος.
863 460 943 487 Ἀλλὰ

150 498 255 525 τούτων
283 500 369 531 οὑτως
389 502 516 536 ἐχόντων,
544 503 592 530 καὶ
619 504 691 531 οὕτω
712 507 760 532 καὶ
782 505 871 539 λόγοις
895 507 942 532 καὶ

150 544 299 578 πράγμασι
313 547 360 573 καὶ
375 546 450 582 πάσῃ
463 548 565 583 σπουδῇ
589 549 638 584 τὴν
658 550 824 585 Ἐκκλησίαν
838 560 942 586 καταρ-

150 587 272 620 τίζοντος
292 589 339 616 τοῦ
365 591 496 624 μεγάλου,
517 594 565 620 καὶ
575 593 623 620 νῦν
641 594 691 628 μὲν
712 597 861 631 πρόρριζον
876 598 941 623 ἀνα-

151 633 277 665 σπῶντος
292 634 342 669 τὴν
362 636 474 670 χρονίαν
496 639 609 670 κακίαν,
626 640 674 666 καὶ
701 641 747 667 τὸν
774 642 829 668 τῶν
844 643 942 670 παθῶν

151 678 329 711 ἐκϐάλλοντος
346 683 492 716 συρφετὸν,
511 683 559 710 νῦν
578 684 607 711 δὲ
624 686 673 718 τὰς
689 686 775 714 πάλαι
793 697 822 722 χε
829 688 941 722 ρσωθεί-

151 734 196 756 σας
209 726 437 761 καλλιεργοῦντος
453 730 578 764 καρδίας,
593 732 640 758 καὶ
659 733 707 760 τὸν
723 733 770 761 τοῦ
781 734 861 768 λόγου
875 736 940 762 σπό-

151 780 196 806 ρον
222 772 332 808 νύκτωρ
358 783 388 801 τε
405 777 452 802 καὶ
477 777 537 811 μεθ’
562 778 672 814 ἡμέραν
697 780 737 811 είς
765 782 814 815 τὴν
833 781 940 814 εὔγειον

149 817 375 852 καταϐάλλοντος,
395 821 457 848 ἐπεὶ
481 823 532 857 τὴν
559 824 674 851 καθόλου
708 827 754 852 καὶ
777 827 856 859 αὖθις
878 828 940 855 Ἐκ-

149 862 265 897 κλησιαν
291 865 316 890 οί
338 865 372 891 τὰ
395 866 528 902 Βαρλαάμ
553 869 601 895 καί⁵
626 870 781 898 Ἀκινδύνου
795 873 939 906 νοσοῦντες

149 907 326 942 θορυὸοῦντες
341 911 391 937 οὑκ
419 912 552 940 ἐπαύοντο
568 915 616 941 καὶ
638 917 830 951 ταράττοντες,
847 920 937 947 καίτοι

147 961 180 986 γε
192 955 247 980 τῶν
257 955 308 990 τῆς
321 957 454 991 αἱρέσεως
468 959 600 994 ἀρχηγῶν
617 962 730 990 ἐκείνων
746 965 871 992 ἐκποδὼν
887 967 938 994 πά-

147 999 193 1025 λαι
206 1002 418 1036 γεγενημένων·
443 1004 554 1032 σύνοδον
582 1008 596 1033 ό
622 1007 750 1042 βασιλεὺς
777 1011 827 1037 σύν
851 1021 883 1045 γε
899 1013 937 1048 τῷ

147 1046 308 1081 πατριάρχῃ
328 1047 503 1082 βουλεύονται
527 1052 574 1078 καὶ
593 1053 675 1080 πάλιν
695 1055 725 1080 ἐν
737 1055 824 1092 ταύτῃ
847 1057 878 1090 δή
903 1046 935 1093 τῇ

145 1092 200 1118 τῶν
216 1092 323 1119 πόλεων
335 1094 512 1132 βασιλευούσῃ
523 1099 804 1135 συγκροτηθῆναι,καὶ
816 1103 852 1130 τά
869 1092 935 1140 παρ’

146 1136 259 1163 ἐκείνων
276 1137 411 1173 λεγόμενα
423 1141 470 1166 καὶ
481 1139 560 1174 αὗθις
576 1144 700 1176 ἐξετάσει
717 1146 846 1182 δοθῆναι·
862 1136 936 1177 ἐπει-

146 1181 178 1216 δῆ
193 1184 317 1210 κάκεῖνοι
329 1185 401 1212 τοῦτ’
411 1187 477 1214 αὐτὸ
488 1188 552 1215 καθ’
565 1190 686 1227 ἑκάστην
699 1190 770 1228 ἦσαν
779 1195 934 1230 ζητοῦντες,

145 1229 194 1263 οὑχ
209 1229 253 1256 ῖνι
267 1231 371 1266 τάληθῆ
388 1232 511 1267 μάθωσιν
524 1243 531 1250 ·
549 1233 630 1272 ἧγὰρ
640 1238 673 1265 ἂν
689 1240 735 1266 καὶ
751 1229 842 1273 καλιῦς
850 1244 934 1276 ἐγνώ-

144 1283 240 1301 κεισαν
256 1277 336 1303 ταυτὶ
348 1278 432 1306 πάλαι
455 1281 587 1313 πολλάκις
610 1284 783 1319 ἀναφανέντα
793 1295 801 1303 ·
816 1288 873 1315 ἀλλ’
891 1289 935 1317 ἴνα

144 1321 246 1349 δοκῶσι
264 1323 346 1357 μόνον
359 1324 431 1359 ἔχειν
440 1334 467 1353 τι
477 1326 568 1361 λέγειν
580 1330 652 1356 κατὰ
666 1330 716 1364 τῆς
729 1332 870 1367 ἀληθείας,
888 1335 935 1361 καὶ

145 1368 284 1403 θορυσῶσι
297 1371 345 1398 καὶ
361 1372 518 1407 ταράττωσι
534 1375 598 1407 τοὺς
612 1376 738 1410 πολλοὺς,
752 1379 822 1414 ὅπερ
839 1380 871 1416 δὴ
888 1383 935 1408 καὶ

144 1415 213 1441 πᾶσι
228 1416 286 1447 τοῖς
313 1418 468 1451 κακοδόξοις
485 1419 591 1448 ἄνωθεν
621 1421 694 1455 ἔθος.
719 1424 828 1461 Ἐπειδὴ
856 1415 934 1454 ταῦθ’

143 1460 232 1493 οὕτως
244 1462 343 1494 ἐδόκει.
363 1464 412 1491 καὶ
429 1465 446 1499 ἡ
465 1465 575 1498 σύνοδος
596 1467 694 1502 ἔμελλε
709 1460 932 1506 συγκροτεῖσθαι,

143 1507 199 1542 πρὸ
217 1507 272 1534 τῶν
296 1508 385 1536 ἄλλων
410 1510 492 1543 εὐθὺς
513 1513 528 1539 ό
542 1513 590 1540 καὶ
609 1514 663 1549 πρὸ
681 1516 736 1542 τῶν
755 1516 842 1544 ἄλλων
856 1519 934 1554 ἀκρι-

995 273 1050 299 τῗν
1067 273 1214 300 ἀντιθέτων
1233 274 1404 308 φρονοῦντες,
1434 274 1549 309 βραχεῖά
1563 282 1606 304 τις
1630 273 1678 299 καὶ
1702 281 1786 307 μερι-

997 319 1103 354 σημένη
1121 320 1210 355 μερὶς,
1223 321 1253 346 οὑ
1268 322 1346 354 μερὶς
1359 320 1406 347 τοῦ
1431 320 1541 353 Ἰακὼὸ,
1566 319 1629 346 οὐδὲ
1645 319 1710 350 λαὸς
1727 319 1784 344 Ku-

997 365 1056 399 ρίου
1072 365 1120 391 καὶ
1136 366 1280 400 σχοίνισμα
1308 367 1491 401 κληρονομίας
1508 367 1592 393 αὑτοῦ
1607 375 1613 382 ⁸
1632 365 1783 392 Χαναναῖοί

994 420 1066 442 τινες
1080 412 1128 438 καὶ
1142 413 1282 445 Χετταίοι,
1300 413 1346 439 καὶ
1358 413 1418 439 οὐδὲ
1446 414 1497 447 τὴν
1528 413 1582 439 τῶν
1600 411 1784 438 Γαῦαωνιτῶν

993 458 1107 483 ἐκείνων
1118 459 1226 493 ἐπέχειν
1243 459 1313 491 ἄξιοι
1331 460 1420 492 τάξιν,
1439 459 1485 490 οὓς
1499 460 1539 490 είς
1557 459 1724 494 ὑδροφόρους
1737 458 1785 484 καὶ

995 503 1158 535 ξυλοκόπους
1171 507 1184 532 ὁ
1198 507 1246 532 τοῦ
1264 505 1340 539 Ναυῆ
1362 506 1464 540 Ἰησοῦς
1480 505 1598 537 ἁπέτταξε
1611 505 1650 537 τῷ
1665 505 1722 537 λαῲ
1734 504 1783 530 τοῦ

993 549 1061 575 Θεοῦ
1073 550 1167 582 πάλαι,
1180 550 1248 585 δόλῳ
1264 552 1310 577 καὶ
1338 551 1479 585 ὑποκρίσει
1506 551 1575 585 καλῇ
1596 551 1666 584 σφᾶς
1683 550 1784 580 αὑτοὺς

993 597 1227 630 προαρπάσαντας
1237 598 1284 631 τῆς
1297 597 1353 623 τῶν
1361 598 1467 632 ὁμόρων
1482 597 1632 632 ὂιαφθορᾶ;
1649 598 1698 624 καὶ
1714 605 1783 622 παν-

992 643 1135 677 ωλεθρίας.
1162 644 1244 670 Ὅθεν
1267 644 1315 670 καί
1341 652 1383 675 τις
1407 643 1461 669 τῶν
1480 644 1552 678 λόγῳ
1580 644 1627 671 καὶ
1662 642 1782 678 καθέδρα

992 688 1168 724 προύχόντων
1186 689 1281 724 ίερέων
1309 689 1403 716 ἐνιδὼν
1427 689 1559 715 είσιοῦσιν
1577 689 1692 720 ἐκείνοις
1708 689 1783 720 τότε,

991 736 1046 762 κάκ
1060 736 1108 770 τῆς
1121 735 1210 770 ὅψεως
1226 735 1302 763 εἶπεν
1317 735 1403 770 αὑτῆς
1419 736 1518 770 δήλους
1532 736 1632 767 αὑτοὺς
1649 733 1720 762 εἶναι
1731 735 1783 770 τῆς

992 782 1102 816 μερίδος
1119 783 1165 808 καὶ
1184 782 1231 808 τοῦ
1251 783 1393 817 κόμματος
1415 782 1574 816 πεφυκότας
1593 782 1716 813 ἐκείνων,
1734 781 1783 812 οὒς

991 829 1019 854 αί
1032 827 1101 862 ὑπὲρ
1118 828 1191 863 ἡμᾶς
1207 829 1311 860 εἰκόνες
1324 825 1404 856 αὗται
1419 829 1548 864 φέρουσιν
1569 828 1762 863 ἁναγράπτους
1772 835 1781 845 ι

991 875 1026 901 τὰ
1034 875 1089 901 τῶν
1100 876 1247 910 αἱρετικῶν
1264 876 1371 910 πονηρὰ
1385 876 1514 911 συνέδρια
1528 875 1626 908 λέγων,
1656 873 1708 901 ὑπὸ
1724 874 1781 901 τῶν

993 921 1074 955 ίερῶν
1085 922 1302 957 κατῃσχυμμένα
1324 921 1378 948 τῶν
1403 922 1535 957 Πατέρων
1549 921 1633 948 πάλαι
1650 920 1778 952 συνόδων,

991 965 1028 995 ὧν
1046 968 1132 1002 δήπου
1148 968 1195 995 καὶ
1217 969 1265 1000 τὰς
1278 969 1385 1000 εἰκόνας
1401 969 1415 994 ὁ
1433 968 1507 1003 ἱερὸς
1519 969 1622 999 ἐκεῖνος
1635 967 1683 994 καὶ
1701 966 1778 1002 βασι-

991 1013 1066 1044 λικὸς
1078 1013 1176 1049 ἔφερεν
1186 1011 1270 1045 οἶκος.

1024 1060 1066 1086 Τὰ
1082 1060 1131 1094 μὲν
1153 1057 1200 1086 οὖν
1214 1060 1285 1087 κατὰ
1314 1061 1395 1095 μέρος
1413 1059 1553 1086 κάνταῦθα
1568 1059 1606 1093 τῷ
1626 1067 1656 1085 τε
1673 1058 1779 1094 βασιλεῖ

991 1107 1038 1133 καὶ
1057 1109 1090 1142 τῇ
1115 1107 1216 1141 συνόδῳ
1243 1107 1391 1142 λαληθέντα
1417 1115 1447 1132 τε
1467 1107 1515 1133 καὶ
1537 1105 1696 1141 πραχθέντα
1711 1104 1777 1138 παρ’

991 1154 1054 1183 ὅλας
1064 1153 1172 1188 ἡμέρας
1194 1153 1294 1188 ἐφεξῆς
1308 1151 1387 1187 οἶμαι
1409 1153 1504 1185 πέντε,
1519 1154 1576 1184 τοῖς
1589 1153 1671 1179 εἰδόσι
1686 1153 1777 1185 λέγειν

989 1208 1019 1226 τε
1045 1201 1092 1226 καὶ.
1109 1201 1226 1235 γράφειν
1253 1200 1460 1235 παραχωρήσω,
1482 1200 1528 1226 καὶ
1541 1199 1594 1234 πρό
1621 1208 1653 1233 γε
1668 1199 1779 1227 πάντων

989 1245 1028 1281 τῷ
1046 1246 1110 1281 θείῳ
1125 1248 1174 1282 τῆς
1188 1246 1384 1288 πίστεωςρρῳ,
1410 1245 1440 1272 ὃν
1461 1247 1478 1280 ὴ
1496 1245 1558 1281 ἱερὰ
1583 1245 1692 1277 σύνοδος
1717 1245 1777 1280 ἅμα

991 1291 1097 1327 βασιλεῖ
1121 1300 1151 1318 τε
1177 1291 1225 1317 καὶ
1244 1291 1402 1326 πατριάρχῃ
1427 1290 1518 1322 καλῶς
1547 1291 1695 1325 ἐκθεμένη,
1729 1290 1778 1317 καὶ

988 1339 1085 1374 γνώμῃ
1102 1339 1149 1365 καὶ
1164 1338 1237 1373 χειρὶ
1255 1339 1301 1365 καὶ
1324 1339 1471 1372 γράμμασι
1487 1337 1556 1371 μετὰ
1571 1336 1619 1363 τοῦ
1631 1335 1777 1366 λαλοῦντος

988 1387 1017 1412 ἐν
1034 1386 1102 1420 αὐτῇ
1116 1385 1273 1419 Πνεύματος
1287 1383 1317 1410 τὸ
1332 1384 1435 1418 κράτος
1450 1383 1525 1418 αὑτῷ
1547 1382 1693 1415 δεδωκυῖα,
1711 1383 1777 1417 στή-

988 1432 1037 1465 λην
1054 1431 1208 1465 όρθοδοξίας
1223 1431 1271 1457 καὶ
1286 1430 1416 1464 τρόπαιον
1429 1429 1572 1461 εὐσεϐείας
1599 1429 1647 1455 καὶ
1669 1428 1776 1463 πύργον

988 1478 1125 1512 θεολογίας
1138 1477 1317 1512 ἀκράδαντον,
1335 1477 1368 1510 τῇ
1381 1476 1436 1503 τῶν
1447 1475 1568 1502 εὐσεϐῶν
1580 1474 1776 1501 καταλέλοιπεν

993 1524 1151 1559 Ἐκκλησία,
1168 1523 1320 1558 Γραφικαῖς
1338 1521 1494 1554 ἀποδείξεσι
1514 1521 1564 1548 καὶ
1581 1520 1711 1555 Πατέρων
1735 1520 1776 1546 Is-

147 1553 197 1588 θὴς
210 1555 336 1590 τεχνίτης
360 1557 408 1583 καὶ
424 1558 567 1593 ’πρόμαχος
584 1560 754 1595 ἐπιζητετται
767 1563 816 1590 τοῦ
832 1553 913 1596 λόγον
924 1573 930 1579 '
945 1579 968 1609 ρ
986 1573 1040 1608 ρῶν
1056 1553 1102 1597 καὶ
1118 1553 1395 1602 συνόδωνθεολογίαις
1406 1553 1454 1594 καλ.
1465 1567 1555 1601 λόγοις
1567 1553 1690 1601 ἀκριϐιίις
1704 1566 1773 1593 πάν-

143 1600 207 1626 ὲπεὶ
221 1601 268 1626 καὶ
285 1602 354 1636 προς
374 1603 466 1636 αὑτὸν,
484 1604 522 1636 ὼς
538 1606 606 1639 πρὸς
626 1609 750 1640 γενναῖον
765 1608 879 1645 ὁπλίτην
903 1619 934 1637 τε

144 1647 310 1680 στρατηγὸν,
326 1647 357 1674 το
371 1649 425 1675 πᾶν
440 1649 456 1684 ἢ
483 1650 514 1676 τὸ
536 1651 618 1677 πλέον
637 1652 736 1679 ἐδλεπε
761 1655 809 1680 τοῦ
827 1656 933 1689 ἀγῶνος

142 1693 198 1722 τοῖς
213 1693 374 1724 ἀντιθέτοις,
394 1695 419 1720 εί
442 1695 489 1721 καὶ
502 1697 570 1730 ἡμῖν
590 1697 666 1724 οὐδὲν
681 1696 763 1734 ἦττον
775 1701 933 1728 ἐπετίθεντο

142 1737 221 1770 κοινῇ
239 1737 433 1772 πολεμοῦντε;,
458 1741 506 1766 καὶ
520 1741 656 1775 τιμῶντες
676 1744 771 1780 ὥσπερ
785 1747 818 1781 τῇ
835 1755 932 1773 κοινω-

143 1783 188 1818 νίᾳ
212 1783 261 1818 τῆς
277 1783 392 1818 ὖὸρεως.
412 1786 519 1813 ’Δνεισι
535 1789 682 1823 τοιγαροῦν
697 1791 711 1817 ὁ
736 1794 932 1826 τρισαριστεὺς

142 1829 175 1854 ἐκ
195 1828 397 1864 Θεσσαλονίκης
413 1832 461 1858 καὶ
485 1832 568 1859 πάλιν
581 1853 589 1865 ,
617 1835 661 1861 ἵνα
683 1837 720 1870 μὴ
739 1838 785 1863 καὶ
802 1839 931 1874 τετράκις

142 1875 192 1900 καὶ
203 1875 333 1907 πολλάκις
349 1877 416 1903 αὐτὸ
432 1877 504 1904 τοῦτ’
531 1879 600 1906 εἴπω
612 1900 619 1912 ,
635 1881 783 1916 γράμμασι
798 1882 931 1918 βασιλέως

143 1921 202 1955 ἅμα
216 1921 264 1948 καὶ
276 1923 448 1958 πατριάρχου
466 1925 535 1958 μετὰ
550 1926 680 1961 πλείστης
694 1928 760 1962 ὅσης
777 1930 828 1964 τῆς
848 1930 930 1963 ἀξιώ-

142 1976 212 1998 σεως
230 1968 276 1994 ἐπὶ
285 1968 331 1995 τον
345 1969 438 2002 ἀγῶνα
453 1971 631 2006 μετακληθείς
644 1980 650 1987 ·
666 1974 683 2009 ὴ
698 1973 806 2006 σύνοδος
816 1983 931 2012 συγκρο-

140 2016 227 2041 τείται
245 2016 350 2051 μεγάλη
366 2025 407 2048 τις
425 2019 472 2044 καὶ
487 2018 642 2055 θαυμαστὴ,
659 2021 706 2048 καὶ
721 2022 770 2054 τὰς
779 2022 832 2060 πρὸ
844 2023 930 2058 αὑτῆς

141 2060 193 2086 ὑπε
199 2059 352 2093 ρΰάλλουσα
361 2069 367 2076 ·
388 2063 516 2098 ού,συστή
522 2073 594 2098 ματα
609 2066 690 2100 μόνον
700 2067 854 2103 ἀρχιερέων
865 2069 930 2095 πολ-

138 2105 194 2131 λῶν
207 2115 235 2132 τε
253 2108 300 2133 καὶ
318 2108 444 2142 μεγάλων
470 2111 518 2136 καὶ
532 2112 619 2138 ταυτα
639 2113 774 2139 πνεόντων
792 2113 929 2149 ἀλλήλοις,

139 2152 211 2188 ὑπὲρ
228 2153 276 2179 τοῦ
294 2153 451 2189 Πνεύματος
467 2156 515 2182 καὶ
534 2157 584 2191 τῆς
596 2157 682 2192 ὀρθῆς
697 2158 778 2193 δόξης
796 2159 864 2194 ὁμοῦ
881 2161 929 2187 καὶ

137 2199 189 2232 τῆς
206 2198 379 2233 Ἐκκλησίας,
395 2200 419 2226 εί
441 2200 542 2236 δεήσει,
556 2203 603 2228 καὶ
621 2203 719 2238 μέχρις
738 2203 856 2238 αῐμίιτος
867 2213 928 2238 γεν-

984 1618 1062 1645 τοθεν
1077 1615 1345 1651 κατησφαλισμένον,
1361 1615 1386 1641 εί
1397 1614 1444 1641 καὶ
1458 1614 1492 1641 τά
1506 1614 1556 1648 τῆς
1571 1613 1676 1649 πλάνης
1688 1614 1773 1647 ἐγκα-

984 1662 1170 1697 ταλείμματα,
1187 1660 1339 1696 καθαπερεί
1354 1669 1426 1692 τινος
1439 1660 1586 1696 δράκοντος
1608 1661 1774 1695 τεθνηκότος

983 1709 1094 1748 οὐραῖον
1124 1708 1296 1742 ὑποσπαϊρον
1323 1707 1375 1739 ἔτι,
1406 1706 1515 1741 βάλλειν
1545 1707 1680 1741 ἐπιχειρεῖ
1709 1706 1772 1732 κατ’

984 1754 1101 1785 ἐκείνου.
1128 1754 1189 1785 ταῖς
1207 1754 1274 1787 παρ’
1305 1754 1409 1779 ἐκείνου
1433 1754 1552 1788 πληγαῖς
1578 1753 1679 1786 ἀλγοῦν
1710 1752 1773 1780 καθ’

985 1798 1138 1834 ὑπερϐολὴν
1151 1799 1198 1825 καὶ
1212 1799 1245 1833 τῇ
1264 1797 1312 1824 τοῦ
1328 1797 1394 1824 ἰδίου
1409 1797 1543 1833 νεκρὼσει
1560 1798 1699 1833 σώματος.

1019 1844 1171 1880 Γρηγόριός
1185 1852 1216 1878 γε
1240 1844 1295 1879 μὴν
1311 1845 1325 1869 ό
1346 1843 1439 1878 σορὸς,
1455 1844 1519 1870 ἐπεὶ
1533 1843 1580 1870 καὶ
1604 1844 1635 1870 τὸ
1660 1845 1715 1871 πᾶν
1732 1846 1771 1876 ὡς

982 1892 1070 1917 εἰπεῖν
1084 1890 1132 1916 τοῦ
1147 1890 1253 1924 ἀγῶνος
1267 1890 1336 1925 πρὸς
1359 1891 1441 1917 αὑτὸν
1455 1889 1566 1923 ἐΰλεπε,
1582 1891 1629 1917 καὶ
1644 1891 1668 1917 οἱ
1692 1893 1769 1926 κοινῇ

982 1937 1166 1971 πολεμοῦντες
1187 1938 1220 1972 τῇ
1252 1937 1411 1972 Ἐκκλησία,
1439 1937 1477 1968 ὡς
1503 1937 1573 1964 κατὰ
1596 1937 1699 1964 σκοποῦ
1721 1938 1770 1964 καὶ

982 1981 1060 2014 αὖθις
1081 1983 1164 2010 αὑτοῦ
1185 1983 1329 2017 βάλλοντες
1348 1981 1431 2018 ἦσαν,
1449 1983 1604 2017 ἀναιρεῖται
1619 1984 1668 2011 καὶ
1687 1984 1769 2015 αὑτὸς

982 2029 1133 2063 προθύμως
1152 2029 1226 2063 μάλα
1255 2028 1305 2064 τὴν
1325 2028 1426 2063 μάχην,
1445 2029 1492 2055 καὶ
1509 2029 1547 2060 είς
1577 2030 1674 2056 ἑαυτὸν
1699 2031 1768 2064 ὁμοῦ

982 2075 1072 2102 πάντα
1083 2075 1130 2101 τὸν
1141 2075 1261 2109 πόλεμον
1275 2075 1395 2110 δέχεται,
1407 2074 1487 2101 τοῦτο
1499 2076 1546 2102 καὶ
1561 2075 1692 2110 βασιλέως
1708 2075 1767 2110 ἅμα

980 2121 1028 2147 καὶ
1047 2121 1097 2155 τῆς
1117 2121 1226 2148 συνόδου
1243 2120 1479 2156 προτρεψαμένων
1492 2129 1499 2137 ·
1515 2122 1549 2148 τά
1566 2121 1595 2147 δὲ
1611 2121 1675 2156 ἑξῆς
1687 2122 1766 2156 λεγὲο

979 2174 1070 2192 τωσαν
1082 2166 1106 2191 οἱ
1119 2166 1180 2192 τότε
1195 2165 1339 2200 παρόντες,
1353 2166 1401 2192 καὶ
1421 2166 1483 2200 ὄψει
1496 2167 1543 2193 καὶ
1559 2167 1628 2202 ἀκοῇ
1643 2169 1678 2194 τὰ
1693 2177 1766 2204 πραο

979 2211 1079 2245 χθέντα
1104 2210 1151 2237 καὶ
1179 2210 1330 2246 λαληθέντα
1361 2212 1578 2246 παραλαϐόντες.
1593 2212 1689 2243 Ὅπως
1715 2213 1766 2248 μὲν

139 2243 222 2276 ναίως
243 2245 500 2280 προπολεμούντων,
516 2249 583 2274 -τῶν
597 2257 627 2275 τε
644 2249 705 2276 καθ’
719 2247 791 2284 αἷμα
818 2259 925 2286 προση-
944 2265 965 2292 D
980 2243 1021 2288 είς
1041 2258 1131 2292 φυγὴν
1146 2243 1246 2292 ιτρεψέ
1261 2258 1309 2283 καὶ
1330 2243 1467 2289 ἆπαξκαὶ
1480 2258 1520 2289 δὶς
1535 2259 1597 2290 τοὺς
1612 2243 1766 2295 θεομάχους

138 2291 243 2317 κόπων
272 2292 328 2323 τοῖς
357 2292 498 2327 βασιλεῦσι
524 2295 572 2320 καὶ
598 2295 652 2321 τῶν
668 2296 696 2322 ἐν
712 2295 852 2330 ἀξιώμασι
879 2299 928 2324 σὺν

138 2337 215 2371 πάσῃ
228 2337 330 2373 δηλαδὴ
343 2339 375 2373 τῇ
396 2339 552 2375 συγκλήτῳ,
581 2340 649 2366 ἀλλὰ
663 2341 711 2367 καὶ
727 2342 818 2376 σοφῶν
835 2351 864 2369 τε
880 2345 928 2370 καὶ

137 2383 236 2416 λογίων
253 2383 359 2418 ἀνδρῶν
383 2385 470 2420 ἑτέρῳ
489 2386 611 2421 συλλόγῳ
628 2387 661 2412 ἐκ
682 2395 711 2413 τε
732 2388 786 2414 τῶν
801 2390 829 2414 εν
842 2389 925 2420 τέλει,

137 2429 222 2463 φημὶ,
241 2429 289 2455 καὶ
299 2429 354 2455 τῶν
368 2431 418 2465 τῆς
431 2430 597 2466 Ἐκκλησίας
613 2432 746 2465 λογάδων,
771 2434 817 2460 καὶ
830 2434 862 2469 δὴ
879 2436 926 2461 καὶ

139 2473 282 2508 μοναστῶν
296 2475 344 2500 καὶ
356 2476 552 2511 ἁναχωρητῶν,
571 2478 618 2503 καὶ
635 2478 691 2504 τῶν
710 2481 787 2514 κοινῇ
803 2480 851 2506 καὶ
864 2480 926 2507 καθ’

137 2521 252 2552 ἑαυτοὺς
270 2521 306 2548 τὰ.
318 2521 378 2548 θεῖα
399 2524 618 2558 φιλοσοφούντων
629 2533 636 2540 ·
661 2526 699 2552 ἐῶ
715 2526 769 2561 γάρ
785 2527 876 2561 λέγειν
895 2529 925 2555 τὸ

136 2568 226 2595 κοινὸν
241 2569 296 2595 τῶν
321 2569 443 2597 εὐσεϐῶν
457 2571 560 2607 πλῆθος
584 2573 629 2600 ἐπ’
644 2574 776 2608 ἀκροάσει
803 2576 858 2602 τῶν
875 2579 925 2612 τῆς

136 2613 257 2646 πίστεως
281 2615 368 2649 λόγων
389 2616 488 2652 ἀθρόον
507 2619 733 2654 συνειλεγμένων,
759 2621 797 2653 ὡς
817 2623 925 2649 καὶτὸν

136 2659 336 2695 ὑποδεξάμενον
360 2662 409 2697 τὴν
425 2662 534 2690 σύνοδον
556 2664 660 2699 ταύτην
677 2665 816 2700 βασιλικὸν
839 2666 923 2700 οἷκον,

136 2706 225 2732 καίτοι
239 2714 271 2740 γε
288 2708 334 2732 καὶ
351 2707 438 2742 μέγαν
453 2709 523 2735 οὕτω
546 2710 594 2736 καί⁸
619 2710 777 2745 θαυμαστὸν
792 2712 868 2746 ὄντα,
884 2714 925 2748 τῷ

135 2753 233 2787 πλήθει
261 2753 316 2779 τῶν
341 2755 557 2790 συνειλεγμένων
586 2756 620 2783 τά
635 2757 658 2783 τ’
681 2758 755 2784 ἔνδον
767 2759 803 2785 τά
825 2760 849 2786 τ’
871 2760 924 2793 ἔξω

137 2799 373 2834 στενοχωρεῖσθαι.
392 2801 445 2827 Τοῦ
461 2802 527 2835 γοῦν
542 2801 676 2835 βασιλέως
704 2804 752 2830 σύν
767 2813 799 2838 γε
813 2807 852 2841 τῷ
869 2816 922 2833 πα-

135 2844 256 2880 τριάρχῃ
283 2845 528 2880 προκαθεσθέντος,
544 2847 581 2879 ὡς
594 2848 667 2881 ἔθος,
694 2850 741 2876 καὶ
757 2851 837 2885 ήμῶν
864 2854 922 2887 μετ’

135 2893 255 2926 ἐκείνους
271 2894 316 2922 καὶ
336 2895 385 2922 σὺν
400 2896 657 2931 ἐκείνοις,ἐκάστων
670 2899 772 2934 δηλαδὴ
788 2902 860 2928 κατὰ
872 2902 922 2936 τὴν

980 2304 1114 2335 ἐκείνους,
1134 2303 1201 2338 μηδὲ
1225 2304 1276 2338 τὴν
1290 2303 1446 2339 προσϐολὴν
1469 2304 1517 2331 τοῦ
1544 2306 1574 2330 ἐν
1590 2307 1647 2335 τοῖς
1672 2305 1764 2339 λόγοις

979 2349 1062 2376 αὑτοῦ
1081 2350 1155 2376 θείου
1173 2350 1260 2382 φωτὸς
1277 2351 1450 2383 ἐνεγκόντας,
1466 2351 1504 2382 ὡς
1525 2352 1593 2387 μηδὲ
1617 2355 1766 2387 κατασχεῖν

979 2395 1078 2426 αὐτοὺς
1093 2396 1140 2422 τόν
1153 2404 1182 2422 τε
1201 2395 1314 2431 βασιλέα
1328 2396 1376 2423 καὶ
1390 2398 1482 2423 πᾶσαν
1501 2398 1570 2432 ὁμοῦ
1583 2398 1635 2433 τὴν
1655 2398 1764 2425 σύνοδον

977 2441 1149 2476 δεδυνῆσθαι,
1172 2443 1221 2477 τὴν
1245 2443 1295 2477 μὲν
1310 2443 1486 2479 ὑποστροφὴν
1509 2445 1764 2479 ἐπαγγειλαμένους

977 2489 1006 2520 ἐς
1020 2488 1108 2514 νέωτα
1132 2488 1223 2523 δῆθεν,
1248 2489 1331 2524 μήπω
1346 2490 1370 2516 δ’
1392 2490 1475 2516 είσότι
1493 2491 1545 2516 ηκαὶ
1565 2491 1614 2516 νῦν
1625 2492 1676 2526 τῆς
1697 2491 1763 2517 ὑπο-

978 2534 1099 2568 στροφῆς
1125 2534 1309 2568 γενομένους·
1333 2535 1408 2566 ὅπως
1432 2535 1455 2561 δ’
1471 2536 1640 2571 ἁνεκήρυξεν
1661 2539 1690 2562 ἐν
1717 2537 1763 2563 ὲκ-

976 2579 1077 2615 κλησία
1089 2579 1204 2615 Μεγάλῃ
1218 2581 1266 2607 καὶ
1279 2581 1373 2614 λόγοις
1390 2582 1437 2608 καὶ
1454 2582 1600 2617 γράμμασι
1616 2585 1662 2610 καὶ
1674 2584 1764 2619 δημη-

976 2626 1083 2664 γορίαις
1111 2627 1265 2661 ὑπερφυέσι
1292 2627 1338 2653 τὸν
1361 2628 1428 2661 ὑγιᾶ
1452 2627 1503 2661 τῆς
1526 2630 1644 2661 πίστεως
1669 2629 1761 2664 λόγον,

976 2661 1075 2699 ἐαυτὸν
1089 2673 1141 2707 μὲν
1165 2674 1221 2705 τοῖς
1244 2674 1294 2706 τῆς
1315 2674 1480 2709 Ἐκκλησίας
1504 2676 1597 2708 σοφοῖς
1614 2674 1761 2710 θεολόγοις,

975 2718 1097 2750 ἐκείνους
1116 2719 1138 2745 δ’
1155 2719 1235 2751 αῦθις
1258 2720 1385 2755 ἀλλήλοις
1402 2729 1430 2747 τε
1445 2720 1493 2747 καὶ
1516 2721 1572 2752 τοῖς
1587 2720 1688 2756 λογίοις
1705 2724 1764 2754 τοῖς

977 2765 1059 2800 ίεροῑς
1083 2765 1230 2798 ἀποδείξας
1249 2767 1277 2793 ἐν
1291 2767 1358 2794 πᾶσι
1376 2766 1548 2802 συμφώνους,
1571 2767 1610 2799 ὡς
1630 2768 1697 2803 μηδὲ
1711 2767 1762 2803 τὴν

975 2811 1032 2845 ἔριν
1045 2811 1132 2847 αὐτὴν
1146 2812 1285 2840 ἀντειπεῖν
1300 2813 1373 2848 ἔχειν
1389 2814 1458 2848 πρὸς
1477 2813 1564 2840 ταῦτα
1577 2814 1624 2841 καὶ
1643 2815 1760 2850 γρύξαι·

974 2854 1024 2885 τὰς
1038 2853 1067 2880 δὲ
1079 2854 1168 2890 ψυχὰς
1191 2856 1267 2888 ὅπως
1293 2858 1469 2893 ἀνεπτέρωσε
1484 2857 1545 2885 τότε
1568 2859 1623 2886 τῶν
1644 2859 1763 2894 δυναμέ-

974 2909 1027 2927 νων
1046 2901 1167 2938 ἀκούειν,
1197 2904 1243 2931 καὶ
1265 2904 1311 2932 τὸν
1334 2905 1397 2933 νοῦν
1421 2906 1561 2939 ὑπερῆρεν
1585 2906 1695 2940 ἀθρόον,
1713 2906 1761 2933 καὶ
