1895 3070
24 170 81 201 637

523 173 731 205 ENCOMIUM
751 173 864 206 AUCT.
879 173 1103 206 PHILOTHEO
1116 173 1171 206 (ΣΡ.

1618 172 1669 203 6’8

22 231 122 266 «ψυχὴν
138 231 262 269 καὶ-τὴν
286 231 397 268 ἐκείνης
420 233 560 269 σωτηρίαν
584 235 752 267 ἀνεκαλειτο,
776 237 823 262 καὶ
839 237 861 264 Δ
878 245 928 263 σαν
946 236 980 263 δι’
998 236 1082 263 αὑτοῦ
1109 234 1231 270 μεγάλην
1259 234 1315 259 τῶν
1339 232 1488 267 θαυμάτων
1512 233 1667 266 ἐνέργειαν,

21 277 188 309 παλανίξων
200 279 298 305 ἐαυτὸν
311 280 371 314 ἅμα
383 280 433 314 τῆς
444 288 474 306 τε
488 281 679 315 παρελθούσης
693 281 823 315 ἀμελείας

24 324 76 350 τοῦ
91 323 154 359 βίου
165 325 213 351 καὶ
227 325 283 352 τῶν
296 327 474 362 σφαλμάτων,
491 328 539 355 καὶ
549 328 590 355 ὅτι
606 329 672 364 μηδὲ
688 330 823 356 τελευτῶν

27 371 89 404 ἔχει
104 373 152 396 τὸν
176 371 362 406 συναλγοῦντα
380 373 429 399 καὶ
445 374 670 409 συμπονούμενον
686 377 751 409 περὶ
775 376 824 410 τὴν

26 417 151 449 δυνατὴν
173 418 243 448 τέως
258 419 308 452 τῆς
326 418 417 454 ψυχῆς
436 420 606 455 θεραπείαν·
627 419 686 447 εἶτα
711 421 758 448 καὶ
777 421 824 448 τοῦ

31 463 159 497 μεγάλου
188 464 321 498 μνησθεὶς
337 466 384 491 ἐπὶ
406 466 524 498 τούτοις,
540 467 587 492 καὶ
609 468 658 501 τῆς
683 467 825 502 ἁγιότητος

30 511 80 537 καὶ
99 511 152 544 τῆς
169 511 292 545 μεγάλης
308 513 494 547 ποιμαντικῆς
512 513 738 545 καὶ¹ἐπιστασίας
754 514 823 540 ἐκεί-

30 565 78 582 νου
90 564 97 570 ·
113 553 150 591 ἧν
171 557 228 592 γὰρ
251 558 299 584 καὶ
317 558 373 584 τῶν
389 558 539 593 γνωρίμων
564 567 595 585 τε
614 559 663 585 καὶ
683 560 805 594 συνήθων
817 568 824 574 θ

31 603 80 628 καὶ
94 602 138 628 ὅτι
152 603 221 637 μηδέ
242 603 292 638 τὴν
310 604 470 631 τελευταίαν
493 604 562 639 πρὸς
576 604 643 630 Θεὸν
662 604 825 639 ἐκδημοῦντι

31 649 71 684 τῷ
87 649 219 684 μακαρίῳ
233 650 343 685 παρῆν·
358 649 377 686 ἦ
400 651 454 685 γάρ
472 651 516 683 ἂν,
541 651 620 686 φησὶ,
638 651 686 678 καὶ
700 651 755 678 τῶν
780 651 826 683 ἐξ-

32 696 114 722 οδίων
141 696 224 723 αὐτοῦ
243 697 376 731 ῥημάτων
393 697 440 724 καὶ
461 697 516 724 τῶν
542 697 622 733 ἱερῶν
644 697 731 732 εὐχῶν
747 706 827 732 μετα-

34 742 108 776 σχὼν
135 742 337 775 τότε,“ταύτας
366 743 427 770 ἀντὶ
457 743 643 778 φυλακτηρίου
661 743 761 773 παντὸς
779 744 827 770 καὶ

34 788 214 823 ἀμυντηρίων
226 788 318 815 ὅπλων
332 789 392 815 νυνὶ
405 789 592 824 προῖστάμην.
610 788 695 816 Ταῦτ’
705 789 827 816 ἐπειπὼν

34 834 47 858 6
68 834 279 869 πρεσϐύτερος,
306 834 355 861 καὶ
380 835 476 862 ἑαυτὸν
500 832 555 862 οἷον
580 835 827 870 ἀποκλαυσάμενος

36 880 109 913 ίπέρ
142 879 257 912 τούτων,
289 880 320 907 τὺ
348 881 505 913 τελευταῖον
532 881 681 915 κατάγεται
711 882 760 909 καὶ
787 882 828 913 είς

37 924 136 956 ὕπνον,
153 925 226 952 καὶὸ
250 924 335 956 ὕπνος
359 925 421 960 όψιν
450 925 532 956 εὐθὺς
562 925 688 960 ἐπιφέρει
710 925 825 952 τοιάνδε.

41 969 186 1001 Ἐδόκουν,
199 971 280 1004 φησὶ,
293 970 364 997 κατὰ
377 969 423 996 τὸν
437 969 484 996 τοῦ
499 969 658 1004 θαυμαστοῦ
668 971 826 1006 Δημητρίου

35 1015 118 1047 νεὼν,
137 1014 212 1041 ἐνδον
231 1014 356 1050 ἑστηκὼς
376 1015 431 1042 τῶν
457 1015 575 1047 ἀδύτων,
591 1016 639 1042 τδν
663 1014 751 1050 μέγαν
769 1015 829 1051 βλέ-

37 1068 101 1086 πειν
129 1059 273 1095 ἀρχιερέα,
290 1061 325 1095 τῇ
342 1059 403 1095 θείᾳ
418 1061 456 1087 ’τε
480 1061 674 1096 παρεστηκότα
690 1061 826 1096 τραπέζῃ,

37 1105 88 1132 καὶ
105 1106 231 1140 συνήθως
249 1105 446 1141 ιερουργοῦντα
471 1106 504 1133 τὰ
532 1107 668 1142 μυστικά·
693 1103 715 1140 ᾧ
736 1107 768 1142 δὴ
781 1107 828 1134 καὶ

39 1155 207 1187 προσπεσὼν
224 1152 308 1187 εὐχῆς
322 1152 399 1188 ίερᾶς
409 1151 559 1188 ἀξιωθῆναι
574 1154 639 1187 παρ’
653 1153 737 1180 αὐτοῦ
751 1161 829 1188 περι-

39 1198 138 1230 παθῶς
163 1198 325 1233 ἐπεζήτουν.
351 1199 381 1225 '0
396 1199 424 1226 δὲ
439 1199 537 1234 πρῶτα
562 1200 610 1234 μέν
625 1200 681 1226 οὐδ’
695 1199 830 1234 ἐπεστρά-

39 1245 106 1278 φθαι
119 1245 190 1280 πρὸς
210 1245 260 1280 τὴν
283 1245 393 1279 αἴτησιν
409 1245 478 1277 ὅλως
498 1245 596 1279 ἐδόκει,
620 1245 690 1272 ἀλλὰ
708 1245 763 1272 τῶν
782 1254 829 1281 μυ·

39 1290 161 1326 στηρίων
181 1290 282 1325 μᾶλλον
297 1291 345 1316 καὶ⁸
362 1291 411 1326 τῆς
436 1290 515 1325 ἱερᾶς
535 1290 704 1326 ἐξηρτῆσθαι
721 1291 828 1326 τραπέ-

39 1336 90 1370 ζης
121 1336 261 1368 κάκείνοις
288 1337 436 1372 προσέχειν
460 1335 508 1363 τὸν
535 1336 613 1363 νοῦν·
642 1337 739 1372 μικρὸν
752 1337 781 1363 δέ
803 1345 829 1363 τι

38 1383 183 1416 διαλιπὼν,
199 1384 359 1419 ἐπιστρέφει
383 1383 452 1418 πρός
471 1393 516 1419 με,
545 1384 593 1411 καὶ
614 1384 653 1419 τῷ
678 1384 829 1420 ἐπισκηνίῳ

40 1431 90 1464 τὴν
105 1429 198 1462 δεξιάν
213 1429 328 1461 ἐπιθεὶς,
345 1429 410 1456 ἔνθα
426 1428 458 1464 δὴ
474 1429 520 1456 καὶ
535 1429 565 1456 τό
586 1430 641 1458 πᾶν
653 1430 743 1457 ἐδόκει
767 1431 829 1457 τότε

40 1475 209 1512 συνδραμεῖν
222 1476 272 1511 τῆς
283 1476 393 1512 ὀδύνης,
410 1476 458 1503 τὸν
469 1475 517 1503 τοῦ
530 1476 601 1503 θείου
614 1476 734 1512 σταυροῦ
744 1476 830 1503 τύπον

40 1522 207 1557 ἐγχαράττει
226 1531 271 1556 μοι
289 1523 346 1554 τοῖς
360 1522 504 1554 δακτύλοις
514 1530 522 1538 ·
541 1523 595 1549 τῶν
610 1523 633 1549 δ’
648 1523 730 1556 εὐθὺς
740 1523 830 1549 ἐλαιόν

877 284 925 311 καὶ
943 284 985 310 ὅτι
1005 284 1042 318 τῷ
1060 283 1166 310 ἐκείνου
1187 281 1280 308 πολλοὶ
1302 282 1461 316 προσιόντες
1479 281 1567 313 τάφῳ.
1588 280 1669 314 χαλε-

878 330 938 356 πῶν
965 330 1196 364 ἀρρωστημάτων
1223 327 1269 354 καὶ
1299 327 1414 362 χρονίων
1450 326 1545 352 παθῶν
1568 325 1668 360 ἁθρόον

878 374 1000 406 ὲξάντεις
1021 375 1152 409 ὁρῶνται,
1178 373 1226 399 καὶ
1243 374 1257 399 ὀ
1282 373 1394 407 πάσχων
1420 372 1448 398 ἐν
1471 371 1595 405 αἰσθήσει
1613 371 1668 396 τῶν

877 419 1052 454 λαλουμένων
1083 419 1182 446 αὐτίκα
1213 419 1370 453 γενόμενος,
1400 419 1448 444 καὶ
1477 418 1592 451 δάκρυσι
1621 418 1667 443 καὶ

879 465 1000 500 ῥήμασιν
1022 465 1150 495 ἐλεεινοῖς
1168 464 1213 490 τὸν
1229 465 1307 497 ἅγιον
1327 465 1367 494 εἰς
1382 463 1474 496 οἶκτον
1495 463 1666 495 ἐξεκαλεῖτο·

885 510 1010 545 Ἰσχύεις,
1040 511 1168 544 ἄνθρωπε
1193 510 1239 536 τοῦ
1266 509 1346 541 Θεοῦ,
1372 509 1468 542 λέγων,
1487 509 1534 535 an
1561 503 1593 542 δὴ
1621 509 1666 534 καὶ

878 556 998 590 Χριστοῦ
1018 557 1141 592 μιμητὴς
1161 557 1372 591 ἀκριϐέστατος,
1389 555 1413 582 εί
1428 556 1476 582 καὶ
1492 555 1529 590 μὴ
1551 555 1668 590 πάρειμι

879 602 926 628 καὶ
949 602 1015 629 αὐτὸ
1030 602 1077 628 νῦν
1103 597 1174 629 κατὰ
1197 603 1260 634 τοὺς
1282 602 1379 633 ἄλλους
1395 601 1434 636 τῷ
1452 601 1490 636 σῷ
1515 601 1603 636 τάφῳ,
1621 602 1672 628 καὶ

878 649 929 683 τῆς
944 648 1023 676 νόσου
1041 649 1088 675 καὶ
1103 649 1152 682 τῆς
1173 648 1248 683 ὥρας
1272 649 1430 683 εἰργούσης,
1452 648 1500 674 καὶ
1516 648 1668 682 ἐπισκέψα-

881 693 942 720 σθαι
959 694 1006 720 καὶ
1022 693 1192 728 θεραπεῦσαι
1208 694 1255 720 καὶ
1278 694 1329 728 τῆς
1349 694 1452 728 πικρᾶς
1466 693 1563 727 ὀδύνης
1581 693 1670 719 ἀπαλ-

879 739 959 772 λάξαι
979 739 1026 765 καὶ
1039 739 1087 765 τοῦ
1111 740 1340 775 προσδοκωμένου
1358 739 1485 766 θανάτου.
1511 738 1605 765 Ταῦτα
1622 739 1670 765 καὶ

879 784 1040 811 τὰτοιαῦτα
1064 784 1169 818 μεταξὺ
1191 785 1290 818 λέγων,
1309 785 1348 816 είς
1372 784 1456 811 ὕπνον
1483 785 1602 820 ἐτράπη,
1622 785 1670 811 καὶ

880 831 1032 866 Γρηγόριος
1060 831 1141 862 εὐθὺς
1156 832 1170 857 ό
1193 832 1281 866 μέγας
1298 831 1390 866 παρῆν
1415 832 1445 858 ἐν
1465 833 1587 866 σχήματι
1603 839 1670 866 πρε-

882 877 1012 912 σϐυτέρου
1028 877 1075 904 καὶ
1091 877 1210 913 μοναχοῦ
1224 887 1296 909 τινος
1311 879 1366 904 τῶν
1381 879 1500 909 οἰκείων,
1512 878 1669 912 ὁμωνύμως

842 911 865 940 Β
878 911 980 960 δηλαδῆ
1006 911 1226 959 Γρηγορίουηκαὶ
1250 925 1333 951 αὐτοῦ
1355 911 1536 959 καλουμένου,
1557 911 1670 951 καὶτῶν

878 972 1014 997 συνόντων
1029 971 1105 1006 αὐτῷ
1119 971 1202 998 πάλαι
1219 972 1336 1006 μοναχόν
1352 980 1381 998 τε
1409 972 1457 998 καὶ
1481 972 1606 998 διάκονον
1620 971 1669 997 Eva.

878 1018 940 1045 τινὰ
958 1017 1151 1052 παρεπόμενον
1168 1017 1237 1052 ἔχων
1248 1026 1254 1033 ·
1271 1017 1296 1044 οἳ
1310 1017 1341 1051 δὴ
1357 1018 1405 1044 καὶ
1421 1018 1507 1052 αὐτῷ.
1523 1017 1606 1052 φημὶ,
1630 1017 1669 1050 τῷ

878 1063 1011 1098 πάσχοντι
1042 1063 1169 1097 συνήθεις
1199 1063 1349 1098 ἐτύγχανον
1375 1063 1462 1094 ὅντες.
1491 1063 1545 1090 Τοῦ
1576 1057 1668 1089 τοίνυν

878 1109 1031 1144 Γρηγορίου
1047 1109 1161 1144 φιλικῶς
1180 1109 1262 1135 αὑτὸν
1275 1108 1416 1143 ἐρομένου,
1437 1109 1470 1135 Τί
1488 1117 1552 1135 ποτε
1569 1109 1623 1143 ἄρα
1637 1109 1669 1135 τὸ

879 1155 1002 1188 λυποῦν,
1028 1155 1075 1182 καὶ
1097 1155 1139 1185 τίς
1157 1156 1173 1190 ὴ
1193 1155 1240 1181 τοῦ
1264 1155 1378 1190 θορύϐου
1405 1155 1454 1181 καὶ
1479 1155 1528 1190 τῆς
1551 1154 1666 1188 τοσῆσδε

879 1201 1003 1236 ταραχῆς
1027 1201 1075 1227 καὶ
1105 1201 1153 1236 τῆς
1177 1201 1301 1235 ἀνάγκης
1327 1200 1417 1232 αἰτίας
1436 1201 1493 1235 οὐχ
1523 1202 1589 1236 ὁρᾷς
1617 1210 1664 1235 με.

880 1247 964 1281 φησὶν
977 1247 991 1273 ό
1005 1248 1128 1281 πάσχων,
1143 1247 1224 1282 ὀδύνῃ
1238 1246 1416 1281 συνεχόμενον
1435 1246 1606 1282 πικροτάτῃ;
1622 1247 1670 1273 καὶ

879 1294 931 1328 τῆς
950 1294 1000 1328 μέν
1016 1294 1092 1328 ζωῆς
1107 1294 1311 1329 ἀφαιρούμενον
1325 1294 1379 1321 ύπδ
1393 1294 1495 1328 ταύτης
1512 1294 1621 1328 ἀθρόον,
1636 1294 1671 1320 τὰ

879 1338 907 1366 δέ
940 1339 1078 1373 φίλτατα,
1111 1338 1179 1374 φεῦῐ
1220 1338 1313 1374 ἔρημα
1346 1339 1550 1366 καταλείποντα
1577 1341 1670 1374 πάσης

880 1384 1042 1418 ἡστινοσοῦν
1072 1385 1255 1419 προστασίας;
1277 1385 1357 1412 Ἀλλὰ
1386 1386 1424 1419 μὴ
1453 1385 1546 1418 δέδιθι,
1573 1387 1669 1420 φησὶν,

880 1427 902 1457 ὧ
914 1426 1001 1462 οὗτος,
1014 1431 1047 1456 τὰ
1058 1429 1171 1456 τοιαῦτα
1186 1431 1217 1456 τό
1233 1439 1264 1464 γε
1293 1431 1340 1456 νῦν
1363 1428 1433 1457 εἶναι
1444 1430 1527 1463 ’,ἕξει
1551 1431 1600 1457 καὶ
1614 1431 1670 1465 γάρ

882 1483 922 1502 σοι
936 1476 1027 1507 καλῶς
1044 1475 1091 1502 καὶ
1107 1475 1169 1502 κατ’
1184 1476 1267 1510 εὐχὴν
1283 1476 1351 1511 μετὰ
1374 1476 1474 1510 μικρὸν
1495 1476 1596 1507 πάντα,
1611 1478 1670 1508 τοῖς

881 1521 1065 1556 ὀδυνωμένοις
1093 1521 1197 1556 μορίοις
1224 1521 1270 1547 τοῦ
1300 1521 1434 1556 παρόντος
1459 1521 1669 1557 ἐπιϐληθέντος,

40 1577 68 1594 τι
84 1568 187 1600 καινῶς
203 1568 314 1603 ἐκρυέν,
340 1569 372 1595 τά
391 1568 525 1603 πρόσωπα
547 1569 706 1603 καταχρίειν
730 1569 828 1595 ἐδόκει.
846 1579 867 1609 c
883 1566 954 1599 εἷπε,
973 1567 1021 1594 καὶ
1039 1567 1138 1602 τμῆμά
1157 1576 1182 1594 τι
1202 1567 1251 1601 τῆς
1267 1567 1341 1602 αὐτῷ
1363 1568 1448 1594 πάλαι
1461 1568 1671 1603 καινουργηθεί-

43 1615 96 1641 Καὶ
114 1615 203 1641 ταῦτα
216 1615 265 1649 μὲν
280 1615 294 1641 ὅ
305 1624 334 1641 τε
360 1614 453 1647 ὕπνος,
476 1615 522 1642 καὶ
536 1616 553 1649 ὴ
571 1615 631 1651 ίερὰ
650 1615 710 1649 όψις
727 1616 830 1650 ἐκείνη.

47 1659 77 1686 '0
100 1659 123 1686 δ’
140 1660 243 1691 εὐθέως
259 1660 420 1693 ἐξαναστὰς,
439 1661 486 1687 καὶ
508 1660 555 1687 τοῦ
573 1660 689 1688 θανάτου
713 1662 760 1687 καὶ
781 1661 831 1695 τῆς

43 1705 138 1739 ὀδύνης
165 1705 215 1732 καὶ
242 1705 296 1733 τῶν
326 1706 457 1742 λυπηρῶν
488 1707 602 1733 ἐκείνων
632 1706 701 1741 ὁμοῦ
721 1707 830 1733 πάντων

43 1751 142 1786 ἁθρόον
167 1752 216 1778 καὶ
241 1752 312 1788 ὑπὲρ
342 1753 433 1784 πάσας
460 1752 571 1783 ἐλπίδας
595 1753 773 1787 ἀπαλλαγεὶς,
793 1752 831 1784 ὡς

45 1797 111 1832 μηδέ
131 1797 205 1832 ἴχνος
219 1797 330 1824 ἐκείνων
347 1798 490 1833 μηδοτιοῦν
505 1798 688 1832 ἐλλελεῖφθαι,
705 1798 764 1833 Θεῷ
778 1799 828 1824 καὶ

43 1842 82 1875 τῷ
93 1842 200 1869 ἐκείνου
212 1842 358 1878 θεράποντι
374 1844 497 1879 μεγάλας
508 1844 679 1880 ἀνωμολόγει
689 1844 739 1876 τὰς
751 1845 831 1880 χάρι-

43 1899 102 1920 τας.

82 1935 178 1968 ’Δλὶος
202 1944 244 1967 τις
271 1936 325 1963 τῶν
352 1937 403 1971 τῆς
431 1937 537 1969 πόλεως
553 1938 703 1974 οίκητόρων
722 1939 753 1965 οὐ
776 1939 831 1966 τῶν

44 1982 169 2016 ἀσήμων,
195 1981 264 2008 ἀλλά
282 1982 328 2008 καὶ
351 1982 407 2009 τῶν
436 1983 608 2019 εὐπατριδῶν
620 1993 650 2010 τε
669 1986 716 2012 καὶ
734 1985 831 2018 ἐπισή-

46 2037 103 2061 μων
128 2028 166 2057 ὡς
187 2028 317 2062 μάλιστα.
336 2029 446 2062 γυναικί
470 2037 500 2055 τε
521 2031 567 2057 καὶ
593 2030 701 2060 τέκνοις
731 2030 830 2063 συζῶν,

46 2074 91 2099 καὶ
106 2073 196 2104 οἰκίας
207 2073 436 2108 ἐπιμελούμενος,
447 2073 527 2110 ὀδύνῃ
543 2075 638 2110 χρονίᾳ
653 2075 767 2110 κάτοχος
779 2073 813 2110 ἦν
822 2083 830 2091 ’

46 2120 163 2152 κωλικήν
175 2128 242 2153 φασι
254 2120 356 2154 ταύτην
372 2121 473 2156 ίατρῶν
487 2122 592 2153 παῖδες.
610 2121 684 2156 Αὕτη
695 2122 733 2156 τῷ
745 2121 832 2157 χρόνῳ

47 2165 256 2199 συναυξηθεῖσα,
283 2165 406 2200 μεθόδοις
426 2167 562 2201 ίατρικαῖς
584 2168 632 2194 καὶ
647 2168 832 2203 φαρμακείαις

44 2211 134 2237 οὐκέτι
158 2211 332 2246 τοπαράπαν
351 2212 459 2244 ὑπεῖκε,
477 2212 549 2240 καθὰ
568 2212 599 2248 δὴ
625 2214 672 2240 καὶ
693 2213 829 2248 πρόσθεν

884 1623 933 1650 σης
959 1615 1036 1648 ίερᾶς
1067 1614 1174 1648 στολῆς,
1202 1612 1274 1651 ᾗπερ
1293 1614 1372 1649 ἔφην,
1396 1614 1443 1640 τοῦ
1470 1615 1571 1641 κόλπου
1590 1615 1670 1647 δόξας

883 1661 1045 1695 ἐξενεγκεῖν,
1062 1663 1188 1694 σταυροῖς
1204 1661 1284 1687 ἐννέα
1302 1662 1413 1696 χρυσοῖς
1435 1661 1669 1696 ἐντετυπωμένον,

881 1707 1022 1742 ἐπιτίθησι
1037 1706 1077 1741 τῷ
1093 1706 1225 1742 πάσχοντι
1250 1707 1346 1741 μέρει·
1365 1708 1379 1733 ό
1402 1708 1425 1734 δ’
1450 1709 1503 1742 ἄρα
1515 1708 1640 1739 διάκονος
1654 1709 1668 1734 ὁ

882 1752 1073 1788 παρεπόμενος
1087 1752 1184 1787 τούτῳ,
1202 1752 1318 1786 σταυρὸν
1340 1753 1387 1779 καὶ
1411 1753 1492 1783 αὐτὸς
1513 1754 1567 1779 ἀπὺ
1583 1753 1669 1787 κηροῦ

881 1799 961 1832 δόξας
985 1799 1090 1834 φέρειν,
1111 1800 1168 1830 τοῖς
1192 1798 1239 1824 τοῦ
1264 1798 1415 1833 πάσχοντος
1439 1799 1594 1829 ἐπιτίθησιν
1610 1800 1671 1825 όπι-

883 1844 981 1878 σθίοις,
999 1844 1038 1879 τῷ
1050 1843 1242 1880 ύπερκειμένῳ
1253 1843 1304 1877 τῆς
1316 1843 1397 1878 ἐδρας
1410 1843 1480 1878 όστῷ
1498 1843 1669 1878 προσφύσας,

883 1890 956 1925 ἱερὸν
975 1891 1055 1918 τοῦτό
1071 1899 1153 1925 φασιν
1169 1889 1270 1925 ίατρῶν
1288 1890 1395 1921 παῖδες.
1421 1890 1475 1915 Καὶ
1494 1890 1507 1915 ό
1528 1889 1577 1924 μὲν
1593 1889 1672 1915 ταῦθ’

881 1936 953 1964 οὕτω
969 1936 1132 1971 θαυμαστῶς
1148 1936 1299 1970 ἐνεργήσας
1316 1935 1457 1970 Πνεύματι
1472 1934 1536 1967 θείῳ
1552 1935 1598 1961 τοῦ
1615 1936 1671 1961 πά-

883 1988 993 2015 σχοντος
1010 1981 1040 2012 ἐξ
1062 1979 1211 2013 ὀφθαλμῶν
1238 1977 1272 2014 ἦν
1283 1987 1290 1994 °
1310 1980 1324 2006 ὁ
1343 1979 1367 2006 δ’
1382 1980 1493 2010 αὐτίκα,
1510 1979 1563 2006 τῶν
1579 1979 1672 2006 ’ύπνων

882 2024 964 2050 αὑτὸν
986 2025 1155 2055 ὑπανέντων,
1181 2024 1306 2050 νύττεται
1326 2024 1375 2059 τὴν
1393 2025 1527 2059 γαστέρα,
1549 2024 1597 2051 καὶ
1622 2026 1671 2058 τῆς

882 2070 1024 2097 νοσοποιοῦ
1043 2070 1209 2104 θαυμαστῶς
1221 2070 1386 2105 κενωθείσης
1404 2070 1480 2105 ὕλης,
1498 2071 1536 2102 ὡς
1548 2072 1595 2097 καὶ
1609 2072 1672 2102 τοὺς

882 2116 1018 2150 παρόντας
1035 2116 1238 2151 καταπλήττειν
1255 2117 1359 2148 πάντας
1373 2118 1406 2152 τῇ
1421 2117 1482 2152 θέᾳ,
1499 2117 1528 2143 τό
1539 2125 1568 2142 τε
1586 2117 1671 2147 πάθος

882 2161 965 2193 εὐθὺς
978 2161 1154 2196 δραπετεύει,
1174 2163 1221 2188 καὶ
1244 2164 1258 2188 ό
1282 2163 1397 2196 πάσχων
1420 2162 1563 2198 ἐλεύθερος
1581 2162 1611 2188 οὐ
1624 2161 1670 2189 τοῦ

884 2207 1116 2242 προσδοκηθέντος
1148 2209 1229 2242 μόνον
1255 2208 1371 2235 θανάτου
1400 2210 1446 2235 καὶ
1479 2209 1528 2244 τῆς
1560 2209 1671 2243 χρονίας

45 2258 101 2284 ἀλλ’
118 2257 251 2292 ἠλέγχετο
273 2259 353 2285 πάνυ*
380 2259 449 2293 δμηῦ
466 2258 505 2294 τῷ
526 2259 632 2294 σφοδρῷ
650 2260 699 2294 τῆς
721 2259 830 2295 ὀδύνης,
843 2248 870 2278 ι)
882 2252 990 2287 ἐκείνης
1005 2252 1103 2287 ὀδύνης
1116 2253 1253 2286 καθάπαξ,
1267 2254 1335 2280 ἀλλὰ
1357 2255 1404 2280 καὶ
1418 2254 1549 2289 εὖσθενής
1563 2263 1604 2285 τις
1623 2257 1669 2282 καὶ

45 2304 97 2330 τῶν
112 2303 235 2338 φυσικῶν
264 2304 463 2339 ἐμφραγέντων
495 2306 589 2340 πόρων
613 2306 754 2340 καθάπαξ,
785 2307 833 2334 καὶ

46 2351 100 2380 τοῖς
119 2349 310 2384 περιττώμασι
324 2351 375 2384 τῆς
389 2351 508 2386 γαστρὸς
522 2352 642 2388 μηδεμιᾷ
657 2361 712 2379 τινι
724 2354 832 2389 μηχανῇ

45 2396 93 2430 τὴν
104 2396 195 2428 ἔξοδον
213 2397 440 2431 συγχωρούντων,
459 2398 498 2429 ὡς
513 2399 561 2424 καὶ
580 2399 635 2425 τῶν
656 2399 757 2433 ἰατρῶν
769 2401 834 2432 τοὺς

46 2441 172 2475 δοκίμους
190 2440 251 2467 τότε
266 2442 405 2475 παρόντας
420 2441 486 2477 ὕλην
500 2443 561 2470 τινὰ
578 2443 719 2478 μοχθηρὰν
742 2444 833 2478 λέγειν

47 2488 86 2518 εἰς
105 2485 206 2521 ἑαυτὴν
224 2488 379 2518 συστᾶσαν,
407 2489 454 2514 καὶ
482 2491 674 2524 συμπαγεῖσαν
701 2491 741 2522 είς
757 2491 832 2517 λίθου

50 2532 210 2567 μεταϐαλεῖν
237 2533 330 2567 φύσιν,
352 2533 479 2560 κάκεῖνον
507 2536 552 2561 τὸν
579 2535 630 2570 τῆς
647 2537 765 2571 φυσικῆς
788 2539 833 2563 ὲκ-

49 2578 160 2612 κρίσεως
184 2578 372 2612 ἀποφράττειν
401 2579 497 2613 πόρον.
514 2580 600 2616 ’Ἐκ-ιη
632 2582 684 2615 μὲν
707 2580 755 2608 οὖν
781 2583 831 2618 ἤδη

49 2623 144 2658 παρῄει
160 2624 256 2659 τάνδρὶ
272 2624 369 2655 δεινῶς
387 2625 439 2651 ὑπὸ
454 2625 504 2660 τῆς
526 2626 624 2661 ὀδύνης
642 2627 833 2663 στροϐουμένῳ

48 2670 80 2695 ti
93 2670 175 2702 ἐιιδον,
192 2671 239 2696 καὶ
254 2671 320 2696 αὑτό
337 2679 368 2704 γε
384 2673 414 2697 τὺ
437 2671 487 2707 ζῇν
509 2673 575 2705 πρῆς
591 2673 711 2708 ἑσπέραν
729 2674 832 2710 ταύτης

51 2717 255 2750 ἀπαγορεύοντι.
272 2718 333 2743 Τῶν
348 2719 376 2744 δέ
394 2718 587 2753 προσηκόντων
607 2721 668 2745 καθ’
683 2718 764 2756 αἷμα,
785 2723 832 2748 καὶ

49 2762 99 2788 τῶν
114 2762 200 2792 ἄλλως
225 2763 286 2789 καθ’
301 2764 440 2799 ἑταιρείαν
464 2765 574 2790 οἰκείων
589 2773 618 2791 τε
638 2766 686 2792 καὶ
703 2767 831 2802 συνήθων

51 2807 287 2841 παρακαθημένων
305 2816 334 2834 τε
358 2809 405 2835 καὶ
424 2808 650 2843 συμπασχόντων,
667 2809 704 2840 ὡς
718 2810 788 2841 ἔθος,
803 2811 831 2836 ἐν

48 2854 100 2881 τοῖς
111 2852 250 2885 τοιούτοις,
278 2854 325 2879 καὶ
341 2853 387 2879 τὸν
407 2853 479 2880 Θεῖον
502 2854 531 2880 ὲν
557 2853 662 2886 τούτοις
684 2855 724 2887 είς
749 2856 831 2890 μέσον

50 2898 80 2932 Γρ
92 2899 193 2932 ’γόμον
208 2899 403 2934 παρηχούντων
420 2899 458 2934 τῷ
474 2900 555 2934 λόγῳ,
573 2901 619 2927 καὶ
636 2901 685 2936 τὴν
702 2902 830 2936 ἐνεργοῦ-

886 2299 1025 2334 ῥωμαλέος
1044 2300 1091 2327 ἐπὶ
1113 2300 1159 2327 τὸν
1175 2301 1261 2335 τάφον
1279 2301 1327 2327 ἰὼν
1349 2301 1395 2327 τοῦ
1414 2301 1543 2336 μεγάλου,
1560 2301 1593 2328 Ec‘
1607 2302 1670 2328 ἐαυ-

884 2344 931 2370 τοῦ
948 2352 978 2370 τε
990 2344 1105 2380 λαμπρᾷ
1121 2347 1154 2381 τῇ
1172 2347 1247 2381 φωνῇ
1260 2346 1290 2372 τὸ
1306 2346 1354 2372 τοῦ
1374 2347 1513 2382 θαύματος
1533 2347 1670 2382 ὑπερφυὲς

885 2392 968 2418 πᾶσιν
984 2393 1191 2427 ἀνακηρύττων,
1206 2394 1252 2420 καὶ
1264 2392 1323 2429 Θεῷ
1344 2394 1391 2420 καὶ
1409 2394 1447 2429 τῷ
1463 2395 1569 2421 ἐκείνου
1587 2395 1670 2430 θερά-

884 2447 962 2465 ποντι
979 2439 1051 2465 θύων
1063 2439 1097 2465 τὰ
1113 2439 1294 2474 χαριστήρια.

926 2484 956 2510 '0
971 2484 1020 2518 τῆς
1040 2485 1110 2511 κατὰ.
1125 2485 1328 2521 Θεσσαλονίκην
1351 2487 1503 2523 ἐκκλησίας
1519 2488 1574 2514 τῶν
1591 2488 1670 2522 ἱερῶν

885 2530 1015 2566 ᾀσμάτων
1028 2539 1058 2556 τε
1074 2531 1122 2557 καὶ
1142 2530 1233 2565 μελῶν
1249 2531 1374 2566 ἔξαρχος,
1396 2533 1443 2559 καὶ
1457 2533 1506 2559 τοῦ
1520 2533 1601 2568 χοροῦ
1618 2533 1670 2560 τῶν

883 2578 1002 2612 ᾀδόντων
1025 2578 1147 2613 ἀρχηγός
1161 2586 1191 2604 τε
1213 2578 1260 2604 καὶ
1286 2580 1447 2613 κορυφαῖος,
1472 2580 1669 2616 Δομέστικονή

885 2624 1013 2658 συνήθεια
1026 2625 1121 2651 τοῦτὸν
1138 2633 1233 2660 φησιν,
1256 2625 1392 2660 ἐπίσημος
1412 2626 1435 2652 δ’
1451 2626 1480 2652 ἐν
1502 2628 1557 2657 τοῖς
1579 2627 1668 2654 τοιού‹

883 2680 940 2703 τοις
959 2672 1073 2704 ἐκεῖνος,
1091 2673 1138 2698 καὶ
1163 2673 1251 2707 χρόνῳ
1268 2674 1316 2698 καὶ
1337 2671 1420 2708 πείρα
1446 2674 1492 2699 καὶ
1518 2673 1598 2708 φύσει
1623 2674 1669 2700 καὶ

882 2718 964 2752 τέχνῃ
988 2719 1034 2744 καὶ
1059 2719 1141 2744 παντὶ
1156 2718 1195 2753 τῷ
1219 2717 1391 2744 συντελοῦντι
1416 2719 1485 2753 πρὸς
1502 2720 1600 2751 ταῦτα,
1623 2720 1670 2746 καὶ

882 2764 1042 2796 διδάσκοι).ος
1057 2766 1235 2801 χρηματίζων
1258 2761 1323 2791 τῶν⁸
1337 2765 1432 2798 όντων,
1455 2766 1503 2792 καὶ
1519 2767 1590 2793 κατὰ
1606 2767 1671 2794 πάν-

881 2820 937 2837 των
950 2811 980 2838 τὸ
992 2813 1136 2846 πρεσϐεῖον
1156 2812 1325 2847 φερόμενος·
1344 2811 1424 2844 οὗτος
1442 2813 1588 2848 τοιγαροῦν
1601 2815 1670 2848 νόσῳ

882 2857 934 2883 τινὶ
948 2857 1100 2892 συσχεθεὶς,
1114 2858 1143 2890 ἐξ
1159 2858 1224 2894 ὖλης
1237 2859 1378 2894 μοχθηρᾶς
1396 2868 1468 2891 τινος
1482 2859 1529 2887 καὶ
1544 2859 1670 2895 δριμείας

883 2903 943 2938 ἐχού
951 2912 982 2939 σῃ
998 2905 1044 2935 τὰς
1063 2905 1201 2940 ἀφορμὰς,
1215 2906 1337 2932 ἐνιαυτὸν
1353 2906 1413 2933 ὅλον
1431 2907 1523 2943 σχεδὸν
1541 2907 1672 2941 ἀκίνητος
