1882 3066
85 147 132 182 857

466 150 617 184 CONTRA
632 153 848 186 GREGORAM
865 155 1252 187 ANTIRRHETICORUM.
1262 155 1298 186 V.

1634 155 1688 187 858

82 207 125 240 τῆς
139 206 337 241 μυσταγωγιιις.
349 207 410 242 μεθ’
419 204 452 245 ἧς
464 210 509 236 ἐπὶ
522 211 586 243 τοὺς
599 208 695 246 λόγους
711 211 792 247 ἦλθον
806 213 855 239 αὺ-
867 215 892 244 Α
906 213 953 240 καὶ
967 214 1017 242 τὰς
1040 213 1237 244 θεοπνεύστους
1259 213 1315 239 τῶν
1334 211 1432 247 λογίων
1459 212 1622 248 μαρτυρίας.
1641 215 1689 240 καὶ

81 251 236 284 τοὶτούτους,
249 252 401 288 ἀξιώσομεν
419 254 466 281 νῦν
479 256 559 291 ἡμεῖς
572 258 634 289 τοῦς
645 258 710 294 περὶ
725 259 771 285 τὸν
783 259 857 292 φιλό-

82 305 153 329 σοφον
163 297 314 332 Γρηγορᾶν,
331 299 358 326 τί
372 300 436 335 περὶ
452 301 556 328 τούτων
569 303 692 334 ἀξιοῦσιν
705 305 802 332 είπιδν.
823 304 855 332 ΕΖ

82 344 124 379 μιν
137 345 188 380 γὰρ
202 345 338 373 πείθονται
354 347 460 380 τούτοις
473 357 503 376 τε
525 351 583 381 τοῖς
598 351 648 385 ἤδη
664 351 790 386 ῥηθεῖσι,
807 353 854 380 καὶ

79 391 152 417 πΞσιν
163 390 225 425 ἑξῆς
233 392 282 418 ὅσα
294 393 357 428 περὶ
370 394 426 420 τῶν
441 394 532 422 αὐτῶν
545 397 569 422 οί
585 397 704 431 Πατέρες
723 393 795 424 οὗτοι
806 399 855 432 τῆς

83 435 235 470 Ὲκκλησίας
259 438 328 465 κατὰ
345 439 428 475 μέρος
451 440 608 475 θεολογοῦσι
631 443 674 470 διὰ
689 443 790 475 παντὸς
805 443 853 470 τοῦ

75 484 178 521 βιδλίου,
196 485 294 520 ἔχομεν
318 487 349 513 τὸ
370 488 539 523 ζητούμινον
561 489 627 525 ἡδη,
647 491 694 517 καὶ
723 491 785 518 οὐδὲ
801 500 855 518 πυ-

77 529 159 561 κτιων,
183 530 243 557 οὐδὲ
265 531 352 565 λόγων
368 533 471 567 ἑτέρων
487 535 581 569 σχεδὸν
603 535 694 570 χρεία.
711 536 783 563 Αὐτὸ
798 537 853 573 γὰρ

75 574 153 606 τοῦτο,
170 577 216 602 καὶ
226 576 277 602 οὑκ
291 576 356 603 ἄλλο
373 578 472 609 σκοπός
487 580 546 606 ἐστι
562 581 619 611 τοῖς
633 580 772 615 θεολόγοις
787 582 852 608 τού-

74 627 123 650 τοις
143 620 172 646 ἐν
195 620 235 656 τῷ
251 621 366 658 παρόντι
381 625 453 659 φημὶ
476 625 529 652 τῶν
541 625 621 652 θείων
638 627 781 662 ὀνομάτων
810 628 853 664 βι-

75 665 140 700 σλιῳ,
149 666 178 692 τὸ
194 668 259 702 περὶ
271 668 327 694 τῶν
342 670 465 703 φυσικῶν
480 671 527 698 τοῦ
539 671 607 699 Θεοῦ
619 672 792 709 θεολογῆσαι,
805 677 852 703 καὶ

73 710 98 737 τδ
112 711 246 746 ἡνωμένον
259 713 326 749 ὁμοῦ
341 716 388 741 καὶ
402 715 611 752 διακεκριμένον
623 719 712 746 αὑτῶν
719 720 789 755 πρὸς
801 721 852 756 τὴν

73 756 139 784 θείαν
153 758 235 792 φύσιν
260 761 360 792 εἰπεῖν,
377 761 424 788 καὶ
439 763 586 797 ὀνομάσαι,
610 765 657 790 καὶ
682 765 849 801 ἀνυμνῆσαι,

71 803 213 837 κσὶδιδάεαι
228 805 356 840 καθάπερ
367 807 546 843 ἐδιδάχθησαν
563 809 650 836 ταῦτα
664 811 713 845 τὴν
729 812 849 847 Χριστοῦ

76 849 230 884 Ἐκκλησίαν
241 872 248 882 ,
265 852 330 887 περὶ
346 850 383 880 ὧν
398 853 485 888 δήπου
508 855 555 882 καὶ
573 856 652 890 ἡμεῖς
667 857 716 884 νῦν
733 859 851 885 σκοποῦ-

72 903 128 930 μεν·
144 897 168 922 εί
182 897 204 924 δ’
221 898 396 932 ἀπιστοῦσιν,
413 900 444 927 οὐ
468 901 537 936 πρὸς
559 903 670 935 αὑτοὺς,
695 904 763 931 ἀλλὰ
779 905 848 940 πρδς

71 942 149 968 πᾶσαν
165 944 234 977 ὁμοῦ
260 945 310 979 τὴν
324 945 507 982 εὑαγγελικὴν
517 967 525 980 ,
552 949 599 975 καὶ
614 949 799 987 άποστολικήν
817 961 848 979 τε

70 988 111 1014 καὶ
132 991 304 1025 προφητικῷ
335 991 485 1026 θεολογίαν,
519 994 567 1020 καὶ
592 995 638 1023 τδν
669 995 697 1022 ὲν
718 997 787 1032 αὑτῇ
817 1006 848 1024 τι

70 1034 110 1060 καὶ
136 1036 240 1067 τούτοις
266 1036 422 1072 λαλὴσαντα
455 1039 541 1072 Θεὸν,
571 1041 606 1068 τὰ
635 1041 687 1076 τῆς
716 1043 847 1076 ἀπιστίας

69 1079 185 1115 καθαρῶς
194 1082 338 1109 διαΰαίνει.
357 1084 411 1111 Καὶ
429 1085 472 1117 τίς
480 1085 520 1112 ἔτι
534 1087 603 1122 πρός
619 1095 651 1121 γε
674 1089 738 1120 τοὺς
758 1090 846 1117 τοιού-

67 1133 122 1157 τους
147 1127 227 1161 λόγος
246 1129 390 1163 ἡμίν,καὶ
417 1131 505 1157 ταῦτα
535 1133 601 1167 περὶ
633 1134 783 1168 τοιούτων;
813 1136 847 1163 ’Δ

68 1172 125 1207 γὰρ,
145 1175 239 1209 φησὶν,
261 1176 274 1201 ό
299 1175 380 1210 νόμος
392 1176 478 1209 λαλεῖ,
495 1179 551 1210 τοῖς
567 1179 596 1205 ὲν
610 1179 650 1213 τῷ
662 1180 737 1216 νόμῳ
759 1181 846 1214 λαλεῖ,

67 1220 116 1250 τοῖς
129 1220 193 1252 γοῦν
207 1221 354 1249 ἀπιστοῦσι
377 1224 438 1258 περὶ
453 1224 503 1259 τῆς
518 1225 581 1260 ὅλης
596 1225 732 1262 θεότητος,
747 1227 788 1255 ὅτι
801 1228 848 1255 καὶ

68 1265 143 1299 μονάς
157 1266 228 1297 ἐστι,
241 1266 289 1292 καὶ
302 1267 392 1301 τριὰς,
403 1268 450 1295 καὶ
464 1269 504 1296 ὅτι
518 1270 578 1298 κατ’
594 1272 683 1299 ἐκεῖνο
697 1273 747 1307 μὲν
763 1274 848 1310 ὑπερ-

66 1310 134 1343 φυῶς
149 1319 178 1337 τε
197 1312 246 1338 καὶ
262 1312 388 1348 ἀρρήτως
409 1314 530 1349 ἥνωται,
550 1317 622 1344 κατά
636 1317 716 1345 τοῦτο
731 1319 761 1345 δὲ
775 1319 846 1346 διαι-

66 1357 145 1390 ρεῖται
159 1357 334 1392 ἀδιαιρέτως,
347 1360 393 1386 καὶ
403 1360 477 1388 ἐστιν
491 1362 562 1398 ὑπὲρ
579 1363 668 1390 πάντα
684 1363 764 1399 λόγον
777 1366 847 1400 ὁμοῦ

65 1402 90 1428 ιν
105 1403 171 1439 αὐτῇ
190 1403 208 1439 ἡ
223 1413 253 1430 τε
268 1404 403 1440 διάκρισις
420 1408 466 1434 καὶ
491 1409 508 1443 ἡ
524 1409 631 1442 ἓνωσις,
647 1411 695 1438 καὶ
709 1411 750 1438 ὃτι
777 1413 847 1448 μόνη

65 1448 133 1483 πηγὴ
148 1448 199 1484 τῆς
215 1450 381 1486 ὑπερουσίου
396 1453 522 1488 θεότητος
537 1455 551 1480 ὀ
570 1455 676 1491 Πατὴρ,
689 1456 738 1484 καὶ
752 1457 786 1484 τὰ
797 1458 847 1492 τῆς

64 1493 221 1531 ὑπερουσίου
239 1498 376 1532 θεογονίας
389 1499 439 1527 οὐκ
455 1501 630 1537 ἀντιστρέφει
647 1503 717 1538 πρδς
730 1503 845 1539 ἄλληλα,

907 259 939 294 δὴ
956 259 1003 286 καὶ
1027 259 1076 290 τὰς
1097 259 1173 294 ίεράς
1198 258 1385 293 ἀποκαλύψεις
1401 260 1478 293 φασὶ,
1497 260 1561 294 περὶ
1583 259 1611 286 δὲ
1633 259 1688 285 τῶν

905 304 1041 340 δευτέρων
1056 304 1159 331 τούτων
1174 305 1250 331 οὐδέν
1265 313 1291 331 τι
1306 305 1361 330 τῶν
1373 305 1526 340 εἰρημένων
1539 294 1687 336 οὺδοτῖοῦν,

900 350 976 380 ,ιστω
993 350 1079 377 ταῦτα
1095 351 1164 378 κατά
1184 350 1231 377 τδν
1248 351 1382 386 ὑμέτερον
1401 351 1490 385 λόγον,
1503 352 1550 378 καὶ
1564 352 1688 378 πιστευέ-

905 397 1014 424 σθωσαν
1030 397 1079 431 μὲν
1094 397 1123 423 ἐν
1147 397 1274 429 ἐκείνοις,
1299 397 1524 423 άπιστείσθωσαν
1540 397 1562 423 δ’
1580 397 1608 423 ἐν
1628 397 1689 423 τού-

903 451 960 474 τοις
976 443 1037 470 καθ’
1053 444 1124 478 ὑμᾶς
1139 444 1163 469 οἱ
1179 443 1262 470 κοινοὶ
1276 444 1327 478 τῆς
1344 443 1506 477 Ἐκκλησίας
1516 443 1686 470 διδάσκαλοι·

904 490 1031 524 φείδομαι
1050 491 1104 525 γάρ
1123 498 1149 516 τι
1167 490 1249 516 πλέον
1262 490 1364 516 είπεῖν·
1380 490 1406 516 εί
1421 490 1449 516 δὲ
1465 489 1561 525 ὥσπερ
1576 490 1604 515 tv
1617 489 1688 515 ὲκεί-

903 543 971 567 νοις.
984 535 1056 562 οὕτω
1069 536 1120 561 κάν
1134 536 1250 567 τούτοις,
1266 535 1315 562 καὶ
1330 534 1488 562 ἀποστόλων
1504 535 1574 564 είσὶν
1586 535 1689 570 ἀκροα-

903 575 959 613 ταὶ,
985 581 1032 608 καὶ
1057 581 1188 616 διάδοχοι,
1216 582 1262 608 καὶ
1287 580 1418 614 θεολόγοι,
1441 581 1487 607 καὶ
1518 579 1688 606 διδασκάλων

903 626 993 661 ἄκροι,
1008 627 1062 653 κάκ
1083 627 1137 653 τῶν
1152 627 1248 661 λογίων
1266 627 1356 654 πᾶσαν
1381 626 1449 662 ὁμοῦ
1473 626 1613 660 θεολογίαν
1636 634 1689 661 μα-

904 673 995 704 θόντες
1017 673 1122 708 ἔχουσι,
1137 674 1185 700 καὶ
1206 673 1269 707 περὶ
1285 673 1394 699 πάντων
1411 671 1541 703 ὡσαύτως
1555 671 1605 706 τὴν
1621 671 1690 697 ἀνω-

902 719 949 745 θεν
968 719 1142 754 ἀποκάλυψιν
1165 719 1212 746 καὶ
1230 719 1279 754 τὴν
1296 719 1416 754 ἆρῤητον
1432 718 1628 753 μυσταγωγίαν
1646 717 1688 742 δε-

902 765 1025 800 ξάμενοι,
1050 766 1098 792 καὶ
1126 766 1271 801 μαθόντες,
1293 768 1339 793 καὶ
1366 766 1498 797 παθόντες
1514 765 1616 795 ἐκεῖνα,
1640 764 1689 789 καὶ

900 811 1028 848 διαστολὴ
1050 821 1091 843 τις
1125 812 1154 839 ἐν
1182 812 1297 844 ἐκείνοις
1321 812 1369 839 καὶ
1399 811 1533 846 διαίρεσις
1555 809 1688 844 οὐδαμοῦ,

901 858 943 890 τίς
957 859 973 893 ἡ
991 858 1072 893 καινὴ
1086 858 1129 884 καὶ
1146 858 1303 893 παράλογος
1317 857 1385 892 αὕτη
1399 858 1497 892 τόλμα,
1514 856 1552 888 ὡς
1564 855 1612 882 νῦν
1637 854 1688 889 μὲν

900 903 998 934 αὐτοὺς
1014 905 1071 935 τοῖς
1087 904 1258 935 διδασκάλοις
1274 912 1303 930 τε
1315 903 1362 930 καὶ
1375 904 1431 935 τοῖς
1443 902 1580 936 θεολόγοις
1593 900 1689 936 ἐγκρί-

899 958 967 982 νειν,
980 949 1027 976 νῦν
1037 949 1066 976 δὲ
1080 949 1142 981 τοὺς
1155 950 1255 981 αὐτοὺς
1265 949 1427 984 διαγράφειν
1440 948 1509 983 μετὰ
1525 948 1627 983 πολλῆς
1636 946 1688 980 τῆς

899 995 1033 1029 ἐξουσίας,
1052 995 1098 1020 καὶ
1120 995 1182 1021 τοτὲ
1205 994 1257 1029 μιν
1281 994 1411 1029 Ἰερόθεόν
1434 1001 1463 1020 τε
1486 992 1533 1019 καὶ
1548 990 1687 1018 Διονύσιον

900 1041 970 1074 μετὰ
986 1040 1041 1068 τῶν
1059 1040 1217 1067 ἀποστόλων
1232 1048 1262 1066 τε
1276 1040 1323 1066 καὶ
1343 1038 1476 1071 θεολόγων
1497 1037 1619 1068 ἑστάναι,
1639 1036 1688 1062 καὶ

898 1087 1074 1119 διδασκάλους
1088 1084 1159 1114 εῖναι
1189 1087 1235 1113 καὶ
1252 1087 1376 1121 κήρυκας
1391 1084 1445 1111 τῶν
1455 1083 1687 1118 ὑπερφυιστάτων

899 1134 961 1168 περὶ
987 1132 1056 1160 Θεοῦ
1081 1133 1180 1167 λόγων,
1208 1133 1243 1166 ἃν
1267 1132 1315 1159 καὶ
1335 1131 1370 1158 τὰ
1391 1131 1458 1166 ὑμῖν
1477 1129 1624 1163 θεολογῶσι
1645 1129 1689 1155 δο-

897 1179 1011 1212 κοῦντα,
1030 1180 1090 1206 τοτὲ
1104 1180 1132 1206 δὲ
1146 1178 1297 1214 ὑπερορίαν
1310 1178 1401 1204 αὐτῶν
1419 1185 1450 1204 τε
1467 1177 1514 1203 καὶ
1532 1177 1582 1210 τῆς
1597 1175 1689 1201 αὐτῶν

898 1225 1138 1260 καταψηφίζεσθαι
1161 1224 1313 1258 θεολογίας,
1333 1225 1358 1250 εἰ
1383 1222 1421 1258 μὴ
1448 1224 1511 1253 ταῖς
1538 1221 1688 1256 ὑμετέραις

900 1270 1150 1306 συμπεριφέροιντο
1165 1270 1267 1302 δόξαις
1280 1270 1316 1296 Ἦ
1326 1269 1380 1304 γὰρ
1397 1269 1450 1296 κάν
1463 1267 1572 1299 τούτοις
1589 1275 1618 1293 τε
1638 1266 1688 1292 κά-

898 1315 999 1347 κείνοις
1022 1315 1135 1350 ἀληθεῖς
1161 1315 1187 1342 οί
1213 1314 1381 1345 διδάσκαλοι.
1406 1314 1453 1341 καὶ
1468 1313 1510 1340 δεῖ
1529 1313 1575 1340 τὸν
1599 1311 1685 1347 ἀληθῆ

898 1360 945 1388 τοῦ
962 1361 1133 1395 Εὐαγγελίου
1151 1361 1258 1395 μύστην
1268 1360 1401 1392 ὡσαύτως
1415 1361 1445 1386 ὲν
1459 1359 1624 1394 ἀμφοτέροις
1635 1358 1685 1384 αύ-

897 1408 954 1439 τοῖς
976 1407 1162 1442 πείθεσθαι,ἡ
1184 1407 1294 1441 ψευδεῖς
1319 1407 1367 1433 καὶ
1387 1406 1449 1433 κατ’
1473 1406 1569 1441 ἄμφω,
1586 1405 1634 1432 καὶ
1646 1404 1687 1431 δεῖ

898 1455 947 1481 καὶ
967 1453 1028 1481 κατ’
1048 1453 1134 1488 ἄμφω
1151 1453 1257 1485 τούτοις
1281 1452 1406 1479 ἀπειθεῖν
1418 1459 1425 1467 ·
1441 1452 1471 1479 οὗ
1488 1453 1543 1487 γὰρ
1560 1451 1592 1486 δὴ
1607 1450 1687 1477 τοῦτο

897 1499 1009 1526 κάκεῖνό
1019 1499 1046 1534 γ’
1061 1499 1095 1526 ἂν
1113 1500 1168 1534 εἴη,
1183 1500 1214 1526 τὺ
1239 1499 1354 1534 θάτερον
1374 1499 1424 1534 μέν
1436 1506 1508 1533 φημι
1528 1497 1685 1532 ψεύδεσθαι,

63 1541 105 1566 καὶ
114 1541 164 1568 δσα
176 1543 283 1575 τούτοις
293 1544 447 1577 ἀκολούθως
455 1546 479 1572 οί
494 1546 615 1581 θεολόγοι
628 1548 708 1583 φασὶ,
726 1551 784 1582 τοῖς
796 1549 843 1578 οὖν
857 1550 878 1580 C
895 1546 1009 1582 θάτερον
1027 1546 1055 1573 δέ
1071 1546 1226 1581 ἀληθεύειν.
1240 1545 1302 1573 ἐπεὶ
1328 1544 1401 1572 οὕτω
1427 1553 1479 1572 που
1495 1545 1541 1571 καὶ
1572 1543 1622 1579 τὴν
1637 1544 1686 1570 ἀμ

63 1586 201 1614 ἀπιποῦσι
221 1590 254 1624 τῇ
271 1589 335 1624 περὶ
353 1590 402 1625 τῆς
419 1591 584 1626 ὑπερουσίου
610 1593 706 1627 οὐσίας
725 1595 773 1623 καὶ
790 1596 845 1623 τῶν

62 1634 158 1670 ταύτης
174 1635 330 1671 θεαρχικῶν
344 1637 520 1665 ὑποστάσεων
534 1640 701 1677 ἀποστολικῇ
723 1643 845 1677 παραδό-

63 1689 99 1707 σει
113 1690 143 1708 τι
159 1682 208 1708 καὶ
226 1681 350 1718 θεολογίᾳ
360 1703 367 1715 ,
386 1684 444 1716 πῶς
458 1684 491 1712 ἄν
508 1694 550 1717 τις
565 1688 629 1721 περὶ
645 1687 700 1714 τῶν
720 1689 845 1722 φυσικῶν

62 1726 103 1753 τοῦ
123 1727 193 1754 Θεοῦ
208 1727 385 1763 διαλέγηται,
403 1729 492 1757 καὶτὸ
508 1731 577 1765 πρὸς
592 1732 641 1767 τὴν
654 1733 783 1769 ὑπερφυᾶ
795 1734 845 1768 φύ-

63 1780 101 1799 σιν
114 1773 255 1808 ἡνωμένον
267 1783 297 1801 τε
312 1774 358 1801 καὶ
373 1777 582 1811 διακεκριμένον
597 1779 687 1805 αὐτῶν
704 1781 773 1814 μετὰ
788 1781 845 1809 τῶν

61 1818 243 1846 ἁποστολικῶν
254 1820 356 1848 τούτων
367 1821 472 1856 ἀνδρῶν
486 1822 598 1860 θεολογῇ
609 1834 615 1857 ;
627 1825 713 1852 Τοῦτο
731 1826 778 1853 καὶ
791 1827 844 1862 γὰρ

60 1864 90 1890 ἂν
107 1864 150 1900 εἴη
165 1865 197 1892 τδ
214 1865 276 1892 καθ’
299 1865 394 1898 ὕδατος
409 1868 535 1902 γράφειν,
551 1869 567 1904 ἥ
591 1870 727 1898 διανεύειν
741 1873 843 1908 τυφλῷ.

60 1909 88 1937 Εἰ
106 1911 133 1938 δὲ
146 1912 241 1948 ἐκείνῃ
256 1913 306 1947 μέν
322 1921 405 1947 φασιν
418 1914 483 1946 ῖσως
499 1916 532 1950 τῇ
551 1916 677 1953 θεολογίᾳ
695 1919 843 1953 πιστεύειν,

58 1957 139 1993 ταύτῃ
154 1958 184 1984 δὲ
204 1958 340 1993 οὐδαμῶς,
356 1960 465 1995 πρῶτον
477 1961 528 1996 μὲν
544 1962 605 1990 οὑδὲ
623 1966 762 1991 πιστεύειν
777 1966 844 1997 ὅλως

58 2003 144 2035 αὐτοῖς
168 2004 276 2036 ἔξεστιν
297 2005 414 2032 ἀδύνατα
435 2006 558 2041 λέγουσι,
583 2010 630 2035 καὶ
656 2010 845 2045 σοφιζομένοις

58 2051 201 2084 προφανῶς
209 2051 272 2083 τοὺς
283 2052 422 2086 ἀκροατάς
434 2060 441 2068 ·
455 2053 536 2087 φύσιν
547 2055 602 2089 γὰρ
613 2055 678 2082 ἄνευ
693 2056 748 2083 τῶν
759 2057 844 2091 αὑτῆς

56 2097 178 2131 φυσικῶν
190 2096 251 2123 οὐδὲ
274 2098 302 2123 ὲν
317 2097 458 2131 λογισμοῖς
469 2099 534 2133 γοῦν
560 2100 675 2127 δυνατὸν
689 2102 844 2129 ἀναπλάσαι

56 2144 101 2169 καὶ
120 2144 344 2178 ὑποστήσασθαι·
357 2144 392 2172 τὰ
407 2145 435 2172 δὲ
452 2147 554 2180 φυσικὰ
568 2147 725 2182 κατάλληλα
742 2149 783 2175 δεῖ
794 2158 843 2176 πε-

55 2191 171 2224 φυκέναι
184 2192 217 2226 τῇ
231 2191 393 2228 πηγαζούσῃ
409 2193 500 2225 φύσει,
512 2194 546 2220 ἶν’
558 2194 625 2221 αὐτὸ
638 2194 718 2221 τοῦτο
734 2195 781 2222 καὶ
792 2203 844 2229 φυ-

895 1591 1007 1626 τίφασιν
1027 1592 1184 1626 συμφωνεῖν
1198 1591 1232 1618 ἂν
1251 1591 1295 1626 εἴη
1311 1591 1381 1626 πρδς
1404 1591 1517 1625 ἑαυτήν.
1533 1590 1640 1622 Ἀλλως
1654 1598 1685 1621 τε
1739 1620 1743 1623 ,

897 1637 988 1664 καὶτὸ
1001 1637 1040 1673 τῷ
1060 1637 1216 1672 διδασκάλῳ
1239 1638 1289 1665 νῦν
1305 1637 1357 1672 μὲν
1376 1637 1492 1664 ἕπεσθαι
1512 1637 1561 1664 νῦν
1576 1637 1686 1664 δ’άντι-

896 1683 987 1718 λέγειν
1012 1684 1128 1717 ἐθέλειν,
1144 1685 1192 1711 καὶ
1206 1684 1283 1711 ταῦτ’
1306 1685 1336 1711 ἐν
1351 1685 1407 1716 τοῖς
1429 1685 1580 1720 ἀξιώμασι,
1597 1684 1686 1718 μαθη-

894 1729 941 1757 τοῦ
956 1738 988 1764 γε
1012 1729 1063 1756 οὐκ
1081 1730 1114 1756 ἂν
1137 1730 1192 1763 εῐη.
1209 1729 1296 1757 Τοῦτο
1316 1730 1371 1765 γάρ
1387 1731 1462 1758 ἐστιν
1487 1731 1516 1756 οὺ
1542 1737 1686 1764 μυσταγωτ

895 1775 1031 1810 γουμένου
1055 1775 1101 1801 καὶ
1116 1774 1298 1809 τυπουμένου,
1319 1774 1364 1801 τὸν
1376 1774 1404 1802 δὲ
1428 1773 1609 1809 μυσταγωγὸν
1638 1775 1685 1800 καὶ

894 1821 940 1848 τὸν
971 1820 1073 1847 κανόνα
1102 1820 1203 1855 μᾶλλον
1238 1821 1306 1855 πρὸς
1338 1821 1434 1848 ἑαυτὸν
1466 1820 1602 1853 ἕλκοντος,
1636 1820 1684 1846 καὶ

894 1866 943 1899 τὰς
967 1866 1059 1902 πηγὰς
1084 1866 1140 1894 ἂνω
1159 1867 1290 1902 ποταμῶν
1307 1869 1409 1902 χωρεῖν
1431 1865 1588 1898 κελεύοντος
1610 1865 1684 1893 αντι-

895 1922 973 1949 κρυς.
1285 1930 1287 1934 τ

931 1960 962 1986 El
976 1960 1005 1986 δὲ
1021 1959 1053 1995 δὴ
1069 1959 1174 1994 λέγοιεν
1188 1959 1213 1986 οί
1232 1959 1298 1994 περὶ
1312 1959 1358 1986 τὸν
1373 1959 1520 1994 φιλόσοφον
1535 1956 1627 1992 αὖθις,
1643 1960 1682 1991 ὡς

895 2006 986 2041 ἐκείνη
1005 2005 1054 2041 μὲν
1068 2006 1084 2040 ἡ
1097 2006 1161 2041 περὶ
1177 2005 1339 2040 μοναρχίας,
1354 2005 1401 2031 καὶ
1415 2005 1447 2041 δὴ
1466 2005 1511 2031 καὶ
1530 2005 1583 2031 τῶν
1599 2004 1682 2040 τριῶν

895 2052 1049 2087 θεαρχικῶν
1065 2052 1242 2078 ὑποστάσεων
1256 2051 1391 2085 θεολογία.
1416 2052 1491 2087 παρὰ
1506 2052 1539 2086 τῇ
1554 2051 1615 2087 θείᾳ
1630 2059 1682 2086 κη-

896 2097 1022 2132 ρύττεται
1036 2097 1110 2133 πάσῃ
1127 2097 1234 2133 Γραφῇ,
1249 2098 1295 2124 καὶ
1310 2097 1398 2129 οὐδεὶς
1417 2098 1542 2124 ὁστισοῦν
1556 2098 1614 2123 ἐστι
1626 2097 1681 2124 τῶν

895 2143 1011 2176 πιστῶν,
1022 2144 1051 2176 ὃς
1059 2140 1222 2178 ἀντιλέγειν,
1234 2144 1249 2178 ἢ
1262 2143 1327 2178 γοῦν
1338 2144 1521 2179 ἀμφισϐητεῖν
1536 2144 1604 2176 ὅλως
1615 2145 1680 2179 περὶ

894 2190 949 2217 τῶν
967 2191 1130 2225 ἀξιωμάτων
1139 2190 1236 2224 ἐθέλει,
1248 2191 1283 2218 τά
1293 2190 1322 2217 δὲ
1337 2191 1401 2226 περὶ.
1412 2190 1534 2226 προόδων
1542 2191 1621 2218 ταυτὶ
1633 2192 1679 2218 καὶ

56 2237 118 2263 and
132 2237 292 2272 τυγχάνοιεν
308 2238 384 2272 ὄντα,
397 2239 444 2265 καὶ
460 2239 635 2272 καταλλήλως
645 2241 679 2267 δι’
694 2241 784 2268 αὐτῶν
801 2242 842 2268 ὲν·
855 2245 882 2275 D
896 2236 1039 2271 ινεργειῶν
1055 2245 1085 2263 τε
1102 2237 1149 2263 καὶ
1166 2237 1337 2271 μεταδόσεων
1360 2238 1408 2264 καὶ
1422 2238 1556 2273 διαφορᾶς
1571 2238 1679 2272 φύσεως

56 2284 145 2318 εργεῖν
158 2284 208 2319 τὴν
222 2283 312 2316 φύσιν*
325 2284 421 2312 ἔπειτα
434 2285 462 2312 δὲ
473 2286 530 2318 πῶς
547 2287 575 2313 tv
584 2287 700 2318 ὲκείνοις
715 2288 765 2322 μέν
775 2296 843 2322 φασι

55 2330 109 2360 τοῖς
125 2329 256 2363 πρώτοις,
272 2329 398 2365 Ἰεροθέῳ
411 2339 441 2357 τε
458 2333 506 2358 καὶ
525 2332 666 2367 Διονυσίῳ,
686 2332 842 2367 θεολογοῦσι

55 2375 210 2406 πείθεσθαι,
232 2376 278 2402 καὶ
301 2375 390 2403 ταῦτα
413 2377 478 2412 περὶ
494 2377 622 2405 τοιούτων
647 2377 781 2411 εἰποῦσιν,
805 2375 842 2405 ὦν

56 2421 113 2447 οὐδὲ
131 2421 220 2456 ἀρχὰς
237 2421 311 2448 ἐστιν
334 2422 424 2458 εὑρεῖν
440 2423 500 2450 ούδὶ
526 2424 751 2459 παραδείγματα,
775 2424 842 2452 ἀλλά

56 2466 177 2498 πίστεως
194 2468 235 2495 δεῖ
249 2468 344 2503 μόνης.
364 2469 412 2496 καὶ
433 2469 567 2503 ὑπακοῆς,
583 2471 606 2496 εί
634 2471 671 2505 μὴ
687 2471 780 2505 μέλλοι
800 2480 842 2503 τις

55 2511 107 2544 ἔξω
122 2513 170 2539 τοῦ
195 2514 275 2547 λόγου
307 2514 354 2541 καλ⁸
370 2515 419 2549 τῆς
437 2514 512 2547 θείας
529 2516 637 2551 τρέχειν
654 2516 841 2548 διδασκαλίας,

55 2557 84 2582 ὲν
101 2558 130 2585 δὲ
144 2560 202 2590 τοῖς
227 2559 365 2595 δευτέροις
391 2561 508 2593 τούτοις,
532 2562 598 2596 περὶ
617 2558 655 2589 ὧν
677 2561 725 2588 νῦν
748 2562 813 2597 ἡμῖν
828 2563 842 2589 ό

56 2603 148 2638 λόγος,
165 2605 234 2640 μετὰ
250 2606 353 2641 πολλῆς
372 2615 443 2638 τινος
458 2607 508 2642 τῆς
535 2607 687 2639 ὲνστάσεως
698 2608 840 2641 ζάπειθείν,

56 2650 121 2678 ὅπου
138 2653 185 2678 καὶ
199 2652 289 2687 ἀρχὰς
305 2653 346 2680 ἔνι
358 2653 412 2680 τῶν
430 2653 518 2688 λόγων
533 2654 636 2688 εὑρεῖν.
655 2655 703 2682 καὶ
723 2654 842 2690 φυσικὴν

56 2696 219 2724 ἀκολουθίαν
232 2699 304 2730 τινὰ,
322 2699 370 2725 καὶ
384 2699 618 2734 παραδειγμάτων
633 2701 766 2736 ἀμηγέπη
781 2701 842 2736 βοή-

57 2742 145 2775 θειαν;
162 2743 191 2769 El
208 2743 258 2777 μὲν
273 2744 327 2779 γὰρ
351 2745 381 2771 ὲν
405 2745 520 2777 ἐκείνοις
538 2746 629 2780 μόνοις
648 2747 704 2778 τοῖς
723 2746 842 2782 πρώτοις

55 2789 196 2820 Διονύσιός
223 2797 253 2815 τε
275 2791 323 2816 καὶ
343 2790 472 2826 Ὶερόθεος
490 2791 648 2819 ἀποστόλων
669 2792 723 2818 είσὶ
745 2800 840 2829 φοιτη-

55 2835 101 2861 to).
118 2835 166 2861 καὶ
187 2835 315 2872 διάδοχοι,
333 2837 381 2864 καὶ
402 2837 453 2872 τῆς
470 2837 633 2872 Ἐκκλησίας
651 2838 839 2873 μυσταγωγοὶ,

56 2879 75 2915 ἡ
89 2881 153 2918 περὶ
173 2881 286 2910 ἐκείνων
311 2887 399 2918 μόνων
423 2883 566 2919 εἰληφέναι
595 2885 643 2917 τὰς
663 2884 838 2920 παραδόσεις,

895 2281 977 2314 θείας,
991 2282 1038 2307 καὶ
1056 2281 1179 2316 φυσικῶν
1191 2282 1355 2317 ἰδιωμάτων,
1369 2283 1415 2310 καὶ
1429 2283 1481 2311 ὃσα
1494 2284 1598 2311 τούτων
1615 2285 1679 2319 ἑξῆς
1723 2304 1726 2306 -

894 2327 973 2361 ὑμεῖς
985 2327 1083 2358 αὐτοὺς
1097 2327 1189 2361 λέγειν
1201 2328 1280 2362 φατὲ,
1295 2328 1382 2355 ταῦτα
1394 2329 1484 2356 τοίνυν
1492 2330 1543 2357 οὑκ
1553 2330 1611 2357 ἔστι
1632 2331 1680 2357 λα-

894 2374 950 2400 ϐεῖν
960 2373 1089 2405 ὡσαύτως
1105 2374 1137 2400 ὲκ
1160 2374 1214 2400 τῶν
1230 2374 1310 2401 θείων
1327 2375 1453 2410 Γραφῶν.
1469 2376 1523 2403 Καὶ
1540 2376 1585 2403 διὰ
1600 2376 1679 2403 τοῦτο
1716 2384 1719 2387 ‘

893 2420 939 2446 καὶ
947 2420 1027 2454 ἡμεῖς
1039 2419 1218 2454 ἀντιλέγομεν
1228 2421 1344 2453 τούτοις,
1354 2421 1406 2454 ἔξω
1413 2422 1460 2448 τοῦ
1471 2423 1534 2450 καθ’
1545 2423 1618 2458 ἡμᾶς
1635 2422 1678 2449 λό-

892 2473 941 2500 γου
958 2465 1079 2498 δοκοῦσι,
1103 2465 1203 2500 ψεῦδος
1216 2468 1264 2493 καὶ
1285 2467 1376 2495 τοῦτο.
1402 2469 1470 2504 Περὶ
1486 2468 1536 2504 μὲν
1558 2469 1612 2504 γὰρ
1627 2469 1677 2504 τῆς

893 2512 1010 2544 παλαιᾶς
1026 2512 1117 2547 πάσης
1128 2513 1250 2548 Γραφῆς,
1265 2514 1387 2546 Μωσέως
1399 2516 1481 2550 φημὶ,
1498 2517 1545 2543 καὶ,
1562 2516 1615 2543 τῶν
1629 2524 1677 2543 κα-

893 2557 973 2593 θεξῆς
981 2559 1140 2593 προφητῶν,
1147 2559 1208 2586 οὐδὲ
1217 2560 1290 2586 ἔστιν
1299 2561 1387 2587 εἰπεῖν
1395 2562 1457 2588 ὅσον
1464 2562 1492 2588 τὸ
1504 2564 1552 2598 τῆς
1561 2562 1677 2598 Τριάδος

892 2605 1055 2639 ἀπέκρυψαν
1066 2605 1228 2640 μυστήριον,
1238 2607 1339 2642 σφόδρα
1351 2608 1499 2640 δεδοικότες
1509 2609 1539 2634 τὸ
1554 2610 1618 2643 περὶ
1626 2609 1677 2644 τὴν

892 2650 1038 2677 πολυθεῖαν
1051 2651 1265 2687 εὐπερίτρεπτον
1287 2653 1333 2679 καὶ
1353 2653 1444 2688 λίχνον
1459 2654 1513 2681 τῶν
1532 2654 1676 2688 Ἰουδαίων,

893 2697 940 2723 καὶ
957 2696 1001 2723 διὰ
1023 2696 1164 2729 τοῦτο,καὶ
1191 2697 1232 2728 τὸ,
1248 2699 1353 2732 Κύριος
1369 2701 1386 2725 ό
1401 2700 1473 2732 Θεός
1489 2707 1549 2727 σου
1567 2702 1679 2734 Κύριος

893 2740 935 2775 εἷς
946 2743 1022 2776 ἐστι,
1036 2743 1092 2776 καὶ,
1103 2744 1211 2777 Κύριος
1226 2745 1242 2771 ὁ
1255 2745 1326 2777 Θεὸς
1335 2745 1440 2779 μόνος,
1455 2747 1512 2778 καὶ,
1522 2746 1595 2781 Ἐγὼ
1606 2747 1678 2780 Θεὸς

893 2788 1019 2824 πρῶτος,
1033 2790 1081 2816 καί
1096 2790 1152 2825 ἐγὼ
1165 2792 1241 2825 μετὰ
1251 2791 1354 2822 ταῦτα,
1372 2792 1422 2818 καί
1435 2792 1520 2825 πλὴν
1535 2792 1608 2826 ἐμοῦ
1621 2794 1678 2820 οὐκ

894 2835 991 2868 ἐστιν,
1000 2834 1034 2862 ἔκ
1048 2835 1195 2872 προσώπου
1208 2838 1307 2873 δηλαδὴ
1323 2837 1370 2864 τοῦ
1383 2837 1450 2864 Θεοῦ
1462 2838 1594 2873 λεγόμενα
1608 2839 1676 2865 πολὺ

894 2883 959 2918 παρ’
974 2882 1099 2916 ἐκείνοις,
1120 2885 1167 2911 καὶ
1181 2883 1214 2911 τὰ
1234 2883 1413 2920 παραπλήσια
1433 2883 1550 2916 τούτοις.
1565 2884 1604 2912 Οὐ
1618 2884 1672 2919 μὴν
