1880 3071
53 128 128 165 ιοιδ

432 137 584 168 CONTRA
602 138 818 172 GREGOBAM
839 141 1220 177 ANTIRRHETICORUM
1237 146 1290 177 IX.

1622 149 1691 180 10H

49 198 111 217 νον.
133 190 165 217 Ὀ
180 191 236 226 γὰρ
256 191 304 227 τὴν
325 192 442 228 δύναμιν
460 194 684 235 παρασχὼν-τοϊς
709 197 769 224 οὖσι
795 198 842 224 τοῦ
863 200 883 228 Α
900 198 949 232 τῆς
975 202 1170 237 προωητικῆς,
1188 202 1204 236 ἦ
1224 204 1274 237 τῆς
1298 204 1437 239 πανταχοῦ
1463 204 1622 240 θεούσης,ἢ
1645 207 1688 233 αί-

48 235 124 263 εῐναι
143 237 212 269 Θεὸς
229 238 275 264 καὶ
294 238 418 274 ἐπόπτης
431 240 485 266 τῶν
503 241 549 267 ὑπ’
567 242 674 269 ἐκείνου
691 243 842 277 γεγονότων

46 282 121 308 ἐστί.
140 283 197 309 Καὶ
215 282 275 318 μετ’
287 283 395 318 ὀλίγον·
418 285 528 320 Ἐπειδὴ
542 287 634 314 τοίνυν
647 288 677 314 τὸ
693 289 843 323 κεφάλαιον

48 328 102 362 τῆς
128 332 273 366 συμφορᾶς
298 331 378 366 ήμῶν
406 333 486 359 τοῦτο
510 331 556 369 ἦν.
581 334 611 361 τὸ
636 335 843 370 ἐκκηρυχθῆναι

48 374 100 401 τοῦ
118 375 227 409 ἀγαθοῦ
251 377 359 412 Πατρὸς
377 378 407 404 τὸ
430 378 614 414 ἀνθρώπινον,
630 381 677 407 καὶ
694 380 745 416 τῆς
767 381 843 414 θείας

47 421 179 454 ὲπὸψεὼς
208 430 238 448 τι
269 422 317 449 καὶ
345 423 511 458 κηδεμονίας
538 425 592 458 ἔξω
632 426 771 460 γενέσθαι,
798 427 844 455 διὰ

47 463 132 490 τοῦτο
148 466 163 491 ό
184 467 278 493 πᾶσαν
295 466 343 502 τὴν
360 467 473 503 λογικὴν
489 469 578 497 κτίσιν
602 472 766 507 ποιμαίνων,
794 482 844 500 κα-

46 511 175 537 ταλιπὼν
187 513 218 538 ἐν
232 514 290 545 τοῖς
306 514 416 549 ὑψηλοῖς
431 516 481 550 τήν
494 517 603 553 ἀπλανῆ
615 526 644 545 τε
657 518 705 549 καὶ
723 519 843 555 ὑπερκό-

48 565 131 590 σμιον
141 559 273 594 ποίμνην,
284 561 314 586 τὸ
324 562 533 597 πεπλανημένον
543 565 692 599 πρόϐατον,
706 567 756 601 τὴν
765 567 844 602 ήμῶν

47 603 123 637 λέγω
135 604 230 638 φύσιν,
249 606 302 633 ὑπὸ
317 608 522 643 φιλανθρωπίας
535 611 710 647 μετέρχεται.
721 613 773 639 Τὸν
789 613 844 650 γὰρ

46 650 144 677 καινὸν
160 653 265 680 ἐκεῖνον
281 654 442 690 ἄνθρωπον,
457 656 503 683 τὸν
518 658 588 684 κατὰ
600 658 666 685 Θεὸν
688 659 843 693 κτισθέντα,

46 696 77 721 ὲν
91 695 114 731 ᾦ
138 698 285 734 κατῴκησε
304 700 335 727 τὸ
355 702 492 737 πλήρωμα
503 703 553 738 τῆς
571 703 698 740 θεότητος
723 714 841 741 σωματι-

46 743 117 776 xix,
136 744 234 772 τοῦτον
248 746 292 773 διὰ
307 747 487 784 καθαρότητα
503 750 536 785 τῇ
554 751 701 787 συγγενείᾳ
724 752 772 779 τοῦ
789 753 844 780 Πα-

47 788 113 823 τρὸς
133 790 183 824 τῆς
200 790 310 824 φύσεως
332 793 411 828 ήμῶν
433 795 664 830 προσοικειώσας,
687 798 779 825 πᾶσαν
793 799 843 834 τὴν

47 837 181 863 κοινωνὸν
197 838 245 864 τοῦ
275 837 402 874 σώματος
432 841 515 869 αὐτοῦ
539 843 586 870 καὶ
614 845 736 880 συγγενῆ
761 845 842 881 φύσιν

47 882 119 915 πρὸς
135 883 185 918 τὴν
198 884 285 919 αὐτὴν
302 886 383 920 χάριν
397 889 642 923 συνεφειλκύσατο.
662 893 718 919 Καὶ
733 893 814 920 πάλιν
828 895 842 921 ὁ

47 925 145 973 αῦτδς,
161 929 191 954 ὲν
207 928 246 964 τῷ
259 929 327 966 Περὶ
343 930 472 967 Θεότητος
490 933 553 961 Υίοῦ
571 944 600 962 τε
622 938 669 964 καὶ
683 937 842 973 Πνεύματος

47 970 122 1006 λόγῳ
140 980 146 986 ’
172 973 242 999 Φασί
261 982 334 1007 τινες
363 976 472 1010 φύσεως
499 977 569 1007 εἶναι
595 983 766 1018 σημαντικὴν
791 983 841 1020 τὴν

51 1015 183 1068 θεότητα.
209 1019 306 1055 Ἥμεῖς
318 1021 345 1048 δέ
365 1031 466 1059 φαμεν,
482 1025 523 1052 ὅτι
546 1015 630 1062 ὄνομα
646 1015 841 1068 σημαντικὸν-ὴ

47 1063 111 1090 θεία
129 1065 210 1099 φύσις
229 1068 245 1102 ἢ
259 1069 310 1096 οὐκ
321 1069 386 1105 ἔχει,
405 1071 420 1106 ἢ
435 1073 501 1106 ἡμῖν
517 1074 568 1101 οὐκ
594 1075 661 1110 ἔχει.
673 1063 755 1105 γίΔλΥ
773 1079 799 1105 εί
815 1063 841 1107 τί

48 1111 96 1137 καὶ
120 1111 230 1145 λέγεται
252 1114 306 1140 εἴτε
323 1117 398 1151 παρὰ
415 1119 464 1152 τῆς
493 1120 665 1158 ἀνθρωπίνης
687 1124 841 1160 συνηθείας,

46 1157 105 1183 εἴτε
124 1159 201 1207 παρὰ
226 1161 274 1194 τῆς
290 1161 365 1194 Θείας
390 1164 502 1200 Γραφῆς
516 1167 571 1195 τῶν
585 1157 649 1204 περί
671 1157 756 1207 αὐτὴν
771 1157 842 1200 duo;

49 1203 246 1254 σημανθέντων
261 1207 320 1254 ἐστι
340 1217 376 1242 τι,
391 1212 459 1248 αὐτὴ
475 1213 503 1240 δὲ
525 1214 541 1249 ή
566 1214 626 1242 θεία
653 1203 739 1251 φύσις,
752 1219 842 1254 ἀφρα-

50 1247 114 1279 στός
129 1258 160 1298 τε
178 1251 225 1277 καὶ
258 1247 457 1292 ἀνεκφώνητοςν
468 1247 556 1294 μένει,
573 1247 843 1298 ὕπσρΰίσίνουσαίτεᾶ-

49 1301 100 1320 σαν
119 1295 170 1326 τὴν
196 1297 238 1324 διὰ
256 1300 349 1335 φωνῆς
364 1305 514 1338 οημασίαν.

85 1344 254 1394 μαθέτωσαν
272 1347 300 1374 δέ
331 1349 380 1384 τῆς
407 1351 523 1386 ἀνοήτου
552 1354 642 1382 αὐτῶν
661 1356 838 1394 βλασφημίας

49 1390 98 1440 καὶ
125 1391 172 1440 τὸν
192 1392 253 1427 ὄφιν
284 1396 453 1432 κατήγορον·
470 1399 500 1431 ὃς
521 1390 665 1430 δείκνυσιν
680 1404 721 1432 ὅτι
791 1390 842 1440 τῆς

49 1436 187 1487 ορατικῆς
207 1440 351 1475 ἐνεργείας
376 1443 426 1478 τὴν
453 1447 593 1480 σημασίαν
621 1449 689 1484 ἔχει.
716 1436 842 1487 Συμϐουλ

49 1482 138 1510 nam
164 1487 219 1521 γὰρ
243 1487 366 1521 ἅψασθαι
395 1491 449 1520 τῶν
477 1482 732 1531 ἀπηγορευμένων,
755 1482 840 1527 ,τοῦτο

49 1533 263 1582 ἐπαγγέλλεται,
279 1537 319 1564 ὅτι
342 1538 546 1575 ’Δνοιγήσονται
562 1543 641 1578 ὑμῶν
652 1545 678 1571 οί
692 1546 828 1582 ὀφθαλμοὶ

50 1577 100 1603 καὶ
114 1578 211 1607 ἔσεσθε
227 1581 264 1612 ὡς
279 1581 346 1611 θεοί,

91 1627 176 1663 Ὁρᾷς
191 1629 234 1656 ὅτι
256 1631 307 1665 τὴν
321 1632 452 1668 θεατικὴν
470 1635 612 1670 ἐνέργειαν
630 1642 842 1676 προσμαρτυρεῖ

50 1674 83 1721 τῇ
101 1676 178 1710 φωνῇ
204 1677 254 1708 τῆς
270 1677 413 1712 θεότητος;
430 1681 461 1707 οὐ
475 1681 531 1716 γὰρ
553 1682 613 1710 ἐστι
635 1674 788 1714 θεάσασθαί
799 1674 840 1721 τι,

53 1720 91 1755 μὴ
111 1721 166 1748 τῶν
184 1722 334 1759 ὀφθαλμῶν
358 1726 533 1760 ἀνοιγέντων.
551 1729 656 1757 Οὐκοῦν
670 1731 730 1767 οὐχὶ
746 1732 840 1767 φύσιν,

51 1767 120 1794 ἀλλὰ
135 1768 186 1804 τὴν
201 1769 331 1804 θεατικὴν
350 1772 466 1809 δύναμιν
479 1776 495 1810 ἡ
521 1776 571 1811 τῆς
593 1776 722 1813 θεότητος
737 1787 843 1815 προση-

52 1816 135 1851 γορία
157 1818 335 1853 παρίστησιν,
354 1819 385 1847 '0
401 1821 423 1847 δ’
445 1822 528 1854 αὐτὸς
550 1820 629 1855 οὗτος
654 1825 779 1860 θεολόγος
795 1827 842 1854 καὶ

53 1863 123 1896 πρὸς
145 1864 290 1892 ’Δὸλάὸιον
308 1867 372 1902 περὶ
394 1869 444 1903 τῆς
463 1869 546 1903 ἁγίας
567 1870 683 1906 γράφων
714 1873 842 1908 Τριάδος,

58 1910 284 1946 ’ομολογοῦντες,’
302 1915 379 1949 φησὶ,
402 1915 470 1942 Θεὸν
491 1916 539 1944 τὸν
564 1917 686 1952 Πατέρα,
714 1919 781 1947 Θεὸν
797 1920 843 1947 τὸν

54 1957 131 1991 Υίὸν,
155 1960 203 1986 καὶ
217 1960 284 1987 Θεὸν
303 1961 334 1986 τὸ
355 1961 478 1996 Πνεῦμα,
503 1962 562 1994 πῶς
578 1963 609 1990 οὐ
634 1964 751 2000 λέγομεν
768 1967 844 2001 τρεῖς

54 2005 145 2038 θεοὺς,
170 2005 228 2032 ἀλλ’
242 2005 289 2033 ἕνα
304 2006 391 2040 Θεόν;
417 2008 494 2035 Ἐπεὶ
517 2009 548 2035 τὸ
564 2009 631 2042 Θεὸς
655 2010 741 2046 ὗνομα
765 2012 844 2048 ἐνερ-

53 2051 132 2085 γείας
150 2052 209 2079 ἐστ)¹
230 2053 379 2087 δηλωτικόν
391 2062 398 2070 ·
414 2055 491 2090 παρὰ
515 2056 570 2091 γὰρ
592 2057 620 2083 τὸ
637 2057 710 2084 θέειν
738 2067 844 2085 παντα-

54 2097 114 2132 χοῦ,
128 2099 144 2134 ἢ
161 2099 286 2133 θεᾶσθαι,
301 2100 315 2134 ἢ
332 2101 419 2128 αίθειν
438 2101 488 2136 τὴν
503 2102 655 2138 μοχθηρίαν
669 2104 844 2140 ήτυμολόγη-

53 2153 110 2177 ται,
126 2145 197 2171 καθὸ
212 2146 261 2180 μὲν
272 2146 388 2173 ἕκαστον
401 2148 548 2182 πρόσωπον
562 2149 771 2186 ἀπηρτισμένην
786 2151 843 2187 ἔχει

54 2188 103 2222 τὴν
119 2189 249 2223 τοιαύτην
265 2191 419 2226 ἐνέργειαν,
439 2194 646 2228 ἀπηρτισμένον
662 2195 718 2229 ἔξει
731 2197 842 2228 πάντως

53 2236 100 2260 καὶ
126 2235 156 2261 τὸ
175 2236 325 2270 δηλωτικὸν
340 2238 424 2272 αὐτῆς
439 2238 535 2274 ὄνομα,
553 2241 599 2267 καὶ
623 2242 727 2277 κυρίως
750 2243 840 2277 ἔσται,

53 2282 99 2308 καὶ
115 2282 230 2318 κληθείη
249 2284 332 2315 Θεός·
351 2285 419 2311 καθὸ
435 2285 462 2312 δὲ
487 2286 536 2320 μία
561 2288 608 2314 καὶ
630 2287 842 2324 ἀπαράλλακτος

53 2327 81 2354 ἐν
95 2329 154 2359 τοῖς
170 2329 259 2363 τρισὶν
281 2331 297 2365 ὴ
314 2332 448 2366 εἰρημένη
465 2331 601 2368 ἐνέργεια,
622 2335 671 2369 μία
685 2335 732 2362 καὶ
747 2337 763 2371 ή
785 2336 844 2363 θεό-

52 2382 102 2408 της
125 2374 172 2401 καὶ
193 2373 234 2407 είς
249 2376 315 2408 Θεὸς
331 2378 359 2403 ἐν
375 2379 466 2413 τρισὶν
493 2380 686 2409 ὑποστάσεσιν.
708 2382 771 2409 Ἐπὶ
787 2383 842 2418 γὰρ

52 2421 100 2455 τῆς
122 2422 254 2448 ὰκτίστου
278 2423 393 2457 Τριάδος
409 2426 458 2452 οὐκ
475 2426 550 2452 ἐστιν
574 2427 666 2462 εὑρεῖν
685 2428 772 2460 ὄνομα
793 2429 842 2465 δη-

53 2467 115 2493 λοῦν
142 2468 192 2504 τὴν
220 2469 301 2504 φύσιν
331 2471 429 2505 αὐτῆς.
447 2473 501 2499 Καὶ
529 2474 612 2500 πάλιν
639 2475 652 2500 ὁ
668 2475 759 2508 αὐτὸς,
775 2476 842 2508 Θεὸς

53 2513 217 2548 ἐνεργοῦντα
236 2515 321 2547 δηλοῖ,
346 2516 432 2550 φησί·
450 2517 546 2552 θεότης
569 2518 597 2545 δὲ
615 2520 767 2554 ἐνέργειαν.
789 2521 842 2548 Οὺηγ

52 2559 95 2586 ὁὲν
109 2560 165 2586 τῶν
180 2561 266 2595 τριῶν
281 2562 420 2597 ἐνέργεια,
435 2563 503 2590 ἀλλὰ
518 2565 619 2598 μᾶλλον
634 2567 763 2601 ἐνεργοῦν
778 2568 843 2595 ἐκα-

53 2614 114 2632 στον
128 2606 229 2634 αὐτῶν.
250 2607 385 2641 Ἀκούεις,
399 2606 421 2635 ὦ
432 2610 571 2645 Γρηγορᾶ,
580 2611 628 2637 τοῦ
644 2612 770 2647 θεολόγον
782 2614 843 2641 τού-

52 2661 110 2685 του,
127 2653 185 2686 πῶς
204 2655 247 2681 διὰ
262 2656 445 2683 παντοδαπῶν
459 2658 600 2693 λογισμῶν
615 2660 662 2687 καὶ
677 2661 841 2694 ἐνστάσεων,

52 2699 99 2725 καὶ
116 2701 262 2735 γραφικῶν
287 2703 342 2737 πρὸ
362 2711 465 2729 τουτων
488 2705 659 2739 μαρτυριῶν,
680 2707 843 2734 ἀποδείκνυ-

54 2753 95 2771 σιν
111 2746 142 2772 οὺ
159 2747 240 2781 μόνον
260 2747 291 2774 τὸ
304 2748 353 2780 τῆς
369 2749 506 2784 θεότητος,
522 2750 591 2777 ἀλλὰ
606 2751 654 2778 καὶ
667 2752 698 2778 τὸ
715 2752 761 2779 τοῦ
774 2753 842 2780 Θεοῦ

53 2793 136 2827 όνομα
149 2793 188 2825 ὡς
214 2794 244 2828 ἐξ
260 2795 344 2830 αὐτῆς
364 2797 567 2832 παραγόμενον,
595 2799 633 2834 μὴ
658 2801 708 2834 τῆς
733 2800 842 2834 φύσεως

55 2838 122 2866 εἶναι
147 2840 198 2875 τῆς
217 2840 293 2873 θείας
321 2842 420 2878 αὐτῆς,
448 2844 516 2870 ἀλλὰ
532 2837 583 2878 τῆς
613 2846 734 2881 φυσικῆς
755 2848 842 2883 αὐτῆς

55 2886 196 2923 ἐνεργείας
213 2888 324 2923 μᾶλλον,
355 2889 410 2916 εἴτε
427 2891 476 2926 τῆς
497 2891 660 2928 ἐποπτικῆς,
673 2894 766 2929 φησὶν,
786 2895 841 2922 εἴτε

896 243 995 280 θούσης
1011 246 1070 281 ήτοι
1096 247 1248 282 φλεγούσης
1271 248 1319 284 τὴν
1333 249 1486 285 μοχθηρίαν
1500 260 1507 284 ;
1524 251 1578 279 Καὶ
1595 252 1690 280 τοσοῦ-

895 299 941 318 τον
954 291 1123 327 ἀπαγορεύει
1140 294 1170 320 τὸ
1190 294 1240 329 τῆς
1255 294 1364 330 φύσεως
1380 295 1466 330 αὐτῆς
1483 296 1531 323 τοῦ
1549 297 1616 324 Θεοῦ
1632 307 1685 324 πα-

897 339 1060 372 ραστατικὸν
1091 339 1161 367 εἶναι
1195 340 1324 374 τοῦνομα,
1354 342 1395 368 ὅτι
1429 343 1476 369 καὶ
1505 343 1684 378 βλασφημίαν

895 385 1010 420 ἀνόητον
1027 387 1180 421 κατηγορεῖ
1194 387 1248 413 τῶν
1267 387 1339 415 οὕτω
1355 389 1421 422 περὶ
1440 389 1545 416 τούτων
1559 391 1689 425 φρονούν-

895 439 960 463 των,
979 432 1027 458 καὶ
1039 431 1087 458 τὸν
1103 433 1257 468 ἀρχέκακον
1275 433 1337 468 ὅφιν
1350 436 1505 471 κατήγορον
1521 437 1612 468 αὐτοῖς
1628 437 1687 472 ἐφί-

896 486 977 512 στησι
1004 478 1048 505 διὰ
1070 479 1168 509 ταῦτα.
1186 479 1353 508 Δαϐέτωσαν
1380 482 1427 508 καὶ
1453 482 1518 518 γὰρ,
1544 483 1622 518 φησὶ,
1639 483 1688 517 τῆς

894 523 1010 559 ἀνοήτου
1027 525 1118 552 αὐτῶν
1140 526 1318 561 βλασφημίας
1332 528 1377 555 τὸν
1393 528 1455 562 ὅφιν
1475 530 1639 564 κατήγορον.
1656 530 1688 556 Τί

894 568 942 597 οὖν
957 571 1004 597 καὶ
1018 572 1098 603 αὐτὸς
1113 572 1236 607 ἀνοήτως
1250 574 1310 599 κατ’
1322 574 1444 607 ἐκείνους
1459 575 1523 607 τοὺς
1535 576 1606 613 τότε,
1621 575 1689 610 μᾶλ-

896 616 942 643 λον
957 617 986 644 δὲ
1013 618 1061 645 καὶ
1081 618 1181 653 μακρῷ
1205 619 1344 647 κάκείνων
1359 620 1551 656 ἀνοητότερος,
1576 621 1639 653 τούς
1658 629 1688 648 τε

894 664 950 691 τῶν
967 665 1070 692 λοιπῶν
1089 665 1233 700 θεολόγων,
1250 667 1298 694 καὶ
1313 667 1346 703 δὴ
1360 669 1408 695 καὶ
1424 668 1487 700 τοὺς
1500 669 1548 695 τοῦ
1567 670 1687 704 μεγάλου

894 711 992 739 τούτου
1008 712 1107 747 λόγους
1127 712 1222 750 βιάζῃ,
1239 708 1309 749 πρός
1327 723 1358 749 γε
1374 715 1533 742 τούναντίον
1551 714 1624 742 ἅπαν
1641 716 1690 743 αὐ-

893 757 958 790 τοὺς
984 759 1146 794 φιλονεικῶν
1174 760 1364 796 περιτρέπειν,
1390 762 1438 788 καὶ
1464 762 1547 788 οίονεὶ
1566 762 1689 798 μαχομέ-

894 814 956 838 νους
981 805 1081 837 αὐτοὺς
1106 807 1217 838 ἑαυτοῖς
1244 808 1292 835 καὶ
1321 808 1449 843 ἀλλήλοις
1473 808 1686 841 ἀποδεικνύειν;

859 867 880 895 Β
896 854 984 887 Ἐφης
999 854 1047 880 καὶ
1063 853 1117 889 γὰρ
1135 853 1180 881 τὸν
1191 854 1335 882 θεσπέσιον
1354 855 1461 882 τουτονὶ
1480 855 1605 889 θεολόγον
1620 855 1689 891 πρὸς

899 899 1035 935 Ἕλληνας
1052 900 1195 935 γράφοντα
1212 901 1243 927 τὸ
1255 901 1329 935 Θεὸς
1347 900 1434 936 δνομα
1457 901 1627 937 σημαντικὸν
1641 902 1686 928 οὐ-

897 947 963 978 σίας
990 948 1091 979 είπετν,
1109 947 1226 981 ἀγνοῶν,
1243 948 1284 974 ὅτι
1309 948 1357 975 καὶ
1384 948 1449 976 αὐτὸ
1469 949 1500 975 τὸ
1516 949 1564 983 τῆς
1593 948 1689 980 οὐσίας

895 994 984 1030 ὁνομα
999 995 1060 1022 κατ’
1084 995 1185 1027 αὐτοὺς
1203 995 1315 1027 τούτους
1328 995 1393 1027 τοὺς
1415 996 1558 1029 θεολόγους
1575 997 1623 1030 τῆς
1641 997 1686 1022 οὺ-

897 1041 1020 1068 σιοποιοῦ
1034 1041 1179 1077 δυνάμεώς
1190 1050 1219 1069 τε
1236 1043 1283 1069 καὶ
1296 1042 1449 1077 ἐνεργείας,
1463 1042 1493 1069 οὗ
1507 1042 1557 1077 τῆς
1573 1042 1689 1077 ὖπερου-

898 1088 958 1115 σίου
982 1088 1167 1124 κρυφιότητός
1190 1089 1267 1116 ἐστιν
1290 1088 1398 1124 ὄνομα·
1426 1089 1608 1124 ὑπερώνυμος
1634 1089 1687 1124 γὰρ

897 1135 1004 1171 ἐκείνη,
1019 1135 1149 1171 καθάπερ
1167 1135 1289 1167 ἀκούεις,
1303 1136 1350 1163 καὶ
1362 1135 1516 1171 ἀνώνυμος,
1534 1135 1581 1162 ατε
1594 1135 1626 1170 δὴ
1639 1134 1688 1162 καὶ

896 1181 946 1217 τὴν
960 1182 1004 1209 διὰ
1018 1182 1111 1217 φωνῆς
1125 1183 1217 1209 πᾶσαν
1234 1181 1441 1217 ὑπερϐαίνουσα
1455 1181 1605 1216 σημασίαν.
1621 1179 1687 1207 Ἀλ-

896 1229 951 1261 λως
969 1237 998 1255 τι
1013 1229 1062 1256 καὶ
1079 1229 1110 1256 τὸ
1126 1229 1177 1270 τῆς
1188 1229 1287 1261 οὐσίας
1299 1229 1387 1263 ὄνομα
1400 1229 1430 1255 οὺ
1445 1228 1526 1264 μόνον
1541 1227 1585 1254 ἐπ’
1600 1226 1686 1262 αὐτῆς

896 1276 946 1311 τῆς
959 1275 1116 1304 οὑσιοποιοῦ
1137 1277 1291 1311 δυνάμεως,
1306 1277 1354 1304 καὶ
1368 1276 1400 1311 δὴ
1411 1275 1459 1303 καὶ
1476 1274 1523 1302 ἐπὶ
1537 1274 1584 1302 τοῦ
1602 1275 1687 1310 ὑπερ-

896 1322 989 1350 ουσίου
1011 1323 1041 1356 ἐξ
1061 1323 1146 1358 αὐτῆς
1162 1331 1236 1358 φημι
1253 1322 1358 1358 ταύτης
1381 1323 1432 1355 τῆς
1454 1321 1597 1356 ἐνεργείας
1624 1321 1683 1352 τοῖς

897 1369 1036 1403 θεολόγοις
1049 1370 1154 1397 τούτων
1173 1369 1356 1404 λαμϐάνεται,
1378 1368 1450 1396 καθά
1465 1368 1496 1403 δὴ
1520 1367 1568 1396 καὶ¹
1583 1369 1599 1403 ή
1616 1367 1684 1402 ζωὴ,

897 1415 945 1442 καὶ
959 1416 991 1442 τὸ
1011 1416 1081 1451 φῶς,
1096 1417 1144 1443 καὶ
1159 1417 1175 1452 ὴ
1188 1417 1298 1451 εἰρήνη,
1314 1417 1362 1443 καὶ
1375 1417 1388 1443 ό
1402 1415 1514 1449 ἀγαθὸς,
1529 1415 1621 1442 καὶτὰ
1633 1423 1685 1441 ποι-

898 1463 1039 1498 ραπλήσια
1062 1463 1180 1495 τούτοις,
1202 1463 1271 1490 ἀλλὰ
1286 1465 1333 1490 καὶ
1347 1464 1390 1498 ἐφ’
1408 1463 1513 1498 ἑκάστῃ
1535 1462 1589 1489 τῶν
1601 1461 1686 1497 τριῶν

898 1510 1077 1537 ὑποστάσεων
1099 1509 1190 1545 εὕροις
1212 1510 1247 1537 ἂν
1271 1509 1370 1542 αὐτοὺς
1386 1509 1424 1544 τῷ
1441 1510 1620 1544 προσρήματι
1636 1508 1686 1542 τῆς

832 1567 839 1582 ι
855 1547 877 1578 α
895 1554 993 1586 οὐσίας
1007 1555 1181 1590 χρωμένους,
1196 1556 1244 1582 κα)¹
1263 1555 1294 1590 δὴ
1310 1554 1357 1582 καὶ
1367 1554 1411 1581 ἕατ’
1427 1554 1512 1589 αὐτῆς
1525 1554 1575 1588 τῆς
1591 1553 1687 1586 θεότη-

891 1609 937 1631 τος
952 1600 1028 1635 ὅλης,
1043 1600 1140 1627 οὐσίαν
1153 1601 1230 1628 θείαν
1243 1601 1376 1634 λέγοντας
1389 1600 1451 1627 ελον
1459 1599 1528 1634 ὁμοῦ
1545 1599 1591 1625 τὸν
1607 1607 1684 1634 τρισ-

892 1647 1046 1674 υπόστατον
1077 1647 1154 1678 Θεὸν,
1179 1646 1261 1682 φύσιν
1281 1647 1415 1682 δηλονότι,
1435 1647 1482 1673 καὶ¹
1508 1645 1684 1677 ὑποστάσεις,

894 1693 942 1720 καὶ
958 1694 1063 1728 φυσικά
1079 1694 1168 1720 πάντα
1185 1693 1232 1720 καὶ
1248 1693 1378 1727 οὑσιώδη,
1392 1694 1427 1720 τὰ
1442 1693 1624 1728 παρεπόμενα
1638 1692 1686 1726 δη-

893 1739 960 1774 λαδὴ
985 1740 1047 1766 κατ’
1063 1739 1163 1771 αὐτοὺς
1187 1740 1301 1771 τούτους
1325 1739 1390 1770 τοὺς
1407 1739 1552 1772 θεολόγους
1566 1740 1600 1774 τῇ
1623 1738 1686 1774 θείᾳ

893 1785 985 1821 φύσει.
1001 1785 1047 1821 Τῷ
1063 1786 1093 1813 δὲ
1106 1786 1152 1813 καὶ
1169 1787 1254 1813 πᾶσιν
1272 1785 1367 1816 ἁπλῶς
1389 1786 1449 1816 ἐθος
1465 1785 1597 1817 ὡσαύτως
1612 1785 1640 1811 ἐν
1655 1793 1685 1810 τε

893 1834 1041 1870 γράμμασι
1065 1833 1114 1860 καὶ
1146 1833 1269 1869 ὁμιλίαις
1297 1832 1451 1868 κεχρῆσθαι
1466 1833 1525 1863 ·ὡς
1549 1832 1614 1858 ὅταν
1635 1831 1685 1866 τὴν

894 1879 1046 1916 ἀγγελικὴν
1057 1880 1139 1914 τυχὸν
1151 1879 1289 1914 λέγωμεν,
1301 1880 1318 1914 ἢ
1329 1879 1379 1913 τὴν
1390 1877 1563 1913 ἀνθρωπείαν
1576 1877 1683 1904 οὐσίαν.

895 1927 933 1954 Οὐ
948 1927 1002 1963 γὰρ
1017 1926 1050 1961 δὴ
1063 1927 1158 1953 οὐσίαν
1171 1924 1358 1960 τοτηνικαῦτά
1368 1932 1460 1959 φαμεν
1473 1923 1544 1950 οὓτω
1557 1923 1684 1957 λέγοντες

895 1974 1075 2001 ὑποστάσεων
1092 1973 1139 2000 καὶ
1161 1972 1284 2007 φυσικῶν
1307 1971 1454 2007 ἐνεργειῶν
1471 1970 1520 1998 καὶ
1540 1969 1683 2004 δυνάμεων

895 2021 967 2056 δίχα,
980 2020 1048 2048 ἁλλά
1064 2020 1147 2055 φύσιν
1159 2019 1283 2055 δηλονότι
1293 2019 1343 2046 σὺν
1356 2019 1413 2049 τοῖς
1423 2017 1583 2052 ἁδιαιρέτως
1596 2016 1682 2050 ταύτῃ

896 2067 1019 2099 συνοῦσι,
1037 2066 1110 2102 φημὶ
1137 2065 1169 2101 δὴ
1183 2066 1244 2097 ταῖς
1262 2064 1440 2096 ὑποστάσεσι,
1463 2063 1512 2090 καὶ
1530 2062 1587 2093 τοῖς
1601 2069 1682 2096 φυσι-

895 2115 952 2146 κοίς
970 2114 1037 2141 πᾶσι
1055 2113 1100 2140 καὶ¹
1118 2112 1274 2139 οὐσιῶδεσι.
1294 2112 1350 2138 Καὶ
1366 2110 1460 2138 τοῦτον
1477 2108 1622 2143 τοιγαροῦν
1638 2108 1684 2133 τὸν

894 2160 974 2193 λόγον
991 2159 1038 2186 καὶ
1058 2159 1237 2194 Γρηγόριοςὸ
1256 2157 1356 2192 μέγας,
1375 2156 1443 2190 πρὸς
1459 2155 1595 2189 ’Έλληνας
1620 2153 1685 2189 περὶ

895 2205 1024 2240 θεότητος
1039 2206 1086 2232 καὶ
1105 2204 1255 2240 μοναρχίας
1269 2203 1472 2238 διαλεγόμενος,
1488 2201 1536 2228 καὶ
1553 2200 1685 2236 βουλόμε-

893 2259 938 2282 νος
952 2251 1044 2282 αὐτοῖς
1052 2251 1138 2283 δεῖξαι
1146 2251 1192 2278 τὸν
1203 2250 1268 2284 παρ’
1285 2250 1365 2284 ἡμῶν
1379 2248 1598 2284 πρεσϐευόμενον
1610 2255 1685 2282 τρισ-

892 2297 1045 2324 υπόστατον
1073 2296 1140 2323 Θεὸν
1153 2317 1161 2329 ,
1175 2296 1205 2323 οὐ
1221 2295 1336 2327 πολλοὺς
1350 2295 1427 2326 θεοὺς
1445 2295 1514 2321 κατὰ
1526 2295 1572 2321 τὸν
1593 2294 1686 2328 Ἐλλη-

892 2343 967 2370 νικὸν
983 2342 1075 2374 ὕθλον,
1090 2343 1148 2370 ἀλλ’
1165 2343 1214 2370 ἕνα
1230 2343 1477 2378 πεφυκότα,ὶΜιᾶ;.
1489 2343 1584 2377 φησὶν,
1599 2341 1685 2375 οὔσης

892 2389 943 2423 τῆς
957 2389 1034 2420 θείας
1058 2388 1163 2421 οὐσίας,
1182 2389 1230 2416 καὶ
1245 2389 1306 2421 ἐνὸς
1325 2389 1372 2416 τοῦ
1396 2388 1618 2424 παραδηλοῦντος
1634 2388 1685 2414 αὺ-

891 2437 943 2470 τὴν
964 2436 1099 2470 ὀνόματος
1121 2436 1169 2463 τοῦ
1192 2436 1269 2469 Θεὸς,
1288 2435 1330 2469 εἷς
1354 2437 1457 2471 κυρίως
1480 2436 1538 2463 ἐστὶ
1555 2436 1621 2467 Θεὸς
1645 2435 1684 2470 τῷ

891 2482 965 2517 λόγῳ
991 2483 1041 2516 τῆς
1064 2483 1161 2513 οὐσίας
1181 2483 1348 2515 ἀκολούθως.
1369 2483 1497 2510 Τοῦτοδέ
1521 2482 1626 2516 ἔλεγεν,
1652 2482 1683 2508 οὺ

892 2528 943 2563 τὴν
957 2527 1034 2554 θείαν
1051 2528 1147 2555 οὐσίαν
1162 2529 1279 2555 ἐνταῦθα
1293 2529 1407 2564 διαιρῶν
1421 2530 1476 2555 τῶν
1491 2537 1520 2555 τε
1534 2528 1619 2562 τριῶν
1635 2528 1682 2555 αὕ-

891 2574 943 2608 τῆς
964 2573 1145 2600 ὑποστάσεων
1163 2574 1211 2600 καὶ
1233 2574 1288 2600 τῶν
1308 2575 1442 2607 φυσικῶς,
1466 2575 1563 2601 πολλοῦ
1586 2583 1618 2609 γε
1637 2576 1684 2600 καὶ

892 2619 943 2646 δεῖ.
961 2619 998 2645 Ui:
1013 2619 1067 2653 γὰρ
1082 2620 1114 2654 δὴ
1133 2620 1214 2654 μόνον
1229 2617 1268 2650 εἷς
1285 2620 1299 2646 ό
1317 2620 1394 2651 Θεὸς,
1411 2620 1480 2646 ἀλλὰ
1496 2622 1543 2647 καὶ
1554 2621 1618 2656 τρία
1632 2630 1638 2635 ·
1654 2622 1685 2647 τὸ

896 2666 945 2700 μὲν
962 2666 995 2700 τῇ
1011 2666 1102 2701 οὐσίᾳ,
1126 2666 1155 2692 τὸ
1179 2665 1207 2692 δὲ
1225 2667 1284 2697 ταῖς
1301 2666 1482 2694 ὑποστάσεσι.
1502 2667 1563 2698 Πῶς
1589 2668 1622 2695 ἂν
1636 2665 1683 2694 οὖν

892 2711 1028 2746 ὑγιαίνειν
1057 2713 1070 2738 ὑ
1097 2709 1261 2744 διδάσκαλος
1286 2711 1429 2747 νομισθείη
1456 2713 1492 2740 τὰ
1520 2713 1683 2747 θεολογικά,

893 2756 964 2784 οὕτω
989 2765 1021 2792 γε
1041 2757 1112 2784 κατὰ
1131 2757 1160 2784 σὲ
1178 2757 1226 2784 τοῦ
1251 2757 1302 2792 τῆς
1328 2756 1422 2788 οὐσίας
1444 2757 1627 2792 ἐκληφθέντος
1642 2759 1686 2784 ὲν-

894 2803 982 2830 ταῦοα
994 2803 1087 2837 λόγου,
1103 2804 1148 2830 ἐπ’
1167 2803 1250 2830 αὑτοῦ
1265 2812 1338 2838 φημι
1355 2803 1438 2837 μόνου
1452 2803 1500 2829 τοῦ
1515 2804 1683 2838 ὐπερουσίου

894 2849 949 2876 τῶν
964 2858 994 2876 τε
1016 2851 1141 2885 φυσικῶν
1162 2850 1278 2878 καὶτῶν
1302 2850 1481 2877 ὑποστάσεων
1507 2849 1588 2884 δίχα;
1611 2850 1685 2886 Ἐρεζ

897 2897 943 2922 καὶ
968 2896 1024 2932 γὰρ
1039 2897 1118 2930 εὐθὺς
1142 2897 1210 2933 πρὸς
1226 2897 1305 2926 αὐτόν
1321 2905 1363 2929 τις
1387 2895 1549 2931 ἀντιλέγων,
1571 2897 1608 2929 ὡς
1633 2898 1685 2933 οὐχ
