1885 3070
797 283 883 306 ANNO
911 282 1027 306 DOMINI
1058 282 1153 305 MCCCL

462 372 945 490 lililililllillls
1033 368 1493 489 AClNllYNllS

828 623 1160 692 NOTlTlA'

661 747 755 778 (Oudin
766 747 802 773 De
814 747 906 779 Script.
920 746 1023 777 cedes.
1038 749 1099 772 tom.
1113 746 1154 776 lll,
1175 746 1223 771 col.
1235 745 1303 776 915.)

957 834 994 841 ...-

200 910 349 947 Gregorius
379 911 549 948 Acintlynus,
562 911 715 939 monachus
730 910 845 939 Graecus
864 918 896 938 ac
913 910 1068 946 theologus,
1088 910 1204 938 florebat
1219 909 1316 938 eodem
1340 911 1464 946 tempore
1480 914 1536 944 quo
1552 907 1718 936 Barlaamus
1743 902 1790 936 εν

164 959 250 994 Iabcr,
263 961 442 996 eamdemque
461 969 524 989 cum
541 961 601 996 ipso
629 960 786 996 palaestram
800 960 944 994 ingressus
956 964 1008 992 est,
1023 961 1146 987 eamdem
1164 968 1227 987 cum
1249 960 1308 995 ipso
1323 959 1465 986 fortunam
1483 958 1611 986 sortitus.
1630 957 1702 984 Cum
1726 956 1789 983 eiut

163 1006 240 1041 juxta
254 1007 431 1042 Spondanum
451 1007 477 1034 in
493 1007 642 1035 Annalibus
658 1007 844 1034 ecclesiasticis
858 1007 891 1034 ad
907 1015 1008 1034 annum
1024 1007 1104 1040 1337,
1123 1015 1200 1034 num.
1215 1006 1261 1040 XI,
1272 1005 1425 1041 Gregorius
1437 1005 1548 1040 quidam
1562 1003 1702 1034 Palamas,
1715 1009 1789 1037 gene-

166 1061 195 1080 re
208 1053 356 1087 Asiaticus,
371 1059 397 1082 et
413 1054 440 1082 in
452 1055 515 1082 aula
533 1054 709 1088 imperatoris
726 1053 870 1086 educatus,
885 1053 1010 1081 doctrina
1026 1054 1132 1081 exteris
1157 1053 1322 1080 eminentior
1334 1052 1490 1084 monachis,
1507 1051 1553 1086 qui
1569 1055 1596 1078 et
1609 1056 1706 1086 postea
1719 1050 1792 1076 Thcs-

164 1099 348 1127 salonicensis
362 1101 586 1135 archiepiscopus
607 1101 696 1128 factus
714 1104 765 1131 est.
784 1100 953 1134 suscepisset
978 1099 1177 1127 defendendam
1207 1099 1359 1127 doctrinam
1385 1106 1434 1126 seu
1451 1105 1572 1125 errorem
1600 1098 1790 1124 monachorum

168 1144 397 1180 Ilesycltastarum
415 1154 464 1174 seu
482 1145 735 1179 Quiescentium,-in
752 1151 844 1173 monte
860 1146 934 1172 Atho.
943 1145 1136 1178 habitantium,
1152 1146 1199 1180 qui
1213 1153 1342 1181 perverse
1362 1145 1521 1173 asserebant
1536 1143 1637 1172 Lumen
1656 1144 1723 1171 illud
1734 1143 1792 1177 quod

166 1194 193 1220 in
210 1197 297 1220 monte
313 1193 417 1220 Tltabor
431 1195 547 1229 apostoli
558 1195 586 1221 in
601 1194 851 1229 Trans/ﬁguratione
868 1193 974 1221 Domini
984 1194 1116 1225 viderant,
1129 1194 1212 1229 [niue
1227 1195 1310 1222 lucem
1334 1195 1494 1226 increatam,
1513 1193 1561 1221 hoc
1576 1199 1630 1225 est,
1658 1194 1792 1220 essentiau

166 1240 285 1266 diuinam
299 1249 306 1268 :
321 1249 430 1275 eantque
440 1249 494 1268 sese
506 1241 569 1268 dum
586 1243 614 1269 in
629 1242 750 1269 oratione
765 1249 814 1268 sua
826 1240 1030 1273 incalescerent,
1042 1242 1126 1268 oculis
1147 1243 1230 1269 etiam
1255 1243 1392 1276 corporeis
1427 1250 1534 1275 cernere
1547 1246 1572 1268 et
1601 1241 1773 1275 contemplari
1786 1247 1793 1266 .'

166 1291 295 1324 opinatus
312 1290 364 1316 hoc
384 1295 482 1316 sensus
494 1296 555 1316 esse
572 1289 720 1316 haereticos
731 1289 882 1324 Gregorius
899 1288 1070 1324 Acindynus.
1088 1296 1151 1316 cum
1172 1289 1315 1316 Barlaamo
1336 1289 1464 1321 Calabro,
1481 1288 1675 1316 adversarium
1699 1295 1728 1314 se
1752 1287 1794 1314 Pa-

167 1338 249 1364 latna:
267 1335 382 1370 obiecit.
397 1335 554 1363 Accusabat
565 1332 666 1370 Acindy
674 1344 726 1363 nus
741 1335 878 1362 Palamam
896 1335 1115 1370 monachosque,
1130 1341 1247 1369 quorum
1261 1335 1386 1363 heresim
1402 1335 1447 1362 ille
1461 1335 1601 1368 tuebatur,
1621 1333 1797 1361 Massaliauis-

167 1384 217 1417 uti,
231 1384 370 1418 probeque
385 1387 411 1410 et
423 1383 558 1410 catholico
571 1383 816 1418 argumentabatur
833 1392 840 1411 :
855 1384 882 1410 Si
897 1382 991 1410 lumen
1011 1382 1078 1410 illud
1101 1383 1244 1418 corporeis
1262 1383 1464 1410 oculisvisum
1482 1387 1535 1415 est,
1562 1379 1721 1409 increatum
1750 1389 1796 1408 non

165 1436 240 1460 esse,
254 1428 474 1463 quandoquidem
492 1428 625 1463 quidquid
642 1429 728 1455 oculis
743 1428 883 1463 corporeis
901 1429 984 1456 videri
999 1433 1098 1464 potest,
1115 1434 1240 1457 creatum
1272 1433 1336 1458 ease
1357 1436 1471 1458 necesse
1482 1435 1534 1457 est.
1549 1429 1616 1457 Inde
1627 1436 1697 1464 ergo
1711 1432 1796 1463 graves

168 1476 255 1503 turbae
265 1481 292 1503 et
302 1476 498 1509 disputationes
517 1477 643 1503 excitatie
655 1481 730 1508 sunt,
748 1476 795 1503 sed
811 1476 1034 1504 adversariorum
1047 1482 1206 1512 argumenta
1217 1477 1337 1511 copiose,
1350 1483 1378 1505 et
1405 1476 1494 1512 quoad
1519 1477 1650 1504 materias
1664 1482 1729 1503 tunc
1742 1482 1798 1502 com

170 1527 307 1550 troversas
322 1523 473 1550 orthodoxe
486 1523 637 1549 confutavit
652 1523 707 1557 jam
724 1521 855 1558 praefatus
869 1523 1019 1557 Gregorius
1036 1522 1208 1558 Acindynus,
1227 1523 1273 1558 qui
1288 1530 1343 1550 una
1359 1529 1421 1550 cum
1434 1521 1495 1549 aliis
1508 1523 1634 1557 ejusdem
1651 1525 1797 1556 argumenti

170 1568 310 1601 omnibus,
327 1569 464 1602 simulque
481 1568 612 1594 relatione
631 1569 716 1594 totius
736 1568 819 1602 hujus
835 1567 941 1595 dissidii
959 1576 972 1595 a
993 1567 1105 1595 Daniele
1121 1568 1239 1603 quodam
1268 1568 1406 1595 monacho
1425 1568 1595 1602 conscripta.
1613 1572 1726 1594 exstare
1739 1575 1797 1593 mss.

170 1615 300 1642 dicuntur
317 1615 343 1641 in
363 1614 539 1641 Bibliothecis
550 1613 681 1641 Bavarica
698 1618 725 1641 et
740 1614 872 1649 Augusta:
891 1613 1096 1642 Vindelicorum
1110 1613 1137 1640 in
1156 1612 1316 1646 Germania,
1333 1618 1403 1641 teste
1415 1612 1519 1640 Jacoho
1533 1613 1663 1640 Pontano
1679 1613 1707 1639 in
1729 1612 1798 1638 Natis

170 1662 230 1690 suis
244 1661 276 1688 ad
295 1662 481 1688 Cantacu1eni
498 1661 655 1693 Historiam,
669 1662 717 1689 lib.
734 1670 765 1695 ιι,
784 1669 844 1696 Czlp.
863 1661 907 1688 ιο.
924 1663 958 1689 At
970 1662 1080 1690 tandem
1097 1667 1195 1696 agente
1205 1661 1312 1689 Joanne
1329 1661 1524 1689 Cantacnzeno
1539 1662 1724 1697 imperatore.
1742 1661 1798 1687 Bar-

171 1711 278 1737 Iaamus
308 1716 334 1737 et
355 1710 514 1746 Acindynns
540 1715 602 1745 post
622 1715 739 1738 mortem
755 1718 833 1737 suam
854 1705 977 1738 damnati
1003 1716 1078 1738 sunt.
1106 1712 1316 1739 Cantacuzenus
1345 1711 1372 1738 in
1390 1711 1512 1739 Historia
1535 1711 1582 1738 lib.
1613 1718 1655 1743 tv,
1679 1718 1739 1745 eap.
1759 1709 1798 1736 23.

173 1756 323 1783 Damnatus
341 1757 433 1790 itaque
450 1763 492 1785 est
511 1756 661 1793 Gregorius
683 1758 842 1793 Acindynus
859 1759 884 1784 in
903 1759 1021 1786 com-ilio
1035 1758 1246 1792 Palamitarum,
1261 1759 1333 1793 quod
1359 1759 1444 1786 refert
1473 1758 1607 1786 Henricus
1644 1758 1800 1794 Spondanus

171 1804 199 1830 in
216 1803 364 1831 Annalibus
385 1803 573 1831 ecclesiasticis
587 1824 594 1836 ,
621 1804 654 1830 ad
671 1812 774 1831 annum
792 1804 872 1836 i550,
891 1813 971 1831 nunt.
985 1805 1030 1832 '50.
1050 1805 1101 1832 Sed
1115 1805 1252 1832 immerito
1270 1811 1303 1831 ac
1319 1808 1381 1839 post
1410 1809 1525 1831 mortem
1550 1804 1714 1835 damnatus,
1744 1803 1799 1829 dum

172 1858 225 1877 null
244 1855 325 1882 esset,
339 1851 385 1885 qui
399 1850 521 1885 amplius
537 1850 708 1890 loqueretur,
725 1855 822 1885 agente
835 1851 895 1885 ejus
912 1851 1071 1878 adversario
1096 1851 1264 1885 imperatore
1281 1850 1323 1878 val
1340 1854 1457 1886 tyranne
1475 1851 1566 1885 potius
1581 1848 1695 1877 Joanne
1709 1849 1800 1877 Cauta-

171 1905 285 1930 cnzeno,
305 1897 386 1932 hujus
402 1897 512 1924 concilii
528 1897 617 1932 capite
632 1905 664 1924 ac
686 1899 829 1932 magistro.
858 1898 925 1931 Qum
944 1903 1048 1925 tantum
1065 1898 1144 1925 abest
1164 1898 1242 1933 juxta
1267 1896 1432 1930 Pontanum,
1452 1903 1483 1924 ut
1510 1896 1639 1932 Gregorii
1674 1897 1799 1931 Avindyni

172 1945 311 1971 memoriae
324 1949 452 1976 noceant,
470 1944 534 1979 quin
547 1944 597 1978 ipsi
613 1952 628 1971 e
646 1948 742 1971 contra
759 1952 858 1980 magno
875 1945 1046 1972 orthodoxia:
1063 1949 1090 1972 ct
1105 1944 1250 1980 probitatis
1262 1949 1424 1979 argumento
1437 1944 1504 1971 sint.
1521 1943 1693 1978 Opusculum
1707 1943 1800 1977 Gregu:

172 1992 204 2018 rii
221 1989 354 2026 Acindyui
369 1990 405 2018 De
421 1992 535 2018 essentia
544 1997 568 2018 et
583 1991 735 2026 operatione
752 1991 821 2024 Dei;
834 1992 956 2027 ejusdrm
971 1992 1095 2027 Gregorii
1109 1991 1243 2027 Acindyni
1259 1991 1399 2026 Epistoltc,
1417 1995 1444 2017 et
1468 1990 1531 2023 alia,
1547 1989 1643 2017 Graece
1661 1990 1689 2017 in
1720 1991 1801 2017 eodm:

173 2037 226 2064 124
240 2043 348 2065 exsiliunt
360 2038 531 2066 serenissitni
546 2038 670 2066 Bavar'uc
685 2038 776 2065 ducis.
796 2037 866 2066 item
884 2039 911 2065 in
923 2037 1007 2072 Regia
1025 2037 1120 2065 Gallia:
1135 2038 1306 2066 Bibliotheca
1323 2037 1423 2065 Codice
1435 2037 1515 2071 1579,
1528 2036 1717 2071 Refutationes
1733 2038 1802 2064 Acin-

171 2085 235 2119 dyni
250 2093 297 2118 pro
313 2084 439 2118 Pnlama,
458 2089 488 2112 ut
502 2085 584 2112 habet
602 2085 746 2120 Philippus
759 2084 892 2112 Labbeus
908 2085 933 2112 in
949 2083 1026 2111 Nora
1047 2084 1212 2112 Bibliotheca
1230 2093 1294 2113 mss.
1306 2084 1436 2112 librorum
1450 2083 1626 2112 Bibliotheca:
1645 2084 1736 2120 Regia:
1746 2091 1800 2119 par-

174 2137 198 2157 te
213 2138 241 2162 ll,
257 2140 316 2166 pag.
336 2131 383 2163 86,
400 2131 494 2159 codice
513 2132 591 2160 l579.
611 2131 705 2160 Exstat
715 2132 839 2167 ejusdem
857 2131 977 2167 Gregorii
999 2132 1261 2167 Acindyniellarmen
1282 2133 1426 2166 iambirum
1438 2132 1470 2160 dc
1501 2132 1648 2159 Iztcresibus
1683 2132 1800 2159 Palanur-

172 2184 247 2206 tonio
270 2181 282 2206 1
303 2179 412 2206 (.‘rwciaz
425 2179 587 2207 Ott/rodata:
608 2180 708 2207 Leonis
727 2180 818 2207 Allatii
837 2180 916 2215 pag.‘

1065 2180 1117 2207 hoc
1130 2180 1212 2208 titulo
1229 2181 1401 2216 εΓρηγορὶου
1422 2182 1469 2207 τοῦ
1491 2179 1663 2212 Ἀκινὸὐνου,
1696 2186 1749 2207 etc.
1768 2180 1801 2206 In-

180 2228 247 2261 tipit
262 2233 352 2254 autem
369 2229 476 2262 Σπουδῇ
494 2229 627 2263 Παλαμᾶν
656 2229 772 2263 εὐσεσὴς
789 2229 842 2260 πᾶς
861 2236 924 2263 ipso}

1055 2229 1088 2255 ἰὲν
1105 2228 1158 2263 γὰρ
1173 2229 1232 2255 tusi
1245 2233 1299 2256 etc.
1330 2229 1423 2262 Agunt
1450 2228 1483 2255 de
1513 2227 1647 2262 Gregorio
1669 2228 1799 2262 Acindytm

171 2275 341 2309 Nicrplmrus
357 2275 494 2309 Gregoras
509 2275 637 2304 Historia
653 2277 700 2304 lih.
715 2285 744 2309 ιι,
759 2285 820 2312 cap.
841 2278 1003 2311 penultimo.
1017 2276 1120 2304 Joann.
1133 2276 1344 2304 Cantacuzenus
1355 2277 1416 2311 ejus
1426 2276 1526 2309 hostis,
1545 2276 1679 2304 llistorim
1696 2277 1761 2303 libro
1776 2282 1798 2305 ιιι

173 2329 253 2356 capp.
272 2320 306 2348 59
326 2320 406 2350 c140,
420 2326 446 2347 ct
462 2320 580 2354 iibl'oh‘,
596 2330 658 2357 cap.
669 2323 714 2349 ‘25.
729 2323 848 2350 lacubus
868 2322 1010 2350 Pontanus
1029 2323 1101 2351 notis
1118 2324 1177 2351 suis
1191 2324 1216 2350 in
1228 2323 1416 2350 Cantacuzeni
1443 2322 1606 2355 Historiam,
1629 2324 1695 2351 libri
1714 2331 1732 2350 ιι
1748 2330 1798 2356 cap.

175 2368 220 2399 ω,
239 2366 282 2392 ubi
300 2365 424 2400 plurihus
440 2366 473 2392 de
492 2366 537 2393 illo
554 2373 636 2402 atque
651 2376 713 2395 cum
730 2369 858 2396 laudibus
877 2377 930 2396 non
947 2369 1044 2404 paucis
1058 2379 1065 2403 ;
1084 2369 1218 2397 llenricus
1233 2369 1398 2405 Spondanus
1414 2370 1441 2397 in
1453 2370 1598 2398 Annalibus
1613 2370 1800 2398 Ecclesiastirir

175 2414 208 2439 ad
225 2420 327 2440 annum
348 2410 425 2444 i537,
440 2420 515 2439 num.
535 2413 578 2444 ll,
597 2419 622 2440 et
639 2415 671 2441 ad
689 2422 789 2441 annum
804 2415 973 2447 1550,1turtt.
991 2414 1037 2442 20.
