  <div class='ocr_page' id='page_1' title='image "/cluster/home/n/w/nwhite01/storage/ocr_20150623/151/njp.32101077773198/670.png"; bbox 0 0 1885 3070; ppageno 0'>
   <div class='ocr_carea' id='block_1_1' title="bbox 78 142 1682 182">
    <p class='ocr_par' dir='ltr' id='par_1_1' title="bbox 78 142 1682 182">
     <span class='ocr_line' id='line_1_1' title="bbox 78 142 1682 182; baseline -0.002 -2"><span class='ocrx_word' id='word_1_1' title='bbox 78 146 140 182; x_wconf 63' lang='grc'><strong>1189</strong></span> <span class='ocrx_word' id='word_1_2' title='bbox 561 149 613 180; x_wconf 85' lang='lat' dir='ltr'><strong>DE</strong></span> <span class='ocrx_word' id='word_1_3' title='bbox 631 144 820 179; x_wconf 76' lang='lat' dir='ltr'><strong>ESSENTIA</strong></span> <span class='ocrx_word' id='word_1_4' title='bbox 843 147 891 176; x_wconf 81' lang='lat' dir='ltr'><strong>ET</strong></span> <span class='ocrx_word' id='word_1_5' title='bbox 922 142 1181 177; x_wconf 76' lang='lat' dir='ltr'><strong>OPERATIONE.</strong></span> <span class='ocrx_word' id='word_1_6' title='bbox 1613 145 1682 177; x_wconf 76' lang='lat'><strong>1190</strong></span> 
     </span>
    </p>
   </div>
   <div class='ocr_carea' id='block_1_2' title="bbox 324 249 1381 412">
    <p class='ocr_par' dir='ltr' id='par_1_2' title="bbox 324 249 1381 412">
     <span class='ocr_line' id='line_1_2' title="bbox 324 249 1381 412; baseline -0.005 -24"><span class='ocrx_word' id='word_1_7' title='bbox 324 408 328 412; x_wconf 17' lang='grc' dir='ltr'><strong>ι</strong></span> <span class='ocrx_word' id='word_1_8' title='bbox 377 309 840 388; x_wconf 80' lang='lat' dir='ltr'><strong>GREGORII</strong></span> <span class='ocrx_word' id='word_1_9' title='bbox 899 249 1381 386; x_wconf 15' lang='lat' dir='ltr'><strong>ACINDYNI’</strong></span> 
     </span>
    </p>
   </div>
   <div class='ocr_carea' id='block_1_3' title="bbox 769 469 978 500">
    <p class='ocr_par' dir='ltr' id='par_1_3' title="bbox 769 469 978 500">
     <span class='ocr_line' id='line_1_3' title="bbox 769 469 978 500; baseline -0.01 0"><span class='ocrx_word' id='word_1_10' title='bbox 769 469 879 500; x_wconf 80' lang='lat' dir='ltr'><strong>LIBRI</strong></span> <span class='ocrx_word' id='word_1_11' title='bbox 901 469 978 500; x_wconf 85' lang='lat' dir='ltr'><strong>DUO</strong></span> 
     </span>
    </p>
   </div>
   <div class='ocr_carea' id='block_1_4' title="bbox 302 579 1438 627">
    <p class='ocr_par' dir='ltr' id='par_1_4' title="bbox 302 579 1438 627">
     <span class='ocr_line' id='line_1_4' title="bbox 302 579 1438 627; baseline -0.003 0"><span class='ocrx_word' id='word_1_12' title='bbox 302 582 375 627; x_wconf 88' lang='lat' dir='ltr'><strong>DE</strong></span> <span class='ocrx_word' id='word_1_13' title='bbox 429 582 716 627; x_wconf 88' lang='lat' dir='ltr'><strong>ESSENTIA</strong></span> <span class='ocrx_word' id='word_1_14' title='bbox 786 581 859 625; x_wconf 88' lang='lat' dir='ltr'>ET</span> <span class='ocrx_word' id='word_1_15' title='bbox 917 579 1311 626; x_wconf 78' lang='lat' dir='ltr'><strong>OPERATIONE</strong></span> <span class='ocrx_word' id='word_1_16' title='bbox 1339 580 1438 624; x_wconf 85' lang='lat' dir='ltr'><strong>DEI</strong></span> 
     </span>
    </p>
   </div>
   <div class='ocr_carea' id='block_1_5' title="bbox 222 691 1528 732">
    <p class='ocr_par' dir='ltr' id='par_1_5' title="bbox 222 691 1528 732">
     <span class='ocr_line' id='line_1_5' title="bbox 222 691 1528 732; baseline -0.002 -6"><span class='ocrx_word' id='word_1_17' title='bbox 222 696 309 726; x_wconf 88' lang='lat' dir='ltr'><strong>Olim</strong></span> <span class='ocrx_word' id='word_1_18' title='bbox 325 695 481 726; x_wconf 83' lang='lat' dir='ltr'><strong>adversus</strong></span> <span class='ocrx_word' id='word_1_19' title='bbox 505 693 666 724; x_wconf 73' lang='lat' dir='ltr'><strong>inscitiam</strong></span> <span class='ocrx_word' id='word_1_20' title='bbox 692 692 907 732; x_wconf 85' lang='lat' dir='ltr'><strong>quorumdam</strong></span> <span class='ocrx_word' id='word_1_21' title='bbox 940 693 1123 724; x_wconf 80' lang='lat' dir='ltr'><strong>Graecorum</strong></span> <span class='ocrx_word' id='word_1_22' title='bbox 1151 691 1336 731; x_wconf 85' lang='lat' dir='ltr'><strong>conscripti,</strong></span> <span class='ocrx_word' id='word_1_23' title='bbox 1359 692 1421 731; x_wconf 82' lang='lat' dir='ltr'><strong>jam</strong></span> <span class='ocrx_word' id='word_1_24' title='bbox 1451 701 1528 724; x_wconf 86' lang='lat' dir='ltr'><strong>vero</strong></span> 
     </span>
    </p>
   </div>
   <div class='ocr_carea' id='block_1_6' title="bbox 517 755 1232 796">
    <p class='ocr_par' dir='ltr' id='par_1_6' title="bbox 517 755 1232 796">
     <span class='ocr_line' id='line_1_6' title="bbox 517 755 1232 796; baseline 0 -8"><span class='ocrx_word' id='word_1_25' title='bbox 517 760 626 788; x_wconf 87' lang='lat' dir='ltr'><strong>contra</strong></span> <span class='ocrx_word' id='word_1_26' title='bbox 644 755 860 788; x_wconf 80' lang='lat' dir='ltr'><strong>Calvinianam</strong></span> <span class='ocrx_word' id='word_1_27' title='bbox 879 756 1072 796; x_wconf 83' lang='lat' dir='ltr'><strong>imperitiam</strong></span> <span class='ocrx_word' id='word_1_28' title='bbox 1087 757 1232 794; x_wconf 37' lang='lat' dir='ltr'><strong>.Conradi</strong></span> 
     </span>
    </p>
   </div>
   <div class='ocr_carea' id='block_1_7' title="bbox 264 820 1485 860">
    <p class='ocr_par' dir='ltr' id='par_1_7' title="bbox 264 820 1485 860">
     <span class='ocr_line' id='line_1_7' title="bbox 264 820 1485 860; baseline -0.002 -7"><span class='ocrx_word' id='word_1_29' title='bbox 264 822 379 853; x_wconf 88' lang='lat' dir='ltr'><strong>Vorstii</strong></span> <span class='ocrx_word' id='word_1_30' title='bbox 397 826 427 853; x_wconf 88' lang='lat' dir='ltr'><strong>et</strong></span> <span class='ocrx_word' id='word_1_31' title='bbox 442 821 685 853; x_wconf 76' lang='lat' dir='ltr'><strong>Vorstianorum</strong></span> <span class='ocrx_word' id='word_1_32' title='bbox 709 822 814 852; x_wconf 63' lang='lat' dir='ltr'><strong>Graece</strong></span> <span class='ocrx_word' id='word_1_33' title='bbox 840 821 1007 860; x_wconf 79' lang='lat' dir='ltr'><strong>publicati.</strong></span> <span class='ocrx_word' id='word_1_34' title='bbox 1031 820 1162 851; x_wconf 88' lang='lat' dir='ltr'><strong>Editore</strong></span> <span class='ocrx_word' id='word_1_35' title='bbox 1177 820 1293 851; x_wconf 72' lang='lat' dir='ltr'><strong>Jacobo</strong></span> <span class='ocrx_word' id='word_1_36' title='bbox 1313 821 1485 852; x_wconf 70' lang='lat' dir='ltr'><strong>Gnerseso</strong></span> 
     </span>
    </p>
   </div>
   <div class='ocr_carea' id='block_1_8' title="bbox 653 871 1094 925">
    <p class='ocr_par' dir='ltr' id='par_1_8' title="bbox 653 871 1094 925">
     <span class='ocr_line' id='line_1_8' title="bbox 653 871 1094 925; baseline -0.002 -8"><span class='ocrx_word' id='word_1_37' title='bbox 653 885 824 917; x_wconf 84' lang='lat' dir='ltr'><strong>Societatis</strong></span> <span class='ocrx_word' id='word_1_38' title='bbox 836 871 918 918; x_wconf 34' lang='lat' dir='ltr'><strong>‘Josu</strong></span> <span class='ocrx_word' id='word_1_39' title='bbox 933 885 1094 925; x_wconf 76' lang='lat' dir='ltr'><strong>theologo.</strong></span> 
     </span>
    </p>
   </div>
   <div class='ocr_carea' id='block_1_9' title="bbox 544 1069 1199 1103">
    <p class='ocr_par' dir='ltr' id='par_1_9' title="bbox 544 1069 1199 1103">
     <span class='ocr_line' id='line_1_9' title="bbox 544 1069 1199 1103; baseline -0.002 -2"><span class='ocrx_word' id='word_1_40' title='bbox 544 1071 701 1103; x_wconf 71' lang='grc' dir='ltr'><strong>-ΙΑΟΟΒῘ</strong></span> <span class='ocrx_word' id='word_1_41' title='bbox 727 1071 938 1103; x_wconf 77' lang='lat' dir='ltr'><strong>GRETSERI</strong></span> <span class='ocrx_word' id='word_1_42' title='bbox 962 1069 1199 1102; x_wconf 70' lang='grc' dir='ltr'><strong>ΡΠᾸίΕΑΤΙθ.</strong></span> 
     </span>
    </p>
   </div>
   <div class='ocr_carea' id='block_1_10' title="bbox 103 1142 1689 1183">
    <p class='ocr_par' dir='ltr' id='par_1_10' title="bbox 103 1142 1689 1183">
     <span class='ocr_line' id='line_1_10' title="bbox 103 1142 1689 1183; baseline -0.003 -6"><span class='ocrx_word' id='word_1_43' title='bbox 103 1149 161 1183; x_wconf 79' lang='lat' dir='ltr'><strong>Quo</strong></span> <span class='ocrx_word' id='word_1_44' title='bbox 173 1153 299 1183; x_wconf 86' lang='lat' dir='ltr'><strong>tempore</strong></span> <span class='ocrx_word' id='word_1_45' title='bbox 312 1146 431 1175; x_wconf 80' lang='lat' dir='ltr'><strong>Joannes</strong></span> <span class='ocrx_word' id='word_1_46' title='bbox 442 1146 650 1174; x_wconf 80' lang='lat' dir='ltr'><strong>Cantacuzenns</strong></span> <span class='ocrx_word' id='word_1_47' title='bbox 665 1145 998 1183; x_wconf 81' lang='lat' dir='ltr'><strong>Constantinopolitanum</strong></span> <span class='ocrx_word' id='word_1_48' title='bbox 1016 1142 1158 1179; x_wconf 85' lang='lat' dir='ltr'><strong>imperium</strong></span> <span class='ocrx_word' id='word_1_49' title='bbox 1174 1144 1294 1176; x_wconf 83' lang='lat' dir='ltr'><strong>tenebat,</strong></span> <span class='ocrx_word' id='word_1_50' title='bbox 1308 1144 1478 1178; x_wconf 69' lang='lat' dir='ltr'><strong>gravissimae</strong></span> <span class='ocrx_word' id='word_1_51' title='bbox 1493 1145 1689 1172; x_wconf 61' lang='lat' dir='ltr'><strong>controversiae</strong></span> 
     </span>
    </p>
   </div>
   <div class='ocr_carea' id='block_1_11' title="bbox 71 1193 1689 1230">
    <p class='ocr_par' dir='ltr' id='par_1_11' title="bbox 71 1193 1689 1230">
     <span class='ocr_line' id='line_1_11' title="bbox 71 1193 1689 1230; baseline -0.004 -5"><span class='ocrx_word' id='word_1_52' title='bbox 71 1199 231 1225; x_wconf 80' lang='lat' dir='ltr'><strong>exstiterunt</strong></span> <span class='ocrx_word' id='word_1_53' title='bbox 246 1197 279 1224; x_wconf 88' lang='lat' dir='ltr'><strong>de</strong></span> <span class='ocrx_word' id='word_1_54' title='bbox 290 1196 410 1224; x_wconf 73' lang='lat' dir='ltr'><strong>essentia</strong></span> <span class='ocrx_word' id='word_1_55' title='bbox 425 1200 452 1222; x_wconf 84' lang='lat' dir='ltr'><strong>et</strong></span> <span class='ocrx_word' id='word_1_56' title='bbox 468 1195 627 1230; x_wconf 76' lang='lat' dir='ltr'><strong>operatione</strong></span> <span class='ocrx_word' id='word_1_57' title='bbox 654 1194 711 1227; x_wconf 85' lang='lat' dir='ltr'><strong>Dei,</strong></span> <span class='ocrx_word' id='word_1_58' title='bbox 729 1193 892 1228; x_wconf 74' lang='lat' dir='ltr'><strong>quibusdam</strong></span> <span class='ocrx_word' id='word_1_59' title='bbox 914 1193 1125 1226; x_wconf 83' lang='lat' dir='ltr'><strong>allirmantibus,</strong></span> <span class='ocrx_word' id='word_1_60' title='bbox 1139 1193 1287 1220; x_wconf 72' lang='lat' dir='ltr'><strong>essentiam</strong></span> <span class='ocrx_word' id='word_1_61' title='bbox 1313 1196 1341 1219; x_wconf 87' lang='lat' dir='ltr'><strong>et</strong></span> <span class='ocrx_word' id='word_1_62' title='bbox 1354 1193 1538 1227; x_wconf 82' lang='lat' dir='ltr'><strong>operationem</strong></span> <span class='ocrx_word' id='word_1_63' title='bbox 1566 1193 1689 1227; x_wconf 83' lang='lat' dir='ltr'><strong>aliasque</strong></span> 
     </span>
    </p>
   </div>
   <div class='ocr_carea' id='block_1_12' title="bbox 72 1238 1689 1278">
    <p class='ocr_par' dir='ltr' id='par_1_12' title="bbox 72 1238 1689 1278">
     <span class='ocr_line' id='line_1_12' title="bbox 72 1238 1689 1278; baseline -0.002 -9"><span class='ocrx_word' id='word_1_64' title='bbox 72 1244 247 1278; x_wconf 77' lang='lat' dir='ltr'><strong>proprietates</strong></span> <span class='ocrx_word' id='word_1_65' title='bbox 264 1242 309 1269; x_wconf 86' lang='lat' dir='ltr'><strong>Dei</strong></span> <span class='ocrx_word' id='word_1_66' title='bbox 329 1241 365 1268; x_wconf 87' lang='lat' dir='ltr'><strong>ita</strong></span> <span class='ocrx_word' id='word_1_67' title='bbox 383 1241 525 1276; x_wconf 76' lang='lat' dir='ltr'><strong>distingui,</strong></span> <span class='ocrx_word' id='word_1_68' title='bbox 547 1240 778 1275; x_wconf 80' lang='lat' dir='ltr'><strong>quemadmodum</strong></span> <span class='ocrx_word' id='word_1_69' title='bbox 796 1240 975 1274; x_wconf 81' lang='lat' dir='ltr'><strong>distinguitur</strong></span> <span class='ocrx_word' id='word_1_70' title='bbox 992 1239 1037 1266; x_wconf 82' lang='lat' dir='ltr'><strong>lux</strong></span> <span class='ocrx_word' id='word_1_71' title='bbox 1051 1239 1117 1266; x_wconf 86' lang='lat' dir='ltr'><strong>solis</strong></span> <span class='ocrx_word' id='word_1_72' title='bbox 1133 1248 1147 1266; x_wconf 85' lang='lat' dir='ltr'><strong>a</strong></span> <span class='ocrx_word' id='word_1_73' title='bbox 1175 1239 1327 1266; x_wconf 85' lang='lat' dir='ltr'><strong>substantia</strong></span> <span class='ocrx_word' id='word_1_74' title='bbox 1344 1238 1420 1270; x_wconf 81' lang='lat' dir='ltr'><strong>solis,</strong></span> <span class='ocrx_word' id='word_1_75' title='bbox 1442 1238 1514 1265; x_wconf 91' lang='lat' dir='ltr'><strong>inter</strong></span> <span class='ocrx_word' id='word_1_76' title='bbox 1525 1246 1594 1273; x_wconf 86' lang='lat' dir='ltr'><strong>quos</strong></span> <span class='ocrx_word' id='word_1_77' title='bbox 1610 1238 1689 1266; x_wconf 77' lang='lat' dir='ltr'><strong>l&#39;aczle</strong></span> 
     </span>
    </p>
   </div>
   <div class='ocr_carea' id='block_1_13' title="bbox 72 1287 1688 1326">
    <p class='ocr_par' dir='ltr' id='par_1_13' title="bbox 72 1287 1688 1326">
     <span class='ocr_line' id='line_1_13' title="bbox 72 1287 1688 1326; baseline -0.004 -8"><span class='ocrx_word' id='word_1_78' title='bbox 72 1292 169 1326; x_wconf 85' lang='lat' dir='ltr'><strong>primas</strong></span> <span class='ocrx_word' id='word_1_79' title='bbox 186 1291 317 1318; x_wconf 85' lang='lat' dir='ltr'><strong>tenebant</strong></span> <span class='ocrx_word' id='word_1_80' title='bbox 330 1290 488 1316; x_wconf 82' lang='lat' dir='ltr'><strong>Philotheus</strong></span> <span class='ocrx_word' id='word_1_81' title='bbox 503 1290 619 1323; x_wconf 88' lang='lat' dir='ltr'><strong>primum</strong></span> <span class='ocrx_word' id='word_1_82' title='bbox 635 1289 736 1316; x_wconf 90' lang='lat' dir='ltr'><strong>montis</strong></span> <span class='ocrx_word' id='word_1_83' title='bbox 750 1288 821 1315; x_wconf 79' lang='lat' dir='ltr'><strong>Atlio</strong></span> <span class='ocrx_word' id='word_1_84' title='bbox 835 1289 996 1319; x_wconf 85' lang='lat' dir='ltr'><strong>monachus,</strong></span> <span class='ocrx_word' id='word_1_85' title='bbox 1012 1293 1107 1323; x_wconf 87' lang='lat' dir='ltr'><strong>postea</strong></span> <span class='ocrx_word' id='word_1_86' title='bbox 1127 1289 1274 1323; x_wconf 88' lang='lat' dir='ltr'><strong>episc0pus</strong></span> <span class='ocrx_word' id='word_1_87' title='bbox 1302 1287 1502 1319; x_wconf 81' lang='lat' dir='ltr'><strong>Heracleensis,</strong></span> <span class='ocrx_word' id='word_1_88' title='bbox 1523 1292 1550 1313; x_wconf 87' lang='lat' dir='ltr'><strong>et</strong></span> <span class='ocrx_word' id='word_1_89' title='bbox 1580 1288 1688 1314; x_wconf 73' lang='lat' dir='ltr'><strong>tandem</strong></span> 
     </span>
    </p>
   </div>
   <div class='ocr_carea' id='block_1_14' title="bbox 71 1333 1686 1373">
    <p class='ocr_par' dir='ltr' id='par_1_14' title="bbox 71 1333 1686 1373">
     <span class='ocr_line' id='line_1_14' title="bbox 71 1333 1686 1373; baseline -0.004 -8"><span class='ocrx_word' id='word_1_90' title='bbox 71 1335 226 1373; x_wconf 68' lang='lat' dir='ltr'><strong>patriarcha</strong></span> <span class='ocrx_word' id='word_1_91' title='bbox 240 1336 572 1370; x_wconf 74' lang='lat' dir='ltr'><strong>Constantiuopolitauus.</strong></span> <span class='ocrx_word' id='word_1_92' title='bbox 586 1342 612 1362; x_wconf 89' lang='lat' dir='ltr'><strong>et.</strong></span> <span class='ocrx_word' id='word_1_93' title='bbox 626 1335 776 1369; x_wconf 75' lang='lat' dir='ltr'><strong>Gregorius</strong></span> <span class='ocrx_word' id='word_1_94' title='bbox 792 1334 917 1362; x_wconf 81' lang='lat' dir='ltr'><strong>Palamns</strong></span> <span class='ocrx_word' id='word_1_95' title='bbox 936 1335 1159 1369; x_wconf 77' lang='lat' dir='ltr'><strong>archiepiscopus</strong></span> <span class='ocrx_word' id='word_1_96' title='bbox 1178 1333 1447 1364; x_wconf 80' lang='lat' dir='ltr'><strong>Thessalonicensis.</strong></span> <span class='ocrx_word' id='word_1_97' title='bbox 1464 1334 1511 1368; x_wconf 90' lang='lat' dir='ltr'><strong>qui</strong></span> <span class='ocrx_word' id='word_1_98' title='bbox 1540 1340 1602 1359; x_wconf 89' lang='lat' dir='ltr'><strong>cum</strong></span> <span class='ocrx_word' id='word_1_99' title='bbox 1617 1333 1686 1358; x_wconf 62' lang='lat' dir='ltr'><strong>alio»;</strong></span> 
     </span>
    </p>
   </div>
   <div class='ocr_carea' id='block_1_15' title="bbox 72 1380 1690 1419">
    <p class='ocr_par' dir='ltr' id='par_1_15' title="bbox 72 1380 1690 1419">
     <span class='ocr_line' id='line_1_15' title="bbox 72 1380 1690 1419; baseline -0.003 -7"><span class='ocrx_word' id='word_1_100' title='bbox 72 1386 179 1417; x_wconf 81' lang='lat' dir='ltr'><strong>multos,</strong></span> <span class='ocrx_word' id='word_1_101' title='bbox 200 1390 256 1412; x_wconf 91' lang='lat' dir='ltr'><strong>tum</strong></span> <span class='ocrx_word' id='word_1_102' title='bbox 270 1385 358 1419; x_wconf 89' lang='lat' dir='ltr'><strong>ipsum</strong></span> <span class='ocrx_word' id='word_1_103' title='bbox 373 1391 483 1419; x_wconf 85' lang='lat' dir='ltr'><strong>quoque</strong></span> <span class='ocrx_word' id='word_1_104' title='bbox 495 1383 718 1412; x_wconf 84' lang='lat' dir='ltr'><strong>Cautacuzennm</strong></span> <span class='ocrx_word' id='word_1_105' title='bbox 736 1391 814 1410; x_wconf 87' lang='lat' dir='ltr'><strong>suam</strong></span> <span class='ocrx_word' id='word_1_106' title='bbox 841 1383 867 1410; x_wconf 90' lang='lat' dir='ltr'><strong>in</strong></span> <span class='ocrx_word' id='word_1_107' title='bbox 890 1383 1047 1417; x_wconf 83' lang='lat' dir='ltr'><strong>opinionem</strong></span> <span class='ocrx_word' id='word_1_108' title='bbox 1082 1383 1272 1410; x_wconf 80' lang='lat' dir='ltr'><strong>traduxerunt.</strong></span> <span class='ocrx_word' id='word_1_109' title='bbox 1289 1381 1358 1409; x_wconf 79' lang='lat' dir='ltr'><strong>Hinc</strong></span> <span class='ocrx_word' id='word_1_110' title='bbox 1381 1382 1433 1409; x_wconf 78' lang='lat' dir='ltr'><strong>illa:</strong></span> <span class='ocrx_word' id='word_1_111' title='bbox 1452 1382 1556 1413; x_wconf 79' lang='lat' dir='ltr'><strong>laudes,</strong></span> <span class='ocrx_word' id='word_1_112' title='bbox 1591 1380 1690 1415; x_wconf 80' lang='lat' dir='ltr'><strong>quibus</strong></span> 
     </span>
    </p>
   </div>
   <div class='ocr_carea' id='block_1_16' title="bbox 71 1427 1690 1464">
    <p class='ocr_par' dir='ltr' id='par_1_16' title="bbox 71 1427 1690 1464">
     <span class='ocr_line' id='line_1_16' title="bbox 71 1427 1690 1464; baseline -0.004 -5"><span class='ocrx_word' id='word_1_113' title='bbox 71 1431 275 1459; x_wconf 73' lang='lat' dir='ltr'><strong>Cantacuzenus</strong></span> <span class='ocrx_word' id='word_1_114' title='bbox 293 1432 320 1458; x_wconf 91' lang='lat' dir='ltr'><strong>in</strong></span> <span class='ocrx_word' id='word_1_115' title='bbox 335 1431 455 1457; x_wconf 76' lang='lat' dir='ltr'><strong>Historia</strong></span> <span class='ocrx_word' id='word_1_116' title='bbox 468 1438 514 1457; x_wconf 87' lang='lat' dir='ltr'><strong>sua</strong></span> <span class='ocrx_word' id='word_1_117' title='bbox 532 1430 703 1457; x_wconf 82' lang='lat' dir='ltr'><strong>Philotlieutn</strong></span> <span class='ocrx_word' id='word_1_118' title='bbox 721 1434 748 1457; x_wconf 89' lang='lat' dir='ltr'><strong>et</strong></span> <span class='ocrx_word' id='word_1_119' title='bbox 764 1429 902 1456; x_wconf 84' lang='lat' dir='ltr'><strong>Palamam</strong></span> <span class='ocrx_word' id='word_1_120' title='bbox 920 1430 1028 1457; x_wconf 82' lang='lat' dir='ltr'><strong>extollit</strong></span> <span class='ocrx_word' id='word_1_121' title='bbox 1043 1435 1069 1457; x_wconf 90' lang='lat' dir='ltr'><strong>et</strong></span> <span class='ocrx_word' id='word_1_122' title='bbox 1086 1434 1214 1464; x_wconf 84' lang='lat' dir='ltr'><strong>tanquam</strong></span> <span class='ocrx_word' id='word_1_123' title='bbox 1232 1429 1402 1456; x_wconf 77' lang='lat' dir='ltr'><strong>ortliodoxia:</strong></span> <span class='ocrx_word' id='word_1_124' title='bbox 1424 1429 1547 1456; x_wconf 84' lang='lat' dir='ltr'><strong>sinceros</strong></span> <span class='ocrx_word' id='word_1_125' title='bbox 1562 1432 1589 1454; x_wconf 93' lang='lat' dir='ltr'><strong>et</strong></span> <span class='ocrx_word' id='word_1_126' title='bbox 1618 1427 1690 1454; x_wconf 77' lang='lat' dir='ltr'><strong>inti-</strong></span> 
     </span>
    </p>
   </div>
   <div class='ocr_carea' id='block_1_17' title="bbox 71 1475 1693 1512">
    <p class='ocr_par' dir='ltr' id='par_1_17' title="bbox 71 1475 1693 1512">
     <span class='ocr_line' id='line_1_17' title="bbox 71 1475 1693 1512; baseline -0.002 -8"><span class='ocrx_word' id='word_1_127' title='bbox 71 1483 125 1505; x_wconf 89' lang='lat' dir='ltr'><strong>ctos</strong></span> <span class='ocrx_word' id='word_1_128' title='bbox 140 1482 360 1512; x_wconf 77' lang='lat' dir='ltr'><strong>propugnatores</strong></span> <span class='ocrx_word' id='word_1_129' title='bbox 374 1477 511 1508; x_wconf 82' lang='lat' dir='ltr'><strong>decantat,</strong></span> <span class='ocrx_word' id='word_1_130' title='bbox 529 1476 675 1503; x_wconf 80' lang='lat' dir='ltr'><strong>Barlaamo</strong></span> <span class='ocrx_word' id='word_1_131' title='bbox 692 1482 720 1503; x_wconf 87' lang='lat' dir='ltr'><strong>et</strong></span> <span class='ocrx_word' id='word_1_132' title='bbox 737 1476 867 1511; x_wconf 76' lang='lat' dir='ltr'><strong>Gregorio</strong></span> <span class='ocrx_word' id='word_1_133' title='bbox 886 1477 1028 1511; x_wconf 78' lang='lat' dir='ltr'><strong>Aeindyuo</strong></span> <span class='ocrx_word' id='word_1_134' title='bbox 1044 1477 1076 1503; x_wconf 81' lang='lat' dir='ltr'><strong>ad</strong></span> <span class='ocrx_word' id='word_1_135' title='bbox 1105 1477 1188 1503; x_wconf 89' lang='lat' dir='ltr'><strong>imum</strong></span> <span class='ocrx_word' id='word_1_136' title='bbox 1204 1484 1290 1510; x_wconf 83' lang='lat' dir='ltr'><strong>usque</strong></span> <span class='ocrx_word' id='word_1_137' title='bbox 1302 1476 1391 1503; x_wconf 90' lang='lat' dir='ltr'><strong>solum</strong></span> <span class='ocrx_word' id='word_1_138' title='bbox 1417 1475 1565 1510; x_wconf 84' lang='lat' dir='ltr'><strong>depressis,</strong></span> <span class='ocrx_word' id='word_1_139' title='bbox 1589 1479 1616 1501; x_wconf 82' lang='lat' dir='ltr'><strong>et</strong></span> <span class='ocrx_word' id='word_1_140' title='bbox 1640 1476 1693 1500; x_wconf 84' lang='lat' dir='ltr'><strong>cett</strong></span> 
     </span>
    </p>
   </div>
   <div class='ocr_carea' id='block_1_18' title="bbox 72 1521 1690 1559">
    <p class='ocr_par' dir='ltr' id='par_1_18' title="bbox 72 1521 1690 1559">
     <span class='ocr_line' id='line_1_18' title="bbox 72 1521 1690 1559; baseline -0.002 -9"><span class='ocrx_word' id='word_1_141' title='bbox 72 1524 216 1557; x_wconf 73' lang='lat' dir='ltr'><strong>ha-retieis,</strong></span> <span class='ocrx_word' id='word_1_142' title='bbox 230 1523 402 1559; x_wconf 80' lang='lat' dir='ltr'><strong>quadruplici</strong></span> <span class='ocrx_word' id='word_1_143' title='bbox 421 1523 550 1559; x_wconf 85' lang='lat' dir='ltr'><strong>syncdrio</strong></span> <span class='ocrx_word' id='word_1_144' title='bbox 565 1522 712 1556; x_wconf 85' lang='lat' dir='ltr'><strong>damnatis,</strong></span> <span class='ocrx_word' id='word_1_145' title='bbox 728 1530 782 1549; x_wconf 85' lang='lat' dir='ltr'><strong>una</strong></span> <span class='ocrx_word' id='word_1_146' title='bbox 796 1531 858 1550; x_wconf 92' lang='lat' dir='ltr'><strong>eum</strong></span> <span class='ocrx_word' id='word_1_147' title='bbox 874 1523 1002 1550; x_wconf 87' lang='lat' dir='ltr'><strong>omnibus</strong></span> <span class='ocrx_word' id='word_1_148' title='bbox 1025 1523 1219 1554; x_wconf 83' lang='lat' dir='ltr'><strong>sectatoribus,</strong></span> <span class='ocrx_word' id='word_1_149' title='bbox 1233 1530 1266 1550; x_wconf 77' lang='lat' dir='ltr'><strong>ex</strong></span> <span class='ocrx_word' id='word_1_150' title='bbox 1287 1530 1405 1557; x_wconf 88' lang='lat' dir='ltr'><strong>quorum</strong></span> <span class='ocrx_word' id='word_1_151' title='bbox 1435 1529 1549 1548; x_wconf 77' lang='lat' dir='ltr'><strong>numero</strong></span> <span class='ocrx_word' id='word_1_152' title='bbox 1581 1521 1690 1548; x_wconf 79' lang='lat' dir='ltr'><strong>tandem</strong></span> 
     </span>
    </p>
   </div>
   <div class='ocr_carea' id='block_1_19' title="bbox 71 1567 1691 1605">
    <p class='ocr_par' dir='ltr' id='par_1_19' title="bbox 71 1567 1691 1605">
     <span class='ocr_line' id='line_1_19' title="bbox 71 1567 1691 1605; baseline -0.002 -7"><span class='ocrx_word' id='word_1_153' title='bbox 71 1571 122 1598; x_wconf 78' lang='lat' dir='ltr'><strong>fuit</strong></span> <span class='ocrx_word' id='word_1_154' title='bbox 140 1572 225 1599; x_wconf 86' lang='lat' dir='ltr'><strong>etiam</strong></span> <span class='ocrx_word' id='word_1_155' title='bbox 238 1570 412 1605; x_wconf 71' lang='lat' dir='ltr'><strong>Nicephorus</strong></span> <span class='ocrx_word' id='word_1_156' title='bbox 427 1570 575 1604; x_wconf 76' lang='lat' dir='ltr'><strong>Gregotas,</strong></span> <span class='ocrx_word' id='word_1_157' title='bbox 592 1569 618 1597; x_wconf 91' lang='lat' dir='ltr'><strong>iu</strong></span> <span class='ocrx_word' id='word_1_158' title='bbox 634 1577 714 1604; x_wconf 87' lang='lat' dir='ltr'><strong>quem</strong></span> <span class='ocrx_word' id='word_1_159' title='bbox 727 1568 942 1597; x_wconf 76' lang='lat' dir='ltr'><strong>Cantaeuzenus</strong></span> <span class='ocrx_word' id='word_1_160' title='bbox 962 1577 1015 1597; x_wconf 85' lang='lat' dir='ltr'><strong>non</strong></span> <span class='ocrx_word' id='word_1_161' title='bbox 1032 1570 1116 1597; x_wconf 80' lang='lat' dir='ltr'><strong>semel</strong></span> <span class='ocrx_word' id='word_1_162' title='bbox 1127 1569 1226 1597; x_wconf 85' lang='lat' dir='ltr'><strong>acriter</strong></span> <span class='ocrx_word' id='word_1_163' title='bbox 1241 1569 1369 1604; x_wconf 75' lang='lat' dir='ltr'><strong>insurgit,</strong></span> <span class='ocrx_word' id='word_1_164' title='bbox 1387 1573 1415 1595; x_wconf 88' lang='lat' dir='ltr'><strong>et</strong></span> <span class='ocrx_word' id='word_1_165' title='bbox 1430 1569 1522 1595; x_wconf 85' lang='lat' dir='ltr'><strong>acrius</strong></span> <span class='ocrx_word' id='word_1_166' title='bbox 1537 1567 1691 1602; x_wconf 71' lang='lat' dir='ltr'><strong>patriarcha</strong></span> 
     </span>
    </p>
   </div>
   <div class='ocr_carea' id='block_1_20' title="bbox 71 1619 237 1647">
    <p class='ocr_par' dir='ltr' id='par_1_20' title="bbox 71 1619 237 1647">
     <span class='ocr_line' id='line_1_20' title="bbox 71 1619 237 1647; baseline 0 -1"><span class='ocrx_word' id='word_1_167' title='bbox 71 1619 237 1647; x_wconf 73' lang='lat' dir='ltr'><strong>Pliilotlteus.</strong></span> 
     </span>
    </p>
   </div>
   <div class='ocr_carea' id='block_1_21' title="bbox 103 1662 1693 1700">
    <p class='ocr_par' dir='ltr' id='par_1_21' title="bbox 103 1662 1693 1700">
     <span class='ocr_line' id='line_1_21' title="bbox 103 1662 1693 1700; baseline -0.003 -7"><span class='ocrx_word' id='word_1_168' title='bbox 103 1665 250 1693; x_wconf 75' lang='lat' dir='ltr'><strong>Vero-inde</strong></span> <span class='ocrx_word' id='word_1_169' title='bbox 267 1669 322 1691; x_wconf 84' lang='lat' dir='ltr'><strong>tota</strong></span> <span class='ocrx_word' id='word_1_170' title='bbox 336 1665 387 1692; x_wconf 90' lang='lat' dir='ltr'><strong>ista</strong></span> <span class='ocrx_word' id='word_1_171' title='bbox 405 1664 589 1692; x_wconf 86' lang='lat' dir='ltr'><strong>controversia</strong></span> <span class='ocrx_word' id='word_1_172' title='bbox 602 1665 624 1692; x_wconf 88' lang='lat' dir='ltr'><strong>si</strong></span> <span class='ocrx_word' id='word_1_173' title='bbox 638 1664 699 1700; x_wconf 84' lang='lat' dir='ltr'><strong>quis</strong></span> <span class='ocrx_word' id='word_1_174' title='bbox 726 1664 800 1699; x_wconf 88' lang='lat' dir='ltr'><strong>plura</strong></span> <span class='ocrx_word' id='word_1_175' title='bbox 818 1664 964 1697; x_wconf 79' lang='lat' dir='ltr'><strong>desiderat,</strong></span> <span class='ocrx_word' id='word_1_176' title='bbox 986 1665 1009 1691; x_wconf 90' lang='lat' dir='ltr'><strong>is</strong></span> <span class='ocrx_word' id='word_1_177' title='bbox 1027 1665 1111 1691; x_wconf 84' lang='lat' dir='ltr'><strong>adeat</strong></span> <span class='ocrx_word' id='word_1_178' title='bbox 1133 1671 1175 1695; x_wconf 85' lang='lat' dir='ltr'><strong>ea.</strong></span> <span class='ocrx_word' id='word_1_179' title='bbox 1196 1672 1256 1698; x_wconf 74' lang='lat' dir='ltr'><strong>qua:</strong></span> <span class='ocrx_word' id='word_1_180' title='bbox 1268 1672 1301 1691; x_wconf 82' lang='lat' dir='ltr'><strong>ex</strong></span> <span class='ocrx_word' id='word_1_181' title='bbox 1315 1663 1425 1694; x_wconf 80' lang='lat' dir='ltr'><strong>ineditis</strong></span> <span class='ocrx_word' id='word_1_182' title='bbox 1440 1663 1494 1690; x_wconf 77' lang='lat' dir='ltr'><strong>fere</strong></span> <span class='ocrx_word' id='word_1_183' title='bbox 1513 1662 1693 1697; x_wconf 84' lang='lat' dir='ltr'><strong>scriptoribus</strong></span> 
     </span>
    </p>
   </div>
   <div class='ocr_carea' id='block_1_22' title="bbox 73 1709 1691 1745">
    <p class='ocr_par' dir='ltr' id='par_1_22' title="bbox 73 1709 1691 1745">
     <span class='ocr_line' id='line_1_22' title="bbox 73 1709 1691 1745; baseline -0.002 -7"><span class='ocrx_word' id='word_1_184' title='bbox 73 1713 226 1739; x_wconf 79' lang='lat' dir='ltr'><strong>notavimus</strong></span> <span class='ocrx_word' id='word_1_185' title='bbox 242 1711 275 1738; x_wconf 88' lang='lat' dir='ltr'><strong>ad</strong></span> <span class='ocrx_word' id='word_1_186' title='bbox 291 1716 371 1745; x_wconf 83' lang='lat' dir='ltr'><strong>caput</strong></span> <span class='ocrx_word' id='word_1_187' title='bbox 388 1711 513 1737; x_wconf 89' lang='lat' dir='ltr'><strong>ultimum</strong></span> <span class='ocrx_word' id='word_1_188' title='bbox 532 1711 595 1738; x_wconf 90' lang='lat' dir='ltr'><strong>libri</strong></span> <span class='ocrx_word' id='word_1_189' title='bbox 613 1711 725 1739; x_wconf 88' lang='lat' dir='ltr'><strong>secundi</strong></span> <span class='ocrx_word' id='word_1_190' title='bbox 746 1711 873 1738; x_wconf 70' lang='lat' dir='ltr'><strong>Historiae</strong></span> <span class='ocrx_word' id='word_1_191' title='bbox 888 1711 1161 1745; x_wconf 48' lang='lat' dir='ltr'><strong>Cantacutenicaﬁn)</strong></span> <span class='ocrx_word' id='word_1_192' title='bbox 1190 1709 1240 1737; x_wconf 89' lang='lat' dir='ltr'><strong>Ubi</strong></span> <span class='ocrx_word' id='word_1_193' title='bbox 1255 1710 1337 1737; x_wconf 89' lang='lat' dir='ltr'><strong>etiam</strong></span> <span class='ocrx_word' id='word_1_194' title='bbox 1355 1710 1388 1737; x_wconf 86' lang='lat' dir='ltr'><strong>de</strong></span> <span class='ocrx_word' id='word_1_195' title='bbox 1415 1710 1518 1736; x_wconf 93' lang='lat' dir='ltr'><strong>lumine</strong></span> <span class='ocrx_word' id='word_1_196' title='bbox 1538 1709 1691 1740; x_wconf 84' lang='lat' dir='ltr'><strong>Thahorio,</strong></span> 
     </span>
    </p>
   </div>
   <div class='ocr_carea' id='block_1_23' title="bbox 71 1755 1693 1792">
    <p class='ocr_par' dir='ltr' id='par_1_23' title="bbox 71 1755 1693 1792">
     <span class='ocr_line' id='line_1_23' title="bbox 71 1755 1693 1792; baseline -0.001 -9"><span class='ocrx_word' id='word_1_197' title='bbox 71 1759 139 1792; x_wconf 83' lang='lat' dir='ltr'><strong>quod</strong></span> <span class='ocrx_word' id='word_1_198' title='bbox 157 1757 320 1785; x_wconf 75' lang='lat' dir='ltr'><strong>Philotlueus</strong></span> <span class='ocrx_word' id='word_1_199' title='bbox 335 1761 361 1784; x_wconf 87' lang='lat' dir='ltr'><strong>et</strong></span> <span class='ocrx_word' id='word_1_200' title='bbox 371 1756 493 1784; x_wconf 84' lang='lat' dir='ltr'><strong>Palamas</strong></span> <span class='ocrx_word' id='word_1_201' title='bbox 512 1757 666 1784; x_wconf 85' lang='lat' dir='ltr'><strong>increatum</strong></span> <span class='ocrx_word' id='word_1_202' title='bbox 684 1757 852 1790; x_wconf 79' lang='lat' dir='ltr'><strong>statuebant,</strong></span> <span class='ocrx_word' id='word_1_203' title='bbox 870 1757 1064 1790; x_wconf 83' lang='lat' dir='ltr'><strong>disseruimus,</strong></span> <span class='ocrx_word' id='word_1_204' title='bbox 1080 1757 1223 1784; x_wconf 82' lang='lat' dir='ltr'><strong>Barlaamo</strong></span> <span class='ocrx_word' id='word_1_205' title='bbox 1238 1760 1265 1784; x_wconf 86' lang='lat' dir='ltr'><strong>et</strong></span> <span class='ocrx_word' id='word_1_206' title='bbox 1276 1756 1419 1791; x_wconf 75' lang='lat' dir='ltr'><strong>Acindyno</strong></span> <span class='ocrx_word' id='word_1_207' title='bbox 1434 1760 1529 1783; x_wconf 87' lang='lat' dir='ltr'><strong>contra</strong></span> <span class='ocrx_word' id='word_1_208' title='bbox 1543 1755 1693 1782; x_wconf 88' lang='lat' dir='ltr'><strong>nitentibus</strong></span> 
     </span>
    </p>
   </div>
   <div class='ocr_carea' id='block_1_24' title="bbox 70 1805 617 1839">
    <p class='ocr_par' dir='ltr' id='par_1_24' title="bbox 70 1805 617 1839">
     <span class='ocr_line' id='line_1_24' title="bbox 70 1805 617 1839; baseline 0 -6"><span class='ocrx_word' id='word_1_209' title='bbox 70 1811 93 1833; x_wconf 77' lang='lat' dir='ltr'><strong>et</strong></span> <span class='ocrx_word' id='word_1_210' title='bbox 115 1805 225 1833; x_wconf 87' lang='lat' dir='ltr'><strong>veritati</strong></span> <span class='ocrx_word' id='word_1_211' title='bbox 245 1805 350 1832; x_wconf 81' lang='lat' dir='ltr'><strong>fortiter</strong></span> <span class='ocrx_word' id='word_1_212' title='bbox 365 1805 617 1839; x_wconf 76' lang='lat' dir='ltr'><strong>patrocinantibus..</strong></span> 
     </span>
    </p>
   </div>
   <div class='ocr_carea' id='block_1_25' title="bbox 103 1851 1694 1888">
    <p class='ocr_par' dir='ltr' id='par_1_25' title="bbox 103 1851 1694 1888">
     <span class='ocr_line' id='line_1_25' title="bbox 103 1851 1694 1888; baseline -0.001 -9"><span class='ocrx_word' id='word_1_213' title='bbox 103 1852 163 1879; x_wconf 78' lang='lat' dir='ltr'><strong>Non</strong></span> <span class='ocrx_word' id='word_1_214' title='bbox 180 1852 276 1879; x_wconf 88' lang='lat' dir='ltr'><strong>dubito</strong></span> <span class='ocrx_word' id='word_1_215' title='bbox 292 1857 392 1884; x_wconf 89' lang='lat' dir='ltr'><strong>autem,</strong></span> <span class='ocrx_word' id='word_1_216' title='bbox 410 1853 481 1878; x_wconf 90' lang='lat' dir='ltr'><strong>hunc</strong></span> <span class='ocrx_word' id='word_1_217' title='bbox 495 1851 666 1879; x_wconf 81' lang='lat' dir='ltr'><strong>Barlaamum</strong></span> <span class='ocrx_word' id='word_1_218' title='bbox 682 1859 742 1880; x_wconf 88' lang='lat' dir='ltr'><strong>esse</strong></span> <span class='ocrx_word' id='word_1_219' title='bbox 757 1852 832 1879; x_wconf 93' lang='lat' dir='ltr'><strong>illum</strong></span> <span class='ocrx_word' id='word_1_220' title='bbox 850 1853 952 1888; x_wconf 85' lang='lat' dir='ltr'><strong>ipsum.</strong></span> <span class='ocrx_word' id='word_1_221' title='bbox 968 1852 1048 1887; x_wconf 82' lang='lat' dir='ltr'><strong>cujus</strong></span> <span class='ocrx_word' id='word_1_222' title='bbox 1073 1852 1203 1887; x_wconf 81' lang='lat' dir='ltr'><strong>epistolas</strong></span> <span class='ocrx_word' id='word_1_223' title='bbox 1218 1851 1251 1878; x_wconf 89' lang='lat' dir='ltr'><strong>ad</strong></span> <span class='ocrx_word' id='word_1_224' title='bbox 1268 1851 1378 1879; x_wconf 60' lang='lat' dir='ltr'><strong>Grati-os</strong></span> <span class='ocrx_word' id='word_1_225' title='bbox 1396 1857 1469 1878; x_wconf 88' lang='lat' dir='ltr'><strong>temo</strong></span> <span class='ocrx_word' id='word_1_226' title='bbox 1487 1851 1583 1886; x_wconf 86' lang='lat' dir='ltr'><strong>quinto</strong></span> <span class='ocrx_word' id='word_1_227' title='bbox 1617 1851 1694 1877; x_wconf 82' lang='lat' dir='ltr'><strong>Anti-</strong></span> 
     </span>
    </p>
   </div>
   <div class='ocr_carea' id='block_1_26' title="bbox 69 1897 1696 1933">
    <p class='ocr_par' dir='ltr' id='par_1_26' title="bbox 69 1897 1696 1933">
     <span class='ocr_line' id='line_1_26' title="bbox 69 1897 1696 1933; baseline 0 -9"><span class='ocrx_word' id='word_1_228' title='bbox 69 1907 126 1933; x_wconf 73' lang='lat' dir='ltr'><strong>quw</strong></span> <span class='ocrx_word' id='word_1_229' title='bbox 142 1899 264 1926; x_wconf 79' lang='lat' dir='ltr'><strong>lectionis</strong></span> <span class='ocrx_word' id='word_1_230' title='bbox 280 1898 417 1932; x_wconf 78' lang='lat' dir='ltr'><strong>evulgav‘h</strong></span> <span class='ocrx_word' id='word_1_231' title='bbox 432 1897 463 1925; x_wconf 86' lang='grc' dir='ltr'><strong>Ι).</strong></span> <span class='ocrx_word' id='word_1_232' title='bbox 478 1897 613 1926; x_wconf 90' lang='lat' dir='ltr'><strong>Henricus</strong></span> <span class='ocrx_word' id='word_1_233' title='bbox 627 1897 768 1931; x_wconf 88' lang='lat' dir='ltr'><strong>Cauisius,</strong></span> <span class='ocrx_word' id='word_1_234' title='bbox 782 1899 815 1926; x_wconf 82' lang='lat' dir='ltr'><strong>V.</strong></span> <span class='ocrx_word' id='word_1_235' title='bbox 831 1899 864 1927; x_wconf 84' lang='lat' dir='ltr'><strong>C.</strong></span> <span class='ocrx_word' id='word_1_236' title='bbox 876 1899 912 1926; x_wconf 81' lang='lat' dir='ltr'><strong>Ex</strong></span> <span class='ocrx_word' id='word_1_237' title='bbox 929 1900 1034 1931; x_wconf 66' lang='lat' dir='ltr'><strong>Graecia</strong></span> <span class='ocrx_word' id='word_1_238' title='bbox 1053 1899 1125 1926; x_wconf 86' lang='lat' dir='ltr'><strong>enim</strong></span> <span class='ocrx_word' id='word_1_239' title='bbox 1141 1898 1169 1925; x_wconf 91' lang='lat' dir='ltr'><strong>in</strong></span> <span class='ocrx_word' id='word_1_240' title='bbox 1180 1899 1285 1925; x_wconf 85' lang='lat' dir='ltr'><strong>Italiam</strong></span> <span class='ocrx_word' id='word_1_241' title='bbox 1299 1898 1379 1926; x_wconf 81' lang='lat' dir='ltr'><strong>rediit</strong></span> <span class='ocrx_word' id='word_1_242' title='bbox 1410 1902 1437 1925; x_wconf 87' lang='lat' dir='ltr'><strong>et</strong></span> <span class='ocrx_word' id='word_1_243' title='bbox 1455 1897 1577 1925; x_wconf 87' lang='lat' dir='ltr'><strong>Hieracis</strong></span> <span class='ocrx_word' id='word_1_244' title='bbox 1589 1897 1696 1932; x_wconf 86' lang='lat' dir='ltr'><strong>episco-</strong></span> 
     </span>
    </p>
   </div>
   <div class='ocr_carea' id='block_1_27' title="bbox 69 1944 1249 1980">
    <p class='ocr_par' dir='ltr' id='par_1_27' title="bbox 69 1944 1249 1980">
     <span class='ocr_line' id='line_1_27' title="bbox 69 1944 1249 1980; baseline 0 -9"><span class='ocrx_word' id='word_1_245' title='bbox 69 1953 117 1979; x_wconf 80' lang='lat' dir='ltr'><strong>pus</strong></span> <span class='ocrx_word' id='word_1_246' title='bbox 132 1945 301 1973; x_wconf 87' lang='lat' dir='ltr'><strong>constitutus</strong></span> <span class='ocrx_word' id='word_1_247' title='bbox 320 1949 371 1977; x_wconf 87' lang='lat' dir='ltr'><strong>est,</strong></span> <span class='ocrx_word' id='word_1_248' title='bbox 386 1950 414 1970; x_wconf 91' lang='lat' dir='ltr'><strong>ut</strong></span> <span class='ocrx_word' id='word_1_249' title='bbox 429 1948 544 1971; x_wconf 85' lang='lat' dir='ltr'><strong>testatur</strong></span> <span class='ocrx_word' id='word_1_250' title='bbox 557 1944 671 1979; x_wconf 87' lang='lat' dir='ltr'><strong>ipsemet</strong></span> <span class='ocrx_word' id='word_1_251' title='bbox 687 1944 897 1973; x_wconf 83' lang='lat' dir='ltr'><strong>Cantacuzenus</strong></span> <span class='ocrx_word' id='word_1_252' title='bbox 923 1946 970 1972; x_wconf 89' lang='lat' dir='ltr'><strong>lib.</strong></span> <span class='ocrx_word' id='word_1_253' title='bbox 989 1954 1019 1978; x_wconf 85' lang='grc' dir='ltr'><strong>ιι,</strong></span> <span class='ocrx_word' id='word_1_254' title='bbox 1035 1946 1125 1980; x_wconf 85' lang='lat' dir='ltr'><strong>capite</strong></span> <span class='ocrx_word' id='word_1_255' title='bbox 1142 1946 1249 1972; x_wconf 89' lang='lat' dir='ltr'><strong>ultimo.</strong></span> 
     </span>
    </p>
   </div>
   <div class='ocr_carea' id='block_1_28' title="bbox 102 1991 1697 2027">
    <p class='ocr_par' dir='ltr' id='par_1_28' title="bbox 102 1991 1697 2027">
     <span class='ocr_line' id='line_1_28' title="bbox 102 1991 1697 2027; baseline -0.001 -8"><span class='ocrx_word' id='word_1_256' title='bbox 102 1992 242 2019; x_wconf 69' lang='lat' dir='ltr'><strong>Cancrum</strong></span> <span class='ocrx_word' id='word_1_257' title='bbox 258 1991 406 2018; x_wconf 77' lang='lat' dir='ltr'><strong>tolerabilia</strong></span> <span class='ocrx_word' id='word_1_258' title='bbox 423 1991 509 2017; x_wconf 84' lang='lat' dir='ltr'><strong>videri</strong></span> <span class='ocrx_word' id='word_1_259' title='bbox 522 1996 636 2025; x_wconf 88' lang='lat' dir='ltr'><strong>possunt</strong></span> <span class='ocrx_word' id='word_1_260' title='bbox 651 1999 712 2025; x_wconf 67' lang='lat' dir='ltr'><strong>que</strong></span> <span class='ocrx_word' id='word_1_261' title='bbox 729 1991 816 2018; x_wconf 70' lang='lat' dir='ltr'><strong>(ira-ci</strong></span> <span class='ocrx_word' id='word_1_262' title='bbox 834 1993 973 2027; x_wconf 74' lang='lat' dir='ltr'><strong>quondam</strong></span> <span class='ocrx_word' id='word_1_263' title='bbox 1004 1993 1176 2019; x_wconf 84' lang='lat' dir='ltr'><strong>smnniarunt</strong></span> <span class='ocrx_word' id='word_1_264' title='bbox 1192 1997 1218 2019; x_wconf 82' lang='lat' dir='ltr'><strong>ct</strong></span> <span class='ocrx_word' id='word_1_265' title='bbox 1234 1992 1397 2024; x_wconf 78' lang='lat' dir='ltr'><strong>delirarunt,</strong></span> <span class='ocrx_word' id='word_1_266' title='bbox 1421 2000 1477 2026; x_wconf 64' lang='lat' dir='ltr'><strong>pra:</strong></span> <span class='ocrx_word' id='word_1_267' title='bbox 1497 1992 1589 2026; x_wconf 89' lang='lat' dir='ltr'><strong>impiis</strong></span> <span class='ocrx_word' id='word_1_268' title='bbox 1605 1996 1632 2018; x_wconf 87' lang='lat' dir='ltr'><strong>ct</strong></span> <span class='ocrx_word' id='word_1_269' title='bbox 1644 1996 1697 2018; x_wconf 89' lang='lat' dir='ltr'><strong>ter-</strong></span> 
     </span>
    </p>
   </div>
   <div class='ocr_carea' id='block_1_29' title="bbox 68 2038 1695 2075">
    <p class='ocr_par' dir='ltr' id='par_1_29' title="bbox 68 2038 1695 2075">
     <span class='ocr_line' id='line_1_29' title="bbox 68 2038 1695 2075; baseline -0.001 -9"><span class='ocrx_word' id='word_1_270' title='bbox 68 2047 120 2074; x_wconf 87' lang='lat' dir='ltr'><strong>qtte</strong></span> <span class='ocrx_word' id='word_1_271' title='bbox 137 2043 293 2075; x_wconf 84' lang='lat' dir='ltr'><strong>quaterque</strong></span> <span class='ocrx_word' id='word_1_272' title='bbox 312 2039 488 2066; x_wconf 82' lang='lat' dir='ltr'><strong>exsecraudis</strong></span> <span class='ocrx_word' id='word_1_273' title='bbox 505 2039 704 2066; x_wconf 86' lang='lat' dir='ltr'><strong>assertionibus</strong></span> <span class='ocrx_word' id='word_1_274' title='bbox 725 2047 792 2073; x_wconf 87' lang='lat' dir='ltr'><strong>quas</strong></span> <span class='ocrx_word' id='word_1_275' title='bbox 804 2040 831 2066; x_wconf 93' lang='lat' dir='ltr'><strong>in</strong></span> <span class='ocrx_word' id='word_1_276' title='bbox 849 2041 919 2067; x_wconf 88' lang='lat' dir='ltr'><strong>libro</strong></span> <span class='ocrx_word' id='word_1_277' title='bbox 938 2048 988 2067; x_wconf 93' lang='lat' dir='ltr'><strong>suo</strong></span> <span class='ocrx_word' id='word_1_278' title='bbox 1008 2040 1043 2067; x_wconf 82' lang='lat' dir='ltr'><strong>Ite</strong></span> <span class='ocrx_word' id='word_1_279' title='bbox 1070 2040 1207 2066; x_wconf 66' lang='lat' dir='ltr'><strong>attributi;</strong></span> <span class='ocrx_word' id='word_1_280' title='bbox 1223 2040 1269 2066; x_wconf 79' lang='lat' dir='ltr'><strong>Dei</strong></span> <span class='ocrx_word' id='word_1_281' title='bbox 1287 2048 1317 2066; x_wconf 77' lang='lat' dir='ltr'><strong>ex</strong></span> <span class='ocrx_word' id='word_1_282' title='bbox 1338 2040 1533 2074; x_wconf 86' lang='lat' dir='ltr'><strong>impurissimis</strong></span> <span class='ocrx_word' id='word_1_283' title='bbox 1558 2039 1615 2066; x_wconf 79' lang='lat' dir='ltr'><strong>suis</strong></span> <span class='ocrx_word' id='word_1_284' title='bbox 1633 2038 1695 2065; x_wconf 79' lang='lat' dir='ltr'><strong>fau-</strong></span> 
     </span>
    </p>
   </div>
   <div class='ocr_carea' id='block_1_30' title="bbox 68 2087 1695 2123">
    <p class='ocr_par' dir='ltr' id='par_1_30' title="bbox 68 2087 1695 2123">
     <span class='ocr_line' id='line_1_30' title="bbox 68 2087 1695 2123; baseline -0.002 -9"><span class='ocrx_word' id='word_1_285' title='bbox 68 2090 146 2116; x_wconf 77' lang='lat' dir='ltr'><strong>cibus</strong></span> <span class='ocrx_word' id='word_1_286' title='bbox 166 2088 313 2115; x_wconf 86' lang='lat' dir='ltr'><strong>Conradus</strong></span> <span class='ocrx_word' id='word_1_287' title='bbox 324 2087 448 2115; x_wconf 80' lang='lat' dir='ltr'><strong>Vorstius</strong></span> <span class='ocrx_word' id='word_1_288' title='bbox 462 2087 612 2115; x_wconf 87' lang='lat' dir='ltr'><strong>Calvinista</strong></span> <span class='ocrx_word' id='word_1_289' title='bbox 626 2087 749 2114; x_wconf 89' lang='lat' dir='ltr'><strong>evomuit</strong></span> <span class='ocrx_word' id='word_1_290' title='bbox 763 2095 771 2119; x_wconf 87' lang='lat'><strong>;</strong></span> <span class='ocrx_word' id='word_1_291' title='bbox 788 2088 834 2122; x_wconf 91' lang='lat' dir='ltr'><strong>qui</strong></span> <span class='ocrx_word' id='word_1_292' title='bbox 852 2089 981 2122; x_wconf 85' lang='lat' dir='ltr'><strong>perl‘rieta</strong></span> <span class='ocrx_word' id='word_1_293' title='bbox 998 2088 1086 2116; x_wconf 80' lang='lat' dir='ltr'><strong>fronte</strong></span> <span class='ocrx_word' id='word_1_294' title='bbox 1101 2093 1129 2115; x_wconf 84' lang='lat' dir='ltr'><strong>et</strong></span> <span class='ocrx_word' id='word_1_295' title='bbox 1145 2093 1235 2115; x_wconf 88' lang='lat' dir='ltr'><strong>mente</strong></span> <span class='ocrx_word' id='word_1_296' title='bbox 1247 2093 1337 2123; x_wconf 76' lang='lat' dir='ltr'><strong>negat,</strong></span> <span class='ocrx_word' id='word_1_297' title='bbox 1355 2088 1437 2115; x_wconf 91' lang='lat' dir='ltr'><strong>Deum</strong></span> <span class='ocrx_word' id='word_1_298' title='bbox 1451 2094 1512 2114; x_wconf 87' lang='lat' dir='ltr'><strong>esse</strong></span> <span class='ocrx_word' id='word_1_299' title='bbox 1524 2087 1695 2119; x_wconf 82' lang='lat' dir='ltr'><strong>immensum,</strong></span> 
     </span>
    </p>
   </div>
   <div class='ocr_carea' id='block_1_31' title="bbox 71 2133 1692 2169">
    <p class='ocr_par' dir='ltr' id='par_1_31' title="bbox 71 2133 1692 2169">
     <span class='ocr_line' id='line_1_31' title="bbox 71 2133 1692 2169; baseline -0.001 -8"><span class='ocrx_word' id='word_1_300' title='bbox 71 2135 222 2168; x_wconf 80' lang='lat' dir='ltr'><strong>inﬁnitum,</strong></span> <span class='ocrx_word' id='word_1_301' title='bbox 236 2134 429 2168; x_wconf 78' lang='lat' dir='ltr'><strong>incorporeum,</strong></span> <span class='ocrx_word' id='word_1_302' title='bbox 446 2139 470 2161; x_wconf 91' lang='lat' dir='ltr'><strong>et</strong></span> <span class='ocrx_word' id='word_1_303' title='bbox 484 2134 516 2160; x_wconf 75' lang='lat' dir='ltr'><strong>ob</strong></span> <span class='ocrx_word' id='word_1_304' title='bbox 528 2134 600 2160; x_wconf 82' lang='lat' dir='ltr'><strong>omni</strong></span> <span class='ocrx_word' id='word_1_305' title='bbox 613 2134 800 2168; x_wconf 80' lang='lat' dir='ltr'><strong>compositione</strong></span> <span class='ocrx_word' id='word_1_306' title='bbox 812 2139 890 2169; x_wconf 81' lang='lat' dir='ltr'><strong>atque</strong></span> <span class='ocrx_word' id='word_1_307' title='bbox 904 2136 1050 2161; x_wconf 77' lang='lat' dir='ltr'><strong>mutatione</strong></span> <span class='ocrx_word' id='word_1_308' title='bbox 1061 2135 1183 2161; x_wconf 78' lang='lat' dir='ltr'><strong>liberum.</strong></span> <span class='ocrx_word' id='word_1_309' title='bbox 1211 2134 1262 2167; x_wconf 83' lang='lat' dir='ltr'><strong>Qui</strong></span> <span class='ocrx_word' id='word_1_310' title='bbox 1282 2142 1358 2168; x_wconf 68' lang='lat' dir='ltr'><strong>aeque</strong></span> <span class='ocrx_word' id='word_1_311' title='bbox 1376 2133 1507 2167; x_wconf 74' lang='lat' dir='ltr'><strong>sacrilege</strong></span> <span class='ocrx_word' id='word_1_312' title='bbox 1522 2133 1596 2161; x_wconf 79' lang='lat' dir='ltr'><strong>addit</strong></span> <span class='ocrx_word' id='word_1_313' title='bbox 1613 2142 1619 2160; x_wconf 88' lang='lat'><strong>:</strong></span> <span class='ocrx_word' id='word_1_314' title='bbox 1639 2133 1692 2160; x_wconf 83' lang='lat' dir='ltr'><strong>De-</strong></span> 
     </span>
    </p>
   </div>
   <div class='ocr_carea' id='block_1_32' title="bbox 67 2182 1696 2221">
    <p class='ocr_par' dir='ltr' id='par_1_32' title="bbox 67 2182 1696 2221">
     <span class='ocr_line' id='line_1_32' title="bbox 67 2182 1696 2221; baseline -0.001 -13"><span class='ocrx_word' id='word_1_315' title='bbox 67 2189 140 2221; x_wconf 67' lang='lat' dir='ltr'><strong>creto</strong></span> <span class='ocrx_word' id='word_1_316' title='bbox 152 2183 203 2210; x_wconf 82' lang='lat' dir='ltr'><strong>Dei</strong></span> <span class='ocrx_word' id='word_1_317' title='bbox 218 2191 271 2209; x_wconf 71' lang='lat' dir='ltr'><strong>esse</strong></span> <span class='ocrx_word' id='word_1_318' title='bbox 289 2191 349 2210; x_wconf 78' lang='lat' dir='ltr'><strong>vera</strong></span> <span class='ocrx_word' id='word_1_319' title='bbox 367 2182 526 2214; x_wconf 80' lang='lat' dir='ltr'><strong>accidentia,</strong></span> <span class='ocrx_word' id='word_1_320' title='bbox 546 2183 671 2209; x_wconf 80' lang='lat' dir='ltr'><strong>distincta</strong></span> <span class='ocrx_word' id='word_1_321' title='bbox 685 2191 701 2208; x_wconf 83' lang='grc' dir='ltr'><em>α</em></span> <span class='ocrx_word' id='word_1_322' title='bbox 716 2182 954 2215; x_wconf 57' lang='grc' dir='ltr'><strong>ξᾨείδιιὺειαηιίιη</strong></span> <span class='ocrx_word' id='word_1_323' title='bbox 981 2184 1152 2210; x_wconf 69' lang='lat' dir='ltr'><strong>wiernitatem</strong></span> <span class='ocrx_word' id='word_1_324' title='bbox 1171 2183 1277 2210; x_wconf 83' lang='lat' dir='ltr'><strong>Dcinon</strong></span> <span class='ocrx_word' id='word_1_325' title='bbox 1296 2191 1352 2210; x_wconf 71' lang='lat' dir='ltr'><strong>esse</strong></span> <span class='ocrx_word' id='word_1_326' title='bbox 1365 2182 1548 2209; x_wconf 71' lang='lat' dir='ltr'><strong>indiuisibitem</strong></span> <span class='ocrx_word' id='word_1_327' title='bbox 1567 2189 1598 2208; x_wconf 84' lang='lat' dir='ltr'><strong>ac</strong></span> <span class='ocrx_word' id='word_1_328' title='bbox 1615 2186 1696 2207; x_wconf 65' lang='lat' dir='ltr'><strong>totum</strong></span> 
     </span>
    </p>
   </div>
   <div class='ocr_carea' id='block_1_33' title="bbox 68 2230 1697 2267">
    <p class='ocr_par' dir='ltr' id='par_1_33' title="bbox 68 2230 1697 2267">
     <span class='ocr_line' id='line_1_33' title="bbox 68 2230 1697 2267; baseline -0.001 -9"><span class='ocrx_word' id='word_1_329' title='bbox 68 2232 162 2263; x_wconf 74' lang='lat' dir='ltr'><strong>simul,</strong></span> <span class='ocrx_word' id='word_1_330' title='bbox 177 2231 223 2258; x_wconf 75' lang='lat' dir='ltr'><strong>sed</strong></span> <span class='ocrx_word' id='word_1_331' title='bbox 240 2232 427 2257; x_wconf 71' lang='lat' dir='ltr'><strong>sttccessiuam.</strong></span> <span class='ocrx_word' id='word_1_332' title='bbox 447 2230 529 2257; x_wconf 84' lang='lat' dir='ltr'><strong>Deum</strong></span> <span class='ocrx_word' id='word_1_333' title='bbox 547 2238 598 2256; x_wconf 84' lang='lat' dir='ltr'><strong>non</strong></span> <span class='ocrx_word' id='word_1_334' title='bbox 612 2238 668 2257; x_wconf 74' lang='lat' dir='ltr'><strong>esse</strong></span> <span class='ocrx_word' id='word_1_335' title='bbox 690 2235 774 2258; x_wconf 73' lang='lat' dir='ltr'><strong>tntum</strong></span> <span class='ocrx_word' id='word_1_336' title='bbox 788 2231 814 2257; x_wconf 85' lang='lat' dir='ltr'><strong>in</strong></span> <span class='ocrx_word' id='word_1_337' title='bbox 830 2232 947 2266; x_wconf 79' lang='lat' dir='ltr'><strong>qualibet</strong></span> <span class='ocrx_word' id='word_1_338' title='bbox 960 2240 997 2263; x_wconf 86' lang='lat' dir='ltr'><strong>re,</strong></span> <span class='ocrx_word' id='word_1_339' title='bbox 1014 2232 1040 2257; x_wconf 85' lang='lat' dir='ltr'><strong>in</strong></span> <span class='ocrx_word' id='word_1_340' title='bbox 1054 2240 1105 2266; x_wconf 81' lang='lat' dir='ltr'><strong>qua</strong></span> <span class='ocrx_word' id='word_1_341' title='bbox 1117 2237 1166 2262; x_wconf 78' lang='lat' dir='ltr'><strong>ert,</strong></span> <span class='ocrx_word' id='word_1_342' title='bbox 1179 2238 1204 2258; x_wconf 86' lang='lat' dir='ltr'><strong>et</strong></span> <span class='ocrx_word' id='word_1_343' title='bbox 1218 2232 1243 2258; x_wconf 91' lang='lat' dir='ltr'><strong>id</strong></span> <span class='ocrx_word' id='word_1_344' title='bbox 1257 2239 1343 2267; x_wconf 74' lang='lat' dir='ltr'><strong>genus</strong></span> <span class='ocrx_word' id='word_1_345' title='bbox 1361 2231 1412 2258; x_wconf 83' lang='lat' dir='ltr'><strong>alia</strong></span> <span class='ocrx_word' id='word_1_346' title='bbox 1428 2239 1482 2258; x_wconf 89' lang='lat' dir='ltr'><strong>non</strong></span> <span class='ocrx_word' id='word_1_347' title='bbox 1498 2236 1602 2257; x_wconf 89' lang='lat' dir='ltr'><strong>tantum</strong></span> <span class='ocrx_word' id='word_1_348' title='bbox 1618 2230 1697 2257; x_wconf 85' lang='lat' dir='ltr'><strong>theo-</strong></span> 
     </span>
    </p>
   </div>
   <div class='ocr_carea' id='block_1_34' title="bbox 69 2276 1249 2313">
    <p class='ocr_par' dir='ltr' id='par_1_34' title="bbox 69 2276 1249 2313">
     <span class='ocr_line' id='line_1_34' title="bbox 69 2276 1249 2313; baseline 0.001 -9"><span class='ocrx_word' id='word_1_349' title='bbox 69 2278 166 2313; x_wconf 73' lang='lat' dir='ltr'><strong>logim,</strong></span> <span class='ocrx_word' id='word_1_350' title='bbox 185 2277 232 2304; x_wconf 86' lang='lat' dir='ltr'><strong>sed</strong></span> <span class='ocrx_word' id='word_1_351' title='bbox 248 2281 275 2304; x_wconf 87' lang='lat' dir='ltr'><strong>et</strong></span> <span class='ocrx_word' id='word_1_352' title='bbox 289 2277 469 2311; x_wconf 72' lang='lat' dir='ltr'><strong>philosophia:</strong></span> <span class='ocrx_word' id='word_1_353' title='bbox 489 2276 594 2311; x_wconf 79' lang='lat' dir='ltr'><strong>ipsique</strong></span> <span class='ocrx_word' id='word_1_354' title='bbox 610 2277 678 2311; x_wconf 76' lang='lat' dir='ltr'><strong>adeo</strong></span> <span class='ocrx_word' id='word_1_355' title='bbox 692 2277 811 2304; x_wconf 78' lang='lat' dir='ltr'><strong>naturali</strong></span> <span class='ocrx_word' id='word_1_356' title='bbox 827 2278 925 2304; x_wconf 82' lang='lat' dir='ltr'><strong>rationi</strong></span> <span class='ocrx_word' id='word_1_357' title='bbox 941 2279 1048 2312; x_wconf 66' lang='lat' dir='ltr'><strong>penitus</strong></span> <span class='ocrx_word' id='word_1_358' title='bbox 1065 2278 1249 2305; x_wconf 73' lang='lat' dir='ltr'><strong>adversantia.</strong></span> 
     </span>
    </p>
   </div>
   <div class='ocr_carea' id='block_1_35' title="bbox 104 2323 1698 2360">
    <p class='ocr_par' dir='ltr' id='par_1_35' title="bbox 104 2323 1698 2360">
     <span class='ocr_line' id='line_1_35' title="bbox 104 2323 1698 2360; baseline -0.002 -9"><span class='ocrx_word' id='word_1_359' title='bbox 104 2326 141 2351; x_wconf 79' lang='lat' dir='ltr'><strong>At</strong></span> <span class='ocrx_word' id='word_1_360' title='bbox 158 2331 274 2351; x_wconf 74' lang='lat' dir='ltr'><strong>nemone</strong></span> <span class='ocrx_word' id='word_1_361' title='bbox 293 2331 326 2350; x_wconf 80' lang='lat' dir='ltr'><strong>ex</strong></span> <span class='ocrx_word' id='word_1_362' title='bbox 339 2323 450 2350; x_wconf 79' lang='lat' dir='ltr'><strong>Lutlieri</strong></span> <span class='ocrx_word' id='word_1_363' title='bbox 461 2329 488 2351; x_wconf 88' lang='lat' dir='ltr'><strong>et</strong></span> <span class='ocrx_word' id='word_1_364' title='bbox 500 2323 606 2351; x_wconf 84' lang='lat' dir='ltr'><strong>Calvinl</strong></span> <span class='ocrx_word' id='word_1_365' title='bbox 624 2324 721 2351; x_wconf 86' lang='lat' dir='ltr'><strong>castris</strong></span> <span class='ocrx_word' id='word_1_366' title='bbox 739 2329 865 2359; x_wconf 76' lang='lat' dir='ltr'><strong>repertus</strong></span> <span class='ocrx_word' id='word_1_367' title='bbox 877 2325 977 2359; x_wconf 86' lang='lat' dir='ltr'><strong>estqui</strong></span> <span class='ocrx_word' id='word_1_368' title='bbox 992 2332 1021 2351; x_wconf 87' lang='lat' dir='ltr'><strong>se</strong></span> <span class='ocrx_word' id='word_1_369' title='bbox 1035 2325 1097 2352; x_wconf 89' lang='lat' dir='ltr'><strong>huic</strong></span> <span class='ocrx_word' id='word_1_370' title='bbox 1109 2326 1257 2352; x_wconf 75' lang='lat' dir='ltr'><strong>teterrima:</strong></span> <span class='ocrx_word' id='word_1_371' title='bbox 1286 2325 1419 2359; x_wconf 68' lang='lat' dir='ltr'><strong>impietati</strong></span> <span class='ocrx_word' id='word_1_372' title='bbox 1443 2324 1615 2360; x_wconf 85' lang='lat' dir='ltr'><strong>opponeret?</strong></span> <span class='ocrx_word' id='word_1_373' title='bbox 1642 2324 1698 2349; x_wconf 84' lang='lat' dir='ltr'><strong>lmo</strong></span> 
     </span>
    </p>
   </div>
   <div class='ocr_carea' id='block_1_36' title="bbox 67 2371 1698 2408">
    <p class='ocr_par' dir='ltr' id='par_1_36' title="bbox 67 2371 1698 2408">
     <span class='ocr_line' id='line_1_36' title="bbox 67 2371 1698 2408; baseline -0.002 -8"><span class='ocrx_word' id='word_1_374' title='bbox 67 2382 122 2400; x_wconf 89' lang='lat' dir='ltr'><strong>non</strong></span> <span class='ocrx_word' id='word_1_375' title='bbox 146 2380 230 2400; x_wconf 90' lang='lat' dir='ltr'><strong>unus.</strong></span> <span class='ocrx_word' id='word_1_376' title='bbox 247 2371 315 2398; x_wconf 87' lang='lat' dir='ltr'><strong>Nam</strong></span> <span class='ocrx_word' id='word_1_377' title='bbox 330 2379 361 2399; x_wconf 78' lang='lat' dir='ltr'><strong>ex</strong></span> <span class='ocrx_word' id='word_1_378' title='bbox 378 2371 465 2399; x_wconf 88' lang='lat' dir='ltr'><strong>Frisia</strong></span> <span class='ocrx_word' id='word_1_379' title='bbox 483 2371 661 2407; x_wconf 87' lang='lat' dir='ltr'><strong>prosilierunt</strong></span> <span class='ocrx_word' id='word_1_380' title='bbox 674 2371 825 2399; x_wconf 86' lang='lat' dir='ltr'><strong>Sibrandus</strong></span> <span class='ocrx_word' id='word_1_381' title='bbox 841 2372 992 2405; x_wconf 84' lang='lat' dir='ltr'><strong>Lubertus,</strong></span> <span class='ocrx_word' id='word_1_382' title='bbox 1009 2373 1130 2401; x_wconf 82' lang='lat' dir='ltr'><strong>Joannes</strong></span> <span class='ocrx_word' id='word_1_383' title='bbox 1145 2373 1354 2408; x_wconf 75' lang='lat' dir='ltr'><strong>Bogermanuus</strong></span> <span class='ocrx_word' id='word_1_384' title='bbox 1363 2378 1390 2400; x_wconf 90' lang='lat' dir='ltr'><strong>et</strong></span> <span class='ocrx_word' id='word_1_385' title='bbox 1419 2372 1558 2400; x_wconf 86' lang='lat' dir='ltr'><strong>communi</strong></span> <span class='ocrx_word' id='word_1_386' title='bbox 1589 2372 1698 2398; x_wconf 84' lang='lat' dir='ltr'><strong>nomine</strong></span> 
     </span>
    </p>
   </div>
   <div class='ocr_carea' id='block_1_37' title="bbox 66 2417 1697 2454">
    <p class='ocr_par' dir='ltr' id='par_1_37' title="bbox 66 2417 1697 2454">
     <span class='ocr_line' id='line_1_37' title="bbox 66 2417 1697 2454; baseline -0.003 -7"><span class='ocrx_word' id='word_1_387' title='bbox 66 2419 193 2447; x_wconf 83' lang='lat' dir='ltr'><strong>ministri</strong></span> <span class='ocrx_word' id='word_1_388' title='bbox 205 2418 432 2450; x_wconf 78' lang='lat' dir='ltr'><strong>Leovardieuses,</strong></span> <span class='ocrx_word' id='word_1_389' title='bbox 449 2423 475 2445; x_wconf 83' lang='lat' dir='ltr'><strong>et</strong></span> <span class='ocrx_word' id='word_1_390' title='bbox 489 2419 533 2445; x_wconf 87' lang='lat' dir='ltr'><strong>alii</strong></span> <span class='ocrx_word' id='word_1_391' title='bbox 547 2418 668 2450; x_wconf 87' lang='lat' dir='ltr'><strong>aliunde,</strong></span> <span class='ocrx_word' id='word_1_392' title='bbox 689 2422 720 2444; x_wconf 86' lang='lat' dir='ltr'><strong>ut</strong></span> <span class='ocrx_word' id='word_1_393' title='bbox 737 2419 884 2452; x_wconf 81' lang='lat' dir='ltr'><strong>Acronius,</strong></span> <span class='ocrx_word' id='word_1_394' title='bbox 902 2419 1048 2453; x_wconf 77' lang='lat' dir='ltr'><strong>Fraxinus,</strong></span> <span class='ocrx_word' id='word_1_395' title='bbox 1066 2420 1196 2454; x_wconf 70' lang='lat' dir='ltr'><strong>Bogaert,</strong></span> <span class='ocrx_word' id='word_1_396' title='bbox 1211 2420 1348 2452; x_wconf 76' lang='lat' dir='ltr'><strong>Plant-ius,</strong></span> <span class='ocrx_word' id='word_1_397' title='bbox 1367 2418 1464 2446; x_wconf 77' lang='lat' dir='ltr'><strong>Decius</strong></span> <span class='ocrx_word' id='word_1_398' title='bbox 1482 2424 1509 2446; x_wconf 90' lang='lat' dir='ltr'><strong>et</strong></span> <span class='ocrx_word' id='word_1_399' title='bbox 1528 2418 1636 2448; x_wconf 68' lang='lat' dir='ltr'><strong>Festus,</strong></span> <span class='ocrx_word' id='word_1_400' title='bbox 1651 2417 1697 2451; x_wconf 90' lang='lat' dir='ltr'><strong>qui</strong></span> 
     </span>
    </p>
   </div>
   <div class='ocr_carea' id='block_1_38' title="bbox 66 2463 1699 2500">
    <p class='ocr_par' dir='ltr' id='par_1_38' title="bbox 66 2463 1699 2500">
     <span class='ocr_line' id='line_1_38' title="bbox 66 2463 1699 2500; baseline -0.002 -7"><span class='ocrx_word' id='word_1_401' title='bbox 66 2468 91 2493; x_wconf 88' lang='lat' dir='ltr'><strong>in</strong></span> <span class='ocrx_word' id='word_1_402' title='bbox 118 2466 260 2493; x_wconf 77' lang='lat' dir='ltr'><strong>Votstium</strong></span> <span class='ocrx_word' id='word_1_403' title='bbox 271 2465 383 2500; x_wconf 78' lang='lat' dir='ltr'><strong>ejusque</strong></span> <span class='ocrx_word' id='word_1_404' title='bbox 395 2464 545 2499; x_wconf 86' lang='lat' dir='ltr'><strong>discipulos</strong></span> <span class='ocrx_word' id='word_1_405' title='bbox 559 2473 612 2492; x_wconf 89' lang='lat' dir='ltr'><strong>non</strong></span> <span class='ocrx_word' id='word_1_406' title='bbox 633 2466 765 2492; x_wconf 85' lang='lat' dir='ltr'><strong>minorem</strong></span> <span class='ocrx_word' id='word_1_407' title='bbox 781 2464 911 2500; x_wconf 89' lang='lat' dir='ltr'><strong>impetum</strong></span> <span class='ocrx_word' id='word_1_408' title='bbox 925 2466 1061 2493; x_wconf 83' lang='lat' dir='ltr'><strong>dederunt</strong></span> <span class='ocrx_word' id='word_1_409' title='bbox 1092 2474 1173 2500; x_wconf 91' lang='lat' dir='ltr'><strong>quam</strong></span> <span class='ocrx_word' id='word_1_410' title='bbox 1199 2466 1320 2500; x_wconf 71' lang='lat' dir='ltr'><strong>Lapithze</strong></span> <span class='ocrx_word' id='word_1_411' title='bbox 1334 2467 1360 2493; x_wconf 93' lang='lat' dir='ltr'><strong>in</strong></span> <span class='ocrx_word' id='word_1_412' title='bbox 1389 2466 1559 2497; x_wconf 64' lang='lat' dir='ltr'><strong>Centauros:</strong></span> <span class='ocrx_word' id='word_1_413' title='bbox 1591 2463 1699 2491; x_wconf 86' lang='lat' dir='ltr'><strong>tametsi</strong></span> 
     </span>
    </p>
   </div>
   <div class='ocr_carea' id='block_1_39' title="bbox 66 2512 1698 2549">
    <p class='ocr_par' dir='ltr' id='par_1_39' title="bbox 66 2512 1698 2549">
     <span class='ocr_line' id='line_1_39' title="bbox 66 2512 1698 2549; baseline -0.002 -9"><span class='ocrx_word' id='word_1_414' title='bbox 66 2523 160 2549; x_wconf 74' lang='lat' dir='ltr'><strong>neque</strong></span> <span class='ocrx_word' id='word_1_415' title='bbox 176 2513 318 2544; x_wconf 76' lang='lat' dir='ltr'><strong>Centauri,</strong></span> <span class='ocrx_word' id='word_1_416' title='bbox 333 2514 384 2540; x_wconf 86' lang='lat' dir='ltr'><strong>hoc</strong></span> <span class='ocrx_word' id='word_1_417' title='bbox 398 2518 440 2540; x_wconf 83' lang='lat' dir='ltr'><strong>est</strong></span> <span class='ocrx_word' id='word_1_418' title='bbox 453 2513 601 2545; x_wconf 78' lang='lat' dir='ltr'><strong>Vorstiani.</strong></span> <span class='ocrx_word' id='word_1_419' title='bbox 614 2521 643 2540; x_wconf 89' lang='lat' dir='ltr'><strong>se</strong></span> <span class='ocrx_word' id='word_1_420' title='bbox 655 2513 849 2540; x_wconf 86' lang='lat' dir='ltr'><strong>deseruerunt.</strong></span> <span class='ocrx_word' id='word_1_421' title='bbox 862 2512 929 2540; x_wconf 84' lang='lat' dir='ltr'><strong>Nam</strong></span> <span class='ocrx_word' id='word_1_422' title='bbox 953 2518 1051 2548; x_wconf 69' lang='lat' dir='ltr'><strong>pra-ter</strong></span> <span class='ocrx_word' id='word_1_423' title='bbox 1066 2514 1155 2548; x_wconf 87' lang='lat' dir='ltr'><strong>ipsum</strong></span> <span class='ocrx_word' id='word_1_424' title='bbox 1181 2513 1343 2547; x_wconf 53' lang='lat' dir='ltr'><strong>signiferum</strong></span> <span class='ocrx_word' id='word_1_425' title='bbox 1362 2513 1499 2541; x_wconf 78' lang='lat' dir='ltr'><strong>Vorstium</strong></span> <span class='ocrx_word' id='word_1_426' title='bbox 1530 2521 1604 2540; x_wconf 82' lang='lat' dir='ltr'><strong>arma</strong></span> <span class='ocrx_word' id='word_1_427' title='bbox 1629 2519 1698 2546; x_wconf 86' lang='lat' dir='ltr'><strong>quo-</strong></span> 
     </span>
    </p>
   </div>
   <div class='ocr_carea' id='block_1_40' title="bbox 64 2549 1700 2596">
    <p class='ocr_par' dir='ltr' id='par_1_40' title="bbox 64 2549 1700 2596">
     <span class='ocr_line' id='line_1_40' title="bbox 64 2549 1700 2596; baseline -0.001 -9"><span class='ocrx_word' id='word_1_428' title='bbox 64 2569 121 2596; x_wconf 80' lang='lat' dir='ltr'><strong>qne</strong></span> <span class='ocrx_word' id='word_1_429' title='bbox 144 2559 264 2594; x_wconf 84' lang='lat' dir='ltr'><strong>sumpsit</strong></span> <span class='ocrx_word' id='word_1_430' title='bbox 278 2564 303 2586; x_wconf 89' lang='lat' dir='ltr'><strong>et</strong></span> <span class='ocrx_word' id='word_1_431' title='bbox 316 2559 403 2586; x_wconf 87' lang='lat' dir='ltr'><strong>induit</strong></span> <span class='ocrx_word' id='word_1_432' title='bbox 419 2559 496 2594; x_wconf 79' lang='lat' dir='ltr'><strong>Hugo</strong></span> <span class='ocrx_word' id='word_1_433' title='bbox 515 2559 626 2586; x_wconf 83' lang='lat' dir='ltr'><strong>Grotius</strong></span> <span class='ocrx_word' id='word_1_434' title='bbox 648 2559 801 2587; x_wconf 85' lang='lat' dir='ltr'><strong>llollaudici</strong></span> <span class='ocrx_word' id='word_1_435' title='bbox 820 2560 878 2587; x_wconf 87' lang='lat' dir='ltr'><strong>ilsci</strong></span> <span class='ocrx_word' id='word_1_436' title='bbox 906 2561 1065 2592; x_wconf 83' lang='lat' dir='ltr'><strong>advocatus,</strong></span> <span class='ocrx_word' id='word_1_437' title='bbox 1081 2559 1208 2593; x_wconf 74' lang='lat' dir='ltr'><strong>evulgato</strong></span> <span class='ocrx_word' id='word_1_438' title='bbox 1232 2560 1303 2587; x_wconf 89' lang='lat' dir='ltr'><strong>libro</strong></span> <span class='ocrx_word' id='word_1_439' title='bbox 1314 2561 1357 2586; x_wconf 92' lang='lat' dir='ltr'><strong>eui</strong></span> <span class='ocrx_word' id='word_1_440' title='bbox 1370 2561 1479 2587; x_wconf 83' lang='lat' dir='ltr'><strong>titulum</strong></span> <span class='ocrx_word' id='word_1_441' title='bbox 1505 2561 1603 2587; x_wconf 84' lang='lat' dir='ltr'><strong>indidit</strong></span> <span class='ocrx_word' id='word_1_442' title='bbox 1621 2549 1700 2586; x_wconf 59' lang='grc' dir='ltr'><strong>θον-</strong></span> 
     </span>
    </p>
   </div>
   <div class='ocr_carea' id='block_1_41' title="bbox 64 2604 1699 2645">
    <p class='ocr_par' dir='ltr' id='par_1_41' title="bbox 64 2604 1699 2645">
     <span class='ocr_line' id='line_1_41' title="bbox 64 2604 1699 2645; baseline -0.001 -12"><span class='ocrx_word' id='word_1_443' title='bbox 64 2609 165 2634; x_wconf 85' lang='lat' dir='ltr'><strong>dinum</strong></span> <span class='ocrx_word' id='word_1_444' title='bbox 179 2605 330 2632; x_wconf 78' lang='lat' dir='ltr'><strong>Hotlandia:</strong></span> <span class='ocrx_word' id='word_1_445' title='bbox 346 2614 377 2632; x_wconf 80' lang='lat' dir='ltr'><strong>ac</strong></span> <span class='ocrx_word' id='word_1_446' title='bbox 389 2605 547 2640; x_wconf 69' lang='lat' dir='ltr'><strong>Westfrisiw</strong></span> <span class='ocrx_word' id='word_1_447' title='bbox 563 2604 662 2633; x_wconf 62' lang='lat' dir='ltr'><strong>Pietas.</strong></span> <span class='ocrx_word' id='word_1_448' title='bbox 680 2605 732 2632; x_wconf 82' lang='lat' dir='ltr'><strong>Sed</strong></span> <span class='ocrx_word' id='word_1_449' title='bbox 751 2606 821 2633; x_wconf 83' lang='lat' dir='ltr'><strong>hanc</strong></span> <span class='ocrx_word' id='word_1_450' title='bbox 843 2604 972 2633; x_wconf 78' lang='lat' dir='ltr'><strong>Pietatem</strong></span> <span class='ocrx_word' id='word_1_451' title='bbox 990 2605 1070 2640; x_wconf 83' lang='lat' dir='ltr'><strong>paulo</strong></span> <span class='ocrx_word' id='word_1_452' title='bbox 1087 2611 1148 2640; x_wconf 86' lang='lat' dir='ltr'><strong>post</strong></span> <span class='ocrx_word' id='word_1_453' title='bbox 1162 2606 1320 2638; x_wconf 85' lang='lat' dir='ltr'><strong>admodum,</strong></span> <span class='ocrx_word' id='word_1_454' title='bbox 1336 2607 1376 2633; x_wconf 76' lang='lat' dir='ltr'><strong>vel</strong></span> <span class='ocrx_word' id='word_1_455' title='bbox 1389 2607 1480 2640; x_wconf 88' lang='lat' dir='ltr'><strong>potius</strong></span> <span class='ocrx_word' id='word_1_456' title='bbox 1495 2614 1577 2645; x_wconf 51' lang='lat' dir='ltr'><strong>s‘upra</strong></span> <span class='ocrx_word' id='word_1_457' title='bbox 1591 2608 1699 2633; x_wconf 84' lang='lat' dir='ltr'><strong>modum</strong></span> 
     </span>
    </p>
   </div>
   <div class='ocr_carea' id='block_1_42' title="bbox 65 2653 1702 2690">
    <p class='ocr_par' dir='ltr' id='par_1_42' title="bbox 65 2653 1702 2690">
     <span class='ocr_line' id='line_1_42' title="bbox 65 2653 1702 2690; baseline 0.001 -11"><span class='ocrx_word' id='word_1_458' title='bbox 65 2656 110 2690; x_wconf 73' lang='lat' dir='ltr'><strong>pie</strong></span> <span class='ocrx_word' id='word_1_459' title='bbox 125 2659 298 2687; x_wconf 75' lang='lat' dir='ltr'><strong>exceperunt</strong></span> <span class='ocrx_word' id='word_1_460' title='bbox 312 2653 464 2681; x_wconf 83' lang='lat' dir='ltr'><strong>Sibrandus</strong></span> <span class='ocrx_word' id='word_1_461' title='bbox 484 2658 510 2681; x_wconf 86' lang='lat' dir='ltr'><strong>et</strong></span> <span class='ocrx_word' id='word_1_462' title='bbox 527 2653 744 2687; x_wconf 80' lang='lat' dir='ltr'><strong>Bogermannus,</strong></span> <span class='ocrx_word' id='word_1_463' title='bbox 761 2658 790 2681; x_wconf 87' lang='lat' dir='ltr'><strong>ut</strong></span> <span class='ocrx_word' id='word_1_464' title='bbox 803 2654 917 2682; x_wconf 78' lang='lat' dir='ltr'><strong>forsitan</strong></span> <span class='ocrx_word' id='word_1_465' title='bbox 935 2654 1061 2682; x_wconf 88' lang='lat' dir='ltr'><strong>Grotium</strong></span> <span class='ocrx_word' id='word_1_466' title='bbox 1074 2663 1130 2681; x_wconf 67' lang='lat' dir='ltr'><strong>sua:</strong></span> <span class='ocrx_word' id='word_1_467' title='bbox 1142 2654 1254 2689; x_wconf 86' lang='lat' dir='ltr'><strong>pietatis</strong></span> <span class='ocrx_word' id='word_1_468' title='bbox 1266 2654 1321 2689; x_wconf 87' lang='lat' dir='ltr'><strong>jam</strong></span> <span class='ocrx_word' id='word_1_469' title='bbox 1337 2655 1478 2688; x_wconf 70' lang='lat' dir='ltr'><strong>pmniteat,</strong></span> <span class='ocrx_word' id='word_1_470' title='bbox 1492 2661 1621 2689; x_wconf 79' lang='lat' dir='ltr'><strong>opletqtle</strong></span> <span class='ocrx_word' id='word_1_471' title='bbox 1634 2662 1702 2680; x_wconf 81' lang='lat' dir='ltr'><strong>tem-</strong></span> 
     </span>
    </p>
   </div>
   <div class='ocr_carea' id='block_1_43' title="bbox 65 2699 1702 2736">
    <p class='ocr_par' dir='ltr' id='par_1_43' title="bbox 65 2699 1702 2736">
     <span class='ocr_line' id='line_1_43' title="bbox 65 2699 1702 2736; baseline 0.001 -10"><span class='ocrx_word' id='word_1_472' title='bbox 65 2710 130 2735; x_wconf 74' lang='lat' dir='ltr'><strong>pns,</strong></span> <span class='ocrx_word' id='word_1_473' title='bbox 150 2701 224 2735; x_wconf 80' lang='lat' dir='ltr'><strong>quod</strong></span> <span class='ocrx_word' id='word_1_474' title='bbox 241 2701 304 2728; x_wconf 88' lang='lat' dir='ltr'><strong>huic</strong></span> <span class='ocrx_word' id='word_1_475' title='bbox 318 2700 414 2728; x_wconf 73' lang='lat' dir='ltr'><strong>Pietati</strong></span> <span class='ocrx_word' id='word_1_476' title='bbox 432 2701 576 2735; x_wconf 84' lang='lat' dir='ltr'><strong>impendit,</strong></span> <span class='ocrx_word' id='word_1_477' title='bbox 596 2699 622 2727; x_wconf 91' lang='lat' dir='ltr'><strong>in</strong></span> <span class='ocrx_word' id='word_1_478' title='bbox 640 2701 735 2728; x_wconf 66' lang='lat' dir='ltr'><strong>aerarii</strong></span> <span class='ocrx_word' id='word_1_479' title='bbox 748 2701 903 2730; x_wconf 87' lang='lat' dir='ltr'><strong>rationibus</strong></span> <span class='ocrx_word' id='word_1_480' title='bbox 923 2701 1113 2734; x_wconf 81' lang='lat' dir='ltr'><strong>conﬁciendis,</strong></span> <span class='ocrx_word' id='word_1_481' title='bbox 1138 2706 1185 2728; x_wconf 86' lang='lat' dir='ltr'><strong>aut</strong></span> <span class='ocrx_word' id='word_1_482' title='bbox 1211 2701 1239 2728; x_wconf 87' lang='lat' dir='ltr'><strong>in</strong></span> <span class='ocrx_word' id='word_1_483' title='bbox 1253 2706 1334 2736; x_wconf 80' lang='lat' dir='ltr'><strong>poeta</strong></span> <span class='ocrx_word' id='word_1_484' title='bbox 1364 2701 1492 2736; x_wconf 86' lang='lat' dir='ltr'><strong>quopiam</strong></span> <span class='ocrx_word' id='word_1_485' title='bbox 1521 2702 1702 2729; x_wconf 67' lang='lat' dir='ltr'><strong>etuaculando</strong></span> 
     </span>
    </p>
   </div>
   <div class='ocr_carea' id='block_1_44' title="bbox 64 2753 354 2781">
    <p class='ocr_par' dir='ltr' id='par_1_44' title="bbox 64 2753 354 2781">
     <span class='ocr_line' id='line_1_44' title="bbox 64 2753 354 2781; baseline 0 -7"><span class='ocrx_word' id='word_1_486' title='bbox 64 2753 266 2781; x_wconf 74' lang='lat' dir='ltr'><strong>consumptum</strong></span> <span class='ocrx_word' id='word_1_487' title='bbox 285 2755 354 2775; x_wconf 84' lang='lat' dir='ltr'><strong>esse.</strong></span> 
     </span>
    </p>
   </div>
   <div class='ocr_carea' id='block_1_45' title="bbox 98 2838 654 2874">
    <p class='ocr_par' dir='ltr' id='par_1_45' title="bbox 98 2838 654 2874">
     <span class='ocr_line' id='line_1_45' title="bbox 98 2838 654 2874; baseline -0.005 -7"><span class='ocrx_word' id='word_1_488' title='bbox 98 2844 137 2874; x_wconf 84' lang='grc' dir='ltr'><strong>(η)</strong></span> <span class='ocrx_word' id='word_1_489' title='bbox 165 2841 190 2867; x_wconf 91' lang='lat' dir='ltr'><strong>ln</strong></span> <span class='ocrx_word' id='word_1_490' title='bbox 207 2844 272 2866; x_wconf 91' lang='lat' dir='ltr'><strong>tomo</strong></span> <span class='ocrx_word' id='word_1_491' title='bbox 285 2843 367 2864; x_wconf 87' lang='lat' dir='ltr'><strong>nostro</strong></span> <span class='ocrx_word' id='word_1_492' title='bbox 377 2839 457 2869; x_wconf 81' lang='lat' dir='ltr'><strong>CLlll,</strong></span> <span class='ocrx_word' id='word_1_493' title='bbox 468 2839 514 2864; x_wconf 85' lang='lat' dir='ltr'><strong>col.</strong></span> <span class='ocrx_word' id='word_1_494' title='bbox 526 2838 572 2864; x_wconf 75' lang='lat'><strong>679</strong></span> <span class='ocrx_word' id='word_1_495' title='bbox 585 2839 654 2865; x_wconf 79' lang='grc' dir='ltr'>Ευιτ.</span> 
     </span>
    </p>
   </div>
  </div>
