1885 3070
69 171 134 205 “93

525 170 573 200 DE
591 169 778 200 ESSENTIA
797 170 844 200 ET
867 168 1112 198 OPERATIONE
1131 167 1209 198 DEI.

1608 162 1678 196 1194

67 239 141 266 ματι,
166 230 335 266 ἀρχομένους
361 230 421 257 ὅθεν
448 229 499 263 δεῖ,
517 230 565 256 καὶ
591 231 630 261 εἰς
650 229 680 256 τὸ
705 229 844 264 προσῆκον

919 235 970 260 em,
985 231 1066 263 atque
1085 231 1114 255 ut
1133 228 1226 255 omnia
1240 227 1313 254 clare
1325 231 1351 254 et
1361 226 1501 254 evidenter
1515 228 1635 260 pateant,
1652 227 1680 252 et
1714 257 1721 264 γ

65 276 238 308 ἀπαντῶντας
251 277 356 312 πέρας·
373 276 414 303 ἔτι
426 285 455 302 τε
470 276 537 311 πρὸς
553 277 583 302 τὸ
595 276 737 310 σαφῆ,καὶ
751 275 844 302 εὐσύν-

65 332 132 350 οπτα
151 324 239 350 πάντα
267 323 399 356 τίθεσθαι,
426 323 464 355 ὡς
490 323 522 350 ἂν
541 322 608 358 πρὸς
628 323 770 357 ὡρισμένα
790 321 844 348 τῶν

64 370 148 404 λόγων
163 369 326 404 γινομένων.

99 414 192 441 Ταῦτα
204 415 226 441 δ’
239 415 349 445 ἐκεῖνοι,
369 414 494 449 καθάπερ
507 414 624 450 εἴρηται,
642 413 679 448 μὴ
693 413 846 444 συνιδόντες

67 463 131 498 μηδὲ
153 462 394 497 προδιορισάμενοι
419 462 450 488 τδ
473 462 610 496 ποσαχῶς,
635 460 697 488 οὔτε
717 460 772 487 ἀπὸ
794 460 845 495 τῆς

64 509 164 541 οἰκείας
193 509 280 544 ἀρχῆς
307 509 345 543 τῷ
375 508 548 543 προϐλήματι
576 507 616 539 εἰς
643 508 707 539 τοὺς
735 503 845 541 ἀγῶνας

64 556 174 589 ἀφιᾶσιν
189 555 239 589 (Ι),
256 555 366 581 ἄλλοθεν
380 554 413 581 ἂν
427 554 518 585 αὐτοῖς
531 554 658 589 παραστῇ
672 561 678 568 ·
694 552 756 579 οὕτε
774 551 845 578 κατὰ

63 602 137 633 τάξιν
156 602 203 627 ἐπὶ
217 601 247 628 τὸ
262 601 410 634 ἀναγκαῖον
432 600 520 634 πέρας
533 599 706 633 συγκλείουσι
723 599 786 630 τοὺς
798 598 844 625 λό-

62 656 142 681 γους·
159 647 218 674 ἀλλ’
242 647 336 681 ὥσπερ
354 647 382 673 ὲν
399 647 497 682 πλάνῃ.
525 646 588 673 ἔνθα
605 646 638 673 ἂν
659 647 675 681 ἡ
691 646 738 672 τοῦ
755 646 844 680 λέγειν

62 694 177 728 δύναμις
191 693 380 729 ἀπαγορεύσῃ,
396 692 591 724 καταλύσουσι,
615 692 661 719 καὶ
673 692 734 718 οὐδὲ
750 692 843 718 συνιᾶ-

64 749 104 766 σιν
121 739 255 774 ἀλλήλων,
277 739 349 765 ὀκνῶ
368 739 423 774 γὰρ
447 738 550 773 λέγειν,
574 739 614 765 ὅτι
639 738 707 773 μηδὲ
726 738 842 771 ἑαυτῶν,

62 786 102 812 διὰ
119 786 150 811 τὸ
167 786 235 819 πρὸς
252 785 333 820 μηδὲν
358 784 566 818 ὑποτεθειμένον
582 785 629 810 καὶ
647 784 842 818 συνωμολογη-

63 833 143 866 μένον
157 832 220 863 τοὺς
238 831 334 865 λόγους
359 831 468 858 τείνειν.
493 831 540 856 Διὸ
563 831 612 857 καὶ
636 829 747 866 ἄκριτός
769 830 844 856 ἐστιν

62 880 155 910 αὐτοῖς
171 880 184 905 ὸ
201 879 286 912 ἁγὼν,
303 878 350 904 καὶ
370 878 522 912 σκιαμαχία
533 878 563 904 τὸ
578 878 649 904 ὅλον.

95 925 142 950 Δεί
156 922 202 950 οὖν
218 924 302 958 ἡμᾶς,
318 923 407 949 πάντα
429 923 650 958 φυλαττομένους
672 922 707 949 τὰ
730 922 845 948 τοιαῦτα

62 971 258 1006 παροράματα.
291 970 440 1004 πειρᾶσθαι
465 968 536 995 κατὰ
560 967 676 1002 δύναμιν
695 967 785 994 πάντα
811 968 845 994 δι’

60 1018 203 1053 ἁκριῆείας
228 1016 330 1051 ταύτης
357 1016 496 1051 ἐνεργείας
524 1015 680 1041 ἀποδιδόναι
710 1015 845 1049 σημαινό-

63 1073 145 1099 μενα,
167 1063 238 1090 ὥστε
266 1064 335 1098 μήτε
370 1063 420 1097 τῆς
455 1061 558 1092 οἰκείας
598 1061 637 1095 τῷ
672 1060 846 1096 προϐλήματι

59 1111 199 1137 διαπεσεῖν
228 1109 332 1144 ἀρχῆς,
365 1109 412 1135 καὶ
443 1107 588 1143 προελθεῖν
612 1108 642 1134 ὲν
666 1106 762 1139 τάξει,
796 1106 845 1133 καὶ

62 1155 134 1190 μετὰ
158 1154 261 1188 κόσμου
286 1153 357 1180 κατὰ
381 1153 431 1187 τὴν
449 1151 621 1187 ὲπίχείρησιν
644 1151 690 1178 ἐπὶ
706 1150 736 1176 τὸ
761 1158 845 1184 προσ-

60 1203 128 1237 ἦχον
152 1201 259 1235 πέρας,
294 1199 363 1234 μήτε
387 1198 504 1232 ἀφέντας
534 1206 560 1223 τι
584 1196 639 1223 τῶν
664 1195 843 1229 ἀναγκαίων,

62 1247 134 1282 μήτε
155 1247 211 1277 τοῖς
237 1245 420 1280 παρέλκουσιν
447 1242 674 1278 ἐνδιατρίϐοντας,
693 1241 740 1267 καὶ
758 1241 845 1267 πάντα

63 1293 137 1327 σαφῆ
164 1292 211 1318 καὶ
246 1290 358 1326 εὐκρινῆ
389 1289 579 1324 παρέχοντας,
610 1287 681 1314 ὥστε
714 1287 761 1313 καὶ
794 1286 844 1321 τὴν

63 1339 197 1373 ἀλήθειαν
214 1337 363 1372 εὐθήρατον
377 1335 501 1370 γενεσθαι
517 1335 572 1365 τοῖς
589 1333 737 1368 μανθάνειν
753 1332 845 1367 βουλο-

62 1386 164 1420 μένοις,
183 1383 230 1409 καὶ
242 1383 272 1408 τὸ
281 1381 376 1417 ψεῦδος
392 1380 556 1414 εὐέλεγκτον
573 1379 628 1405 τῶν
643 1378 787 1413 ἡμετέρων
801 1378 844 1404 λό·

61 1438 135 1464 γωψ
158 1429 251 1456 πολλοὶ
264 1429 319 1463 γὰρ
335 1426 470 1461 ἀσαφείας
490 1425 521 1461 [Ῑ.
538 1423 684 1460 ἀσάφειαν]
700 1424 744 1451 διὰ
756 1423 785 1450 τὸ
798 1424 845 1451 ἀν-

62 1476 225 1509 εξέλεγκτον
238 1473 466 1508 προνοησάμενοι,
480 1470 574 1497 ἔλαθον
590 1471 637 1496 καὶ
649 1469 698 1504 τὴν
713 1469 844 1504 ἀλήθειαν

61 1521 152 1548 αὐτῶν
174 1519 383 1551 συσκιάσαντες,
399 1517 447 1544 καὶ
463 1516 506 1543 διὰ
523 1515 621 1542 ταυτὸν
645 1513 745 1550 [τοῦτο]
762 1514 844 1541 πόνον

61 1568 201 1602 ἄχρηστον
219 1566 249 1592 τὸ
264 1565 393 1599 παράπαν
407 1561 688 1597 ἀποφήναντες.”Εχει
710 1560 738 1587 δὲ
751 1560 848 1591 οὕτως,
863 1564 885 1595 C

63 1624 168 1660 Κεφάλ.
186 1623 222 1649 B'.
233 1619 382 1660 _Hepl_z_ﬁ¢
396 1618 579 1658 διαφέσεως,
601 1616 722 1660 καὶιτῆς
732 1617 846 1650 τάξεως

209 1657 269 1684 τῶν
280 1657 408 1688 βιϐλίων
423 1657 478 1687 τῆς
496 1657 706 1688 πραγματείας.

101 1705 212 1739 Ἐπειδὴ
232 1703 322 1730 τοίνυν
338 1702 412 1728 πᾶσα
427 1700 553 1734 ἐνέργεια
568 1697 670 1733 φυσικὴ
686 1700 754 1733 πρὸς
766 1698 846 1724 δύνα-

63 1754 108 1785 μίν
128 1760 190 1779 τινα
215 1749 345 1782 λέγεται,
373 1745 427 1773 πᾶν
452 1745 506 1779 γὰρ
531 1743 646 1778 δυνάμει
673 1743 689 1778 ἢ
711 1743 845 1777 ἐνεργείᾳ,

64 1796 198 1824 σκεπτέον
223 1792 352 1828 ποσαχῶς
375 1792 392 1826 ἡ
415 1790 539 1824 δύναμις,
567 1789 615 1815 καὶ
641 1789 706 1814 ποία
731 1789 846 1822 δύναμις

62 1845 129 1879 ποὶᾳ
147 1840 273 1877 ἑνεργεὶᾳ
291 1839 453 1866 ἀντίκειται.
479 1835 666 1869 Ἀιρείσθωσαν
681 1835 710 1861 δὲ
725 1835 781 1861 τῶν
799 1835 847 1861 δυ-

61 1891 184 1924 νάμεων,
199 1889 260 1914 ὅσαι
275 1885 336 1912 καθ’
360 1882 519 1919 ὁμωνυμίαν
543 1881 679 1916 λέγονται.
703 1881 780 1908 Ἐνια
792 1882 846 1916 γὰρ

60 1934 202 1970 ὁμοιότητί
213 1941 267 1958 τινι
283 1929 543 1966 προσαγορεύονται,
559 1927 684 1961 καθάπερ
699 1927 728 1952 ἐν
740 1934 846 1961 γεωμε-

62 1983 139 2018 τρία·
159 1981 206 2007 καὶ
226 1978 326 2005 δυνατὰ
350 1977 378 2004 δέ
403 1985 473 2008 τινα,
493 1975 540 2001 καὶ
562 1973 678 2000 ἀδύνατα
704 1972 793 2006 φαμὲν
816 1972 846 1998 τὸ

60 2028 135 2056 εἶναι
151 2027 222 2059 πῶς,
237 2025 253 2060 ἢ
278 2024 316 2061 μὴ
331 2023 410 2050 εἶναι.
431 2022 541 2057 Ῥητέον
554 2020 582 2047 δὲ
601 2020 665 2054 περὶ
681 2018 734 2048 τῶν
748 2018 845 2048 ἄλλωστε

101 2167 183 2194 Ἐστι
198 2165 289 2192 τοίνυν
307 2164 422 2198 δύναμις
435 2163 451 2198 ἡ
463 2161 611 2196 παθητικὴ,
628 2163 645 2196 ἡ
659 2160 686 2187 δὲ
706 2161 846 2195 ποιητική.

63 2213 119 2240 Καὶ
136 2213 170 2246 τῇ
188 2211 237 2246 μὲν
252 2209 389 2245 παθητικῇ
411 2209 486 2235 δοκεῖ
511 2209 637 2243 ἐνέργεια
663 2206 846 2238 ἀντικεῖσθαι,

897 274 976 300 verba
992 275 1071 301 rebus
1089 273 1208 301 deﬁnitis
1225 278 1383 300 consonent.

932 420 989 448 Hoc
1002 420 1050 453 illi,
1067 424 1096 447 ut
1116 420 1218 447 dictum
1236 424 1287 452 est,
1307 427 1360 445 non
1383 419 1577 453 concipientes.
1590 423 1617 446 et
1633 427 1680 447 va-

896 468 952 495 rios
975 475 1027 495 non
1046 467 1244 501 distinguente;
1263 473 1371 498 sensus,
1393 473 1481 500 neque
1505 470 1584 500 prout
1606 474 1679 501 qum»

897 514 979 542 stioni
992 514 1116 548 congruit
1135 513 1255 549 prmlium
1268 513 1364 540 ineunt
1378 513 1451 546 (nam
1465 511 1573 538 aliunde
1591 520 1680 548 pugna

900 561 940 588 eis
952 560 1118 594 offerretur),
1131 567 1219 594 neque
1236 559 1332 587 ordine
1348 559 1382 586 ad
1398 558 1517 586 debitum
1534 558 1613 585 ﬁnem
1626 566 1683 585 ser-

897 613 990 633 mones
1006 605 1172 636 conducunt;
1190 604 1236 632 sed
1252 604 1325 631 velut
1341 604 1499 636 errabundi,
1514 603 1559 630 ubi
1572 603 1682 631 dicendi

896 651 937 679 vis
953 651 1051 684 deﬁcit,
1073 650 1240 682 dilabuntur,
1261 657 1310 677 nec
1325 657 1354 677 se
1371 649 1498 682 invicem,
1524 649 1589 681 imo,
1613 657 1681 683 pene

897 697 1021 730 dixerim,
1036 704 1071 725 ne
1086 697 1191 732 seipsos
1205 696 1314 731 quidem
1331 696 1498 730 intelligunt,
1511 696 1574 730 quia
1590 695 1623 721 ad
1639 695 1682 721 ni-

897 745 935 772 hil
960 744 1076 771 solidum
1103 748 1130 771 et
1157 748 1327 775 compactum
1350 743 1522 771 sermonibus
1550 742 1682 773 tendunt,

896 790 1012 824 ideoque
1027 789 1207 824 incomposite
1233 793 1260 815 et
1284 789 1311 815 in
1331 788 1446 823 caligine
1469 795 1577 822 semper
1600 787 1682 815 dimi-

896 841 968 864 cant.

931 926 1047 954 Necesse
1065 926 1147 961 igitur
1161 932 1219 958 nos,
1241 925 1275 952 ab
1296 925 1424 952 omnibus
1437 924 1590 952 istiusmodi
1605 931 1683 951 erro—

897 972 973 1000 ribus
983 978 1119 1005 caventes,
1131 972 1194 1000 totis
1206 972 1310 999 viribus
1322 971 1457 998 enitamur
1465 975 1593 998 accurate
1602 978 1685 998 cunc-

896 1023 938 1046 tas
952 1019 1070 1054 profanae
1092 1018 1262 1053 operationis
1282 1017 1380 1046 afferre
1401 1016 1627 1052 signiﬁcationes,
1645 1017 1682 1044 ita

896 1069 927 1092 ut
941 1065 1120 1099 quaeationem
1136 1063 1207 1091 haud
1222 1064 1285 1091 alibi
1309 1070 1389 1097 quam
1410 1063 1487 1090 decet
1511 1062 1682 1094 inchoemus,

896 1116 922 1138 et
936 1111 1117 1145 procedamus
1129 1117 1175 1145 per
1184 1110 1319 1144 ordinem,
1333 1115 1360 1136 et
1373 1109 1524 1144 composite
1535 1116 1683 1144 argument-

896 1161 953 1184 tum
964 1156 996 1183 ad
1010 1163 1161 1191 congruum
1173 1156 1254 1184 ﬁnem
1265 1156 1439 1187 deducamus,
1456 1163 1544 1190 neque
1557 1162 1684 1182 necessa-

896 1201 966 1229 riutn
981 1201 1047 1237 quid
1057 1202 1224 1232 omittentes,
1234 1209 1322 1236 neque
1337 1200 1481 1236 superfluis
1494 1201 1683 1235 immorautes,

896 1248 944 1276 sed
964 1249 1054 1274 omnia
1069 1251 1125 1275 tam
1137 1247 1209 1275 clara
1220 1251 1247 1274 et
1258 1247 1385 1275 distincta
1401 1248 1561 1274 exhibentes
1582 1251 1612 1274 ut
1623 1254 1682 1274 ser-

896 1300 1008 1320 monum
1027 1297 1181 1320 nostrorum
1202 1298 1230 1320 et
1244 1294 1345 1320 veritas
1359 1293 1438 1320 facile
1453 1293 1683 1328 apprehensibilis

895 1338 941 1366 ﬁat
956 1339 1061 1366 discere
1073 1338 1237 1371 volentibus,
1252 1343 1279 1366 et
1295 1338 1399 1366 falsitas
1420 1339 1499 1366 facile
1514 1339 1685 1373 reprehensi-

895 1384 976 1411 bilis:
996 1384 1074 1410 multi
1095 1384 1165 1411 enim
1189 1384 1385 1411 obscuritatem
1408 1383 1565 1411 aﬁ'cctanles
1590 1391 1624 1410 ne
1639 1391 1684 1410 ar-

895 1433 941 1467 gui
967 1433 1081 1467 possunt.
1108 1433 1193 1466 ipsam
1216 1433 1355 1460 veritatem
1379 1433 1463 1460 nescii
1489 1432 1680 1464 ohtenebrant,

896 1477 1012 1512 ideoque
1036 1478 1155 1505 laborem
1178 1486 1257 1506 suum
1281 1486 1396 1513 prorsus
1416 1479 1522 1506 irritum
1545 1478 1681 1506 reddunt.

896 1524 934 1551 lta
950 1531 979 1551 se
996 1531 1038 1551 res
1055 1524 1146 1551 habet.

933 1621 998 1656 Cap.
1014 1621 1047 1649 ll.
1073 1621 1111 1649 De
1129 1622 1254 1650 divisione
1267 1627 1301 1663 et.
1312 1623 1404 1651 ordine
1423 1623 1552 1651 librorum
1569 1624 1648 1659 hujus

1231 1665 1324 1691 operis.

934 1703 1066 1736 Quoniam
1083 1703 1165 1738 igitur
1181 1703 1272 1731 omnis
1288 1704 1412 1738 operatio
1424 1704 1561 1732 naturalis
1573 1705 1683 1733 relatio-

899 1758 960 1776 nem
985 1749 1065 1776 habet
1088 1749 1121 1776 ad
1143 1749 1261 1784 aliquam
1287 1749 1435 1784 potentiam
1451 1750 1685 1786 (unumquodque

899 1795 970 1822 cnim
985 1799 1026 1823 est
1041 1796 1156 1830 pctentia
1174 1796 1213 1823 vel
1228 1794 1321 1829 actu),
1338 1796 1547 1823 examinandum
1564 1803 1604 1824 est
1617 1805 1685 1831 quo-

900 1841 991 1876 tuplex
1013 1841 1049 1868 sit
1074 1841 1204 1875 potentia,
1228 1845 1254 1867 et
1275 1840 1362 1876 qualis
1386 1841 1506 1875 potentia
1532 1841 1578 1868 tali
1604 1843 1685 1869 talive

899 1887 1050 1922 operationi
1076 1891 1240 1921 opponatur,
1269 1888 1460 1922 praetermissis
1479 1888 1685 1922 operationibus

899 1941 960 1969 quae
977 1936 1112 1961 communi
1135 1934 1312 1968 designantur
1329 1935 1449 1968 nomine,
1473 1942 1520 1969 per
1537 1935 1682 1969 quamdam

899 1980 972 2007 enini
987 1980 1192 2007 similitudinem
1209 1984 1418 2014 nuncupantur:
1442 1980 1513 2007 sicut
1529 1981 1557 2007 in
1574 1988 1683 2016 geome—

901 2026 951 2053 tria
968 2025 1090 2060 quaedam
1104 2030 1130 2052 ct
1154 2025 1293 2059 possibilia
1319 2025 1436 2052 dicimus
1452 2030 1479 2052 et
1505 2025 1683 2060 impossibilia

899 2079 960 2098 csse
979 2071 1069 2105 aliquo
1092 2072 1172 2098 modo
1194 2076 1220 2099 et
1236 2079 1288 2098 non
1303 2079 1373 2103 esse,
1395 2071 1467 2106 quod
1484 2073 1565 2098 ctiam
1589 2071 1683 2099 dicen-

901 2117 964 2144 dum
979 2118 1011 2144 de
1027 2118 1099 2145 aliis.

935 2163 982 2191 Est
994 2165 1075 2199 igitur
1090 2165 1209 2199 potentia
1228 2165 1331 2199 passiva
1347 2169 1374 2191 et
1388 2165 1505 2199 potentia
1520 2164 1618 2191 activa.
1633 2163 1671 2190 Po

903 2210 994 2236 lentiae
1006 2210 1120 2244 passivae
1132 2210 1231 2245 opponi
1245 2215 1369 2238 censetur
1383 2212 1506 2244 opt-ratio
1522 2218 1581 2244 qua:
1598 2210 1684 2237 forma

61 2260 126 2294 ἡτις
139 2259 187 2285 καὶ
198 2255 276 2289 εἶδος,
287 2256 336 2283 καὶ
350 2256 502 2289 ἐντελέχεια
514 2255 607 2290 πρώτη
619 2254 759 2280 καλεῖται’
781 2253 844 2280 ’ἐκα‹

919 2260 928 2280 ι
953 2255 1081 2288 perfectio
1105 2255 1191 2289 pritna
1216 2260 1346 2283 vocatur:
1375 2263 1436 2282 nam
1462 2256 1684 2290 unumquodque,

64 2314 129 2332 υτον
151 2305 204 2339 γὰρ
263 2304 362 2337 πάσχει
375 2301 499 2328 δεκτικόν
525 2302 584 2326 ἐστι
603 2300 649 2326 τοῦ
671 2299 737 2325 ἰδίου
764 2299 850 2330 εἴδους

62 2352 132 2386 πρὸς
149 2351 163 2376 ὃ
186 2351 297 2384 δυνάμει
326 2349 452 2382 ).έγεται”
468 2348 500 2382 τῇ
525 2347 553 2373 δὲ
580 2346 710 2381 δραστικῇ
739 2345 851 2380 δυνάμει

60 2396 356 2430 ἀντίκειταιινέργεια
380 2395 396 2428 ἡ
411 2393 554 2428 δραστική.
580 2394 673 2427 [idem
694 2391 749 2427 γὰρ
773 2393 850 2425 ἐνερ-

59 2444 152 2478 γείας,
172 2443 220 2477 τῆς
246 2442 284 2472 ὡς
303 2442 426 2476 ὁράσεως
449 2440 609 2474 Αεγομένης,
634 2438 707 2474 ἀρχὴ
735 2436 850 2471 δύναμίς

59 2490 137 2515 ἔστιν
155 2490 170 2523 ἡ
194 2488 326 2522 δραστική
340 2495 347 2503 ο
369 2487 415 2513 καὶ
435 2487 561 2520 καθάπερ
580 2486 595 2520 ἡ
618 2485 750 2519 ἐνέργεια,
773 2485 789 2518 ἡ
810 2483 847 2515 ὡς

59 2534 131 2566 εἶδος
144 2533 290 2568 λεγομένη,
304 2533 442 2566 τελειότης
456 2532 516 2558 ἐστὶ
531 2532 580 2566 τῆς
599 2530 754 2565 παθητικῆς
771 2529 848 2556 δυνά-

62 2589 151 2616 μεως,
168 2580 238 2607 οὕτω
251 2580 298 2606 καὶ
312 2580 327 2614 ἡ
343 2579 478 2613 ἐνέργεια,
496 2579 513 2612 ἡ
527 2577 564 2608 ὡς
584 2578 680 2611 δρᾶσις
700 2575 848 2610 λεγομένη,

59 2627 201 2660 τελειότης
220 2626 277 2653 ἐστὶ
290 2626 339 2660 τῆς
355 2624 504 2660 δραστικῆς
521 2623 675 2658 δυνάμεως.
701 2622 781 2648 Πᾶσα
796 2621 850 2656 γὰρ

59 2674 180 2708 δύναμις
204 2673 272 2708 πρὸς
299 2672 348 2707 τὴν
374 2669 568 2705 ἀντικειμένην
597 2669 683 2704 αὐτὴν
708 2669 849 2703 ἐνέργειαν

61 2720 238 2755 οεωρουμένη
266 2718 365 2753 ἀτελής
386 2718 426 2750 τις
453 2717 587 2751 ὲστι.Τὴς
601 2717 628 2743 δὲ
642 2716 780 2752 ἐνεργείας
799 2716 848 2750 τῆς

58 2768 96 2799 ὠς
121 2767 244 2801 ὁράσεως
266 2765 417 2800 λεγομένης
443 2765 460 2799 ἡ
482 2763 531 2798 μὲν
556 2763 613 2789 ἐστι
639 2762 775 2797 caluom;
800 2761 846 2787 τώ

58 2815 171 2850 ἔχοντος
209 2813 256 2839 καὶ
281 2811 387 2843 οὐδενὸς
413 2810 513 2842 ἔξωθεν
538 2810 771 2844 ἀποτελέσματος·
801 2808 847 2834 καὶ

94 2907 133 2940 (Ι)
150 2903 348 2931 Vitleturlocus
369 2907 524 2938 corruptus.

225 2953 356 2981 ιἈτιιοι..
378 2955 433 2980 (ἠ.
455 2952 510 2980 CLI

902 2304 1036 2333 quatenus
1049 2303 1091 2325 est
1112 2300 1261 2333 passivum,
1290 2306 1375 2334 capax
1399 2306 1440 2328 est
1454 2300 1570 2336 proprie!
1592 2300 1686 2328 formae

902 2345 1013 2372 relative
1028 2345 1059 2371 ad
1075 2353 1155 2379 quam
1174 2352 1236 2372 esse
1249 2345 1275 2372 in
1290 2347 1409 2380 potentia
1427 2347 1536 2374 dicitur.
1552 2347 1686 2374 Potentia:
1724 2348 1727 2353 ⁷

903 2398 967 2417 vero
982 2390 1079 2417 activae
1091 2390 1177 2417 activa
1195 2392 1341 2425 opponitur
1354 2392 1493 2426 operatio:
1512 2392 1601 2418 omnis
1611 2394 1682 2419 enim

901 2435 1078 2470 operationis,
1102 2444 1162 2470 quie
1186 2440 1215 2462 ut
1236 2437 1307 2463 actio
1323 2437 1447 2468 habetur,
1464 2444 1545 2463 causa
1564 2439 1684 2472 putentia

901 2483 998 2510 activa.
1020 2481 1052 2509 Et
1071 2482 1299 2517 quemadmodum
1323 2484 1448 2517 operatio
1469 2491 1528 2517 qum
1544 2488 1572 2510 ut
1598 2483 1683 2510 forma

901 2529 1098 2559 consideratur.
1119 2532 1160 2555 est
1176 2527 1306 2562 perfectio
1319 2529 1446 2562 potentia:
1460 2529 1581 2563 passivae,
1602 2529 1636 2556 ita
1659 2535 1686 2556 et

901 2575 1023 2610 operatio
1038 2583 1096 2609 quae
1109 2579 1138 2602 ut
1152 2574 1223 2602 actio
1239 2574 1363 2605 habetur,
1378 2579 1419 2602 est
1443 2576 1574 2610 perfectio
1590 2581 1686 2610 poten-

903 2622 946 2649 tiae
961 2623 1071 2649 activae:
1090 2622 1179 2648 omnis
1193 2621 1264 2648 enim
1282 2622 1412 2654 potentia,
1426 2623 1538 2649 relative
1550 2623 1582 2649 ad
1599 2630 1685 2657 oppo-

903 2671 981 2696 sitam
1000 2668 1185 2702 operationem
1205 2672 1336 2702 spectata,
1349 2673 1391 2694 est
1403 2668 1467 2702 quid
1483 2668 1683 2703 imperfectum.

902 2714 1076 2750 Operationis
1098 2719 1188 2741 autem
1204 2721 1265 2748 quae
1280 2717 1308 2740 ut
1325 2714 1395 2740 actio
1412 2714 1536 2747 habetur,
1553 2722 1604 2741 una
1620 2723 1683 2749 pars

902 2767 943 2790 est
966 2762 1095 2796 perfectio
1118 2761 1205 2796 ipsius
1227 2761 1344 2796 agentis,
1368 2759 1469 2787 nullius
1493 2767 1558 2787 vero
1579 2763 1684 2788 externi

902 2809 1022 2837 cli'cctus.
1038 2807 1099 2835 lla-c
1112 2807 1201 2836 vocari
1215 2811 1304 2842 potest
1316 2805 1481 2842 spcculativa
1496 2806 1605 2833 nomine
1613 2814 1690 2833 com-

1481 2947 1520 2977 38
