1868 3069
45 146 117 178 1213
511 148 561 178 DE
580 146 767 178 ESSENTIA
787 145 836 176 ET

858 143 1113 176 OPERATIONE
1129 143 1206 174 DEI.
1599 137 1668 172 12M

44 204 148 238 δὸμενα
164 203 230 238 περὶ
243 202 325 230 αὐτοῦ
341 205 374 238 τῇ
395 203 456 239 θείᾳ.
466 205 573 239 Γραφῇ.
591 205 707 239 Λέγεται
722 203 775 238 γὰρ
799 205 828 230 ὲν

928 204 1029 230 undum
1047 203 1071 230 id
1088 202 1158 237 quod
1185 201 1209 228 ei
1242 199 1365 228 attribuit
1397 198 1538 233 Scriptura
1567 205 1669 232 sacra;

43 249 87 283 τῷ
101 249 176 283 τὸμῳ
193 249 295 284 πρώτῳ
308 249 355 275 τοῦ
376 249 455 276 Ἰώσ·
473 258 482 275 ι
503 250 534 276 El
556 249 629 284 ἔχεις
649 249 779 284 βραχίονα
795 249 833 280 ὡς

43 295 63 320 ὁ
75 295 162 327 Θεός;
182 304 191 321 ι
207 296 255 321 καὶ
268 296 298 321 ὲν
321 297 376 326 τοῖς
390 296 515 330 Ψαλμοῖς
532 303 540 312 ⁶
575 305 584 321 (
604 295 754 330 Ὀφθαλμοὶ
777 295 834 321 Κν-

47 341 110 375 ρίου
134 342 181 367 ἐπὶ
210 341 341 373 δικαίους,
358 341 406 368 καὶ
428 338 487 367 ὦτα
509 340 590 368 αὐτοῦ
620 342 659 372 είς
680 340 773 374 δέησιν
786 340 834 366 αὑ-

45 387 115 414 τῶν.
134 396 143 413 ι
161 387 256 414 Ἔστιν
273 386 326 422 ἄρα
340 387 431 422 σῶμα,
445 387 578 414 καὶκατὰ
602 387 632 413 τὸ
660 386 733 418 εἰκός
760 388 833 413 ἐστιν

45 434 77 458 ὲν
105 432 179 468 ὕλῃ·
217 433 279 459 ἐπεὶ
304 432 380 459 οὐδὲν
405 433 483 467 σῶμα
512 433 626 467 φυσικὸν
661 432 725 458 ἄνευ
757 431 832 466 ὕλης.

45 479 147 512 Λέγειν
167 479 222 513 γὰρ
237 479 318 505 αὑτὸν
332 476 402 506 εἶναι
428 479 508 513 σῶμα
534 477 726 513 μαθηματικὴν
747 477 833 512 πάντη

45 524 277 558 ἀνόητονοτοῦτο
292 525 346 559 γὰρ
361 524 411 550 οὔκ
437 524 496 550 ἐστι
521 523 583 550 καθ’
607 523 672 549 αὐτὸ
701 523 834 557 ὑφεστὼς,

45 571 105 596 ἀλλ’
126 571 156 596 ὲν
174 572 207 604 τῇ
222 571 328 605 διανοίᾳ
346 571 445 604 μόνως.

82 614 114 642 δ’.
131 616 194 641 Ἔτι
207 615 242 642 τὰ
259 616 307 642 τοῦ
317 615 423 642 κεῖσθαι
433 615 490 650 είδη
503 616 533 642 οὗ
546 616 679 650 προσήκει
693 616 717 641 εί
730 614 766 649 μὴ
780 615 836 645 τοῖς

49 663 178 697 σώμασιν
194 670 202 678 ·
217 663 232 688 ὁ
245 662 273 688 δὲ
288 661 512 695 Θεδςλέγεταιὲν
529 663 589 693 ταῖς
607 661 692 692 Θείαις
713 661 837 696 Γρσφαίς

47 708 170 734 κεῖσθαι.
200 707 318 741 Λέγεται
341 708 395 742 γὰρ
417 708 445 733 ὲν
468 707 510 742 τῷ
538 707 584 734 τοῦ
602 707 718 733 Ἠσαίου
741 706 812 741 ἕκτῳ
827 713 835 721 ε

50 763 59 779 ι
83 751 163 780 Εἶδον
195 754 240 780 τὸν
265 753 367 788 Κύριον
391 753 557 788 καθήμενον.
577 763 586 780 ι
613 755 668 780 Καὶ
695 751 812 787 ἀλλαχοῦ
829 759 836 767 '

51 807 61 824 ι
81 799 170 832 Ἔστη
188 798 229 830 εἰς
245 798 338 832 κρίσιν
361 798 474 832 Κύριος.
494 807 504 824 ι
519 799 612 825 Ἔστιν
641 798 696 833 ἄρα
727 798 741 823 ό
773 796 838 828 Θεὸς

48 845 142 879 σῶμα,
160 846 210 871 καὶ
225 844 262 871 τὰ
274 845 379 871 λοιπά.

83 893 117 918 ε’.
142 891 204 917 Ἔτι
218 891 295 917 οὐδὲν
307 891 420 917 δύναται
433 888 502 917 εῖναι
523 891 609 925 πέρας
627 889 764 925 σώματος,
788 890 834 924 ἀφ’

44 934 89 969 οὗ,
105 938 122 972 ἢ
141 938 181 968 είς
196 937 220 970 ὃ,
230 938 255 962 εἰ
272 938 309 972 μὴ
320 937 361 972 εἴη
376 937 466 972 σῶμα.
481 937 510 963 '0
521 937 549 963 δὲ
562 937 628 968 Θεὸς
640 936 748 970 λέγεται
766 933 836 962 εἶναι

45 984 137 1017 πέρας
158 984 326 1018 σωματικὸν,
343 984 413 1010 κατὰ
429 983 458 1010 τδ
480 983 509 1009 ὲν
527 984 582 1015 τοῖς
610 983 734 1018 Ψαλμοῖς
761 981 838 1016 λεγό-

47 1038 134 1063 μενον
150 1037 157 1044 '
175 1038 185 1055 ι
205 1029 373 1064 Προσέλοετε
387 1029 456 1064 πρὸς
471 1029 562 1061 αὑτὸν,
578 1029 624 1055 καὶ
638 1028 804 1063 φωτίσθητε.
825 1037 834 1053 ι

46 1076 105 1102 Καὶ
119 1075 158 1107 ὡς
173 1075 220 1109 ἀφ’
230 1071 270 1107 οὗ,
286 1075 357 1103 κατὰ
371 1076 401 1102 τὸ
410 1075 456 1102 τοῦ
474 1075 606 1110 Ἰερεμίου
623 1075 652 1100 ὲν
667 1075 706 1109 τῷ
720 1073 763 1106 ιζ’·
779 1083 789 1099 (
806 1074 837 1100 Ol

46 1122 234 1156 ἀφιστάμενοι
250 1122 304 1149 ἀπὸ
325 1121 372 1149 σοῦ
387 1122 416 1147 ὲν
430 1122 468 1157 γῇ
487 1122 688 1156 γραφήσονται.
707 1129 716 1147 ι
730 1120 761 1148 '0
772 1121 838 1151 Θεὸς

45 1168 104 1202 ἄρα
120 1168 213 1203 σῶμα,
233 1169 279 1195 καὶ
292 1166 360 1199 aleo;
370 1169 398 1194 ὲν
412 1167 472 1203 ὕλῃ.
621 1171 625 1174 ’

356 1259 539 1293 Ἀπόκρισις.

95 1307 219 1342 Ῥητέον,
234 1307 274 1334 ὅτι
289 1308 302 1334 ὁ
316 1306 496 1340 Δῦγουστίνος
517 1307 546 1332 ὲν
568 1305 607 1340 τῷ
622 1305 723 1341 πρώτῳ
755 1313 841 1337 κεφα-

47 1355 122 1389 ὶαὶῳ
139 1354 187 1381 τοῦ
213 1354 278 1389 περὶ
292 1354 407 1388 Τριάδος
423 1352 535 1388 πρώτου
563 1352 668 1388 βιϐλίου
682 1352 774 1386 φησιν,
798 1351 839 1378 ὅτι

49 1403 67 1435 ἡ
86 1402 146 1433 τοῖς
161 1400 271 1434 νηπίοις
295 1399 453 1435 ἁρμόζουσα
484 1399 544 1425 θεία
575 1397 670 1433 Γραφὴ
698 1397 840 1432 οὐδέτερον

48 1448 106 1474 τῶν
123 1449 152 1473 ἒν
168 1448 224 1478 τοῖς
234 1444 294 1473 οὖσι
307 1446 385 1479 γένος
412 1446 517 1480 ῥήσεων
538 1444 668 1477 ἐξέκλινε,
685 1443 716 1470 τδ
727 1443 781 1470 τῶν
791 1451 842 1469 σω.

52 1492 182 1527 ματικῶν
197 1492 243 1518 καὶ
254 1491 368 1525 νοητῶν,
383 1490 412 1522 ἐξ
428 1487 465 1518 ὧν
484 1490 521 1521 ὡς
536 1489 680 1523 κλιμάκων
706 1489 720 1515 ὁ
740 1488 841 1524 ἡμέτε-

885 250 984 277 dicitur
997 250 1068 277 enim
1088 249 1114 275 in
1131 247 1339 282 quadragesimo
1360 246 1446 280 primo
1461 244 1511 272 Job
1523 253 1532 271 :
1551 253 1559 269 ι
1578 244 1605 271 Si
1621 245 1670 270 ha-

885 297 933 323 bes
948 295 1089 322 brachium
1104 298 1132 320 ut
1151 293 1219 320 Deus
1231 293 1264 318 ’ζ’
1283 301 1292 317 ι
1310 295 1336 318 et
1348 292 1373 318 in
1395 291 1510 318 Psalmis
1525 299 1532 317 :
1554 300 1563 316 ι
1592 288 1668 317 Oculi

885 341 990 369 Domini
1000 339 1187 375 superjustos,
1197 344 1310 365 etaures
1319 337 1377 372 eius
1389 337 1415 363 in
1426 345 1517 371 preces
1525 343 1619 363 eorum
1628 335 1649 362 '.
1657 345 1666 360 ι

885 387 933 414 Est
953 387 1035 421 igitur
1047 394 1158 420 corpus,
1173 391 1199 412 et
1215 388 1413 418 consequenter
1425 387 1467 410 est
1488 383 1514 409 in
1533 382 1646 408 materia
1661 401 1668 412 ,

886 433 948 468 quia
979 431 1082 458 nullum
1102 435 1144 458 est
1167 437 1266 463 corpus
1285 428 1426 463 physicum
1457 427 1515 454 sine
1533 425 1644 452 materia
1662 434 1668 456 ;

886 486 948 506 nam
957 478 1045 505 dicere
1058 484 1119 504 eum
1129 483 1188 503 esse
1196 482 1294 508 corpus
1309 471 1529 500 mathematicum
1557 475 1598 497 est
1613 470 1672 495 om“-

886 525 953 552 nino
965 523 1125 554 absurdum,
1138 523 1188 548 hoc
1204 521 1277 548 enim
1290 527 1343 547 non
1356 522 1396 546 est
1410 525 1457 553 per
1469 524 1497 544 se
1508 516 1670 546 subsistens,

887 571 934 598 sed
952 570 980 597 in
993 569 1131 596 intellectu
1147 572 1264 595 tantum.

922 616 951 644 4.
984 616 1107 650 Insuper,
1128 621 1159 641 ea
1179 621 1239 648 qua:
1270 611 1304 638 ad
1332 611 1413 639 situm
1440 609 1589 645 pertinenti,
1621 614 1673 634 non

888 661 1054 690 conveniunt
1064 659 1116 687 nisi
1136 657 1309 693 corporibus.
1324 656 1394 682 Deus
1411 660 1502 682 autent
1530 653 1631 680 dicitur
1647 652 1674 678 in

888 707 988 734 divinis
1004 704 1155 739 Scripturis
1182 704 1263 730 situm
1290 701 1411 732 habere;
1437 699 1535 727 dicitur
1549 697 1621 724 enim
1647 697 1675 722 in

888 757 964 780 sexto
991 751 1086 779 Isaia}:
1106 760 1116 776 ι
1147 749 1207 777 Vidi
1235 749 1380 775 Dominum
1416 744 1588 775 sedentem‘.
1607 752 1616 769 ι
1649 748 1676 770 et

889 798 953 826 alibi
967 807 973 826 :
989 807 998 823 ι
1017 797 1076 824 Stat
1091 795 1310 831 adjudicandum
1340 793 1470 821 Dominus
1487 791 1496 807 "
1512 809 1521 824 ,
1540 799 1549 816 ›
1563 796 1591 817 et
1609 789 1675 816 reli-

890 851 954 879 qua.
971 843 1041 877 Ergo
1066 842 1138 869 Deus
1158 844 1200 869 est
1216 847 1325 872 corpus.

924 891 950 918 5.
964 889 1095 923 Denique,
1112 888 1180 916 nihil
1196 891 1284 921 potest
1297 894 1357 914 esse
1373 883 1676 917 terminus-corporalis

887 944 902 963 ο
926 943 981 970 quo
998 935 1040 962 vel
1063 933 1096 961 ad
1115 940 1207 968 quem,
1231 933 1282 960 nisi
1305 932 1341 959 sit
1369 937 1478 965 corpus.
1496 929 1567 956 Deus
1585 933 1675 955 autem

887 982 985 1010 dicitur
1008 988 1069 1008 esse
1090 979 1223 1007 terminus
1247 977 1410 1012 corporalis,
1424 975 1575 1004 secundum
1602 973 1675 1008 quod

888 1028 988 1055 dicitur
1003 1027 1030 1054 in
1052 1026 1188 1054 Psalmis:
1209 1034 1218 1050 ι
1234 1023 1361 1052 Accedite
1376 1022 1408 1049 ad
1429 1029 1502 1053 eum,
1518 1026 1546 1047 et
1573 1018 1675 1046 illumi-

888 1074 990 1103 namiui
1004 1082 1011 1107 ;
1026 1084 1036 1100 ι
1053 1077 1080 1100 et
1101 1077 1131 1100 ut
1157 1071 1288 1099 terminus
1311 1077 1326 1096 a
1347 1075 1411 1103 quo.
1437 1065 1587 1095 secundum
1610 1063 1676 1090 illud

887 1120 1012 1148 Ieremia
1028 1119 1055 1146 in
1069 1118 1158 1153 capite
1178 1116 1287 1144 decimo
1312 1114 1451 1148 septimo:
1477 1121 1487 1138 ι
1509 1110 1676 1139 Recedentes

889 1173 905 1193 a
921 1170 958 1198 te,
973 1165 999 1191 in
1015 1169 1086 1191 terra
1099 1162 1264 1190 scribentur.
1282 1169 1292 1185 ι
1309 1158 1379 1193 Ergo
1408 1157 1478 1184 Deus
1493 1159 1536 1183 est
1559 1161 1670 1188 corpus,

889 1215 916 1238 et
932 1210 1021 1238 forma
1034 1210 1063 1237 in
1079 1207 1202 1236 materia.

1205 1250 1359 1286 Responsio.

929 1302 1076 1330 Dicendum
1102 1303 1146 1327 est
1169 1297 1242 1334 quod
1268 1295 1438 1331 Augustinus
1468 1293 1495 1320 in
1517 1292 1605 1327 primo
1631 1297 1677 1318 ca—

890 1349 946 1384 pite
969 1347 1051 1381 primi
1074 1345 1136 1373 libri
1164 1344 1202 1371 De
1220 1343 1350 1370 Trinilale
1363 1340 1449 1368 dicit:
1477 1349 1487 1365 ι
1507 1338 1543 1366 Se
1565 1337 1677 1365 infanti-

889 1396 942 1423 bus
957 1391 1167 1421 accommodans
1183 1389 1275 1416 diviua
1291 1387 1442 1421 Scriptura,
1463 1385 1567 1412 nullum
1592 1390 1678 1418 genus

892 1440 1038 1468 verborum
1065 1437 1099 1464 ad
1130 1439 1270 1464 creaturas
1303 1431 1495 1468 pertinentium
1519 1429 1676 1459 declinavit,

893 1487 950 1515 sive
960 1483 1156 1519 corporalium,
1168 1481 1224 1509 sive
1244 1478 1440 1514 spiritualium,
1455 1484 1469 1504 e
1485 1475 1585 1510 quibus
1602 1474 1675 1501 velut

52 1520 99 1574 pa;
113 1538 177 1570 νοῦς
200 1539 269 1572 πρὸς
281 1520 315 1564 τιὶ
332 1520 392 1563 (ista
404 1520 454 1563 καὶ
479 1520 636 1571 ὑψηλότερα
658 1520 827 1570 ἐρειδόμενος

928 1530 1051 1566 gradibus
1065 1533 1157 1556 nostra
1171 1533 1248 1554 mens
1264 1525 1297 1552 ad
1310 1524 1399 1552 divina
1417 1527 1444 1550 et
1460 1521 1557 1549 altiora
1569 1520 1676 1547 enitens

50 1585 185 1619 ἀναϐαίη.
205 1584 259 1610 Καὶ
275 1583 330 1617 γὰρ
346 1582 393 1609 καὶ
409 1583 530 1616 ῥήμασιν
545 1581 577 1608 ὲκ
601 1581 656 1607 τῶν
677 1580 841 1615 σωματικῶν

51 1630 229 1666 πραγμάτων
245 1628 372 1664 ληφθεῖσι
388 1628 575 1662 συνεχρήσατο
601 1627 666 1661 περὶ
694 1626 761 1652 Θεοῦ
786 1626 843 1652 διει-

50 1677 191 1712 λεγομένη
208 1684 215 1692 ·
226 1675 320 1710 ὥσπερ
331 1675 423 1709 φησιν,
439 1683 448 1700 ι
470 1675 515 1700 Ἐν
529 1673 618 1708 σκέπῃ
629 1673 683 1699 τῶν
700 1671 842 1705 πτερύγων

53 1732 104 1750 σου
122 1722 270 1752 σκεπάσεις
287 1728 330 1754 με,
351 1727 360 1745 ι
390 1720 436 1746 καὶ
454 1719 503 1752 τῆς
519 1719 618 1751 νοητῆς
634 1714 749 1748 κτίσεως
764 1717 839 1742 πλεῖ-

54 1779 107 1796 στα
127 1769 295 1804 μετήνεγκεν
311 1763 351 1796 οἷς
365 1764 399 1791 ἂν
412 1765 542 1799 δηλώσειε
560 1764 590 1790 τὸ
607 1763 644 1798 μὴ
655 1762 741 1792 οὕτως
758 1763 840 1797 ἔχειν,

52 1815 113 1842 ἀλλ’
129 1814 200 1840 οὕτω
221 1812 348 1847 λεχθῆναι
363 1811 494 1845 ὀφείλειν,
507 1810 546 1838 ὡς
562 1810 593 1834 τό
611 1816 617 1823 ·
654 1818 663 1834 ι
690 1807 760 1843 Ἐγώ
785 1809 841 1842 είμι

52 1859 156 1894 ζηλῶν,
174 1859 220 1886 καὶ
233 1866 300 1892 μετα
304 1865 337 1892 με
341 1856 475 1891 μέλημαι.
495 1864 504 1881 ι
521 1855 560 1881 Τὰ
589 1854 679 1889 μέντοι
707 1854 843 1888 λεγόμενα.

51 1907 161 1943 κυρίως
175 1906 220 1932 ἐπὶ
230 1904 310 1935 Θεοῦ,
327 1904 374 1930 καὶ
390 1905 418 1930 ὲν
434 1902 554 1938 μηδεμιᾷ
570 1901 756 1935 εὑρισκόμενα
782 1900 843 1927 κτί-

53 1962 110 1985 σει,
123 1951 245 1982 σπανίως
258 1949 365 1983 τίθησιν
378 1950 394 1982 ἠ
413 1947 520 1983 Γραφή.
547 1947 631 1977 Οὗτος
649 1946 698 1981 μὲν
718 1945 764 1972 οὖν
778 1946 843 1980 μίαν

52 1995 228 2022 ἀποδέδωκεν
243 1993 331 2020 αἰτίαν
344 1992 394 2027 τῆς
419 1992 541 2027 χρήσεως
557 1990 612 2018 τῶν
637 1990 765 2016 τοιούτων
784 1991 843 2017 dvo-

53 2041 165 2074 μάτων.

99 2086 130 2113 '0
142 2086 171 2112 δὲ
195 2085 333 2115 Διονύσιος
349 2085 418 2117 πρὸς
431 2082 535 2116 ταύτην
553 2081 601 2108 καὶ
625 2082 723 2117 ἐτέρας
747 2080 843 2108 ἀποδὲ-

54 2134 156 2160 δωκεν.
172 2131 258 2157 Ὅταν
271 2131 326 2164 γὰρ
341 2129 408 2165 λέγῃ
420 2129 456 2163 μὴ
473 2128 587 2155 δυνατὸν
603 2126 673 2153 εἶναι
702 2127 749 2153 τὸν
776 2126 842 2162 1)μέ-

54 2187 138 2213 τερον
154 2176 216 2204 νοῦν
228 2176 296 2210 πρὸς
308 2176 358 2210 τὴν
374 2175 455 2202 ᾶῦλον
482 2173 591 2207 ἐκείνην
610 2173 762 2208 ἀναχθῆναι
789 2172 842 2198 τῶν

55 2223 194 2259 οὐρανίων
210 2222 356 2257 ἱεραρχιῶν
372 2221 488 2256 μίμησιν
507 2220 554 2246 καὶ
569 2219 696 2254 θεωρίαν,
715 2219 738 2244 εί
753 2217 791 2253 μὴ
809 2219 842 2252 τῇ

56 2271 120 2297 κατ’
135 2269 216 2296 αὐτὸν
230 2267 400 2303 χειραγωγίᾳ
413 2267 556 2302 χρήσαιτο,
576 2265 676 2292 ταυτὸν
702 2265 759 2294 πῶς
774 2265 847 2291 δοκεῖ

55 2317 151 2349 λέγειν
183 2313 220 2348 τῷ
235 2311 427 2347 Δῡγουστίνῳο
444 2310 513 2344 μετὰ
528 2311 555 2337 δὲ
570 2309 651 2336 τοῦτο
673 2308 720 2335 καὶ
744 2308 846 2343 ἐτέρων

57 2362 177 2388 ἅπτεται
191 2367 199 2375 ·
225 2357 281 2385 οἷον
295 2358 325 2385 τὸ
337 2357 445 2392 πρέπον
462 2353 602 2387 εἶναιτοῖς
628 2355 776 2389 μυστικοῖς
801 2353 846 2380 λό·

57 2415 120 2441 τοις
138 2405 169 2432 τὸ
181 2404 213 2431 δι’
226 2404 392 2439 ἀπορρήτων
415 2402 463 2429 καὶ
482 2401 563 2436 ἱερῶν
586 2400 757 2436 αἰνιγμάτων
779 2400 846 2426 ἀπο-

58 2451 245 2486 κρύπτεσθαι,
259 2450 307 2476 καὶ
323 2449 424 2476 ἄϐατον
443 2449 516 2478 cui;
524 2446 632 2477 πολλοῖς
657 2446 761 2472 τιθέναι
796 2445 845 2480 τὴν

61 2497 141 2532 ἱερὰν
156 2496 202 2522 καὶ
215 2495 334 2530 κρυφίαν
350 2493 546 2528 ὑπερκοσμίων
561 2492 630 2518 νόων
653 2491 793 2526 ἀλήθειαν.

100 2544 160 2569 Ἔτι
180 2542 271 2577 τρίτον
283 2541 429 2568 ἀποδίδωσι
446 2539 496 2572 τῆς
510 2538 634 2574 χρήσεως
651 2538 705 2564 τῶν
719 2537 847 2564 τοιούτων

59 2589 201 2624 ὀνομάτων
216 2588 305 2622 λόγον,
315 2588 363 2622 τὴν
374 2585 499 2613 ὁπωσοῦν
509 2585 656 2620 ὁμοιότητα
677 2584 730 2610 τῶν
747 2591 847 2618 σημαι-

60 2635 183 2671 νομένων
204 2634 237 2662 δι’
255 2633 344 2660 αὐτῶν
365 2632 535 2667 πριγμάτων
560 2631 627 2668 πρὸς
644 2630 689 2657 τὸν
698 2630 774 2656 Θεόν.
783 2629 851 2664 Φησὶ

61 2683 118 2718 γὰρ
133 2679 203 2708 εἶναι
220 2680 307 2706 ταῦτα
330 2672 413 2706 οἱονεὶ
437 2678 607 2712 ἀπηχήματα
629 2678 679 2711 τῆς
707 2676 782 2711 ίερᾶς
805 2675 850 2702 εὺ-

62 2728 217 2760 πρεπείαςι
235 2727 297 2753 ὅθεν
320 2727 368 2754 καὶ
393 2725 504 2752 δυνατὸν
527 2723 563 2750 δι’
586 2723 676 2750 αὐτῶν
699 2722 847 2757 ἀνάγεσθαι

64 2775 134 2808 προς
149 2773 198 2804 τὰς
224 2773 324 2804 aeto»;
340 2772 519 2807 ἀρχετυπῐσις.

101 2869 111 2883 ¹
126 2865 187 2893 loli.
201 2873 244 2896 ιιι..
262 2866 287 2892 lt.
326 2865 335 2879 ³
351 2863 420 2891 Psal.
441 2871 538 2894 sum,
561 2863 602 2890 ίῦ.
643 2862 652 2878 ι
672 2861 723 2890 lsa.
739 2871 776 2895 γι,
797 2863 819 2890 ι.

895 1565 1045 1605 ascendat:
1071 1580 1134 1600 nam
1161 1571 1252 1598 verbis
1277 1577 1292 1597 e
1315 1568 1503 1604 corporalibus
1533 1566 1613 1593 rebus
1629 1565 1677 1591 de-

894 1621 1011 1655 sumptis
1024 1619 1110 1648 utitur
1126 1619 1160 1646 de
1179 1617 1234 1645 Deo
1250 1617 1374 1650 loquens,
1404 1614 1475 1642 sicut
1501 1613 1584 1643 dicit:
1603 1622 1612 1638 ‹
1649 1611 1678 1638 In

894 1667 1046 1694 velamento
1062 1664 1167 1691 alarum
1180 1669 1289 1689 tuarum
1301 1665 1425 1696 protegas
1445 1666 1487 1685 me
1499 1658 1509 1673 °
1522 1676 1529 1684 .
1545 1666 1554 1683 ι
1582 1657 1615 1683 Ει
1630 1656 1675 1682 in-

893 1711 1087 1740 tellcctualium
1101 1713 1288 1737 creaturarum
1305 1707 1450 1742 plerasque
1467 1704 1590 1739 designat
1617 1710 1676 1731 me-

894 1757 1016 1792 taphoris
1043 1756 1143 1791 quibus
1158 1754 1279 1782 ostendit
1305 1760 1352 1780 eas
1382 1759 1437 1779 non
1456 1751 1496 1778 sic
1512 1757 1541 1777 se
1568 1749 1678 1781 habere,

893 1805 940 1832 sed
956 1803 998 1832 sic
1011 1802 1064 1830 dici
1077 1802 1187 1832 debere.
1207 1805 1235 1827 ut
1252 1803 1293 1827 est
1310 1798 1375 1826 illud
1390 1807 1397 1824 :
1417 1807 1425 1823 I
1454 1795 1510 1830 Ego
1527 1803 1586 1823 sum
1604 1794 1679 1820 zelo.

893 1855 933 1878 tes
946 1850 956 1865 ⁷
973 1870 980 1882 ,
1000 1858 1010 1875 ι
1021 1854 1047 1876 et
1058 1848 1143 1875 illud:
1160 1855 1170 1872 ι
1188 1846 1229 1873 Me
1241 1846 1362 1881 ptenitct.
1384 1853 1393 1870 ι
1407 1843 1472 1876 Quae
1485 1849 1549 1869 vero
1571 1840 1680 1876 proprie

893 1896 1021 1923 dicuntur
1037 1894 1071 1922 de
1090 1893 1144 1920 Deo
1155 1896 1187 1919 et
1210 1893 1236 1919 in
1264 1891 1337 1918 nulla
1357 1890 1528 1925 reperiuntur
1545 1891 1680 1919 creatura,

894 1950 956 1970 raro
973 1941 1046 1976 ponit
1072 1939 1222 1974 Srriptura.
1243 1937 1289 1965 Ille
1305 1937 1389 1971 igitur
1401 1936 1494 1963 doctor
1507 1941 1589 1961 unam
1603 1932 1681 1960 aﬂ'crt

895 1993 1004 2012 causam
1029 1991 1077 2012 cur
1097 1983 1277 2010 adhibeantur
1293 1980 1449 2017 huiusmodi
1467 1979 1588 2007 nomina.

931 2081 1078 2118 Dionysius
1107 2081 1176 2107 alias
1205 2082 1301 2113 praeter
1319 2078 1389 2104 hanc
1405 2076 1505 2104 subdit.
1522 2075 1590 2102 Cum
1607 2073 1680 2100 enim

894 2128 961 2156 dicit
975 2135 1027 2154 non
1041 2133 1121 2161 posse
1136 2124 1300 2152 intellectum
1316 2129 1438 2150 nostrum
1464 2121 1498 2147 ad
1517 2119 1682 2147 immateria-

896 2174 947 2201 lem
964 2173 1036 2199 illam
1050 2171 1126 2199 evehi
1147 2169 1295 2198 caelestium
1315 2167 1528 2195 hierarchiarum
1549 2164 1681 2191 imitatio-

898 2227 959 2247 nem
985 2223 1012 2246 et
1037 2216 1304 2251 contemplationem.
1326 2214 1377 2242 nisi
1391 2211 1603 2240 manuductione
1630 2209 1682 2237 sibi

895 2273 1015 2300 congrua
1032 2269 1136 2295 utatur,
1154 2263 1226 2290 idem
1241 2260 1441 2296 quodammodo
1469 2259 1574 2285 videtur
1591 2257 1681 2284 dicere

895 2319 975 2347 quam
1001 2310 1179 2345 Augustinus.
1209 2308 1307 2335 Postea
1325 2314 1386 2334 vero
1402 2306 1453 2334 alia
1479 2305 1587 2340 tangit;
1604 2303 1680 2336 dicit,

894 2358 969 2385 verbi
981 2356 1077 2392 gratia,
1092 2355 1238 2383 convenire
1262 2353 1391 2388 mysticos
1427 2358 1565 2380 sermones
1582 2350 1681 2377 abditis

894 2403 1016 2432 etsaCris
1028 2401 1218 2437 atnigmatibus
1234 2399 1347 2432 involvi,
1373 2402 1401 2425 et
1416 2399 1516 2425 inviam
1543 2396 1683 2431 plerisque

896 2448 952 2475 ﬁeri
978 2453 1082 2474 sacram
1100 2449 1127 2472 et
1145 2443 1333 2473 absconditam
1358 2442 1509 2470 cmlesdum
1536 2441 1681 2476 spirituum

896 2494 1049 2522 veritatem.

934 2538 1030 2565 Adhuc
1043 2536 1151 2564 tertiam
1166 2535 1256 2562 reddit
1270 2534 1401 2562 rationem
1425 2531 1612 2567 usurpationis
1636 2531 1687 2558 hu-

897 2583 1015 2619 iusmodi
1033 2582 1188 2612 nominum.
1201 2581 1273 2616 quod
1287 2589 1383 2616 nempe
1400 2588 1443 2608 res
1459 2587 1507 2614 per
1526 2580 1584 2606 haec
1599 2578 1685 2614 signi-

901 2632 986 2658 ﬁcata:
999 2629 1119 2664 aliquam
1151 2628 1268 2655 habeant
1296 2634 1359 2654 cum
1376 2627 1431 2654 Deo
1453 2624 1659 2653 similitudinem
1676 2633 1682 2650 :

900 2676 965 2704 dicit
979 2674 1050 2702 enim
1068 2681 1115 2701 eas
1131 2681 1190 2700 esse
1203 2673 1277 2699 velut
1291 2671 1390 2699 divinat
1410 2670 1625 2706 pulchritudinis
1641 2677 1684 2697 re-

899 2728 1056 2757 percussus,
1085 2719 1185 2754 quibus
1198 2717 1312 2754 proinde
1325 2721 1415 2752 potest
1443 2716 1520 2743 rellui
1537 2716 1570 2743 ad
1588 2717 1686 2743 innua-

898 2768 1007 2796 teriales
1023 2765 1194 2802 archetypos.

876 2862 885 2878 ⁸
906 2861 956 2889 lsa.
973 2868 1013 2893 ut,
1027 2859 1070 2887 l5.
1110 2860 1120 2875 θ
1136 2857 1207 2886 Psul.
1224 2856 1334 2891 xw,18.
1373 2855 1382 2872 "
1397 2853 1485 2882 Exod.
1501 2860 1592 2888 “xw,
1611 2852 1656 2882 Ν,
