1868 3069
75 123 180 157 12ἱό
538 128 540 130 ’
872 125 896 154 Ν

984 125 1043 155 .‘lA.
1704 125 1771 157 12i6

76 189 177 217 tam,
214 186 307 214 altera
333 190 361 213 ct
381 185 439 220 ipsa
462 185 542 213 anilis
564 185 662 213 fabella
686 185 720 212 de
744 183 824 217 Ju.la,
854 185 925 219 quod
942 186 962 212 Α
978 188 1003 211 et
1026 182 1138 210 Latinos
1154 190 1167 209 a
1188 190 1217 210 se
1236 183 1326 218 lingua
1357 184 1513 219 scriptoque
1539 184 1614 218 prius
1634 183 1769 210 lacerazos

78 231 258 260 Scaleom
277 233 369 265 fuerit,
386 232 508 266 deﬂuxit,
524 240 578 267 qua
599 232 726 260 Lucanos
741 233 812 267 apud
830 232 924 259 Sccta-
977 231 1128 258 defensatn
1157 230 1209 258 Cit.
1235 230 1291 258 Lib.
1309 231 1342 262 ll,
1361 239 1419 265 cap.
1439 232 1480 263 l7,
1513 239 1574 266 pag.
1602 231 1664 258 839.
1689 230 1772 256 l’wro

78 285 176 304 num
212 279 345 306 infatuat.
979 276 1099 304 Joannes
1115 276 1336 309 Canlacuzcnus,
1351 276 1459 304 Grzrcns
1477 283 1583 309 auctor,
1601 277 1647 303 lib.
1660 276 1690 308 ll,
1710 283 1772 310 (νην,

132 323 219 351 Sed
247 326 280 352 ad
302 325 486 358 Barlaamnm,
505 333 520 352 a
543 333 598 360 quo
617 325 740 360 digressa
761 330 813 358 est,
831 325 924 352 redeat
977 323 1030 354 59,
1064 327 1160 349 contra
1186 322 1357 349 Barlaamum
1386 328 1495 357 propter
1530 323 1588 357 ejus
1614 325 1769 357 palinodius

80 371 229 398 oratio.
258 371 295 398 De
312 379 344 399 co
362 372 446 406 igitur
461 372 556 400 scribit
570 372 695 399 laudatus
709 372 924 400 Boccatiusloco
977 369 1118 397 invehitur
1134 376 1141 396 :
1158 368 1331 396 «Monachus
1344 369 1467 404 quidam,
1491 370 1589 404 inquit,
1608 378 1622 397 e
1644 371 1771 397 Calabria

82 416 154 444 cit.
183 425 195 444 ε
217 426 227 443 ‹
250 417 342 445 Traho
356 424 486 453 praeterea
511 419 657 452 aliquando
682 419 804 445 Barlaam
830 418 922 446 Basilii
974 416 1123 451 profectus,
1140 415 1300 443 Latinorum
1318 416 1442 443 moribus
1457 420 1483 442 et
1497 416 1605 450 legibus
1625 417 1766 449 educatus,

83 462 311 491 Cmsariensis
335 466 510 498 monachum,
524 465 670 492 Calabrum
686 465 837 498 hominem,
857 466 922 493 olim
974 462 1083 490 nomine
1092 462 1260 492 Barlaamus,
1272 467 1370 489 acutus
1385 462 1485 496 alioqui
1497 467 1523 488 et
1534 463 1685 496 perspicax.
1697 469 1723 490 ct
1734 463 1768 490 (1'1

87 515 247 544 corpore
261 511 402 545 pusillum,
429 512 615 545 prmgrandem
640 516 730 539 tamen
755 513 879 545 scientia,
894 518 923 541 ει
974 508 1183 543 intelligentiam
1198 507 1769 543 explicandamdisertissimus:insuperin

88 554 311 584 (ἓτπεὶειάεο
321 557 469 590 eruditum,
480 562 510 585 ut
521 558 717 593 imperatorum
729 563 756 586 et
768 559 921 594 principum
973 554 1094 585 Euclide,
1107 553 1382 597 AristoteleJ’latone
1394 554 1541 586 volutatus,
1553 558 1579 581 et
1589 554 1622 581 ob
1635 554 1660 581 id
1673 554 1771 581 illustri

87 600 300 636 Grmcomm,
310 609 391 638 atque
402 603 543 631 doctorum
559 605 700 632 hominum
716 604 855 639 privucgia
871 604 922 631 ha-
974 598 1096 633 fama,ad
1106 599 1286 627 calamitatem
1295 599 1373 626 Rom.
1384 599 1717 634 imperiiThessalonicam
1728 603 1772 626 illi.

90 646 205 674 heret
233 649 401 681 testimonia,
411 649 510 676 nedum
528 650 573 677 his
584 651 753 685 temporibus
764 650 836 685 apud
847 650 922 678 Grae-

93 699 167 719 cos
201 700 275 727 esse,
291 694 340 721 sed
359 702 409 722 nec
430 702 446 722 a
466 696 560 723 multis
573 696 681 724 smeulis
697 696 766 724 citra
781 696 864 723 fuisse
879 696 920 723 vi-

94 745 187 766 rum
208 743 263 766 tam
279 739 378 776 insigni
407 745 516 777 tamque
525 743 620 777 grandi
636 742 749 770 scientia
765 743 918 778 prmditum.

95 784 226 813 Nonne
254 793 318 822 ergo
335 787 409 818 huic,
422 792 448 815 et
463 789 604 823 potissime
619 788 645 816 in
662 789 743 817 rebus
761 789 794 817 ad
811 788 919 817 Graecos

99 831 318 864 spectantibus
332 840 383 867 ego
399 835 507 861 credam
520 834 532 861 ?
543 843 552 860 ι
576 835 617 862 Ab
634 842 667 862 eo
682 842 791 870 quoque
804 835 917 862 Paulum

98 876 306 910 Perusinum,
318 883 347 906 et
364 879 451 913 ipsum
468 879 603 907 Barlaami
618 881 645 907 in
661 880 752 908 Graeca
766 880 858 915 lingua
872 889 921 908 an-

103 923 260 956 dilorem,
278 924 306 951 in
323 925 491 953 collectanea
504 933 554 954 sua
575 927 758 959 conﬁcienda,
774 927 924 962 profecisse

105 973 217 1002 notat,
231 975 292 1004 post
308 970 445 998 laudatam
460 971 616 999 Boccatium
640 972 693 1000 loc.
718 973 778 1006 cit.,
802 973 925 1001 Volater-

108 1023 215 1044 ranus
227 1015 254 1042 in
267 1016 423 1051 Ant/tropol.
443 1016 559 1045 «Eodem
575 1017 631 1046 fere
648 1023 770 1054 tempere
798 1019 923 1047 Barlaam

111 1062 248 1090 Calaber
265 1063 389 1097 quidam,
406 1062 435 1090 S.
449 1063 542 1091 Basilii
560 1064 721 1098 monachus,
734 1069 849 1099 utraque
872 1065 924 1092 lin-

115 1116 183 1144 gua
214 1109 348 1142 eruditus,
365 1109 476 1141 multas,
492 1117 553 1145 qua}
575 1110 608 1138 ad
625 1111 675 1139 has
693 1111 830 1146 pertinent
845 1111 927 1138 disci-

117 1155 221 1189 plinas
239 1162 293 1182 uno
310 1155 450 1183 volumine
471 1156 569 1191 coegit.
586 1156 672 1189 Quem
688 1156 811 1184 imitatus
823 1156 925 1184 Paulus

117 1201 298 1230 Perusiauus
321 1202 506 1237 iurisperitus,
521 1203 580 1236 ejus
595 1203 756 1238 discipulus,
781 1204 926 1239 praefectus

119 1247 305 1276 bibliotheca:
319 1247 431 1276 lloberti
445 1268 453 1281 ,
469 1249 567 1276 Sicilia:
581 1250 664 1285 regis,
681 1257 743 1277 cum
761 1251 840 1285 plane
853 1251 926 1278 litte-

123 1300 208 1324 ratus
224 1301 296 1324 esset
308 1316 316 1329 ,
345 1298 429 1324 multa
451 1302 478 1325 et
496 1298 554 1333 ipse
571 1298 738 1326 collectanea
752 1298 871 1333 reliquit.

165 1342 283 1377 Scripsit
300 1343 459 1371 Barlaamus
476 1344 561 1371 multa
570 1349 597 1371 et
614 1343 701 1377 varia,
717 1351 766 1379 pro
778 1351 833 1371 suae
850 1352 926 1372 men-

127 1389 166 1416 tis
177 1389 322 1425 vertigine,
337 1394 364 1417 et
378 1390 520 1417 varietate.
545 1389 612 1417 Nam
627 1390 715 1425 primo
734 1390 843 1424 quidem
859 1390 930 1418 Con-

127 1434 339 1469 stantinopolim
356 1436 481 1467 veniens,
495 1435 653 1462 Graecorum
665 1436 807 1463 errorlbus
817 1436 929 1471 scriptis

127 1479 188 1507 suis
203 1479 294 1507 favere
314 1480 397 1514 cmpit
414 1488 421 1507 :
437 1480 498 1507 dein
523 1479 551 1506 in
575 1486 604 1507 se
623 1479 754 1515 primum,
771 1484 798 1507 et
820 1487 884 1508 mox
901 1482 927 1508 in

127 1525 237 1554 Italiam
248 1533 387 1559 reversus,
406 1533 437 1553 ac
454 1525 627 1554 llieracensis
645 1526 820 1561 episcopitus
835 1526 926 1562 digni-
939 1517 961 1547 (ἶ

129 1576 186 1599 tate
195 1575 223 1598 et
246 1571 348 1598 honore
359 1571 472 1606 potitus,
496 1571 866 1606 queislaverat,Grmcorum
883 1580 929 1600 er-

126 1624 209 1646 rores
221 1617 398 1649 recantando,
411 1617 575 1645 exsulllavit.
588 1618 626 1644 Ex
641 1624 696 1652 quo
710 1618 881 1652 acquivocum
894 1618 928 1646 de

127 1662 230 1697 duplici
248 1659 390 1690 Barlaamo
409 1663 478 1697 apud
491 1662 613 1690 eruditos
628 1663 746 1697 irrepsit,
760 1663 807 1698 qui
824 1668 924 1696 tamen,

126 1709 229 1736 Allatio
245 1713 325 1742 teste,
345 1714 489 1743 angantur.
514 1717 522 1734 ι
545 1707 612 1736 llinc
627 1708 717 1742 plane,
741 1709 790 1740 ait,
823 1709 920 1743 nugari

125 1755 268 1792 videntur,
293 1754 339 1790 qui
358 1762 420 1781 cum
450 1761 503 1781 non
522 1754 674 1788 intelligant
689 1752 919 1788 quemadmodum

127 1808 202 1828 unus
220 1801 352 1835 idemque.
374 1804 400 1827 et
426 1807 477 1835 pro
501 1799 580 1826 Rom.
597 1799 718 1827 Ecclesia
734 1804 830 1827 contra
846 1799 922 1827 Gree-

128 1855 189 1880 cos,
205 1851 233 1874 et
245 1854 294 1881 pro
309 1846 412 1874 Giazcis
427 1851 522 1874 contra
537 1846 618 1875 Rom.
636 1846 786 1874 Ecclesium
799 1847 919 1879 scripse-

128 1895 176 1924 rit,
190 1893 259 1920 duos
274 1892 431 1920 Barlaanios
446 1892 637 1926 constituunt;
653 1897 680 1920 et
695 1900 739 1924 ea,
754 1901 816 1928 quae
826 1897 921 1920 contra

129 1939 243 1967 Latinos
259 1942 322 1966 sunt
343 1939 376 1966 ab
395 1938 555 1967 llieracensi
567 1939 621 1967 isto
638 1943 791 1972 semovent,
807 1942 834 1966 et
848 1939 921 1971 aliis,

129 1985 224 2013 nescio
238 1985 347 2020 quibus,
363 1992 431 2020 quos
448 1993 497 2012 nec
509 1985 561 2020 ipsi
578 1986 676 2019 sciant,
689 1987 839 2014 vindicant.
862 1986 923 2014 Dis—

130 2032 258 2067 tinguant
280 2037 415 2068 tempora.
437 2031 596 2061 Barlaamus
619 2033 855 2069 Constantinopoli
871 2035 921 2061 de-

131 2085 212 2114 gens,
232 2078 370 2111 doctrina,
385 2083 412 2105 et
424 2077 516 2106 favore
534 2079 699 2113 principum,
715 2084 805 2113 et.spc
827 2086 921 2106 rerum

130 2132 263 2152 novarum
282 2124 409 2158 laetatus,
421 2124 576 2153 Graecorum
590 2125 732 2152 erroribus
747 2125 851 2158 favens,
868 2125 921 2152 La-

972 647 1064 679 venit;
1077 646 1170 674 multis
1181 645 1252 673 enim
1263 645 1421 680 magnisque
1432 646 1612 674 seditionibus
1622 647 1770 674 Ecclesium

972 698 1097 729 pacatam
1121 693 1253 728 implevit.
1269 693 1321 726 Qui
1341 699 1402 720 cum
1421 700 1449 720 sc
1464 693 1618 720 Latinorum
1642 693 1769 727 dogmata

970 740 1175 776 proﬂigaturum
1184 741 1350 774 simulasset,
1363 740 1462 768 libellis
1477 739 1609 767 adversus
1622 739 1685 766 illos
1695 746 1771 766 com-

970 787 1075 822 positis,
1086 787 1259 815 conclusione
1266 785 1611 820 rationumldcmoustrabat
1620 793 1666 813 eos
1674 785 1700 812 in
1711 785 1771 812 reli-

973 833 1061 868 gionis
1070 834 1193 861 doctrina
1205 833 1366 861 hallucinari
1376 841 1407 860 ac
1419 833 1481 865 labi,
1494 832 1650 866 nostrisque
1669 832 1770 866 gaude-

974 879 1020 906 bat
1033 879 1166 907 institulis
1176 885 1199 907 et
1211 880 1325 914 legibus,
1336 885 1362 907 et
1371 887 1385 907 a
1395 887 1423 906 se
1431 879 1586 906 Latinorum
1595 877 1771 905 cmremonias

978 930 1061 960 atque
1079 926 1204 961 dogmata
1215 934 1246 954 cx
1258 927 1349 953 animo
1363 926 1487 953 damnari
1498 924 1672 960 apertissima
1688 923 1770 950 dabat

975 974 1087 1006 indicia,
1099 978 1129 1001 ut
1144 974 1300 1009 apparebat,
1313 983 1322 1000 ι
1340 979 1392 1002 etc.
1407 973 1477 1001 Pene
1490 973 1585 1001 eadem
1602 972 1770 1007 NlCt'phOl‘llS

976 1020 1111 1055 Gregoras
1127 1029 1153 1048 XI
1168 1031 1174 1053 ;
1190 1025 1322 1055 tantoque
1341 1021 1367 1047 in
1393 1020 1456 1048 odio
1474 1019 1576 1047 Grzccis
1598 1026 1658 1045 esse
1677 1018 1770 1052 coepit,

975 1071 1121 1102 postquam
1144 1067 1178 1094 ab
1194 1067 1233 1094 eis
1261 1067 1387 1098 recessit,
1413 1071 1443 1094 ut
1470 1067 1565 1093 eodem
1586 1064 1686 1091 Allatio
1702 1068 1771 1089 teste

978 1113 1024 1140 ubi
1041 1120 1135 1148 supra,
1164 1113 1403 1148 Constantinopoli
1429 1112 1564 1140 celebrata
1580 1110 1695 1147 synodo,
1707 1109 1771 1136 Bar-

977 1160 1084 1187 laamus
1098 1159 1347 1187 condemnaretur:
1366 1169 1376 1186 ί
1389 1159 1558 1190 Barlaamus,
1568 1157 1693 1193 quamvis
1705 1163 1770 1191 pro—

976 1205 1071 1241 pitium
1083 1205 1273 1240 imperatorem
1288 1205 1483 1241 (Andronicum
1495 1202 1646 1238 Juniorem)
1660 1207 1769 1233 nactus,

977 1250 1059 1278 rebus
1077 1255 1167 1278 tamen
1187 1251 1360 1282 Grmcorum,
1379 1255 1405 1278 et
1422 1251 1563 1278 monachis
1584 1249 1706 1284 iniquior
1727 1249 1771 1284 (de

978 1296 1036 1332 ejus
1050 1304 1112 1324 cum
1128 1297 1270 1324 monachis
1299 1297 1400 1325 montis
1422 1297 1493 1324 Atho
1513 1295 1611 1332 jurgiis
1637 1294 1771 1322 videndus
1819 1294 1822 1297 '

978 1341 1141 1378 Ilaimburg.
1157 1343 1176 1371 l.
1197 1342 1235 1378 c.)
1268 1351 1337 1378 quos
1362 1342 1494 1370 acerrimo
1517 1341 1580 1369 odio
1601 1344 1771 1376 prosecutus,

978 1389 1144 1424 exagitavit;
1157 1389 1272 1424 ideoque
1285 1389 1420 1417 celebrata
1439 1389 1544 1424 synodo
1557 1388 1584 1414 in
1608 1395 1707 1421 magno
1725 1394 1772 1412 sa-

980 1442 1033 1462 crae
1046 1434 1193 1470 Sapientiae
1216 1435 1327 1470 templo,
1343 1439 1476 1470 praesente
1499 1435 1580 1462 etiam
1596 1434 1770 1467 imperatore,

981 1489 1044 1510 cum
1061 1488 1172 1518 senatus
1194 1483 1374 1517 principibus,
1391 1487 1418 1510 et
1438 1482 1604 1510 doctissimis
1628 1481 1688 1508 aliis
1707 1480 1771 1507 viris

978 1528 1177 1556 condemnatus
1191 1533 1243 1556 est.
1259 1538 1268 1555 ι
1289 1529 1341 1556 Sed
1356 1532 1382 1556 et
1405 1528 1476 1555 idem
1505 1528 1553 1561 qui
1567 1534 1650 1561 supra
1669 1526 1772 1553 Canta-

979 1581 1100 1603 cucenus
1133 1584 1140 1602 :
1171 1584 1180 1600 ι
1201 1574 1344 1602 Postremo
1382 1575 1534 1608 imperator
1562 1578 1587 1601 et
1618 1572 1772 1607 patriarcha

979 1623 1110 1654 utrosque
1133 1619 1166 1647 de
1194 1627 1259 1654 pace
1276 1625 1305 1646 ut
1321 1619 1465 1654 oportebat
1488 1618 1610 1651 allocuti,
1636 1616 1772 1653 synodum

978 1666 1152 1694 dimiserunt.
1163 1665 1322 1693 Barlaamus
1337 1666 1410 1693 haud
1426 1665 1535 1700 longum
1551 1669 1657 1698 tempus
1671 1665 1772 1699 Byzan-

974 1711 1004 1738 tii
1028 1716 1160 1744 moratus,
1178 1711 1344 1746 imperatore
1369 1711 1442 1738 brevi
1468 1711 1611 1744 defuncto,
1631 1717 1717 1744 aqua.
1742 1714 1771 1736 ut

973 1757 1051 1792 prius
1067 1757 1100 1784 de
1113 1757 1247 1792 dogmatis
1260 1756 1333 1783 litem
1348 1757 1441 1788 movit,
1451 1756 1481 1791 ju
1494 1757 1586 1783 licium
1603 1756 1680 1782 \‘ﬂldi:
1695 1756 1770 1782 clau-

973 1802 1080 1831 dicasse
1091 1803 1257 1835 clamitans;
1275 1808 1302 1830 et
1315 1803 1459 1838 aufugiens
1475 1803 1501 1829 in
1516 1803 1631 1832 lIaliam.
1646 1810 1707 1829 cum
1722 1801 1772 1828 La-

975 1848 1048 1882 tinis,
1067 1852 1097 1875 ut
1119 1853 1211 1881 antea,
1232 1848 1327 1881 sensit,
1358 1848 1392 1875 ab
1416 1848 1510 1880 eisque
1527 1847 1647 1874 llicracis
1663 1847 1772 1880 episco-

974 1903 1025 1930 pus
1041 1900 1148 1922 creatus
1158 1899 1209 1922 est.
1226 1905 1236 1921 ι
1255 1894 1294 1921 Ex
1309 1902 1372 1933 quo
1383 1898 1519 1921 assertum
1538 1894 1570 1920 dc
1586 1893 1686 1928 duplici
1703 1893 1770 1919 Bar-

975 1941 1065 1968 laamo
1081 1941 1174 1968 labare
1188 1941 1334 1968 manifeste
1354 1940 1458 1974 colligit
1478 1939 1666 1975 Maimhurgus
1681 1949 1688 1966 ;
1705 1949 1714 1964 ι
1735 1939 1772 1966 Ca

976 1987 1111 2020 Barlaam,
1127 1987 1173 2023 qui
1189 1993 1231 2015 est
1247 1994 1347 2015 encore
1362 1988 1534 2015 maintenant
1552 1995 1588 2014 un
1606 1987 1692 2022 grand
1708 1994 1772 2021 pro-

976 2033 1064 2062 bléme
1080 2038 1158 2062 entre
1171 2035 1211 2062 les
1227 2042 1341 2068 seavans
1352 2054 1359 2067 ,
1375 2034 1441 2061 dont
1456 2034 1496 2061 les
1511 2041 1563 2061 uns
1582 2033 1691 2061 vculcnt
1706 2033 1771 2067 qu‘il

976 2081 1029 2108 soit
1042 2080 1255 2116 schismatiquc,
1271 2085 1297 2108 et
1312 2081 1351 2108 les
1362 2080 1637 2115 autres’catholique,
1651 2079 1716 2106 e'toit
1734 2086 1771 2105 un

977 2127 1068 2155 mdine
1084 2127 1229 2161 calabrais,
1248 2128 1294 2162 qui
1312 2128 1381 2155 dans
1394 2127 1419 2154 la
1436 2126 1520 2155 vérité
1534 2127 1574 2154 fut
1588 2127 1642 2153 l‘un
1667 2132 1693 2153 et
1704 2126 1772 2153 l'au-

131 2172 204 2199 tinos
220 2174 375 2207 oppugnat;
387 2171 492 2206 cjectus
508 2171 717 2206 dill‘amatusque
728 2171 755 2198 in
770 2170 921 2203 Grmcia,tn
939 2171 962 2198 D
978 2178 1027 2206 tre,
1038 2181 1119 2208 parce
1128 2172 1192 2208 qu‘il
1208 2173 1327 2208 changea
1340 2174 1407 2201 trois
1423 2173 1474 2200 fois
1488 2173 1521 2199 de
1535 2172 1660 2207 religion,
1677 2182 1686 2198 ›
1700 2177 1769 2203 etc;

130 2218 239 2246 Italiam
257 2226 392 2252 reversus,
405 2223 432 2246 et
448 2218 626 2253 dignitatibus
636 2223 742 2251 auctus,
762 2219 928 2253 neingratus

131 2273 193 2292 csse
227 2265 364 2293 videretur
393 2269 421 2293 et
452 2264 523 2293 forte
546 2266 628 2292 etiam
666 2273 728 2292 rere
754 2265 927 2300 tirmitcrque

132 2311 243 2346 sapiens
262 2311 288 2338 in
302 2311 428 2340 defensos
443 2319 458 2339 a
472 2319 502 2339 se
514 2311 632 2346 primum
647 2310 758 2338 Graecos
774 2311 923 2344 invehitur,

982 2220 1160 2255 sequiturque
1185 2220 1238 2247 late
1262 2224 1359 2247 auctor
1381 2220 1414 2247 de
1431 2221 1527 2247 eodem
1550 2226 1662 2246 narrare
1679 2218 1705 2244 in
1722 2225 1771 2245 sua

984 2267 1102 2294 Histoire
1114 2267 1150 2294 du
1162 2267 1274 2294 sr/iisme
1284 2267 1329 2294 des
1345 2267 1435 2300 Grecs,
1449 2271 1517 2295 tom.
1532 2265 1565 2297 [Ι.
1583 2274 1644 2302 pag.
1663 2272 1725 2292 εει.

134 2382 298 2419 ηςιρᾳιιεῡαιαν
311 2381 451 2410 Barlaami
479 2381 593 2418 Operam
620 2382 795 2415 enumeratio,
810 2389 892 2417 quant
903 2385 1026 2422 accurate
1038 2381 1136 2416 prtebet
1152 2381 1294 2409 Fabricius
1323 2389 1386 2410 mox
1402 2380 1584 2413 adducendus,
1600 2386 1624 2407 et
1650 2380 1707 2406 ideo
1727 2379 1771 2406 Iris
1789 2394 1794 2399 -

880 2421 1026 2444 onttltttur.
1291 2426 1295 2429 ·
