1868 3069
113 135 180 168 1273

775 136 852 166 PRO
871 136 1036 168 LATINIS.

1665 140 1730 172 12H

108 192 286 227 singulariter
310 192 388 220 Petro
404 192 575 227 loquebatur.
592 192 694 220 Deinde
706 198 733 220 et
758 193 898 228 evangeli-
912 196 936 225 Α
950 195 1091 230 oportebat
1115 203 1188 229 eum,
1207 197 1252 232 qui
1275 202 1332 225 erat
1352 198 1460 234 proprie
1484 201 1511 226 et
1535 205 1598 225 vere
1615 199 1731 225 aliorum

107 243 158 266 sue
174 243 201 266 et
217 239 244 266 in
263 238 416 274 Evangeliis
426 243 453 266 et
468 238 495 265 in
514 239 598 270 Actis,
615 239 771 274 ubicunque
782 247 901 267 comme-
931 242 1136 276 ,«apostolorum
1154 243 1290 277 princeps,
1303 251 1355 270 non
1369 252 1477 279 semper
1496 244 1536 272 eis
1552 244 1734 278 corporalter

109 290 219 313 morant
233 285 340 312 Petrum
360 293 422 312 cum
436 284 508 317 aliis,
525 285 567 312 vel
579 285 719 318 omnibus.
744 286 786 312 vel
801 286 900 320 aliqui-

109 331 173 363 bus,
195 339 303 366 semper
324 336 353 358 et
380 331 481 365 ubique
505 331 593 366 ipsum
620 331 682 358 aliis
707 332 900 366 prmordinant.

109 377 190 410 Quod
205 384 260 404 non
275 377 368 412 utique
384 377 560 404 obscrvanter
577 377 706 410 facerent,
724 377 776 405 nisi
787 379 901 411 scirent,

109 432 173 451 eum
198 423 316 459 primum
343 424 455 450 aliorum
474 431 487 450 a
508 424 623 451 Domino
643 424 834 451 constitutum.
857 424 902 451 ln-

108 470 193 497 venio
215 470 298 498 etiam
316 470 455 505 apostolos
476 470 514 496 illi
537 475 564 497 ut
586 478 638 498 suo
668 470 776 504 primati
795 478 902 504 semper

109 511 249 546 cedentes.
275 519 304 545 in
330 519 443 546 Actibus
459 518 544 549 enim,
560 519 621 545 aliis
645 519 776 553 apostolis
800 519 902 554 pariter

110 573 175 592 cum
190 573 222 592 co
241 566 447 598 exsistentibus,
466 566 553 600 ipsum
569 566 648 592 vidco
670 573 778 600 semper
795 572 902 593 sermo-

112 619 175 638 nem
201 611 384 643 inclinantem,
409 612 478 639 alios
501 619 565 639 vero
581 616 737 646 sequentes.
760 611 860 639 Deinde
876 618 903 638 et

110 656 179 684 illud
200 657 355 689 considero,
376 657 447 692 quod
463 665 525 684 cum
548 664 580 684 ea
600 664 661 692 quae
678 657 840 684 sacramenti
859 657 903 684 in-

110 704 282 731 carnationis
297 704 384 739 magis
400 708 464 731 sunt
484 704 655 737 necessaria,
674 704 753 732 sicuti
766 708 807 731 est
823 711 901 738 crux,

110 749 216 784 passio.
248 757 331 780 mors,
350 749 536 780 resurrectio.
558 757 607 784 per
626 755 745 784 quatuor
767 750 903 784 evangeli-

111 799 172 823 slas
188 794 295 829 plenius
309 796 465 823 scribantur
476 816 484 828 ,
499 801 530 823 ea
546 803 608 822 vero
619 804 679 831 quae
694 798 720 823 in
732 800 837 824 tantum
847 805 901 824 non

78 855 82 858 -
110 845 178 868 sunt
188 842 353 872 necessaria,
366 841 399 868 ab
414 841 475 868 aliis
488 842 663 874 omittantur,
679 842 714 869 ab
727 843 791 869 aliis
801 842 901 870 dican-

111 891 159 914 tur
175 895 182 914 :
199 887 244 914 illa
261 895 308 921 per
327 895 387 921 qua:
407 887 477 914 Petri
493 887 627 922 primatus
657 889 821 919 ostenditur.
841 893 903 916 tan-

111 940 197 967 quam
211 933 369 960 exsistcntia
381 933 487 960 illorum
498 941 559 968 quae
568 934 654 968 magis
663 939 728 961 sunt
739 935 905 968 necessaria,

113 985 141 1006 et
157 987 172 1006 ιι
188 983 306 1012 quatuor
319 979 474 1013 conscripta
486 984 560 1011 sunt,
574 984 704 1014 tanquam
720 980 800 1007 valde
814 988 906 1009 ncces-

114 1025 219 1052 sarium
233 1026 280 1057 sit,
306 1032 403 1052 omnes
417 1026 505 1058 scire,
527 1026 572 1053 cui
589 1025 718 1054 Ecclesiae
738 1026 907 1062 principatus

115 1078 131 1098 a
153 1071 270 1098 Domino
291 1071 412 1099 eri-ditus
429 1076 481 1098 est.

154 1119 188 1144 At
205 1125 270 1144 vero
286 1122 314 1145 ct
325 1118 435 1145 divinus
449 1118 593 1153 Dionysius
605 1118 632 1146 in
651 1119 732 1146 tertio
747 1119 786 1145 De
808 1119 905 1146 divinis

114 1163 265 1191 nominibus
280 1163 436 1192 verticalem
452 1164 638 1197 theologorum
655 1165 838 1192 summitatem
854 1172 907 1192 ma-

114 1217 200 1244 gnum
228 1209 337 1237 Petrum
354 1210 477 1237 nominat
493 1219 500 1237 :
517 1215 543 1237 et
560 1218 592 1237 ex
613 1215 677 1238 tunc
703 1212 830 1238 universa
853 1211 906 1238 Ec-

114 1255 212 1288 clesia,
230 1255 322 1282 addito
336 1255 386 1289 ipsi
404 1255 498 1282 divino
514 1256 609 1286 Paulo.
627 1263 748 1284 summos
770 1257 907 1290 apostolo-

115 1309 177 1328 rum
204 1301 312 1328 Pctrnm
337 1305 364 1327 et
381 1300 495 1328 Paulum
520 1302 654 1334 nominat,
675 1302 750 1328 illum
778 1302 904 1330 similiter

115 1347 315 1382 prmordinans.
340 1347 431 1380 Quare
453 1348 572 1382 undique
593 1347 770 1375 manifestum
793 1352 844 1379 est,
870 1348 903 1375 ab

115 1393 177 1429 ipso
197 1393 312 1420 Domino
322 1393 430 1421 Christo
450 1394 538 1428 ipsum
550 1394 689 1428 accepisse
701 1394 815 1420 aliorum
830 1394 904 1428 prin-

115 1440 248 1474 cipatum.
274 1439 308 1467 Et
327 1440 379 1467 hoc
400 1440 478 1467 valde
502 1440 645 1467 decenter’.
674 1439 808 1473 Quoniam
831 1440 904 1467 enim

952 286 1059 318 adesse,
1082 287 1130 314 sed
1147 288 1296 314 secundum
1316 289 1483 323 corporalem
1503 289 1673 324 praesentiam
1690 296 1733 315 re-

952 332 1075 367 linquere
1089 341 1136 360 eos
1155 343 1162 360 :
1181 341 1263 361 unum
1283 334 1317 362 de
1331 335 1471 363 duodecim
1488 336 1546 363 vice
1565 343 1614 362 sua
1630 335 1733 370 princi-

952 385 1012 412 pem
1029 378 1144 406 aliorum
1156 380 1294 414 praeponit,
1311 380 1447 407 hominem
1461 379 1602 407 hominum
1613 399 1621 412 ,
1634 385 1664 406 ut
1679 379 1735 406 fac-

952 428 978 450 ta
1001 423 1224 458 dispensationis,
1247 433 1334 460 neque
1357 426 1383 452 in
1407 426 1457 453 hoc
1475 426 1535 453 aliis
1559 424 1735 460 providentize

952 471 1082 505 operibus
1107 472 1280 506 apprelianda
1296 477 1370 500 sunt.
1393 471 1445 500 Sed
1460 473 1598 500 videamus
1620 471 1735 506 reliqua.

988 517 1064 545 Multi
1075 522 1229 546 nostrorum
1240 519 1380 546 doctorum
1392 519 1468 546 aiunt
1479 518 1617 554 pontiﬁces
1627 518 1735 553 quidem

954 563 1044 592 locum
1061 564 1183 592 obtinere
1197 565 1339 594 duodecim
1354 566 1541 600 apostolorum
1566 574 1572 592 :
1599 564 1736 599 presbyte-

954 618 999 638 ros
1014 618 1090 643 vero,
1111 610 1299 646 Septuaginta.
1319 611 1389 647 Ergo
1404 611 1483 645 primi
1499 611 1655 646 pantiiicnm
1672 617 1738 645 apo-

953 658 1029 693 stoliA
1041 662 1113 685 sunt.
1132 657 1178 685 llis
1195 658 1283 686 adhuc
1296 659 1370 693 prior
1385 658 1494 692 quidem
1510 657 1637 692 primitus
1652 657 1735 684 Chri-

953 690 1029 733 slus.‘
1036 704 1162 732 Secundo
1172 711 1236 732 vero
1250 710 1276 732 et
1291 705 1325 732 ab
1336 705 1456 732 omnium
1466 704 1553 738 primo
1564 703 1738 735 constitutus.

954 751 987 779 ad
1004 751 1155 778 habendam
1171 751 1339 786 principandi
1356 751 1487 778 rationem
1500 750 1533 778 ad
1548 750 1626 783 alios,
1642 749 1739 777 beatus

954 797 1061 825 Petrus.
1077 797 1147 830 Quid
1160 796 1264 832 igitur?
1280 801 1431 832 oportetne,
1459 796 1613 831 pontiﬁcale
1629 795 1738 830 quidem

955 843 1138 871 ministerium
1164 851 1218 870 non
1247 843 1273 870 in
1290 843 1355 878 ipsis
1381 843 1511 877 apostolis
1539 841 1738 879 circumscribi,

955 889 1002 918 sed
1018 889 1100 916 etiam
1115 888 1319 917 successoribus
1335 889 1422 924 ipsum
1439 888 1518 921 tradi,
1536 895 1624 923 usque
1652 887 1686 915 ad
1709 887 1741 915 ﬁ-

955 943 1003 963 ncs
1016 935 1191 967 szrcnlorum,
1209 939 1238 962 ut
1249 943 1356 970 semper
1372 935 1398 962 in
1412 935 1513 962 mundo
1525 935 1580 962 sint
1595 934 1739 970 pontifices

955 989 1128 1010 successores
1161 989 1272 1015 eorum;
1304 981 1478 1016 pontiﬁcatus
1502 988 1566 1008 vero
1593 981 1739 1016 primatum

955 1028 982 1055 in
1014 1028 1081 1062 ipsis
1112 1028 1255 1063 op0rtebat
1286 1027 1371 1060 ﬁniri,
1403 1031 1432 1054 ut
1459 1026 1689 1062 quemadmodum
1712 1026 1740 1052 in

956 1074 1011 1101 illis
1043 1074 1130 1101 factus
1167 1077 1208 1102 est
1250 1073 1347 1108 aliquis
1387 1074 1495 1101 decreto
1535 1073 1580 1100 Dei
1613 1073 1738 1108 primus.

957 1127 1037 1154 quem
1053 1119 1099 1146 alii
1112 1126 1162 1154 pro
1172 1120 1260 1154 capite
1273 1127 1323 1147 suo
1335 1119 1482 1152 ducebant,
1498 1120 1549 1147 hoc
1563 1126 1738 1154 nequaquam

958 1164 991 1191 ad
1012 1165 1133 1199 reliquos
1155 1169 1285 1197 transeat,
1302 1169 1328 1192 ut
1343 1165 1389 1192 alii
1420 1164 1536 1200 aliquem
1556 1171 1641 1191 unum
1659 1171 1739 1191 suum

957 1211 1106 1245 principem
1122 1213 1236 1245 putent;
1253 1210 1300 1238 sed
1318 1217 1413 1238 omnes
1436 1218 1484 1245 per
1505 1210 1597 1237 omnia
1615 1216 1741 1244 coaequa—

957 1256 996 1283 les
1010 1256 1083 1284 sint?
1098 1257 1129 1284 Et
1143 1264 1175 1284 ex
1195 1264 1249 1291 qua
1263 1255 1414 1284 diﬁcrentia
1429 1257 1480 1283 hoc
1507 1256 1619 1283 debcret
1634 1256 1744 1283 contin-

957 1309 1030 1336 gere,
1047 1306 1076 1328 nt
1092 1302 1245 1336 pontiiicale
1271 1301 1380 1336 quidem
1412 1301 1592 1328 ministerium
1621 1304 1743 1327 transeat

956 1346 989 1374 ad
1004 1354 1176 1375 successores
1191 1355 1197 1373 :
1217 1346 1384 1382 principandi
1402 1353 1466 1373 vero
1487 1345 1617 1375 cilicium,
1643 1352 1741 1372 secun-

957 1393 1021 1420 dum
1044 1394 1229 1428 pontiﬁcatum
1253 1393 1375 1426 minimc,
1391 1400 1452 1420 cum
1482 1397 1596 1427 utraque
1618 1390 1743 1419 similiter

958 1445 1077 1468 essenta
1093 1439 1206 1467 Domino
1222 1445 1340 1471 ostensa,
1367 1445 1393 1468 et
1422 1439 1546 1467 similiter
1576 1437 1742 1465 multitudini

663 1496 842 1524 BARLAAMI
857 1496 997 1526 CONTRA
1011 1497 1169 1525 LATINOS.

115 1566 173 1584 των
188 1555 302 1590 γνώμης
317 1563 344 1581 τι
360 1553 454 1581 καινὸν
468 1552 645 1588 δογματίζειν
656 1561 664 1568 ·
679 1554 727 1581 καὶ
746 1553 791 1581 τδν
806 1555 905 1589 ἡμέτε-
921 1557 941 1586 C
957 1555 1033 1582 1i.be
1056 1552 1137 1582 εἶναι.
1165 1553 1339 1581 ΒΛΡΛΑΔΜ.
1355 1553 1388 1580 Τί
1404 1553 1468 1589 φῂς,
1485 1552 1629 1587 ἄνθρωπες
1646 1552 1743 1587 νεκρὸν

117 1612 167 1640 ρον
193 1602 368 1637 πατριάρχην
385 1600 440 1627 τῶν
460 1600 551 1627 αὐτῶν
573 1600 715 1634 ἀξιοῦσθαι
741 1601 905 1636 πρεσὸείων,

117 1651 168 1676 καὶ
189 1648 227 1680 ὡς
245 1649 349 1674 ἐκεῖνον
368 1648 396 1674 ὲν
419 1648 475 1678 τοῖς
500 1647 739 1682 ἐκκλησιαστικαῖς
758 1647 907 1681 μεγαλύνε-

117 1695 184 1722 σοαι
207 1695 371 1729 πράγμασιν
387 1693 411 1720 oi
432 1693 500 1719 θεῖοι
516 1693 594 1726 νόμοι
609 1692 814 1718 διακελεύονται
827 1700 834 1708 ·
848 1693 906 1722 πῶς

117 1742 196 1776 ἡμᾶς
209 1740 358 1767 ὑπακούειν
370 1740 416 1765 καὶ
430 1738 570 1765 πείθεσθαι
583 1738 622 1773 τῷ
633 1738 712 1773 πει-τᾳ
725 1737 905 1770 ἀναγκάζετε,

117 1787 166 1817 οὓς
183 1786 235 1812 ὑπὸ
249 1785 303 1813 τῶν
326 1785 487 1818 ἁγιωτάτων
502 1784 582 1818 ἡμῶν
599 1783 777 1818 πατριαρχῶν
793 1783 906 1818 ποιμαι-

118 1835 213 1862 νεσθαι
231 1834 331 1869 νόμοςς
345 1831 411 1860 Elea
420 1832 478 1864 πῶς
488 1831 563 1867 αὒτῷ
576 1831 717 1858 πείθεσθαι
728 1831 758 1857 οὑ
775 1830 905 1864 κελεύεις,

118 1882 238 1916 ἀκίνητα
263 1880 425 1916 φυλάττοντι
442 1880 477 1906 τὰ
496 1879 550 1905 τῶν
567 1877 647 1904 θείων
672 1878 805 1912 Πατέρων
831 1877 904 1911 ὅρια⁶

119 1928 169 1955 καὶ
197 1926 280 1962 μηδὲν
306 1926 360 1952 τῶν
390 1925 471 1952 θείων
497 1923 643 1958 δογμάτων
659 1922 906 1959 παρακελεύοντιῆ

118 1973 300 2004 τοὺναντίονς
322 1971 404 1999 Ἀλλὰ
434 1971 571 2006 μηδέποτε
599 1970 700 2004 γένοιτ’
723 1970 756 1996 ἂν
776 1969 850 2004 ἡμᾶς
866 1970 908 2001 είς

119 2018 250 2046 τοσοῦτον
272 2017 437 2053 ἐληλακέναι
465 2017 578 2051 μανίας,
601 2015 671 2043 ὥστε
688 2015 828 2051 ὁρθόδοξον
843 2015 907 2042 ὄντα

119 2065 169 2092 καὶ
183 2063 321 2099 πανταχοῦ
346 2062 401 2089 τῶν
418 2062 547 2097 Πατέρων
571 2061 740 2096 στοιχοῦντα,
755 2061 908 2095 ἁποστερῆε

119 2120 168 2138 σαι
183 2111 265 2137 αὐτὸν
279 2111 328 2145 τῆς
343 2109 437 2144 τιμῆς,
452 2108 487 2144 ἢν
512 2108 536 2134 οἱ
561 2107 681 2141 Πατέρες
701 2106 776 2141 αὐτῷ
792 2105 909 2133 δεδώκα-

121 2167 176 2184 σιν.
194 2157 226 2183 El
239 2156 267 2183 δὲ
284 2156 338 2182 τῶν
364 2154 444 2180 Θείων
461 2152 626 2188 παραϐάτης
641 2153 698 2179 ἐστὶ
713 2152 804 2186 νόμων
818 2160 847 2178 τε
862 2152 908 2178 καὶ

118 2202 264 2237 δογμάτων
276 2209 282 2216 '
296 2201 322 2226 τί
349 2199 452 2235 ζημίαν
479 2198 588 2233 ἡγεῖσοε
605 2198 628 2223 εἰ
646 2197 682 2231 μὴ
700 2197 748 2223 καὶ
763 2197 841 2231 ἡμεῖς
859 2197 907 2223 σὺν

120 2249 188 2284 ὖμῐν
207 2245 406 2280 ἀπολλύμεθα,
429 2246 460 2271 El
478 2245 512 2282 ¹δὲ
531 2244 578 2270 καὶ
604 2244 745 2278 αἱρετικὺν
772 2243 836 2269 ὅντα
860 2243 907 2269 καὶ

120 2292 384 2329 παραδογματιστὴν
401 2291 476 2317 οὐδὲν
493 2289 609 2316 κωλύειν
627 2289 693 2323 φατὲ
708 2289 755 2315 καὶ
771 2287 841 2315 οὕτω
851 2289 908 2315 διά-

119 2342 199 2376 δοχον
218 2337 288 2366 εἶναι
314 2337 361 2364 τοῦ
386 2338 502 2372 Πέτρου,
517 2336 562 2362 καὶ
576 2335 624 2367 τὰς
640 2335 713 2365 κλεῖς
734 2335 783 2368 τῆς
795 2334 849 2360 τῶν
862 2334 907 2360 ού-

121 2386 213 2424 ρανῶν
239 2384 378 2420 βασιλείας
393 2383 478 2417 ἔχειν,
497 2383 547 2409 οὐκ
573 2382 761 2415 ἀντιλέγομεν.
782 2380 908 2414 Διάδοχος

122 2434 174 2468 μὲν
191 2432 282 2463 ἔσται,
306 2430 362 2457 ἀλλ’
379 2429 415 2461 ὡς
432 2429 510 2460 νόσος
533 2427 651 2461 ὑγιείας,
668 2427 714 2453 καὶ
740 2426 808 2460 ξάλη
824 2425 909 2461 γαλὴ-

120 2487 182 2512 νης,
195 2478 241 2504 καὶ
257 2477 352 2507 σκότος
368 2475 468 2509 φωτός.
485 2474 566 2505 Κλεῖς
583 2474 611 2500 δὲ
627 2474 676 2508 τῆς
690 2473 815 2508 οὐρανῶν
829 2472 908 2506 βασι-

120 2523 197 2553 λείας
222 2522 278 2554 ἕξει
304 2521 333 2548 οὐ
360 2521 409 2552 τὰς
433 2518 691 2553 ἀνοιγούσας,ἀλλὰ
702 2519 750 2549 τὰς
767 2518 908 2548 κλειούσας

121 2569 170 2596 καὶ
202 2568 305 2603 μηδένα
334 2567 450 2594 εἰσιέναι
482 2565 703 2601 παραχωρούσας
751 2563 807 2590 τῶν
835 2563 909 2598 αὐτῷ

121 2616 135 2643 ι
142 2625 173 2642 :o
177 2615 275 2650 μένων.

426 2658 553 2686 ΚΕΦᾹΛ.
574 2656 624 2684 1Δ’.

157 2706 385 2735 ΦΡᾹΓΚΙΣΚΟΣ.
409 2704 481 2731 Ἀλλ’
497 2703 630 2731 ἀδύνατον
644 2702 690 2729 τδν
716 2701 810 2728 πάπαν
834 2701 907 2736 αἱρε-

158 2763 392 2801 (ί)ιεονᾼ11³ιίηε
414 2761 646 2801 ἱη-εοηῖιιιιιιίοιιε
672 2759 771 2800 [ahala
792 2757 830 2801 ‘de
858 2765 905 2801 pir-

119 2793 204 2836 ρὶεὲά,
221 2809 248 2835 p.
265 2800 327 2831 249,
346 2803 421 2834 putat
436 2793 605 2836 Barlaamum
626 2793 767 2836 scripsisse
792 2793 905 2836 λεγομε-

123 2831 182 2870 νου,
195 2831 276 2870 dictu,
300 2831 353 2862 non
373 2833 531 2869 γενομένου,
557 2831 646 2865 (acta;
663 2834 739 2858 notat
759 2832 903 2864 pratcrca,

959 1601 1061 1636 βλέπω,
1085 1601 1133 1627 καὶ
1161 1601 1252 1634 λέγεις
1278 1608 1324 1634 μοι
1354 1599 1395 1626 ὅτι
1423 1598 1553 1626 ἀδύνατον
1571 1598 1741 1631 ἀποθανετνς

956 1647 1187 1673 ΦΡΛΓΚΙΣΙ(οΣ.
1216 1645 1296 1671 ’Λλλὰ
1324 1645 1492 1680 πατριάρχαι
1520 1644 1570 1678 μὲν
1599 1643 1692 1671 πολλοὶ
1714 1643 1744 1671 ιν

957 1694 1014 1722 τοῖς
1029 1691 1154 1727 ἀρχαίοις
1169 1691 1276 1726 χρόνοις
1302 1691 1438 1726 αἱρετικοὶ
1457 1690 1594 1723 ἐγένοντο,
1609 1690 1702 1721 πάπας
1713 1689 1743 1716 δὲ

956 1737 1018 1764 οὐδὲ
1033 1734 1084 1769 εἷς.
1102 1735 1280 1764 ΒΔΡΛΑΑΜ.
1293 1735 1398 1762 Οὐκοῦν
1412 1735 1566 1768 λεγέτωσαν
1578 1735 1625 1761 καὶ
1638 1736 1662 1761 oi
1679 1735 1744 1770 περὶ

956 1782 1125 1810 Μακεδόνιον
1147 1782 1188 1808 ὃτι
1212 1780 1307 1815 ἐπειδὴ
1338 1780 1392 1814 πρὸ
1417 1780 1503 1807 αὑτοῦ
1533 1779 1682 1811 ἑπίσκοπός
1701 1789 1744 1811 τις

958 1827 1275 1857 Κωνσταντινουπόλεως
1303 1826 1442 1861 stipati-Ab:
1469 1826 1520 1852 οὐκ
1547 1826 1669 1860 ἐγένετο,
1684 1825 1741 1852 οὐδ’

956 1875 1036 1905 αὐτὸς
1062 1875 1127 1909 ἄρα.
1153 1875 1188 1900 Ἦ
1219 1873 1329 1907 μᾶλλον,
1347 1873 1390 1898 ἴνα
1417 1872 1573 1906 οἱκειοτέρῳ
1597 1871 1743 1906 χρήσωμαι

958 1921 1174 1956 παραδείγματι,
1189 1919 1216 1945 εἴ
1238 1928 1281 1950 τις
1299 1918 1370 1952 ὑπὲρ
1393 1918 1440 1944 τοῦ
1468 1917 1619 1944 ἀκολάστου
1636 1917 1743 1943 ἐκείνου

957 1965 1069 2001 γυναίου
1085 1965 1131 1993 τοῦ
1148 1965 1297 2000 γενομένου
1316 1965 1355 1999 (l)
1369 1964 1448 1991 πάπα
1463 1963 1658 1997 ἀπολογεῖσθαι
1681 1963 1743 1990 ἑθέ-

958 2012 1000 2038 λοι
1015 2020 1021 2027 ”
1038 2011 1152 2045 λεγέτω,
1165 2011 1207 2036 ὅτι
1221 2010 1317 2045 ὲπειδὴ
1335 2010 1389 2036 τῶν
1404 2009 1457 2044 πρὸ
1471 2009 1557 2043 αὐτῆς
1571 2008 1658 2038 οὐδεὶς
1674 2008 1743 2043 γυνὴ

958 2056 1002 2094 ἦν,
1014 2058 1068 2084 οὐδ’
1083 2058 1152 2092 αὑτὴ
1171 2056 1233 2091 ἄρα·
1263 2057 1310 2082 καὶ
1325 2055 1384 2087 πῶς
1407 2054 1494 2082 ταῦτα
1522 2053 1661 2089 σώφρονος
1671 2053 1746 2088 λογι-

959 2104 1028 2140 σμοῦ
1042 2113 1049 2137 ς

1249 2148 1374 2176 ΚΕΦΑΛ.
1402 2147 1453 2175 IE'.

1000 2196 1076 2224 Ἐπεὶ
1091 2196 1119 2222 δὲ
1145 2195 1185 2225 εις
1206 2193 1372 2228 Ἐκκλησίαν
1399 2192 1557 2228 Ῥωμαϊκὴν
1581 2192 1630 2219 καὶ
1653 2192 1746 2218 πίστιν

966 2242 1124 2277 Ῥωμαϊκὴν
1151 2242 1197 2267 καὶ
1215 2240 1314 2271 αὐτοὺς
1341 2238 1482 2266 πιστεύειν
1505 2239 1674 2274 ὁμολογεῖτε,
1697 2238 1745 2265 καὶ

960 2289 1023 2319 τοὺς
1049 2287 1144 2317 ἄλλους
1168 2285 1239 2312 οὕτω
1267 2285 1407 2311 πιστεύειν
1426 2283 1606 2318 ἀναγκάζετε,
1629 2283 1671 2310 δεῖ
1697 2285 1744 2310 καὶ

961 2334 1026 2368 περ)⁵
1041 2332 1142 2359 τούτων
1159 2331 1306 2358 διαλασεῐν.
1325 2329 1454 2364 Διαφέρει
1480 2330 1555 2364 παρὰ
1573 2331 1630 2360 τοῖς
1655 2329 1746 2364 ἁγίοις

963 2378 1101 2413 Πατρὰσιν
1117 2377 1195 2412 ἡμῶν
1216 2375 1381 2410 Ἐκκλησίαν
1412 2375 1572 2411 Ῥωμαϊκὴν
1588 2373 1746 2408 autsimul
1774 2407 1776 2411 π

961 2423 1116 2459 Καθολικὴν
1146 2422 1322 2458 Ἐκκλησίαν.
1350 2421 1505 2457 Καῠολικὴν
1528 2422 1578 2457 μὲν
1597 2422 1651 2456 γὰρ
1685 2421 1746 2448 'Ex-

959 2469 1074 2503 κλησίαν
1089 2468 1226 2502 λέγοντες.
1241 2468 1270 2494 τὸ
1287 2467 1415 2502 σύστημα
1431 2467 1523 2493 νοοῦσι
1542 2467 1596 2493 τῶν
1622 2467 1747 2493 ἅπαντας

958 2515 1007 2551 χοῦ
1021 2515 1069 2550 τῆς
1082 2512 1246 2550 οἰκουμένης
1259 2512 1408 2547 όρθοόόξων
1419 2512 1605 2547 Χριστιανῶν,
1619 2512 1674 2538 τῶν
1685 2512 1746 2538 ἀκί-

958 2570 1028 2596 νητα
1044 2561 1092 2587 καὶ
1107 2560 1247 2587 ἀσάλευτα
1262 2558 1297 2585 τὰ
1319 2559 1370 2593 τῆς
1389 2557 1532 2589 εὐσεὸείας
1548 2558 1671 2592 δόγματα
1685 2559 1747 2585 δια-

957 2606 1127 2642 τηρούντων.
1145 2604 1303 2638 Ῥωμαϊκὴν
1323 2604 1352 2630 δὲ
1372 2603 1538 2637 Ἐκκλησίαν
1553 2603 1618 2629 ὅταν
1631 2602 1742 2634 εἴπωσι,

958 2652 1026 2687 πρὸς
1042 2649 1244 2682 ἁντιδιαστολὴν
1256 2648 1312 2676 τῶν
1326 2648 1413 2675 ἄλλων
1435 2648 1504 2674 κατὰ.
1518 2647 1567 2683 τὴν
1578 2647 1743 2682 οἰκουμένην

961 2698 1083 2734 μερικῶν
1103 2695 1271 2731 Ἐκκλησιῶν
1296 2696 1376 2722 τοῦτο
1394 2695 1513 2730 λέγουσι,
1529 2694 1656 2729 καθάπερ
1670 2694 1686 2720 ὁ
1700 2694 1742 2720 ει-

957 2755 1128 2783 Barlaamum
1145 2753 1214 2780 hanc
1229 2752 1345 2779 fabulam
1373 2752 1506 2780 rcfutasse
1530 2751 1593 2779 dum
1625 2750 1742 2779 Benedi-

958 2796 1031 2819 ctum
1049 2790 1132 2817 Leoni
1156 2787 1312 2816 immediate
1328 2788 1493 2815 successisse
1520 2792 1624 2820 narral,
1642 2786 1686 2814 ubi
1707 2787 1741 2815 de

959 2826 1118 2862 pontiﬁcum
1139 2823 1208 2853 serie
1223 2823 1323 2858 agitur.
1343 2823 1422 2850 Ευιτ.
