1868 3069
90 169 154 202 lii?

761 171 833 201 l‘ilO
847 171 1012 203 LATlNlS.

1650 170 1716 203 12'8

86 227 120 254 tis
134 227 396 261 cingilcutEeclcsitc
411 229 557 262 primatum
591 234 724 262 statuunt,
747 230 774 257 in
799 234 875 265 parte
889 231 914 259 Α
928 236 970 259 cet
987 231 1043 259 lieri
1056 230 1181 266 generale
1193 231 1341 258 concilium
1360 240 1366 263 ;
1388 236 1414 258 ct
1433 230 1455 258 si
1470 230 1527 261 ﬁat,
1545 229 1628 256 robur
1660 237 1714 256 non

84 274 196 307 pietatis
227 275 278 301 hoc
294 275 445 307 facientes,
477 275 622 305 manifeste
656 277 871 303 determinantcs

85 319 237 346 Romanam
255 320 404 348 Ecclesiatn
423 327 549 355 opm‘tcre
573 322 672 349 habere
688 323 822 349 rationem
839 323 872 349 ad

84 365 206 400 reliquas
223 374 335 399 omnes,
352 373 377 394 ct
392 368 442 400 ipsi
460 368 608 395 convenire
635 369 756 396 ontnium
787 369 875 396 domi—

84 413 159 445 nari,
174 417 201 439 et
216 413 307 439 omnia
327 417 475 439 retractare
488 434 496 447 ,
512 418 537 440 et
553 422 614 448 qua!
644 415 745 449 ultique
762 415 794 442 de
824 415 875 442 title

82 465 110 488 ct
126 461 300 495 dogmatibus
314 461 487 493 dubitanlur,
506 462 537 488 ad
557 462 643 496 ipsam
670 462 779 494 referri,
800 462 874 490 etibi

83 507 294 534 convenientem
313 508 546 534 examinatiouem
562 512 589 535 et
605 508 792 535 definitionem
808 516 875 535 cou-

84 553 164 586 seqtti
182 562 188 586 ;
206 557 286 588 atque
296 553 465 581 Sardicensis
482 554 590 581 concilii
608 562 737 586 canones,
753 554 875 581 omnium

85 599 205 626 aliorum
222 600 383 634 pontiﬁcum
416 601 566 627 sententias
597 601 752 635 judiciales,
766 602 787 628 si
814 602 876 635 quis

85 645 119 671 ad
136 645 223 680 ipsam
241 647 429 681 appellaverit,
448 647 534 681 ipsam
562 653 689 681 oportere
716 652 876 680 retractare,

83 697 112 719 et
128 685 352 723 contirntare,vel
374 692 493 725 irritare,
521 693 651 720 similiter
682 698 825 724 statuunt;
851 699 878 721 et

85 738 226 771 generalia
243 738 366 772 quaedam
384 739 521 771 concilia,
544 747 619 766 novas
652 740 745 766 Roma:
770 741 878 774 cpisco-

87 792 154 818 pum
171 785 309 811 itouorare
324 785 453 819 volentia,
466 791 591 820 oportere
613 787 701 820 ipsum
717 787 815 814 habere
831 788 879 814 de-

87 835 206 857 cernunt
216 831 360 864 primatum
374 836 434 866 post
443 833 599 866 episcopum
610 833 726 867 antiqua:
737 833 880 865 Rom:c;ct

86 878 162 912 quod
177 878 300 905 omttium
317 878 467 904 mavimum
487 883 538 907 est.
552 879 623 913 quod
641 884 667 906 et
685 879 710 905 iit
728 880 879 905 canouihns

86 923 229 958 etlegibus
243 923 343 950 nullius
351 923 479 951 Ecclesia:
492 924 570 951 sedes
581 925 730 959 apostolica
754 925 879 951 nomina—

89 974 147 1000 lur,
161 969 211 996 nisi
230 972 335 996 tantttm
353 970 493 996 Romamn.
505 969 579 997 Unde
595 971 669 997 inulti
684 972 773 1005 magni
785 971 833 998 tiri
847 972 879 999 de

88 1014 221 1042 Orientali
240 1015 359 1042 Ecclesia
390 1016 565 1046 arbitrantes.
595 1024 624 1043 se
658 1016 786 1051 iniuriam
817 1025 877 1044 esse

88 1068 198 1096 passos,
211 1061 242 1088 ad
259 1061 349 1088 sedem
365 1061 439 1088 illam
459 1061 617 1096 refugerunt
637 1071 643 1089 :
659 1062 772 1097 Magnus
800 1063 880 1091 Atha-

89 1107 197 1140 nasius,
217 1112 327 1134 sanctus
339 1107 471 1134 Maximus
486 1117 492 1141 ;
507 1108 553 1134 sed
572 1116 659 1143 neque
685 1109 779 1136 beatus
791 1109 878 1145 Chry-

89 1158 231 1181 soslomus
248 1161 326 1180 suuttt
339 1154 474 1188 ignoravit
486 1159 577 1188 caput.
603 1155 701 1182 Passus
710 1156 780 1182 enim
796 1156 881 1182 maxi-

90 1198 333 1232 tnasinjurias,ad
352 1196 416 1225 tunc
446 1198 634 1225 santissiutum
665 1207 762 1233 papam
789 1199 880 1225 omnia

90 1244 187 1272 refert.
206 1244 256 1277 Qui
272 1248 404 1278 quantum
416 1244 442 1270 in
454 1252 483 1271 se
497 1249 566 1276 erat,
593 1252 702 1272 manum
728 1245 880 1272 auxiliatri-

91 1299 150 1318 eetn
163 1292 226 1317 dare
239 1290 367 1324 injuriam
384 1297 477 1324 passo,
491 1291 566 1318 nullo
584 1292 663 1317 modo
675 1292 804 1325 neglexit.
826 1291 878 1318 Sed

90 1342 117 1362 ct
131 1336 269 1371 Agztpctus
281 1335 474 1363 'sattctissitnus
488 1344 569 1370 papa,
590 1344 650 1363 ettnt
664 1337 818 1365 advertisset
834 1346 883 1365 no-

91 1390 154 1408 tam
172 1382 284 1409 Romam
302 1386 423 1416 tempore
435 1381 583 1408 Justiniani
609 1383 800 1416 imperatoris,
814 1392 882 1415 quo-

92 1428 167 1455 niam
181 1428 247 1454 vidit
262 1427 419 1454 Anthimttm
439 1428 622 1462 patriarchant
634 1431 779 1463 quanidam
795 1430 882 1457 lucre-

93 1476 147 1503 sim
162 1474 365 1508 defendentem,
379 1475 453 1501 illnnt
471 1475 581 1508 quidem
601 1476 713 1510 deponit
750 1477 782 1503 dc
802 1479 880 1504 sede:

93 1522 201 1559 Menam
213 1529 287 1554 vero,
310 1521 398 1548 virtttn
410 1521 607 1553 ortltodoxum,
643 1523 669 1548 in
698 1524 882 1556 patriarcham

925 278 1043 305 habere:
1063 276 1224 312 quanquam
1235 276 1402 311 Ephesinum
1414 275 1560 303 concilium
1576 274 1642 301 nihil
1662 274 1715 300 int—

926 323 1212 359 pedivit.generaleet
1223 327 1318 349 esseet
1343 322 1488 350 nominari.
1507 328 1600 355 neque
1623 320 1715 346 Antio-

925 370 1011 396 clteno
1024 369 1180 404 patriarcha
1197 373 1341 403 prrcsente,
1369 375 1458 401 neque
1481 366 1715 400 Constantinopo-

927 415 1011 442 litano
1027 415 1208 448 assentiente;
1224 419 1251 442 et
1263 414 1487 441 Chalcedonense
1502 413 1639 444 slntilitcr,
1655 413 1717 438 Ale—

927 462 1061 489 xandrino
1079 462 1235 496 patriarcha
1250 469 1302 487 non
1319 459 1496 487 assentiente.
1604 493 1606 495 τ

962 508 1057 543 Neque
1084 509 1167 543 igitur
1185 508 1311 543 generale
1345 506 1505 537 concilium,
1536 513 1625 540 neque
1638 505 1712 532 aliud

927 555 1075 590 quidquam
1090 555 1123 582 ad
1146 555 1265 582 universi
1280 555 1440 585 utilitatem.
1453 561 1575 586 unquatn
1594 552 1717 579 celebra-

929 606 984 628 ttttn
1000 605 1042 627 est
1057 602 1114 627 sine
1124 600 1168 626 illa
1179 599 1253 626 sede.
1263 599 1333 626 Etex
1346 600 1389 626 illa
1398 600 1505 634 quidem
1515 598 1635 625 Ecclesia
1645 597 1718 624 nulla

930 647 1041 674 lta‘resis
1068 645 1258 680 superioribus
1291 646 1460 680 temporibus
1481 649 1570 671 ortum
1603 643 1718 670 habuit:

931 693 1004 720 nulla
1021 700 1086 720 vero
1109 693 1218 719 aliunde
1237 697 1358 719 ortaruut
1375 691 1477 718 occidit
1492 692 1552 718 sine
1566 690 1640 717 illius
1658 696 1721 724 pro-

930 739 1061 766 videntia.
1081 738 1213 766 Omnibus
1227 739 1336 773 quidem
1361 738 1460 771 modis,
1475 737 1655 771 quihusjuste
1669 735 1721 762 ali-

931 787 994 821 quid
1010 786 1193 820 possideatur,
1209 786 1291 812 totius
1308 785 1434 812 Ecclesiae
1449 785 1492 811 illa
1509 784 1655 818 priutatum
1673 782 1723 809 ob—

931 832 1011 859 tinuit
1025 832 1101 860 sedes
1112 852 1120 864 ,
1134 831 1240 859 scilicet
1257 832 1349 859 divina
1367 831 1515 861 sententia.
1530 829 1721 865 apostolorum

933 879 1162 909 institutionibus,
1189 877 1357 911 synodorutn
1384 877 1547 908 canouibns,
1560 880 1719 902 sanctorum

932 924 1059 957 decretis,
1090 923 1271 950 multitudinis
1288 930 1414 954 assensu,
1430 922 1560 956 temporis
1578 921 1723 956 prmscrip—

933 971 1015 1003 tione,
1032 970 1065 997 ab
1077 969 1204 997 omnibus
1213 976 1359 1001 consensu,
1374 968 1479 1002 etquod
1496 967 1624 994 omnibus
1639 974 1721 1000 supc-

934 1017 1052 1044 rioribus
1070 1016 1237 1051 temporibus
1249 1016 1292 1050 pie
1304 1020 1330 1042 et
1349 1015 1428 1042 rebus
1443 1015 1635 1042 communibus
1651 1013 1724 1040 ritili-

934 1067 974 1095 ter
990 1063 1140 1090 dominium
1158 1062 1291 1089 exercuit.
1309 1061 1380 1089 Nam
1401 1060 1453 1088 etsi
1469 1061 1569 1094 aliquis
1588 1060 1672 1088 semel
1689 1059 1723 1086 il-

933 1110 1022 1136 lorttm
1051 1108 1211 1144 pontiﬁcum
1229 1108 1311 1135 alicui
1328 1107 1423 1135 hatresi
1441 1115 1571 1135 assunsus
1587 1112 1637 1139 est,
1676 1107 1723 1134 scd

935 1165 988 1183 non
1003 1157 1029 1183 in
1049 1156 1170 1190 longum,
1185 1159 1232 1182 aut
1255 1155 1288 1181 de
1299 1154 1380 1189 longo
1393 1154 1477 1188 hujus
1488 1153 1649 1180 remedium.
1665 1152 1726 1180 Sta-

936 1202 983 1229 tim
996 1196 1067 1229 cnim
1080 1201 1175 1229 eadem
1191 1200 1323 1233 Ecclesia,
1339 1201 1482 1227 adversata
1495 1199 1531 1231 ei,
1541 1199 1649 1226 illorum
1663 1205 1726 1226 ora-

936 1249 1019 1279 tione,
1034 1247 1188 1275 sedesimul
1199 1247 1288 1274 etvita
1304 1247 1437 1280 privatur.
1451 1245 1521 1279 Quid
1534 1249 1622 1273 autem
1636 1246 1659 1273 si
1677 1246 1729 1272 dc-

935 1295 1079 1329 cusipsum
1094 1298 1120 1321 et
1130 1293 1276 1320 utilitatem
1289 1292 1463 1326 quaeramus?
1479 1299 1568 1319 nonne
1581 1292 1725 1319 videbitur

936 1341 1077 1368 decentius
1088 1346 1158 1370 esse,
1170 1344 1196 1366 ct
1207 1346 1255 1373 per
1270 1338 1373 1369 omnia,
1390 1342 1418 1364 ut
1438 1338 1473 1364 ita
1487 1337 1606 1369 dicatur,
1616 1337 1724 1369 utilius,

935 1393 962 1416 ct
979 1388 1024 1415 Dei
1042 1395 1106 1422 erga
1118 1395 1166 1414 nos
1186 1386 1284 1421 pietate
1300 1385 1419 1420 dignius,
1451 1389 1480 1412 ut
1499 1384 1536 1411 illi
1555 1384 1628 1418 genti
1641 1384 1725 1410 totius

937 1435 1011 1462 orltis
1027 1433 1170 1468 praelatura
1195 1437 1277 1467 atque
1299 1439 1366 1458 cura
1378 1430 1522 1462 credatur,
1543 1437 1604 1464 qua
1619 1429 1725 1465 legibus

937 1485 963 1508 et
981 1480 1053 1507 civili
1076 1479 1201 1506 doctrina
1231 1477 1348 1505 maxime
1367 1477 1489 1504 omnium
1514 1476 1637 1510 gaudet,
1663 1483 1725 1510 qute

938 1533 1046 1554 omnem
1061 1525 1233 1556 inlinitatem,
1247 1529 1274 1551 et
1286 1523 1530 1554 inordinationem,
1540 1525 1568 1549 et
1579 1522 1724 1557 inaequali-

94 1573 182 1596 creat.
198 1568 230 1596 Et.
246 1576 307 1596 cum
321 1568 467 1602 aliquando
482 1572 599 1602 quatuor
628 1570 790 1603 patriareltte
819 1578 831 1597 c

988 1583 1030 1608 tm,
1041 1579 1066 1601 et
1076 1573 1243 1605 violentiam,
1254 1576 1282 1599 et
1293 1571 1422 1607 injuriant
1437 1576 1464 1598 et
1476 1570 1677 1597 detractionem
1693 1570 1725 1596 de

93 1615 261 1649 imperatore
279 1614 412 1641 adversus
444 1614 613 1641 venerabiles
636 1615 769 1649 imagines
797 1616 879 1650 impie

93 1662 258 1698 gessissent,
276 1668 330 1687 nun
356 1661 595 1695 paucisqueanttis
621 1660 685 1687 huic
697 1662 792 1688 ha-resi
824 1670 884 1697 per-

92 1712 279 1740 severassent,
297 1711 379 1740 atque
391 1707 424 1733 ad
440 1706 568 1733 delendas
581 1707 756 1749 honor-altiles
782 1709 884 1742 ligni-as

93 1754 252 1782 commuttia
272 1754 396 1787 qmetlam
409 1752 536 1783 concilia,
554 1759 614 1784 qua:
631 1752 767 1786 generalia
779 1762 840 1780 esse
856 1757 884 1779 et

95 1799 234 1829 nominari
250 1799 413 1833 probabant,
436 1798 637 1830 celebrassent,
653 1798 746 1825 etsuis
769 1798 885 1825 decretis

95 1849 206 1876 beatum
223 1846 389 1880 Stephanum
408 1852 438 1872 se
466 1845 638 1872 subscribere
662 1852 760 1879 cogere
786 1845 884 1872 voluis-

94 1899 176 1922 scnl:
193 1893 317 1928 rcpttdiat
343 1899 390 1919 eos
411 1891 455 1918 ille
468 1896 589 1924 sanctus,
624 1899 675 1918 non
690 1899 722 1918 ex
737 1891 802 1922 alio,
833 1892 884 1918 nisi

96 1941 172 1973 quod
189 1947 241 1966 non
257 1939 391 1966 habebant
403 1939 620 1964 consentientem
645 1937 798 1964 Romanum
816 1946 883 1972 pon-

97 1987 212 2018 titicem,
230 1983 511 2018 dicens:ltujusntodi
537 1985 670 2018 synodum
702 1991 755 2011 non
788 1984 885 2011 debere

96 2032 252 2068 generalem
268 2030 416 2063 nominari,
433 2031 479 2058 illo
502 2030 624 2062 absente,
639 2038 693 2064 qtto
708 2031 766 2057 sine
783 2038 835 2057 tton
855 2030 885 2057 li-

932 1620 1083 1655 republica,
1108 1619 1142 1646 ab
1157 1619 1235 1645 initio
1265 1617 1409 1646 consuevit
1423 1617 1571 1651 extirpare,
1590 1623 1671 1651 quam
1689 1616 1728 1643 al-

934 1667 984 1694 teri
1015 1665 1190 1700 cuicunque?

970 1713 1036 1745 Qua:
1052 1712 1123 1738 enim
1143 1711 1194 1737 alia
1209 1717 1291 1737 causa
1314 1709 1429 1736 inveniri
1454 1713 1554 1743 potest,
1572 1707 1607 1734 ob
1645 1713 1726 1740 quam

939 1759 1020 1786 etiam
1034 1762 1096 1785 ante
1116 1756 1333 1784 incarnationem
1343 1755 1433 1788 Verbi,
1448 1759 1566 1787 quatuor
1575 1752 1724 1780 secundum

938 1804 1075 1832 Datticlcm
1093 1810 1250 1838 magnorum
1264 1802 1369 1828 illorum
1381 1808 1538 1834 regnorum,
1549 1799 1598 1826 soli
1608 1798 1726 1825 novissi.

938 1859 982 1877 mo
1011 1855 1038 1877 et
1055 1850 1249 1880 Rontanontm,
1272 1852 1345 1875 tottts
1358 1847 1433 1874 orbis
1449 1854 1463 1873 a
1482 1844 1655 1880 providentia
1668 1843 1725 1873 Dei,

937 1897 1104 1925 commissus
1131 1900 1193 1928 est,
1215 1895 1267 1921 nisi
1289 1893 1360 1929 quod
1392 1892 1505 1919 Romani
1533 1890 1680 1918 humanius
1700 1895 1727 1915 et

938 1943 1056 1974 civilius,
1082 1947 1108 1968 et.
1130 1941 1253 1976 legalius,
1276 1944 1303 1967 et
1317 1939 1448 1974 mqnalius
1464 1937 1581 1966 subditis
1611 1936 1726 1963 uteban-

938 1989 1001 2016 tur?
1031 1994 1037 2009 ι

975 2034 1042 2067 Quia
1058 2041 1124 2060 vero
1140 2031 1324 2059 Romanorum
1339 2030 1486 2058 Ecclesiam
1500 2028 1648 2064 principem
1667 2034 1728 2054 esse

648 2101 823 2128 BARLAAMI
836 2101 978 2129 CONTRA
994 2100 1151 2128 LATINOS.

95 2165 193 2199 ὥσπερ
211 2164 291 2195 ἄλλος
317 2163 369 2189 ὑπο
394 2162 441 2188 τοῦ
469 2162 620 2196 κορυφαίου
649 2161 883 2195 κεχειροτόνηται,

95 2213 145 2239 καὶ
160 2210 222 2238 οὔτε
237 2209 345 2244 πρῶτος
362 2208 424 2234 οὕτε
445 2208 559 2242 ἔσχατος
576 2207 588 2232 ὁ
604 2206 713 2241 Ῥώμης
730 2205 764 2242 ἦν
780 2207 883 2240 θρόνος,

939 2162 1086 2197 ἑμμένοντι
1105 2160 1154 2195 μὲν
1170 2159 1209 2194 τῷ
1223 2159 1302 2194 πάττᾳ
1325 2159 1379 2190 τοῖς
1394 2158 1447 2184 τῶν
1463 2157 1597 2192 Πατὲρων
1608 2155 1727 2189 δόγμασι

939 2208 992 2244 χρὴ
1010 2208 1159 2241 ἀπονέμειν
1179 2206 1254 2240 αὐτῷ
1285 2205 1422 2239 τοσαύτην
1438 2203 1534 2238 τιμὴν,
1550 2203 1616 2237 ὅσην
1633 2203 1657 2228 οί
1675 2211 1723 2228 κα-

95 2257 151 2285 ὖπό
169 2266 198 2283 τε
217 2257 272 2282 τῶν
287 2255 372 2288 ἁγίων
395 2254 522 2288 Πατὲριυν
540 2253 619 2288 ἡμῶν
636 2253 682 2279 καὶ
697 2253 751 2279 τῶν
777 2253 888 2279 εὐσεϐε-
905 2259 925 2286 D
941 2256 1015 2286 νόνες
1027 2254 1206 2289 διορίζονται·
1219 2252 1324 2278 δίκαιον
1339 2251 1404 2285 γὰρ,
1425 2251 1462 2286 μὴ
1483 2249 1648 2285 ἐμμένοντα,
1663 2248 1728 2283 φεύ-

97 2304 206 2331 στάτων
225 2303 357 2337 βασιλέων
373 2300 538 2335 νομοθεσίας
561 2299 668 2334 πρῶτος
686 2300 811 2333 ἐγένετο·
828 2300 888 2335 τρι-

97 2359 157 2380 τον,
172 2350 213 2376 ὅτι
239 2351 287 2375 καὶ
313 2348 359 2374 τὸν
385 2349 434 2382 τῆς
459 2347 522 2377 νέοις
544 2346 654 2380 Ῥώμης
673 2347 768 2382 θρόνον
785 2346 833 2373 καὶ
850 2346 889 2376 ὡς

100 2398 206 2424 ἐκεῖνον
223 2397 251 2422 ὲν
272 2396 329 2426 τοῖς
347 2394 588 2429 ὲκκλησιαστικοῖς
619 2393 819 2428 μεγαλύνεσθαι
833 2393 890 2419 ἐθέ-

102 2451 204 2470 σπισαν
221 2441 383 2476 πράγμασι⁸
401 2441 544 2474 τέταρτον,
562 2439 603 2465 ὃτι
619 2439 679 2465 οὕτε
693 2440 774 2474 νόμος
788 2448 829 2470 τις
844 2447 890 2465 κε-

102 2488 189 2521 λεύει,
208 2487 270 2514 οῠτε
300 2486 431 2521 συνήθεια
457 2486 614 2520 κεκράτηκε
635 2485 698 2516 τοὺς
715 2485 890 2520 πατριάρχας

102 2536 156 2562 ὑπὸ
168 2534 214 2560 τοῦ
229 2533 308 2560 πάπα
320 2531 546 2567 χειροτονεῖσθαι,
562 2531 609 2557 καὶ
623 2531 678 2564 μὴν
693 2531 752 2557 οὐδὲ
769 2530 888 2564 ἐγένετο·

103 2581 240 2615 πέμπτον,
265 2579 306 2606 ὅτι
332 2578 383 2604 οὐκ
407 2577 523 2612 ἐξῆρχεν
540 2578 553 2604 ὁ
572 2577 665 2608 mittat;
683 2577 736 2603 τῶν
762 2577 889 2609 συνόδων,

102 2627 163 2654 ἀλλ’
174 2627 202 2653 αἱ
221 2625 325 2652 σύνοδοι
341 2626 390 2651 καὶ⁵
400 2626 432 2659 τῇ
449 2624 513 2658 περὶ
529 2624 610 2650 αὐτον
633 2624 782 2659 Ἕκκλησίᾳ
797 2624 889 2658 ἐνομο-

102 2675 217 2701 θέτουν’
232 2673 321 2703 ἕκτον,
336 2672 376 2698 ὅτι
395 2669 520 2706 διεκρίθη
544 2669 596 2696 ὑπὸ
622 2670 678 2696 τῶν
696 2670 775 2696 θείων
802 2670 890 2697 Πατέ-

103 2729 160 2756 ρων
175 2718 349 2754 ἡμῶν’τίνας
370 2716 424 2743 τῶν
445 2716 516 2743 κατὰ.
538 2716 587 2751 τὴν
610 2716 775 2751 οἰκουμένην
789 2717 890 2751 ἐκκλη-

103 2766 172 2792 σιῶν
189 2763 352 2791 ὑποκεῖσθαι
369 2763 410 2788 δεῖ
435 2762 473 2796 τῷ
500 2762 591 2796 πάττᾳ,
609 2762 656 2788 καὶ
678 2763 756 2793 τίνας
782 2763 890 2796 ἑκάστῳ

103 2812 160 2838 τῶν
179 2809 279 2837 λοιπῶν
300 2808 494 2842 πατριαρχῶν·
514 2807 640 2841 ἓῧόομον,
664 2807 705 2833 ὅτι
725 2807 776 2834 οὐκ
802 2807 890 2839 ἔξεστί

103 2866 158 2884 τινι
188 2857 242 2883 τῶν
268 2855 447 2890 πατριαρχῶν
482 2855 498 2889 ἢ
523 2854 562 2889 τῷ
592 2854 671 2888 πάγια
700 2855 828 2889 περιττόν
865 2863 890 2880 τι

104 2903 278 2938 δογματίζειν
305 2902 369 2928 ἄνευ
386 2901 434 2934 τῆς
454 2902 561 2928 πάντων
585 2900 695 2935 γνώμης
710 2909 715 2915 ’
731 2900 832 2933 ὖγόοον,
849 2900 888 2926 ὅτι

941 2310 999 2334 γειν
1018 2300 1099 2327 αὑτὸν
1111 2300 1149 2330 ὡς
1166 2299 1248 2325 λύκον
1269 2298 1315 2324 καὶ
1330 2298 1460 2332 λυμεῶνα
1473 2297 1523 2331 τῆς
1543 2295 1707 2330 Ἐκκλησίας
1719 2302 1726 2309 ⁸

942 2347 1061 2378 ἔννατον,
1076 2347 1118 2372 ὅτι
1134 2345 1173 2376 εἰς
1188 2344 1237 2379 τὴν
1264 2343 1412 2377 καθολικὴν
1430 2342 1600 2377 Ἐκκλησίαν
1615 2341 1663 2367 καὶ
1683 2340 1729 2367 πί-

942 2402 1001 2420 στιν
1030 2392 1170 2418 πιστεύειν
1197 2391 1237 2416 δεῖ
1260 2389 1323 2420 τοὺς
1344 2387 1533 2423 Χριστιανοὺς,
1549 2387 1596 2413 καὶ
1622 2386 1671 2411 οὐκ
1688 2386 1727 2416 εἷς

943 2439 1061 2474 μερικὴν
1075 2446 1081 2452 “
1100 2436 1171 2463 οὕτω
1187 2436 1242 2470 γὰρ
1266 2435 1295 2467 ἐξ
1315 2434 1402 2469 ἀρχῆς
1420 2433 1634 2467 νενομοθέτητοῖ
1649 2432 1729 2457 δέκα-

943 2492 1000 2516 τον,
1017 2484 1063 2510 ὲπὶ
1084 2483 1168 2509 πᾶσιν
1184 2482 1225 2508 ὅτι
1247 2480 1331 2514 μέρος
1350 2478 1579 2513 ἀποκεκομμένον
1597 2477 1644 2511 τῆς
1669 2476 1728 2502 ὀλό-

942 2537 1023 2564 τητος
1039 2529 1088 2564 τῆς
1102 2527 1251 2560 καθολικῆς
1273 2524 1438 2559 Ἐκκλησίας
1457 2524 1516 2549 ἐστὶ
1530 2523 1578 2549 καὶ
1593 2531 1728 2556 νενεκρω-

944 2577 1024 2612 μένον
1040 2577 1064 2602 οι
1080 2576 1128 2606 τὰς
1149 2574 1202 2601 τῶν
1221 2573 1309 2606 ἁγίων
1333 2571 1493 2599 ἀποστόλων
1512 2571 1560 2596 καὶ
1573 2568 1627 2596 τῶν
1647 2568 1727 2594 θείων

943 2622 1072 2657 Πατέρων
1095 2620 1173 2656 ἡμῶν
1196 2618 1381 2653 ἁθετήσαντες
1407 2615 1582 2651 παραδόσεις.
1612 2613 1659 2639 καὶ
1688 2613 1727 2643 εἰς

944 2668 1062 2703 μερικὴν
1095 2665 1260 2700 Ἐκκλησίαν
1285 2665 1332 2690 καὶ
1358 2662 1452 2688 πίστιν
1472 2660 1611 2688 πιστεύειν
1629 2658 1727 2693 ὁμολο-

943 2713 1067 2748 γοῦντες.
1089 2710 1137 2744 Οἷς
1153 2712 1181 2738 δὲ
1200 2709 1277 2737 οὐδὲν
1296 2709 1404 2736 οὐδέπω
1423 2708 1474 2743 τῆς
1499 2706 1646 2738 καθολικῆς
1667 2703 1729 2730 Έκ-

943 2747 1056 2794 κὶησίας
1074 2757 1251 2792 παραδόσεως
1265 2755 1420 2790 νενόμισται
1433 2751 1641 2788 προτιμότερον,
1653 2747 1728 2776 οὗτοι

941 2806 1028 2841 δήπου
1044 2804 1075 2830 τὸ
1091 2804 1212 2837 ὑγιαῖνον
1232 2801 1388 2836 ὑπάρχουσι
1405 2799 1498 2834 μέρος,
1517 2795 1556 2828 οἷς
1573 2799 1619 2822 καὶ
1635 2795 1728 2830 μόνοις

942 2853 1015 2884 εἰκὸς
1040 2852 1080 2882 είς
1103 2849 1268 2884 Ἐκκλησίαν
1287 2847 1435 2882 καθολικὴν
1462 2845 1544 2880 φάναι
1572 2842 1721 2870 πιστεύειν.

943 2899 1034 2926 Ταῦτα
1058 2898 1105 2932 μὲν
1124 2895 1170 2923 οὖν
1198 2895 1252 2929 ἐγὼ
1279 2896 1384 2922 δίκαιον
1403 2893 1496 2928 ἔκρινα
1519 2890 1585 2925 πρὸς
1600 2890 1650 2923 τὴν
1671 2887 1721 2921 σὴν
