1868 3069
162 152 230 185 1279

705 158 907 189 BARLAAMI
924 160 972 190 DE
995 160 1214 190 SEMINARIA

1716 161 1787 194 1250

157 208 275 236 aliarum
289 208 484 242 Ecclesiarnm,
498 218 567 246 opus
588 215 630 238 est
642 213 732 239 omnia
747 213 904 241 decet-antis
915 217 942 240 et
956 215 979 243 Α
994 218 1050 247 ipsa
1081 214 1194 240 liberata
1222 213 1296 241 omni
1324 214 1460 241 mundana
1494 214 1650 250 tyrannide,
1684 220 1711 242 et
1727 217 1786 244 suis

157 257 261 283 utiliter
272 256 443 292 disponentis
453 257 757 291 Providentiae;certum
774 266 815 288 est
830 269 862 288 ex
877 262 940 289 illo:

157 303 179 328 si
195 302 257 335 quis
271 303 344 330 euint
371 305 571 332 considerando
593 306 734 333 hominum
748 306 942 341 dispositiones

124 353 182 390 φίλι
195 348 359 377 voluntates.
375 354 401 376 et
427 349 565 377 naturales
577 358 672 378 eorutn
701 353 851 389 passiones,
867 361 942 387 que-

157 401 266 428 cunque
290 397 475 422 communiter
502 397 632 424 omnibus
657 397 795 430 accidunt,
810 404 836 425 et
866 407 942 434 tuta:-

137 426 140 435 ‘
156 426 264 473 cunque
289 440 350 467 aliis
369 441 450 467 aliter
473 442 634 476 contingi-re
649 449 776 477 possunt,
795 451 877 480 atque
891 447 941 473 hu-

155 493 299 512 manarum
329 495 430 519 rerum,
452 488 509 516 sive
535 490 642 517 illarum
660 499 721 526 quae
748 493 773 519 in
794 494 872 520 nobis
886 502 938 522 non

155 533 229 557 Sunt.
240 530 359 557 velocem
372 533 560 565 mulationem,
571 538 667 562 etcum
678 536 720 562 his
729 537 793 564 olim
804 545 878 566 ortas
887 539 940 566 hae-

155 581 229 600 reses
241 579 321 608 atque
337 578 494 611 temporalis
503 578 615 606 dominii
627 581 654 608 itt
670 586 709 608 tot
725 584 938 618 separationem,

155 619 247 646 animo
261 620 324 646 velit
342 622 443 655 videre,
458 631 582 657 quamam
599 630 666 653 tetra
681 628 938 664 subsecutaesseut,

153 663 176 690 si
186 671 282 692 omnes
296 665 422 694 Ecclesize
437 668 473 696 ita
493 676 608 703 prorsus
627 671 721 700 divisa:
734 678 838 706 essent,
855 680 883 702 ttt
896 663 939 702 al;

153 714 211 737 tera
232 711 344 738 alterius
370 721 423 740 tton
440 714 638 747 dominaretur,
663 717 785 745 inveniet
798 727 846 753 pro
862 725 938 747 certo

153 755 285 784 infinities
306 758 404 785 melius
422 767 492 792 esse,
508 765 534 787 et
548 762 579 787 ad
596 761 680 790 decus
691 769 714 790 et
732 764 765 791 ad
780 765 937 800 utilitatem,

151 801 221 828 alias
237 802 288 828 sub
310 803 372 830 aliis
398 805 537 832 ordinatas
555 813 628 839 esse,
641 811 667 834 et
686 813 825 842 postremo
841 818 937 838 omnes

151 845 203 873 sub
217 854 281 877 una,
293 855 374 882 qttant
387 849 408 876 si
425 850 503 876 aliter
513 859 541 878 se
554 851 695 880 haberent.
708 854 761 889 Ego
773 856 846 881 enim
862 857 938 884 arbi-

152 897 220 924 tror,
228 894 298 928 quod
311 902 373 921 cum
382 896 471 924 multis
482 897 542 924 aliis
549 899 680 932 adversis,
690 908 748 934 quae
754 907 865 935 possent
873 910 938 930 con—

151 938 264 972 tingere,
283 939 348 982 illud
365 942 519 969 certissime
530 944 688 979 contigisset
698 954 705 978 ;
715 947 785 980 quod
796 955 883 983 neque
893 956 937 976 ac-

149 989 237 1008 censae
253 982 370 1011 haereses
385 985 528 1013 exstinctae
540 993 677 1021 essent,et
690 990 750 1017 alim
763 995 802 1018 tot
819 992 936 1022 lnereses

148 1030 291 1056 et'errores
305 1029 437 1064 vigerent.
454 1036 483 1058 ut
499 1033 594 1061 divisis
605 1035 642 1062 ita
658 1036 696 1062 ab
707 1037 823 1065 invicem
841 1038 936 1067 Eccle-

149 1073 209 1103 siis,
237 1075 390 1108 eoaaqnales
402 1082 505 1109 essent,
527 1079 650 1113 qualibet
665 1081 788 1109 videlicet
803 1091 836 1111 ex
849 1085 935 1112 multa

147 1123 281 1152 potestate
296 1128 372 1148 suam
392 1122 565 1152 defendente.
599 1125 659 1158 Quo
671 1127 738 1155 nihil
753 1134 826 1156 esset
838 1131 935 1159 Eccle—

147 1166 197 1193 siis
225 1166 325 1195 foedius
344 1173 371 1196 ct
396 1170 591 1204 perniciosius.
609 1172 682 1208 Ergo
699 1175 722 1202 si
736 1183 788 1210 qua
805 1185 879 1206 nunc
892 1183 934 1206 est

147 1210 269 1239 Ecclesia
286 1213 389 1242 habens
409 1215 729 1253 etfaciensqurecunque
759 1227 897 1255 oporteret
907 1229 934 1251 et

147 1256 248 1284 habere
274 1262 300 1286 et
316 1259 405 1287 facere
433 1268 493 1288 eam
522 1270 582 1297 quae
611 1271 643 1291 ex
656 1264 711 1292 Deo
728 1272 800 1293 esset
816 1268 931 1297 aliarum

147 1303 337 1332 dominatum:
367 1306 424 1333 hch
438 1313 479 1334 est
491 1315 551 1340 quae
569 1309 704 1338 divinitus
718 1312 867 1341 dominium
885 1316 933 1343 Ita-

146 1349 202 1380 hct.
220 1353 246 1376 et
271 1351 314 1377 cui
332 1351 382 1379 rite
411 1354 540 1381 convenit
554 1355 702 1388 dominari,
727 1362 810 1393 atqtte
828 1361 890 1388 aliis
905 1362 929 1389 ei

146 1396 267 1423 credere.

181 1443 216 1470 At
236 1452 300 1471 vero
318 1443 437 1473 Ecclesia
450 1445 572 1474 Romana
590 1449 697 1478 videtur
709 1453 735 1479 in
753 1454 887 1488 integrum
903 1459 930 1482 et

147 1488 247 1516 habere
270 1495 296 1516 et
313 1490 412 1524 facere,
435 1500 604 1529 quacunque
622 1502 759 1530 oporteret
777 1507 847 1532 eam,
869 1508 929 1535 qua:

146 1542 178 1560 ex
196 1533 249 1561 Deo
265 1541 336 1562 esset
353 1536 467 1563 aliarum
487 1538 670 1572 dotniuatura.
686 1547 711 1568 et
729 1543 828 1571 habere
845 1533 928 1572 etla-

147 1587 220 1606 cere.
713 1591 719 1597 ”

185 1625 388 1653 Primumcnim
402 1630 627 1665 oporteretdigne
642 1632 762 1660 omnium
776 1635 930 1664 dominatu-

146 1678 204 1697 rant
234 1678 265 1698 εει
284 1672 349 1700 viris
378 1674 518 1702 collectam
538 1684 608 1710 esse,
625 1679 670 1713 qui
693 1685 823 1713 quantum
846 1683 930 1711 domi-

146 1719 204 1748 nio,
221 1720 325 1745 tantum
339 1720 471 1754 sapientia
486 1727 515 1749 et
532 1731 637 1756 morum
655 1725 754 1754 virtute
768 1729 932 1758 excellerent

147 1764 228 1791 alios.
245 1763 300 1791 Hoc
313 1773 375 1792 vero
392 1767 612 1795 abumlanterilla
627 1770 724 1804 habet;
744 1774 766 1800 si
781 1775 842 1808 quis
857 1776 929 1803 enim

147 1809 262 1836 voluerit
279 1810 367 1837 videre
383 1819 489 1839 sacrum
506 1813 579 1840 illum
595 1815 666 1842 circa
683 1824 778 1851 papam
793 1825 931 1854 senatum,

147 1860 173 1881 ιιι
186 1856 369 1890 eosquicirca
385 1857 458 1884 illum
475 1863 547 1891 sunt,
563 1859 683 1888 inveniet
694 1863 838 1891 Ecclesiam
858 1866 930 1893 illam

146 1910 201 1929 non
218 1903 305 1930 solum
322 1904 355 1930 ad
374 1911 593 1940 unamqttamquc
605 1907 718 1935 aliarum
732 1899 929 1945 comparando,

146 1949 193 1976 sed
208 1949 288 1975 simul
303 1949 335 1975 ad
357 1950 468 1982 multas,
488 1955 514 1978 et
525 1953 700 1981 multitudine
713 1955 876 1991 elegantium
888 1959 927 1984 vi-

146 2002 251 2025 rorum.
266 1999 292 2021 et
307 1994 427 2022 scientiae
444 1997 533 2030 specie
548 1999 633 2031 omni,
647 2006 673 2026 et
686 2008 791 2028 morttm
807 2001 930 2037 benignL

145 2044 202 2067 tate
232 2045 257 2066 et
275 2039 427 2074 honestate,
457 2050 538 2076 quam
565 2044 711 2078 plurintum
724 2047 785 2074 aliis
807 2049 931 2082 preemi-

145 2090 265 2113 nantem.

182 2132 247 2160 ltum
271 2138 378 2168 oportet
406 2133 474 2162 bene
490 2136 610 2163 omttium
625 2136 841 2173 dominaturam,
856 2140 930 2167 nullo

145 2178 228 2205 modo
249 2179 383 2206 subditam
408 2187 469 2207 esse
484 2182 624 2215 temporali
640 2183 769 2210 dominio.
795 2185 928 2217 Quoniam

143 2225 217 2251 enim
244 2223 313 2251 facta
334 2225 461 2253 Ecclesiae
478 2229 693 2262 correspoudent
722 2230 828 2262 animae,
859 2236 927 2259 tent-

996 258 1128 285 tnentbris
1159 258 1286 286 omnibus
1308 258 1430 292 eamdem
1451 258 1589 294 impartita
1613 263 1656 287 est
1677 260 1784 288 liberta-

996 308 1060 331 tem.

1029 351 1152 379 Tertium
1169 360 1231 379 vero
1249 359 1276 379 et
1293 353 1452 385 maximum,
1483 357 1625 388 oporteret
1643 353 1785 381 immorta«

993 397 1025 424 lis
1042 398 1170 425 Ecclesia:
1195 399 1379 433 principatum
1407 399 1434 426 in
1463 399 1555 434 aliquo
1581 400 1781 433 incorruptibili

992 451 1072 470 suum
1091 444 1173 471 robur
1185 449 1212 471 et
1228 445 1382 471 firmitatem
1407 445 1515 477 habere,
1528 448 1557 472 et
1574 453 1630 473 non
1646 447 1782 480 corrupt!-

991 489 1060 522 bili,
1092 498 1124 516 ne
1142 491 1191 517 hoc
1204 495 1334 525 corrupto
1347 498 1391 518 res
1423 491 1616 518 ecclesiasticae
1646 492 1782 519 laltantut.

992 533 1068 566 Quod
1093 541 1123 562 ut
1147 535 1295 570 plurimum
1320 536 1429 570 regibus
1455 537 1609 572 contingit;
1640 537 1782 571 quibusin

991 581 1113 616 pecuniis
1129 587 1155 608 et
1172 582 1335 609 exercitibus
1350 586 1378 609 et
1393 583 1512 609 virorum
1539 583 1675 615 consiliis,
1694 589 1720 610 et
1733 584 1780 611 hu-

990 627 1079 653 manis
1097 627 1211 662 Iegibus,
1236 632 1263 655 et
1275 628 1327 655 alia
1343 628 1416 655 civili
1432 628 1542 661 virtute,
1558 636 1638 656 suam
1654 630 1780 657 virtutem

990 672 1157 700 habentibus
1171 693 1178 704 .
1196 674 1313 701 subdita;
1337 674 1377 701 eis
1394 675 1530 707 civitates,
1550 675 1634 702 rebus
1655 677 1779 708 mutatis,

990 726 1051 745 cum
1076 719 1167 746 vident
1189 724 1215 746 et
1230 720 1358 754 possibile
1386 720 1448 752 sibi,
1466 724 1493 748 et
1509 720 1569 748 sine
1597 721 1734 755 periculo.
1750 728 1777 750 et

989 764 1048 790 suis
1073 763 1153 790 rebus
1180 764 1339 797 expediens,
1354 765 1496 792 servitutis
1519 764 1616 800 iugum
1634 771 1773 799 excutere,

992 817 1044 835 non
1073 814 1200 836 verentur
1224 810 1275 837 ltoc
1294 809 1394 837 facere.
1417 810 1451 836 At
1473 818 1538 837 vero
1562 811 1619 838 illa.
1638 812 1665 838 itt
1683 812 1779 846 quibus

990 854 1105 882 firntitas
1127 854 1256 882 Romanae
1269 855 1396 891 Ecclesire
1414 855 1549 885 consistit.
1567 855 1640 883 ccelo
1655 861 1684 883 et
1711 862 1778 885 terra

991 905 1055 926 surtt
1079 901 1308 934 perntanentiora.
1339 900 1443 928 Virtute
1461 901 1534 928 enirn
1563 902 1713 929 verborum
1731 903 1777 930 Do-

992 946 1057 972 tniui
1073 946 1104 972 ad
1123 945 1243 976 Petrum,
1273 945 1386 972 subditae
1403 946 1427 972 ei
1440 950 1534 980 gentes
1565 947 1778 974 contremiscunt

989 999 1048 1018 eam
1065 996 1090 1019 et
1112 997 1254 1024 metuunt,
1278 997 1304 1019 et
1319 992 1353 1019 ab
1373 993 1430 1026 ipsa
1445 992 1586 1019 discedere
1601 1001 1616 1020 a
1647 993 1703 1020 Deo
1727 994 1778 1020 dis-

989 1038 1084 1064 cedere
1096 1045 1166 1069 csse,
1178 1038 1276 1065 virtute
1289 1037 1395 1065 illorum
1412 1038 1555 1065 verborum
1565 1046 1663 1066 omnes
1675 1044 1776 1074 putant.

1025 1083 1091 1110 Item
1107 1083 1130 1110 si
1146 1084 1330 1117 perquiratur.
1360 1091 1484 1118 quaenam
1505 1085 1562 1111 sint
1575 1093 1699 1120 congrua
1715 1093 1777 1120 ope-

988 1137 1016 1156 ra
1037 1129 1166 1156 divinitus
1181 1129 1302 1156 ontninm
1316 1130 1484 1158 dominantis
1501 1130 1641 1164 Ecclesiae,
1660 1132 1777 1159 inveniet

987 1175 1081 1202 eadem
1100 1174 1156 1208 ipsa
1171 1179 1196 1202 et
1211 1174 1351 1202 Romamn.
1385 1176 1495 1210 Oportet
1510 1177 1582 1202 enim
1601 1177 1691 1210 primo
1710 1182 1775 1205 nutu

987 1220 1084 1247 divino
1099 1220 1221 1247 omnittnt
1250 1220 1437 1248 dominantem
1458 1221 1606 1256 plurimum
1618 1230 1682 1250 esse
1702 1223 1774 1250 solli-

988 1266 1082 1299 citant,
1094 1271 1123 1294 ut
1141 1267 1241 1300 ubique
1256 1271 1282 1294 ct
1296 1267 1423 1294 omnibus
1438 1273 1464 1294 et
1480 1275 1589 1304 semper
1602 1270 1775 1304 cvangelicus

984 1312 1147 1346 pradicetur
1175 1321 1276 1345 sermo,
1302 1317 1330 1340 ut
1345 1318 1372 1340 et
1385 1314 1406 1340 si
1425 1322 1477 1341 non
1493 1314 1566 1342 aliud
1579 1335 1588 1347 ,
1608 1316 1657 1342 sed
1673 1323 1705 1343 ea
1717 1324 1775 1350 qua:

984 1359 1011 1386 in
1030 1365 1154 1393 promptu
1168 1364 1241 1392 sunt,
1258 1364 1285 1386 et
1301 1360 1390 1388 ell‘erri
1404 1366 1517 1395 possunt
1533 1367 1709 1389 sacramenta
1726 1370 1776 1389 no-

985 1409 1046 1431 strae
1056 1404 1195 1437 religionis
1208 1409 1233 1432 ct
1251 1405 1382 1433 salutaria
1397 1406 1504 1434 Domini
1525 1413 1661 1442 praecepta
1674 1413 1701 1435 et
1711 1416 1776 1436 con-

985 1449 1059 1480 silia,
1075 1450 1176 1484 etquid
1191 1457 1204 1475 a
1222 1451 1344 1485 quolibet
1354 1451 1518 1486 exigendum
1533 1458 1593 1486 est,
1612 1453 1710 1481 nullus
1727 1454 1775 1488 qui

983 1503 1079 1529 magno
1096 1495 1205 1522 nomine
1219 1503 1348 1524 censetur
1356 1502 1382 1524 et
1397 1498 1487 1524 divina
1506 1499 1566 1526 luce
1578 1500 1708 1533 signatus
1723 1505 1776 1532 est,

984 1509 1079 1529 "manu
1097 1509 1205 1522 nonum:
1219 1509 1382 1524 vortat-utrm
1397 1509 1487 1524 utvttta
1506 1509 1566 1526 lucc
1578 1509 1671 1533 Signat
1694 1509 1708 1528 s
1723 1509 1776 1532 est,

984 1541 1096 1575 ignoret.
1130 1541 1195 1568 Item
1221 1543 1420 1576 schismaticos,
1459 1549 1486 1571 ct
1514 1552 1561 1580 per
1588 1509 1723 1580 episto¥as
1749 1549 1777 1574 et

983 1595 1030 1622 per
1055 1587 1174 1619 nuntios,
1204 1588 1251 1615 niti
1281 1590 1314 1617 ad
1345 1597 1375 1618 se
1400 1597 1547 1624 revocare,
1576 1593 1776 1628 redarguendo,

986 1632 1162 1667 increpando,
1191 1635 1373 1668 admonendo,
1400 1636 1544 1670 hortando,
1570 1639 1611 1665 vel
1641 1640 1776 1674 rogando,

985 1678 1091 1705 afﬂictis
1118 1677 1284 1708 Christianis
1305 1688 1354 1715 pro
1367 1689 1448 1716 posse
1460 1682 1593 1710 auxiliari
1609 1685 1738 1718 pecunia.
1752 1685 1776 1712 si

986 1726 1075 1759 habet,
1091 1732 1118 1754 ct
1132 1735 1180 1762 per
1192 1735 1220 1754 se
1232 1731 1352 1762 petentes
1369 1727 1498 1762 adjuvare
1527 1728 1675 1762 hortando,
1690 1735 1718 1757 et.
1733 1730 1775 1757 in.

980 1772 1080 1806 juriaut
1113 1780 1209 1807 passos
1231 1778 1259 1800 et.
1279 1773 1310 1799 ad
1335 1780 1395 1799 eam
1424 1772 1588 1808 refugientes
1617 1775 1775 1808 defendere.

984 1819 1104 1844 omnium
1118 1823 1226 1852 peccata
1240 1827 1349 1853 quaquo
1366 1819 1445 1846 modo
1462 1821 1599 1856 corrigere
1608 1822 1716 1849 conari.

1022 1863 1056 1889 At
1071 1863 1126 1890 haec
1140 1864 1242 1896 omnia,
1257 1868 1284 1890 et
1299 1865 1322 1890 si
1339 1864 1410 1899 quod
1425 1865 1540 1892 alterum
1560 1866 1685 1901 legaliter
1698 1868 1774 1902 prin-

983 1903 1085 1943 cipanti
1106 1910 1244 1944 congruit,
1263 1918 1370 1937 sumntc
1396 1910 1519 1938 ltomana
1536 1911 1661 1940 Ecclesia
1678 1913 1772 1942 facere

982 1954 1099 1981 videtur.
1118 1955 1176 1982 Alia
1195 1963 1259 1982 vero
1271 1957 1346 1983 orbis
1364 1955 1548 1984 Ecclesiarum
1564 1958 1638 1985 nulla
1651 1965 1774 1994 est,qua*.

984 1999 1083 2026 habeat
1101 2005 1126 2027 et
1146 2001 1226 2028 faciat
1242 2009 1413 2036 quzecunque
1429 2007 1567 2036 oporteret
1583 2004 1719 2032 divinitus
1729 2007 1775 2032 do-

984 2047 1146 2073 minaturaut
1164 2048 1262 2073 habere
1274 2052 1300 2072 ct
1316 2047 1416 2075 facere.

1021 2092 1152 2125 Quoniam
1171 2102 1235 2127 ergo
1253 2102 1364 2121 movens
1390 2102 1464 2121 meas
1486 2095 1681 2130 cogitationes,
1700 2099 1773 2124 undi-

983 2147 1036 2173 qu':
1051 2139 1158 2166 invenio
1171 2147 1218 2173 per
1237 2140 1326 2166 omnia
1344 2141 1517 2172 utchusesse,
1530 2147 1558 2168 ιιι
1570 2143 1713 2173 sitalioua
1727 2145 1773 2172 Ec-

983 2185 1076 2215 clesia,
1098 2185 1148 2211 sub
1163 2193 1214 2219 qua
1240 2185 1298 2211 alia:
1314 2186 1444 2212 ordinata:
1469 2186 1534 2218 sint,
1552 2192 1579 2214 et
1597 2188 1647 2215 itas
1663 2190 1772 2223 perqui-

983 2237 1057 2262 rens,
1071 2229 1157 2256 solam
1187 2230 1266 2256 video
1283 2229 1466 2257 RomartOtum
1497 2236 1524 2258 et
1537 2231 1686 2260 habentem
1699 2238 1725 2260 et
1736 2234 1773 2261 fa-

145 2269 238 2303 porale
253 2277 319 2296 vero
330 2271 479 2297 dominium
498 2274 620 2307 corpori;
636 2280 662 2302 et
677 2279 717 2302 est
735 2277 929 2306 condecentius
947 2284 969 2312 υ
982 2275 1106 2306 cientem,
1133 2283 1301 2310 qumcuuqne
1336 2281 1484 2310 oporteret.
1512 2277 1606 2304 divitto
1638 2279 1769 2314 benepla-

144 2315 265 2342 animant
286 2315 420 2342 dominari
435 2318 554 2351 corpori,
570 2327 652 2354 quam
667 2329 682 2348 e
698 2329 830 2349 converso
844 2332 851 2350 :
863 2331 932 2350 cott-

146 2367 245 2393 gruum
262 2359 357 2392 utique
384 2365 426 2387 est
441 2365 466 2387 et
482 2365 656 2394 conveniens.
675 2365 858 2394 Ecclesiarum
880 2369 930 2394 do-

147 2404 263 2431 minium
287 2404 363 2431 nullo
380 2404 461 2432 tnodo
479 2407 618 2435 subditum
634 2417 695 2437 esse
710 2412 862 2446 principum
879 2414 929 2441 hu-

141 2450 187 2484 jus
200 2450 292 2476 ntundi
308 2449 439 2478 dominio.

179 2495 268 2522 Etiam
287 2496 364 2529 utile,
383 2502 411 2524 ut
428 2506 515 2533 neqtte
528 2505 599 2528 metu
613 2500 694 2528 ullius
710 2502 822 2530 dominii
839 2505 928 2532 minus

145 2546 248 2569 rectum
267 2542 357 2568 facere
374 2543 412 2569 \Cl
426 2546 574 2573 ('OIICL‘tiCI'e
590 2552 714 2581 cogatur,
726 2557 814 2583 neque
827 2549 928 2584 aliquis

143 2592 238 2613 contra
255 2585 422 2614 voluntatem
435 2589 536 2621 dejure
546 2591 694 2620 electorum
707 2594 809 2622 insiliat
820 2596 885 2623 sedi.
898 2597 931 2623 At

144 2636 208 2656 vero
229 2630 348 2658 Romana
375 2631 495 2661 Ecclesia
511 2635 574 2663 olitn
590 2637 642 2665 hoc
656 2638 726 2665 bono
745 2640 826 2667 ditata
840 2646 891 2672 est,
904 2646 931 2668 rt

983 2320 1048 2352 cito,
1069 2321 1192 2347 omnium
1219 2321 1421 2348 dominaturam
1450 2327 1476 2349 et
1487 2322 1587 2350 habere
1612 2329 1641 2351 et
1660 2325 1769 2352 facere:

981 2374 1034 2392 ιιυιι
1055 2374 1178 2400 possum.
1197 2367 1394 2401 providentiam
1408 2374 1468 2394 esse
1486 2368 1614 2401 credens,
1632 2369 1763 2398 Romanae

982 2411 1113 2439 Ecclesia:
1145 2413 1326 2446 maiestatem,
1351 2418 1378 2439 et
1404 2413 1599 2441 sublimitatem
1614 2415 1734 2443 fortuna:
1745 2422 1771 2443 et

981 2458 1056 2484 casui
1074 2458 1149 2491 dare,
1162 2463 1253 2485 etnon
1270 2459 1294 2484 itt
1310 2459 1437 2485 maximis
1452 2460 1633 2493 providentiae
1644 2463 1771 2496 operibus

982 2508 1007 2530 et
1026 2503 1110 2531 solem
1119 2504 1249 2537 nissiutis,
1262 2507 1290 2530 et
1308 2505 1358 2532 hoc
1374 2510 1541 2539 computare.

1021 2550 1056 2576 Ex
1076 2551 1120 2577 his
1140 2550 1222 2586 igitur
1236 2551 1383 2585 primatum
1396 2551 1468 2578 illius
1485 2552 1616 2580 Ecclesiae
1636 2554 1771 2585 sufﬁcien-

984 2601 1025 2623 ter
1036 2597 1251 2624 demoustratunt
1267 2604 1326 2624 esse
1349 2602 1424 2631 puto.
1442 2597 1527 2625 Venio
1560 2606 1660 2628 rursus
1673 2601 1707 2628 ad
1723 2601 1771 2628 Pa-

984 2642 1076 2669 racleti
1088 2643 1301 2676 proccssionem.

697 2695 873 2724 BARLAAMI
888 2697 1030 2726 CONTRA
1045 2699 1202 2727 LATINOS.

144 2744 257 2779 ἀγάπην
272 2744 390 2780 πέμψαι,
409 2749 546 2785 πανταχοῦ
559 2750 608 2784 τῆς
622 2751 752 2787 ἀληθείας
767 2755 926 2789 φροντίσας.

145 2791 193 2816 καὶ
216 2791 300 2826 μηδὲν
320 2794 392 2820 κατὰ
419 2795 505 2828 πάθος
525 2797 665 2832 ιέρηκώςυ
683 2799 714 2824 σὺ
731 2799 759 2825 δὲ
784 2800 871 2827 ταῦτα
886 2801 928 2827 δε-

147 2835 261 2871 ξάμενος
280 2840 326 2866 καὶ
343 2842 487 2876 ἀναγνοὺς,
504 2843 530 2868 εἴ
548 2851 574 2868 τι
592 2843 625 2868 ἂν
643 2844 736 2878 σχθίης
752 2845 889 2872 ἀντειπεῖν
909 2847 926 2881 ἢ

980 2757 1063 2782 πᾶσιν
1075 2756 1091 2790 ἧ
1104 2756 1175 2782 τισὶν
1188 2755 1204 2790 ἥ
1221 2755 1261 2782 ἐνί
1274 2763 1306 2789 γε
1316 2755 1418 2789 αὐτῶν,
1431 2756 1515 2792 ἐχέτω
1530 2758 1579 2792 τὴν
1593 2759 1690 2787 πίστιν
1702 2761 1715 2787 ὁ
1728 2760 1774 2793 σὸς

980 2801 1058 2834 λῧγος
1072 2801 1102 2833 ἐξ
1118 2798 1155 2828 ὧν
1171 2801 1285 2836 εἴπομεν
1298 2802 1403 2836 ἀρχῶν,
1419 2803 1465 2829 καὶ
1482 2804 1676 2840 μακροθύμως
1689 2807 1772 2835 exeo-

982 2847 1086 2882 σάμεθά
1104 2855 1162 2873 σου.

461 2890 520 2916 Huc
540 2897 621 2923 usque
637 2889 800 2919 Bnrlanntus
819 2892 850 2918 de
867 2894 995 2926 primatu,
1014 2895 1065 2920 ima
1084 2899 1177 2921 contra
1196 2895 1343 2928 primatum
1362 2895 1452 2930 Papat.
