1868 3069
76 101 142 135 1281

753 106 828 135 PRO
849 107 1011 138 LA'l‘lN‘IS.
1027 123 1030 125 λ

1627 119 1697 148 128⁸1.

674 187 710 214 De
720 190 887 222 proccssione
910 190 1028 224 Spiritus
1045 194 1141 220 sancti.

107 252 243 286 Quoniam
276 254 368 281 multis
395 255 477 282 annis
501 261 561 290 post
583 261 686 290 septem
723 258 858 291 generalia
874 265 895 290 Α
912 260 1002 293 quiete
1015 261 1146 294 obedire.
1164 264 1210 290 scd
1225 269 1358 294 tantorum
1374 267 1479 296 Patrum
1495 275 1521 297 et
1535 270 1627 299 Matris
1645 272 1695 300 Ec-

71 300 189 326 concilia
207 300 274 327 vidit
293 301 386 328 eadem
407 301 528 328 Ecclesia
572 303 676 336 aliquos
695 310 789 329 eorum
807 303 854 336 qui

70 345 162 372 denuo
174 351 371 373 consueverant
400 347 427 373 in
439 347 555 375 haereses
573 348 742 383 frequentius
756 349 855 382 delabi,

71 396 227 418 asserentes
256 391 388 426 Spiritum
404 398 528 420 sanctum
543 402 574 421 ex
589 395 647 421 solo
663 396 742 422 Patre
758 404 855 430 proce-

69 436 144 469 dere,
162 442 190 463 ct
204 437 317 464 tninime
329 446 360 465 ex
378 437 459 471 Filio,
475 444 502 466 et
518 441 692 467 sermonibus
716 442 854 476 persuasi-

70 481 172 507 bilibus
185 489 217 507 ex
231 482 349 508 humana
367 487 458 510 tuente
484 484 536 510 hoc
553 485 650 519 dogma
672 486 853 519 afﬁrmantes;

68 527 290 561 propinquiorcm
316 536 380 555 vero
398 529 450 556 sibi
467 530 681 562 multitudinem,
708 537 733 559 et
747 533 779 559 ad
797 533 852 559 hce-

68 578 143 598 reses
163 580 270 606 semper
288 574 433 601 tardiorem
446 583 460 601 a
473 576 610 611 principio
624 578 774 612 sapientem
793 579 856 613 Spi—

67 617 148 644 ritum
173 623 296 645 sanctutn
312 627 328 647 a
349 619 432 647 Patre
446 620 568 656 Filioque
593 624 740 657 procedere
760 634 766 651 :
787 625 852 658 qttid

65 670 123 688 eum
138 671 202 696 quae
226 671 333 700 semper
348 673 539 700 consueverat,
568 668 724 703 hujusmodi
745 677 858 699 contro-

67 708 162 736 versiis
179 709 258 736 ﬁnem
275 718 427 746 congruum
444 714 592 747 imponere,
610 720 636 741 et
653 716 780 743 unitatem
794 725 853 744 om-

65 754 145 781 nibus
180 761 347 789 ntonstrare,
370 759 490 792 oportuit
504 759 617 787 facere?
635 760 781 790 silentione
793 771 849 790 rem

64 801 216 833 prmtcrire,
245 805 273 829 et
302 803 428 831 ordinem
457 811 536 832 suum
567 805 712 833 deserere?
727 808 779 834 Sed
794 816 848 836 non

63 851 120 872 erat
151 845 206 873 hoc
231 847 301 882 ejus.
319 849 360 875 An
376 850 410 876 ad
431 850 618 879 Aristotelicas
649 854 805 886 metltodos,
820 860 848 882 et

64 889 222 919 Platonicas
256 892 419 927 divisiones,
449 899 476 922 et
499 897 708 925 mathematicas
736 899 849 927 demon-

63 935 225 966 strationes,
246 941 273 963 et
285 938 467 972 cogitationes
490 941 624 969 humanas
654 950 810 984 recurrere,
824 949 852 972 et

63 986 94 1005 ex
109 979 166 1007 illis
181 982 357 1015 quaesitorum
384 985 526 1012 veritatem
544 989 723 1023 perquirere?
735 990 787 1018 Sed
803 979 852 1019 ne-

63 1032 116 1058 que
135 1027 189 1053 hoc
203 1027 324 1056 decrevit
342 1029 447 1064 facere,
470 1032 560 1059 sciens
576 1034 698 1068 profecto
715 1035 785 1063 hanc
795 1045 850 1064 rem

63 1072 258 1098 transcendere
272 1080 379 1101 omnem
394 1075 541 1103 humanam
557 1083 584 1104 et
603 1084 732 1112 tuentem,
753 1086 779 1108 et
796 1090 852 1109 Ille-

63 1115 188 1149 tbodum,
201 1122 228 1144 et
242 1118 519 1149 demonstrationem.
534 1122 605 1155 Quid
621 1124 704 1158 igitur
719 1126 783 1154 fecit
793 1128 805 1153 ἶ)
817 1129 848 1154 ad

63 1167 126 1188 suos
140 1161 279 1197 decantes,
301 1172 370 1198 quos
387 1165 475 1201 longis
490 1175 597 1195 sursum
619 1171 787 1205 temporibus
802 1181 850 1206 pro

63 1208 167 1234 sanctis
183 1208 288 1241 habuit,
302 1212 430 1244 recurrit,
456 1213 562 1246 beatos,
576 1215 768 1250 Augustinum,
784 1219 850 1245 Am-

64 1250 199 1285 brosium,
229 1254 436 1291 Hieronymum,
464 1264 491 1286 et
506 1260 680 1296 Gregorium,
708 1268 735 1290 et
751 1264 847 1292 horum

62 1300 165 1333 scripta
215 1308 401 1336 pcrscrutata,
445 1306 519 1332 videt
564 1315 612 1335 eos
650 1313 777 1344 tanquam
814 1320 846 1338 ex

63 1349 116 1369 uno
155 1350 222 1376 ore,
258 1345 352 1373 multis
387 1347 456 1376 locis
482 1353 509 1377 et
544 1350 713 1386 frequentius
758 1354 845 1389 Spiri-

63 1392 117 1414 tum
146 1395 273 1417 sanctum
297 1399 329 1418 ex
346 1392 426 1421 Patre
453 1400 480 1422 et
498 1395 568 1424 Filio
594 1400 742 1431 procedere
769 1408 846 1428 asse-

64 1439 166 1461 rentes.
179 1434 212 1461 Et
222 1443 310 1470 neque
328 1444 415 1472 usque
430 1439 464 1465 ad
479 1439 530 1467 hoc
542 1445 605 1468 stat.
621 1441 673 1469 Sed
686 1447 713 1470 et
724 1443 847 1470 orienta-

62 1478 94 1505 lis
120 1479 251 1508 Ecclesiae
276 1481 371 1510 Patres
395 1486 538 1519 perquirit,
567 1491 595 1513 et
610 1488 681 1514 videt
694 1489 790 1516 horum
809 1490 846 1518 si-

62 1525 163 1552 tniliter
172 1527 262 1564 plures
276 1532 303 1554 et
314 1528 532 1564 principaliores,
548 1532 573 1559 id
588 1533 676 1567 ipsum
692 1536 843 1569 sapientes,

60 1562 268 1604 reliquos'vero
285 1573 398 1601 minitue
423 1576 545 1604 omniurn
582 1578 713 1611 dicentes,
746 1586 843 1615 praeter

62 1622 146 1642 unum
161 1617 264 1644 scilicet
278 1618 484 1654 Damascenum,
494 1623 541 1657 qui
552 1623 659 1652 videtur
672 1628 842 1654 contrarium

63 1660 162 1689 dioere.
184 1659 344 1699 Quanquam
363 1673 416 1693 noti
450 1668 514 1695 dicit
542 1670 610 1704 ipse,
625 1672 696 1706 quod
726 1672 844 1707 Spiritus

61 1713 171 1736 sanctus
199 1717 252 1736 non
270 1716 312 1738 est
328 1720 360 1738 cx
378 1711 458 1747 Filio,
477 1715 524 1742 sed
548 1717 611 1750 quia
628 1725 680 1745 non
697 1718 798 1746 dicitur
810 1728 843 1748 ex

61 1752 142 1781 Filio.
172 1755 208 1782 Δ.
222 1764 286 1784 vero
316 1758 424 1786 videtur
447 1764 474 1787 et
506 1761 564 1796 ipse
593 1763 684 1791 dicere
710 1765 841 1799 Spiritum

60 1805 183 1826 sanctum
195 1808 209 1827 a
228 1801 306 1830 Patre
322 1811 372 1838 per
383 1804 491 1832 Filium’
504 1815 643 1842 emanare,
655 1814 682 1837 et
695 1811 840 1847 imaginem

59 1851 117 1872 esse
132 1845 194 1872 Filii
210 1847 353 1883 Spiritum,
380 1855 405 1878 et
422 1852 455 1878 ad
471 1851 577 1880 Patrem
591 1855 628 1882 ita
645 1863 674 1882 se
689 1845 789 1885 habe—re
798 1859 844 1886 Fi-

64 1889 130 1917 lium
144 1896 171 1918 et
188 1893 333 1927 Spiritum,
356 1897 584 1930 quemadmodum
600 1900 634 1926 ad
648 1901 732 1928 solem
749 1910 777 1930 se
795 1904 842 1931 ha-

58 1935 121 1962 bent
132 1937 223 1965 radius
236 1945 262 1966 et
273 1940 448 1976 illuminatio,
460 1951 520 1976 qua:
536 1949 648 1980 utraque
659 1954 691 1973 cx
706 1948 763 1975 sole
779 1951 841 1984 qui-

59 1981 118 2009 dem
135 1987 208 2016 sunt,
227 1985 274 2012 sed
291 1994 339 2020 per
358 1987 462 2015 radium
475 1991 746 2020 aitilluutinationem
763 1996 842 2024 nobis

59 2028 128 2056 dari.
143 2029 182 2056 Ex
199 2031 300 2064 quibus
316 2032 423 2060 videtur
436 2039 462 2061 et
478 2035 536 2069 ipse
547 2045 600 2063 non
615 2039 724 2072 penitus
733 2046 842 2069 contra-

57 2075 129 2102 rium
143 2080 247 2104 tenere.
262 2078 352 2112 lpsutn
365 2081 436 2107 enirn
453 2081 678 2122 illuminationem
691 2091 716 2113 et
732 2095 764 2114 ex
782 2089 841 2116 sole

58 2128 103 2154 per
123 2122 231 2150 radium
259 2131 320 2152 esse
337 2126 441 2157 dicere,
458 2133 484 2154 et
498 2137 593 2157 rursus
605 2140 636 2157 ex
647 2133 704 2159 sole
714 2138 740 2160 et
753 2135 839 2168 radio,

57 2172 152 2194 verum
170 2173 228 2196 est:
254 2172 485 2204 quemadmodum
504 2176 570 2202 etin
601 2177 744 2206 Trinitate.
765 2180 837 2213 Quo-

57 2219 115 2239 runt
133 2213 206 2241 enim
223 2219 264 2242 est
289 2218 475 2246 communiter
498 2226 594 2250 auctor
610 2222 690 2251 Pater
700 2229 726 2252 et
742 2225 838 2262 Filius,

55 2258 111 2287 lucc
127 2264 154 2287 et
171 2265 288 2296 utroque
317 2264 398 2291 ntodo
411 2265 463 2292 dici
485 2275 578 2295 verum
594 2274 646 2303 est,
672 2276 699 2298 et
713 2279 744 2299 ex
759 2272 794 2300 l’a

56 2312 102 2339 per
115 2305 216 2334 Filium
229 2316 236 2334 :
248 2313 276 2335 et
291 2316 322 2335 ex
340 2309 430 2343 Patre,
446 2317 473 2338 et
485 2321 517 2340 ex
532 2313 611 2343 Filio.

94 2352 247 2380 Tantorum
264 2353 354 2389 itaque
367 2354 477 2383 Patrum
494 2360 666 2387 concordiam
682 2369 743 2389 cuin
760 2363 841 2391 vidis-

60 2403 112 2432 set,
139 2401 166 2425 et
186 2403 296 2433 propter
319 2400 358 2426 rei
373 2402 586 2436 magnitudinem
610 2406 700 2435 adhuc
725 2409 770 2436 bis
787 2418 840 2437 non

60 2441 199 2477 contenta,
225 2451 357 2474 convocat
374 2447 407 2483 ad
434 2456 463 2476 se
491 2451 631 2480 universos
656 2452 840 2483 Ecclesiarum

59 2490 198 2524 praelatos,
217 2491 250 2517 ad
276 2492 480 2526 inquisitionem
497 2497 761 2526 communicandatn.
779 2501 837 2529 Uno

55 2535 146 2572 itaque
157 2537 241 2564 verbo
252 2537 296 2565 his
307 2539 353 2572 qui
369 2540 514 2568 voluerunt
526 2542 660 2572 interesse
677 2545 758 2573 simul
773 2555 837 2575 con-

53 2583 182 2618 gregatis,
195 2589 221 2610 ct
230 2585 356 2612 omnibus
365 2591 427 2620 post.
435 2587 532 2614 factam
545 2589 582 2616 rei
591 2597 735 2625 congruam
748 2593 837 2628 inqui-

53 2629 191 2661 sitionem,
209 2629 241 2655 ad
257 2629 327 2656 idern
337 2632 580 2667 consentientibus,
596 2635 713 2671 denique
728 2644 835 2673 aposto—

53 2672 102 2701 lita
124 2675 298 2707 auctoritate,
315 2675 366 2702 hoc
381 2683 442 2703 esse
459 2679 531 2712 quod
554 2685 661 2714 Oportet
687 2672 772 2715 credi,
786 2686 834 2712 de.

53 2720 180 2748 clarando
191 2721 364 2755 determinat,
378 2728 405 2750 et
417 2725 583 2753 contrarium
595 2727 714 2757 dicentes
726 2730 752 2758 in
767 2739 832 2766 por-

54 2766 124 2793 tione
141 2767 332 2795 haereticorum
347 2768 477 2796 decernit.

86 2813 151 2846 Quae
173 2813 256 2848 igitur
280 2814 332 2841 erit
345 2821 418 2842 nunc
438 2823 495 2842 mea
509 2820 661 2854 excusatio,
675 2822 697 2849 si
719 2823 830 2852 noluero

911 305 1054 333 etesiarum
1070 309 1220 342 sententiae,
1243 311 1275 337 dc
1287 319 1314 338 re
1338 313 1460 341 vincente
1476 315 1547 343 vires
1564 318 1694 344 naturalis

911 351 1084 385 cogitationis
1098 361 1272 388 praeposuero
1286 365 1371 384 meam
1387 360 1588 394 cognitionem?
1605 370 1692 397 neque

909 396 975 423 illud
990 398 1083 426 valens
1098 400 1282 434 considerare,
1302 404 1373 438 quod
1390 405 1528 438 indignum
1543 413 1602 434 erat
1614 409 1691 444 peni-

911 447 955 471 tus
972 445 1062 472 divina
1079 447 1258 480 providentia.
1279 457 1331 476 ιιοιι
1349 451 1435 478 solum
1450 452 1522 479 illam
1540 454 1689 483 Ecclesiant

910 488 1069 521 sublimare,
1085 496 1111 518 et
1123 497 1202 526 caput
1226 494 1367 522 catholicae
1387 496 1515 524 Ecclesia:
1529 506 1542 524 a
1559 500 1692 534 principio

910 535 1009 567 facere,
1031 544 1112 570 quam
1130 539 1206 565 novit
1224 539 1413 568 insatiabiliter
1431 551 1567 570 casuram.
1583 550 1609 572 ct
1627 546 1689 573 inli~

907 581 979 607 nitas
994 582 1181 610 multitudines
1198 593 1292 612 secum
1306 587 1483 615 dimissttratn
1499 610 1506 622 ,
1526 590 1572 617 sed
1588 596 1689 619 etcum

906 632 921 652 a
934 627 1016 654 rectis
1035 629 1133 656 cecidit
1156 629 1341 665 dogmatibus,
1360 633 1449 661 adhuc
1465 637 1552 670 magis
1566 639 1690 672 magnifi-

907 679 980 705 care,
1002 678 1029 701 et
1044 675 1172 703 omnibus
1185 677 1262 703 bouis
1275 678 1377 712 ditare;
1390 687 1449 706 eam
1464 689 1527 708 vero
1540 690 1600 717 quae
1619 690 1690 711 recte

914 725 928 745 e
946 726 961 745 a
976 720 1110 755 principio
1127 723 1236 753 restitit,
1257 726 1423 752 contrarium
1440 727 1493 761 pati
1511 730 1689 762 permittere?

941 764 997 798 Ego
1011 773 1075 792 vero
1091 772 1117 793 et
1129 767 1199 794 aliud
1213 770 1314 802 cogito,
1333 771 1404 804 quod
1419 777 1510 805 portas
1526 773 1603 801 inferi
1616 783 1688 802 nuu-

905 816 986 843 quam
1005 810 1136 839 adversus
1159 812 1307 841 Ecclesiam
1328 817 1514 849 prwvalituras
1538 826 1608 851 esse,
1625 828 1686 847 cum

904 856 940 883 sit
954 861 1137 890 verissimum,
1159 858 1224 886 olim
1242 865 1329 893 porta:
1353 861 1432 889 inferi
1445 863 1577 892 adversus
1591 865 1686 893 Eccle-

903 903 970 929 siam
988 902 1033 929 Dei
1051 904 1262 938 prtevaluerunt,
1280 906 1414 941 siquidem
1428 908 1550 937 Romana
1567 911 1687 939 Ecclesia

903 949 1010 975 cecidit.
1024 947 1090 976 Nam
1109 950 1131 976 si
1150 950 1269 978 Ecclesia
1297 953 1347 979 soli
1364 954 1473 987 quidem
1499 955 1580 990 hujus
1598 959 1686 991 panis

903 1000 976 1026 sunt,
993 1000 1022 1022 ut
1040 995 1190 1023 secundum
1205 998 1396 1026 multitudines
1407 1007 1455 1027 cos
1472 1001 1504 1027 atl
1520 1009 1551 1028 se
1570 1010 1685 1030 convcr-

903 1043 971 1073 tant,
991 1041 1065 1067 ttullo
1083 1041 1190 1075 penitus
1206 1043 1366 1076 exsistcnte,
1392 1046 1437 1080 qui
1464 1048 1570 1081 publice
1587 1052 1687 1084 pracdi-

902 1086 989 1112 cando
1006 1087 1134 1120 populum
1159 1089 1327 1117 confortaret
1343 1091 1369 1117 itt
1388 1092 1439 1119 fide
1456 1101 1643 1128 perseverare,
1658 1103 1686 1123 ct

901 1138 945 1158 res
972 1131 1008 1158 ita
1025 1132 1114 1160 adhuc
1129 1141 1157 1160 se
1171 1135 1281 1167 habent,
1299 1142 1328 1162 ut
1342 1137 1367 1163 itt
1384 1138 1473 1171 primo
1490 1140 1573 1167 misso
1593 1142 1625 1168 ad
1639 1151 1686 1169 vos

900 1184 1025 1204 sermone
1037 1179 1145 1206 recitavi
1160 1180 1229 1213 :jam
1238 1183 1368 1210 adversus
1379 1183 1525 1213 Ecclesium
1543 1195 1627 1221 portae
1643 1189 1684 1215 in-

900 1221 950 1248 fet'i
971 1224 1182 1257 pmzvaluerunt.
1203 1226 1254 1254 Sed
1272 1228 1323 1256 hoc
1338 1230 1405 1256 falso
1422 1232 1584 1266 exsistentc,
1603 1243 1684 1268 cogor

898 1267 1050 1295 Romanam
1067 1270 1216 1298 Ecclesium
1235 1274 1416 1302 orthodoxam
1435 1277 1461 1303 itt
1477 1279 1605 1307 Omnibus
1634 1289 1684 1315 pu-

899 1317 967 1344 tare,
984 1319 1011 1340 et
1025 1315 1096 1343 hanc
1113 1317 1197 1344 solatii
1224 1327 1283 1346 esee
1298 1328 1360 1347 cum
1378 1322 1429 1348 sibi
1447 1322 1568 1358 subjecta
1587 1329 1682 1353 ntnltt-

899 1359 1003 1393 tudttte,
1020 1369 1114 1395 unum,
1130 1369 1263 1398 sanctam,
1277 1366 1449 1400 catholicam,
1468 1376 1493 1397 et
1505 1373 1680 1405 apostolicam

897 1405 1046 1435 Ecclesiam
1059 1429 1067 1440 .
1085 1410 1111 1435 itt
1131 1418 1213 1444 quam
1232 1414 1344 1439 credere
1356 1414 1494 1448 jubemur,
1509 1423 1533 1444 et
1551 1418 1682 1446 adversus

896 1461 978 1487 quatit
992 1460 1077 1488 porta:
1104 1456 1182 1483 inferi
1202 1465 1289 1492 neque
1305 1462 1513 1494 praes-aluerunt,
1531 1471 1618 1498 neque
1631 1473 1683 1491 un.

896 1506 988 1532 quatit,
1010 1499 1062 1527 Deo
1075 1501 1160 1535 ipsam
1181 1508 1307 1538 tanquam
1327 1514 1425 1532 novum
1441 1507 1565 1535 lsi-aciem
1585 1518 1681 1545 regen-

896 1549 932 1578 te,
946 1547 1140 1580 praevalebunt.

896 1612 1016 1654 Epistola
1031 1614 1121 1656 Alexi}
1137 1616 1276 1645 Calor/reti
1287 1619 1321 1645 ut!
1332 1620 1465 1647 dominum
1492 1622 1678 1656 Burluamuut,

931 1651 1085 1691 episcopum.
1096 1650 1280 1685 Gyruceusent.
1297 1661 1385 1687 petens
1402 1658 1434 1682 ab
1450 1665 1478 1682 eo
1495 1650 1678 1691 quorumdnni

930 1684 1057 1710 librorum
1070 1684 1225 1713 Latinorum
1245 1684 1448 1717 trepidationem
1465 1684 1569 1726 ιιι-ίριεν
1585 1698 1681 1721 bonum

929 1726 1044 1747 umoms.

932 1774 1003 1802 Tuas
1013 1777 1196 1805 communiter
1206 1780 1239 1805 ad
1251 1782 1354 1809 amicos
1369 1784 1464 1810 missas
1479 1785 1606 1819 cpi~tolas
1616 1795 1678 1813 tum

895 1820 1073 1855 vidissemus,
1090 1830 1140 1857 ego
1160 1829 1186 1850 ct
1202 1831 1303 1853 nostra:
1323 1828 1440 1856 ClVilalis
1455 1832 1493 1856 tui
1512 1832 1605 1864 amici,
1629 1834 1679 1860 lto-

895 1874 954 1893 rum
969 1867 1068 1902 quibus
1087 1874 1160 1896 rccte
1176 1872 1328 1899 contradici
1346 1875 1443 1908 possit,
1458 1876 1525 1903 nihil
1542 1878 1569 1904 in
1584 1879 1623 1906 eis
1635 1879 1675 1905 itt-

894 1911 1029 1940 venimus.
1052 1913 1146 1949 lguota
1162 1923 1228 1943 vero
1243 1917 1351 1952 penitus
1369 1928 1384 1947 a
1408 1921 1488 1949 ttobis
1503 1923 1586 1951 tnulta
1607 1925 1677 1952 vidi-

893 1965 966 1987 mus.
975 1959 1020 1986 Ais
1029 1960 1102 1987 ettim
1114 1962 1140 1988 in
1152 1964 1270 1990 secunda
1281 1965 1406 2000 epistola,
1417 1968 1523 2003 signum
1535 1977 1595 1998 esse
1604 1970 1675 2005 ejus,

893 2003 965 2037 quod
984 2003 1107 2033 Romana
1117 2007 1236 2035 Ecclesia
1248 2017 1261 2036 a
1273 2011 1406 2047 principio
1414 2015 1535 2042 omnium
1553 2016 1678 2044 domina-

893 2048 991 2083 batur,
1007 2051 1072 2082 quia
1086 2052 1201 2081 ltomaui
1211 2057 1386 2091 pontifices,a
1400 2060 1477 2088 beato
1485 2061 1623 2090 Clemente
1636 2064 1677 2090 itt-

891 2095 1026 2130 cipiendo,
1042 2102 1170 2134 tanquam
1185 2103 1268 2129 totius
1279 2103 1354 2132 orbis
1364 2113 1457 2132 curam
1472 2115 1565 2141 gerere
1576 2108 1675 2136 deben-

891 2145 941 2174 tes,
964 2143 1127 2172 universalia
1157 2147 1351 2177 administrare
1374 2159 1436 2178 non
1452 2159 1614 2188 cmperunt:
1640 2156 1674 2182 ad

892 2189 1034 2216 universos
1050 2191 1188 2226 regulares
1210 2194 1342 2228 epistolas
1361 2197 1511 2231 tuitteutes,
1533 2205 1560 2227 et
1574 2201 1677 2236 ubique

890 2240 1002 2269 peccata
1016 2239 1154 2273 corrigere
1179 2241 1298 2270 nitentes
1312 2249 1338 2270 et
1362 2246 1496 2280 agendum
1514 2253 1674 2278 statuentes.

1090 2270 1104 2273 _
1379 2270 1496 2280 νίκη...
1514 2270 1672 2278 _._._-...-.,.

798 2279 838 2302 lt'e
853 2270 876 2298 D
891 2281 1046 2319 Ex'qtn’bus
1063 2285 1184 2318 epistolis
1198 2287 1283 2316 inulta
1299 2297 1395 2318 eorum
1417 2301 1491 2328 quaa‘
1505 2302 1577 2322 nunc
1590 2296 1672 2324 etiam

891 2326 917 2352 itt
943 2327 1062 2354 Ecclesia
1090 2328 1245 2359 Griecorum
1271 2333 1350 2368 ﬁunt,
1379 2326 1542 2373 principium
1570 2341 1674 2368 habue-

891 2377 964 2398 ιιιιιι.

925 2417 980 2445 Nos
993 2426 1057 2447 vero
1077 2429 1165 2456 neque
1178 2423 1228 2452 bas
1241 2426 1369 2460 epistolas
1384 2429 1513 2464 vidimus,
1526 2439 1613 2467 neque
1624 2441 1674 2468 pu-

890 2462 1008 2489 tavimus
1028 2463 1054 2490 itt
1075 2464 1167 2493 Graeca
1182 2468 1273 2504 lingua
1290 2471 1362 2505 ipsas
1377 2481 1449 2501 nunc
1461 2483 1530 2503 esse.
1549 2478 1614 2505 item
1632 2479 1674 2506 ais

891 2506 1000 2535 beatum
1016 2509 1203 2546 Ambrosium,
1226 2516 1401 2552 Gregorium,
1418 2520 1614 2557 Hieronymum
1631 2526 1673 2553 di-

890 2559 952 2579 cere
968 2553 995 2581 in
1011 2556 1069 2583 suis
1081 2559 1200 2593 scriptis,
1219 2560 1350 2595 Spiritum
1366 2573 1491 2593 sanetum
1511 2573 1538 2595 et
1555 2578 1587 2596 ex
1605 2570 1676 2598 Filio

889 2600 1036 2631 procedere
1049 2609 1055 2628 :
1071 2610 1132 2636 quae
1147 2606 1247 2640 scripta
1267 2616 1316 2635 nos
1329 2609 1456 2638 similiter
1474 2621 1528 2640 ttott
1543 2615 1671 2644 vidimus.

888 2643 953 2670 Item
977 2645 1028 2678 ais,
1055 2649 1127 2681 quod
1146 2648 1266 2678 Romana
1289 2652 1409 2683 Eeclesia
1433 2658 1467 2684 de
1492 2659 1585 2686 eodem
1609 2661 1673 2695 ipso

887 2693 1048 2719 convocavit
1059 2696 1200 2725 uni-versos
1214 2698 1394 2728 Ecclesiarum
1405 2705 1541 2738 praelatos,
1555 2707 1587 2735 ad
1597 2716 1671 2735 cotu-

887 2738 1079 2766 muuicandam
1099 2742 1177 2777 hujus
1203 2744 1419 2781 inquisitionem,
1441 2747 1467 2778 et
1492 2752 1535 2778 bis
1557 2754 1605 2788 qui
1624 2763 1671 2782 vo-

887 2782 996 2810 luerunt
1009 2783 1141 2815 interesse
1159 2789 1238 2817 simul
1253 2795 1414 2828 neglegatis,
1427 2801 1454 2823 et
1465 2782 1592 2828 omnibus
1608 2807 1671 2835 post

887 2829 1093 2859 convenientem
1109 2833 1207 2863 factam
1223 2836 1439 2874 inquisitionem,
1456 2843 1488 2870 ad
1507 2845 1578 2873 idem
1602 2855 1671 2875 eon-
