1868 3069
195 82 262 114 123⁸1

796 83 845 112 DE
852 83 874 111 .\l
883 82 986 111 ETRll
1008 82 1166 113 CYDONll

1741 85 1792 117 1N

193 139 385 171 sentirntibus.
417 139 474 174 ipsa
501 144 638 173 postremo
668 139 800 170 declarat,
829 139 855 166 id
888 141 975 174 ipsum
993 144 1013 171 Α
1031 150 1150 177 unquam
1167 143 1351 178 disputantem
1378 143 1613 176 irrationabiliter,
1639 143 1679 170 sic
1697 150 1726 170 ex
1747 144 1793 177 opi-

193 192 319 220 oportcre
331 187 416 217 Credi,
433 190 460 213 et
477 186 644 213 contrarium
659 186 791 217 dicentes,
809 186 835 212 iit
852 186 977 220 porticum

193 233 382 260 hereticorum
397 232 519 258 ordinari
535 232 653 259 decrevit
669 241 675 258 :
695 232 720 258 in
740 231 783 258 his
799 232 876 265 quasi
896 239 975 266 gene-

195 279 255 305 nade
269 279 415 305 concilium
433 278 473 304 ais
486 278 587 304 factum
603 286 664 304 esse
679 278 711 304 de
724 277 885 312 proposito;
902 277 975 312 quod

193 326 314 351 nondum
339 333 427 358 usque
450 333 523 351 iiuttc
541 325 705 352 audivimus.
729 324 867 358 Rogamus
885 325 977 358 itaque

194 377 219 397 te
232 371 415 398 communiter
438 378 543 402 omnes,
559 379 606 405 per
628 371 710 397 ῐιιιυηι
727 370 828 404 ipsum,
845 375 874 396 ιιι
891 369 977 403 siqui-

193 419 251 443 dent
271 417 319 443 tibi
333 417 460 451 possibile
475 421 526 448 est,
544 423 570 443 et
586 416 730 450 prardictas
745 421 901 442 sanctorum
920 415 978 442 illo-

195 470 253 488 rum
272 462 431 496 pontiiicum
460 463 600 496 epistolas,
626 467 652 488 et
680 469 821 489 sermones
841 461 975 488 dictorum

194 508 275 534 trittnt
289 508 428 534 beatorum
440 507 573 539 virorum,
585 509 611 534 in
627 508 725 542 quibus
738 507 878 541 proposita
904 514 978 541 quae-

195 554 248 580 stio
267 555 432 587 continetur,
447 558 473 582 et
491 555 579 580 adhuc
597 558 656 580 acta
673 553 810 587 praedicta:
822 554 976 579 communis

192 601 421 634 congregationis,
450 605 614 627 convertens
642 600 674 626 ad
702 599 822 634 linguam
841 599 974 631 Graecam,

191 647 363 673 transmittas
376 646 456 672 nobis
473 646 541 681 ipsa.
560 646 627 673 Nam
646 646 667 672 si
681 645 723 672 liis
738 646 813 677 visis,
829 648 862 672 de
877 645 976 680 quibus

191 694 269 724 ilicis,
285 691 505 725 iniormabimur,
522 692 589 719 bene
605 692 683 724 scito,
700 692 772 726 quod
785 691 977 718 controversia:

192 743 290 765 llthll‘a}
301 746 362 765 cuni
376 738 479 765 Latinis
493 746 524 765 ex
541 738 656 764 maximi
675 742 750 771 parte
768 737 864 764 solutae
885 741 976 763 eruttt.

191 817 312 851 I'inttolu
327 817 518 851 sapientissimi
556 823 579 843 et
595 817 746 843 doctissimi
768 817 816 842 eiri
843 815 970 842 Demetrii
992 811 1011 840 Β

228 850 471 879 Thessalonicensis
493 853 527 878 ad
551 852 669 879 crtiiitlem
700 853 833 878 dominum
858 850 974 877 Barlaa-

227 897 308 919 ninm,
325 889 474 922 episcopum
494 887 668 922 Gymccnsem
683 895 690 914 :
703 888 728 912 ἱιι
745 895 794 921 qui:
807 895 903 920 ponens
916 894 974 912 ain-

225 925 267 949 na
285 924 367 949 dubia
383 932 432 949 sua
450 924 481 948 de
494 925 661 956 proccssione
676 922 792 955 Sptrl/tts
808 923 893 948 sancti
909 921 972 954 petit

224 959 255 984 (ali
271 966 300 984 co
329 959 427 990 doceri,
443 959 538 992 quibus
562 959 646 984 modis
663 958 794 983 adductus
820 959 852 983 sit
868 958 974 983 credere

225 994 356 1027 Spiritum
368 999 491 1020 sanctum
508 997 532 1019 et
547 1001 579 1020 e1:
592 992 663 1019 Filio
676 995 830 1026 procedure.

224 1062 291 1088 Cum
306 1061 370 1088 oliui
387 1065 427 1093 ιιι,
444 1061 566 1095 partibus
584 1060 684 1087 nostris
702 1059 834 1090 dimissis,
851 1059 883 1085 ad
898 1058 975 1086 Occi-

188 1109 296 1134 dt-ntem
324 1107 450 1139 abiisses,
475 1107 568 1141 ibique
587 1107 618 1133 tie
633 1113 732 1133 caetero
746 1105 910 1133 commorati
927 1113 975 1132 vo-

189 1157 297 1186 luisses,
325 1161 376 1181 nos
402 1154 447 1188 qui
473 1153 557 1180 radiis
583 1158 634 1179 tum
666 1152 807 1187 sapientiae
834 1151 973 1182 illustrati,

190 1201 282 1227 multis
302 1200 462 1234 ignorantiae
482 1200 599 1226 tenebris
616 1199 744 1226 liberatos
760 1206 810 1225 nos
824 1206 884 1225 esse
898 1203 976 1232 puta-

189 1249 297 1279 bamus,
326 1254 422 1273 rursus
439 1251 491 1273 tua:
513 1246 643 1272 absentia:
669 1245 790 1272 tenebris
811 1244 974 1277 incidentes,

188 1298 316 1327 tamquam
343 1293 369 1319 iit
394 1296 472 1319 nocte
495 1292 580 1318 vitam
603 1291 784 1323 ducebantus,
814 1291 885 1317 sicut
909 1290 974 1318 solis

187 1339 350 1371 oceidentis,
371 1344 397 1366 et
420 1338 538 1373 amplius
554 1347 607 1364 non
629 1338 695 1364 oriri
713 1337 825 1371 sperati,
843 1337 975 1371 privatio-

189 1394 250 1413 neiti
269 1386 404 1420 lugentes.
421 1385 473 1411 Sed
489 1393 576 1418 nuper
594 1384 665 1410 fama
682 1384 798 1418 quadam
818 1384 910 1410 subito
926 1391 975 1409 au-

188 1433 255 1465 dita,
272 1437 298 1459 ct
317 1431 416 1465 ubique
430 1431 628 1461 circurneutite,
643 1435 669 1456 et
690 1429 833 1464 splendide
849 1430 974 1456 etantan-

1028 190 1129 222 nando,
1146 197 1178 216 ex
1190 191 1249 218 solo
1265 190 1345 218 Patre
1360 191 1506 225 procedere
1523 190 1655 224 Spiritum
1677 195 1794 220 sanctum,

1028 242 1191 262 conversum
1208 243 1270 263 esse
1287 236 1319 263 ad
1343 236 1558 271 praedicandum,
1585 235 1658 269 quod
1674 235 1748 261 etiam
1767 243 1792 261 ex

1029 281 1098 308 Filio
1115 290 1121 308 :
1142 282 1194 309 nisi
1207 282 1296 316 aliqua
1311 282 1406 308 idonea
1423 281 1574 309 necessitas
1592 283 1625 308 al
1644 281 1696 307 hoc
1713 286 1734 307 te
1752 280 1792 307 int-

1028 327 1152 360 pulisset,
1168 334 1228 361 qum
1242 327 1444 362 pliilosoplianti
1464 328 1562 353 attinne
1575 326 1733 354 satisfacere
1747 334 1795 359 pas-

1028 377 1079 402 set.
1098 378 1126 399 ut
1140 372 1258 406 amplius
1275 373 1329 399 alio
1343 380 1395 399 non
1410 373 1555 406 indigeret.
1572 372 1704 399 Libenter
1716 372 1794 398 vellent

1027 424 1076 445 tuo
1092 426 1228 445 conventu
1241 427 1254 446 a
1269 423 1295 445 te
1310 419 1426 451 discere,
1439 419 1568 451 qui-luant
1582 418 1634 444 l'uit
1654 417 1727 449 illud,
1739 417 1795 451 quod

1029 470 1054 492 te
1068 465 1100 491 atd
1112 466 1164 491 ltoc
1178 465 1326 492 necessitas
1336 466 1473 500 perduxit.
1486 465 1560 497 Quod
1572 472 1623 497 ego
1636 471 1740 498 semper
1752 464 1798 497 plri-

1029 510 1089 536 rirni
1105 510 1218 540 faciens,
1237 510 1271 536 ad
1288 510 1390 544 aliquid
1406 515 1510 536 certum
1528 509 1560 535 de
1577 509 1620 535 his
1636 508 1761 535 venirem.
1774 506 1799 532 Et

1029 557 1113 582 multa
1138 564 1152 582 a
1171 556 1264 582 inultis
1278 556 1402 586 audiens,
1419 560 1445 582 ct
1466 555 1519 586 big,
1538 556 1583 588 qui
1602 555 1634 580 ad
1661 554 1745 580 solum
1760 552 1799 578 Pat-

1029 607 1097 627 trcnt
1113 602 1241 636 Spiritum
1257 608 1382 628 sanciunt
1399 601 1530 633 referunt,
1546 605 1574 627 et
1590 600 1643 633 his,
1658 601 1704 634 qui
1721 602 1749 625 aut
1760 599 1800 626 Pat-

1030 650 1096 672 lreni
1111 651 1138 672 et
1150 645 1246 672 Filium
1260 654 1266 672 :
1282 645 1401 671 nondum
1418 653 1504 679 usque
1515 645 1548 671 ad
1569 640 1730 671 hodiernum
1742 644 1798 670 diua

1028 691 1061 718 de
1082 691 1173 718 verbis
1192 691 1300 718 illorniii
1324 691 1475 725 intelligere
1488 692 1560 717 valui
1579 691 1703 724 aliquam
1722 697 1800 716 ncces-

1028 738 1147 769 sitatem,
1167 745 1220 771 qua
1236 737 1319 764 altera
1334 737 1467 764 dictarunt
1484 737 1646 771 opinionum
1669 736 1802 762 stabilisset

1029 785 1095 811 mihi
1109 784 1274 812 suilicicnter
1290 785 1388 812 utentis
1403 791 1521 811 motutit.
1534 784 1606 819 Ergo
1619 785 1643 810 si
1659 784 1730 818 quod
1745 789 1766 809 te
1775 782 1801 808 ad

1027 832 1079 858 huc
1103 832 1200 865 coegit,
1220 836 1261 858 est
1278 831 1379 866 aliquid
1395 839 1490 858 eorum
1509 839 1569 866 qua:
1585 832 1725 864 scriptura
1746 829 1801 856 tradi

1027 881 1152 910 possunt,
1170 883 1268 910 precor
1285 880 1309 903 te
1328 883 1375 910 per
1391 875 1518 902 amicitiae
1531 876 1690 906 custodem,
1710 879 1734 900 ut
1746 881 1803 907 qtto-

1026 922 1097 948 niam
1110 921 1143 948 ad
1160 921 1242 948 verba
1258 922 1305 948 tibi
1322 922 1415 947 Vt‘nil‘e
1431 921 1501 948 Deus
1517 929 1571 948 non
1584 921 1672 952 dedit,
1689 922 1737 947 hoc
1750 919 1804 946 milii

1026 976 1075 1002 per
1089 968 1255 1002 scripturam
1269 968 1425 1001 significare
1439 968 1513 994 nullo
1525 968 1607 994 modo
1617 964 1805 1000 neglexeris.5i

1026 1021 1092 1041 vero
1110 1014 1242 1042 divinitus
1259 1015 1306 1041 tibi
1323 1015 1355 1042 ad
1378 1015 1430 1041 hoc
1449 1014 1519 1041 facta
1540 1020 1581 1041 est
1598 1014 1693 1047 aliqua
1713 1013 1804 1040 occulta

1026 1060 1214 1094 illuminatto;
1236 1061 1352 1094 primum
1371 1061 1480 1095 qtiidcrti
1503 1068 1578 1094 rogo,
1598 1064 1628 1086 ut
1653 1059 1753 1086 sanczis
1767 1064 1805 1090 pro

1026 1109 1120 1134 amicas
1128 1108 1299 1134 orationibus
1310 1107 1427 1141 idipsutn
1439 1107 1515 1133 nobis
1526 1115 1541 1133 ιι
1555 1106 1609 1132 Deo
1617 1110 1696 1140 petas
1708 1104 1806 1136 ;deiude

1027 1153 1146 1179 utetiam
1160 1162 1207 1187 per
1217 1155 1380 1188 scripturam
1394 1160 1443 1179 nos
1455 1154 1616 1182 admoneas,
1629 1152 1732 1186 quibus
1742 1156 1808 1176 excr-

1025 1199 1098 1226 citiis
1115 1200 1265 1233 principale
1281 1204 1405 1225 nostrum
1423 1204 1580 1234 purgantes,
1601 1198 1665 1225 talis
1683 1196 1808 1224 illumina-

1027 1245 1110 1272 tionis
1130 1253 1243 1278 capaces
1259 1245 1422 1273 etiicianiur.

1062 1291 1097 1318 Ut
1113 1291 1196 1326 igitur
1215 1293 1301 1326 magis
1318 1292 1408 1318 valeas
1430 1292 1512 1323 scire,
1528 1299 1584 1326 quo
1603 1292 1690 1319 modo
1707 1299 1755 1318 nos
1767 1299 1809 1317 cn-

1026 1345 1087 1365 rare
1103 1343 1128 1364 te
1141 1342 1286 1372 oporteat,
1302 1339 1486 1365 necessarium
1499 1339 1704 1371 ntiliiriidetur,
1721 1342 1747 1364 et
1757 1345 1810 1372 par-

1027 1383 1177 1409 ticttlaritcr
1191 1391 1338 1417 exponere,
1356 1384 1495 1418 quomodo
1509 1391 1597 1418 usque
1617 1392 1693 1411 nunc
1710 1388 1810 1410 neutro-

1026 1436 1087 1455 rum
1114 1429 1195 1455 verba
1222 1434 1367 1463 potuerurtt
1385 1438 1427 1456 me
1440 1438 1538 1463 cogere
1562 1431 1603 1457 eis
1620 1429 1760 1457 assentiri.
1783 1429 1811 1456 Et

189 1485 226 1510 te,
243 1483 268 1504 te
293 1485 345 1504 non
362 1482 421 1511 post
439 1477 553 1503 multum
567 1476 600 1502 ad
620 1483 718 1502 novatn
739 1474 855 1502 Romam
872 1475 972 1502 adven-
988 1488 1009 1518 ο
1027 1476 1145 1510 pritttum
1163 1476 1310 1502 dicendum
1326 1481 1369 1503 est
1385 1477 1418 1502 de
1438 1476 1601 1502 Latinorum
1619 1477 1762 1510 opinione.

190 1531 293 1556 iurum,
309 1524 432 1550 conversi
449 1530 510 1555 nos,
523 1522 597 1557 squis
610 1522 690 1556 digne
701 1522 857 1556 explicabit,
874 1526 974 1556 quanta

189 1571 282 1597 laetitia
298 1569 392 1604 repleti
408 1568 532 1595 fuimus?
547 1567 685 1600 Quoniam
709 1574 775 1594 vero
795 1574 849 1594 non
872 1567 897 1594 in
914 1567 974 1594 lon-

190 1624 254 1651 gum
268 1616 378 1651 quidem
397 1615 538 1642 venientes
554 1614 587 1640 ad
604 1621 653 1640 nos
671 1613 703 1640 de
724 1612 866 1648 Byzantio,
887 1613 974 1648 appli-

189 1676 195 1688 ι
208 1663 282 1690 uisse
307 1667 333 1689 te
350 1661 406 1696 jam
424 1660 489 1688 illuc
508 1668 557 1696 pro
575 1665 648 1687 certo
673 1659 885 1692 annuntiabant,
916 1667 971 1686 non

188 1708 306 1743 amplius
322 1707 423 1735 siibriis
449 1706 607 1733 horninibus
625 1705 730 1732 similes
745 1712 805 1732 esse
822 1713 854 1732 cx
870 1705 971 1739 gaudio

189 1755 353 1782 videbamur
371 1762 378 1780 :
401 1754 437 1780 ita
455 1752 577 1779 furentes
593 1759 657 1786 erga
674 1756 700 1778 te
717 1758 793 1777 amor
808 1758 858 1777 nos
872 1749 971 1778 eiiccit.

190 1801 258 1828 Vere
268 1801 340 1828 enini
358 1799 488 1825 matutina
506 1799 595 1825 laetitia
615 1797 765 1828 videbatur,
784 1796 816 1823 ad
831 1804 971 1830 vesperam

186 1850 326 1875 deutorato
338 1847 412 1873 Πυιυὶ
426 1846 604 1876 succcssisse,
622 1852 715 1871 rursus
734 1844 759 1870 in
775 1843 886 1870 ()ricnte
913 1847 973 1868 tan-

188 1902 270 1930 quam
296 1892 439 1926 spiendido
455 1891 512 1918 sole
530 1891 677 1923 relucente,
694 1895 721 1917 et
739 1889 971 1924 iucundissimum

188 1947 270 1966 inane
285 1939 363 1965 nobis
377 1937 520 1965 efﬁciente.

223 1984 314 2018 Itaque
326 1990 509 2018 praeparamus
524 1989 574 2009 nos
586 1986 719 2016 quotquot
729 1981 810 2009 amici
827 1981 970 2015 lui,'quam

189 2030 363 2056 veloeissitne
379 2029 411 2056 ad
432 2034 457 2056 te
477 2031 580 2056 venire.
595 2029 646 2056 Sed
665 2029 793 2056 omnibus
809 2031 839 2054 aid
859 2031 909 2055 iter
925 2037 972 2056 ne-

188 2075 316 2103 cessariis
330 2076 499 2110 pra-paratis,
514 2081 538 2101 et
556 2075 635 2101 nobis
647 2076 862 2109 proponentibtis
877 2077 973 2104 ininic-

188 2122 333 2149 diateitide
344 2122 480 2152 recedere,
509 2121 622 2146 veniunt
635 2121 759 2155 quidam,
774 2129 881 2148 rursum
899 2121 972 2149 illinc

1062 1521 1187 1552 Quatuor
1206 1525 1270 1548 sunt
1293 1529 1393 1555 genera
1418 1526 1663 1556 argttmeiilorutii,
1691 1530 1738 1556 per
1762 1529 1814 1555 qua»

1026 1567 1066 1594 illi
1077 1575 1182 1602 semper
1197 1573 1332 1594 conantur
1347 1575 1422 1595 suam
1437 1568 1589 1596 fortificarc
1601 1570 1815 1597 conclusionem.

1062 1623 1183 1657 Quorum
1201 1624 1331 1659 ‘primttm
1357 1630 1419 1656 cst,
1448 1625 1520 1660 quod
1552 1633 1601 1659 per
1645 1627 1814 1653 substaattta-

1024 1669 1077 1696 lem
1102 1674 1128 1697 et
1150 1670 1300 1697 naturaleui
1317 1670 1406 1697 Patris
1431 1676 1458 1697 et
1480 1671 1544 1697 Filii
1569 1671 1746 1699 identitatem
1775 1680 1813 1698 ar-

1025 1722 1152 1751 gumento
1166 1724 1338 1743 communem
1352 1716 1427 1744 facit.
1448 1716 1626 1751 Supponatur
1654 1719 1740 1749 enim,
1764 1725 1817 1744 tau-

1024 1769 1105 1796 quatm
1129 1762 1163 1788 ab
1187 1762 1314 1790 omnibus
1338 1770 1511 1796 concessum,
1534 1763 1645 1790 Patrem
1669 1769 1698 1791 et
1726 1764 1817 1790 Filium

1026 1815 1110 1834 unum
1127 1815 1186 1834 esse
1202 1806 1296 1838 Deum,
1311 1813 1338 1834 et
1352 1815 1432 1834 unam
1446 1808 1645 1842 substantiam,
1659 1810 1717 1837 sive
1744 1815 1817 1836 natu.

1024 1860 1094 1884 ram,
1112 1853 1168 1879 sive
1180 1853 1325 1880 essentiam
1339 1861 1389 1886 ;ex
1408 1854 1458 1880 ltoe
1468 1854 1638 1888 syllogistice
1649 1857 1684 1882 ad
1700 1856 1820 1890 proposi-

1024 1904 1080 1925 tuttt
1098 1899 1218 1925 veniunt.

1060 1944 1214 1970 Secundum
1229 1949 1280 1976 est,
1294 1943 1365 1978 quod
1382 1953 1413 1971 ex
1431 1945 1568 1980 personali
1585 1945 1647 1973 Filii
1664 1951 1691 1974 et
1705 1947 1818 1981 Spiritus

1024 1990 1275 2019 sanctidiilercntia
1302 1991 1445 2026 quaesitum
1470 1992 1595 2019 invenire
1624 1998 1743 2020 tentant.
1774 1995 1821 2019 Aut

1023 2037 1258 2070 cnitnquasrenles
1270 2037 1408 2071 quomodo
1432 2038 1518 2071 possit
1530 2040 1714 2072 personaliter
1735 2039 1819 2074 Spiri-

1024 2088 1067 2110 ttis
1078 2091 1092 2110 a
1104 2082 1172 2109 Filio
1180 2083 1319 2118 distingui,
1344 2079 1390 2110 aut
1399 2085 1514 2111 duarnui
1527 2086 1736 2113 entatiationuui
1747 2087 1821 2113 dide-

1025 2130 1139 2156 rctttiam
1157 2129 1284 2156 distincte
1294 2138 1450 2165 expressam
1470 2137 1671 2166 supponentes,
1687 2139 1714 2160 et
1731 2133 1820 2160 ordine

190 2169 335 2196 recessisse
366 2173 391 2194 te
416 2168 449 2194 de
474 2167 594 2200 civitate,
612 2172 639 2194 et
665 2167 697 2193 ad
715 2167 822 2201 nigrum
852 2167 967 2194 Pontum

1037 2183 1070 2201 ter
1083 2175 1168 2201 inedia
1185 2176 1362 2209 procedentes
1373 2184 1450 2203 suam
1467 2183 1656 2212 aSseqttuntur
1667 2181 1820 2206 conclusio-

188 2215 291 2242 :tbiissc
305 2214 473 2240 nuntiantes.
488 2213 546 2245 Quo
567 2213 659 2239 :tuditu
677 2213 794 2248 perculsi
813 2221 873 2245 nos,
890 2218 917 2241 ct
937 2215 969 2241 ad

187 2261 352 2296 prolumluni
376 2259 491 2285 tristitiae
506 2259 634 2291 demersi,
650 2260 693 2286 vix
712 2260 849 2294 potuimus
865 2266 972 2286 nosmet

191 2314 340 2337 resumere,
357 2305 528 2339 philosophia
545 2306 749 2332 mtttabilitattent
766 2314 856 2332 rerttm
873 2307 972 2332 huma-

189 2361 287 2380 narum
304 2351 523 2383 considerantcs,
541 2356 567 2378 ct
584 2353 766 2386 nosmetipsos
786 2353 971 2380 consolantes.

191 2399 292 2425 Verum
309 2398 434 2424 dicebant
453 2404 481 2423 se
497 2405 511 2422 a
529 2403 553 2423 tc
573 2398 683 2424 audisse
705 2398 778 2429 talia,
794 2400 866 2433 quod
882 2399 972 2426 omnis

190 2445 340 2472 necessitas
356 2443 389 2469 sit
402 2444 535 2473 conﬁteri,
552 2443 680 2478 Spiritum
697 2450 819 2472 sanctum
835 2453 865 2473 ex
894 2445 973 2472 Patre

181 2486 313 2524 'liilaoqtte
340 2489 509 2523 procedere:
529 2490 602 2524 quod
624 2491 668 2525 qui
694 2497 801 2525 negant,
817 2491 973 2518 necessario

191 2542 254 2562 situt
272 2535 400 2566 haeretici,
413 2536 622 2564 etscltismatiei.
641 2537 676 2564 De
690 2538 730 2564 liis
747 2539 836 2572 itaque
851 2547 903 2572 pra:
915 2546 974 2564 out—

191 2583 272 2609 nibus
288 2582 447 2607 aestimarent
459 2582 545 2616 ipsum
563 2588 588 2610 te
606 2585 711 2615 audire,
729 2589 755 2610 et
767 2590 853 2611 tecum
871 2585 904 2612 de
917 2593 974 2612 on.-

193 2628 275 2655 nibtts
294 2627 447 2660 perquircte
464 2637 471 2653 ι
487 2636 539 2655 non
564 2636 670 2664 propter
690 2631 724 2656 ali
737 2639 807 2664 piant
823 2633 975 2658 Contentio-

194 2682 267 2705 ncm,
282 2677 311 2699 ttt
325 2674 423 2708 aliquis
442 2680 560 2710 putaret,
577 2677 622 2702 sed
638 2678 765 2710 quoniam
784 2686 836 2704 non
852 2684 893 2705 cst
905 2680 974 2706 veri-

194 2719 283 2747 simile
298 2725 332 2751 te.
351 2728 427 2755 quem
440 2723 595 2750 diil‘ercnter
607 2725 733 2750 novimus
747 2725 870 2750 virtutem
889 2729 915 2751 et
931 2735 975 2753 ve-

195 2765 264 2789 ritati
275 2772 298 2789 tn
313 2773 358 2798 per
373 2767 452 2792 \itatn
466 2768 610 2798 colentem,
626 2772 650 2793 tt
670 2767 702 2794 de
722 2768 792 2794 nulla
810 2777 839 2795 rc
851 2770 974 2804 ligitiosis

197 2809 284 2834 Verbis
298 2819 346 2843 gen
360 2812 390 2837 lca
404 2818 466 2843 ιιι,ιι,
481 2822 566 2846 neque
580 2813 611 2839 \‘ii
624 2814 696 2839 ιυιὶλλτ
712 2815 830 2847 avidum,
846 2817 972 2849 cuiquam

1025 2228 1099 2248 "BI".

1058 2267 1179 2294 Tertium
1191 2273 1243 2300 est,
1259 2268 1330 2303 quod
1344 2277 1376 2296 cx
1393 2270 1472 2298 dictis
1483 2270 1584 2298 divinae
1595 2272 1750 2307 Scriptura:
1761 2273 1821 2305 idip—

1024 2322 1083 2341 sum
1103 2321 1236 2343 conantur
1248 2318 1382 2351 colligere.

1059 2360 1190 2392 Quartum
1210 2367 1262 2394 est,
1276 2364 1348 2397 quod
1368 2372 1415 2399 per
1434 2370 1530 2391 natura
1548 2366 1630 2394 nobis
1656 2368 1758 2395 insitas
1781 2373 1823 2395 uti“

1024 2406 1112 2434 tiones
1126 2409 1312 2436 demonstrare
1325 2412 1492 2445 propositum
1505 2417 1614 2446 putant.

1060 2453 1143 2480 Primi
1162 2455 1271 2488 quidem
1289 2458 1395 2489 generis
1407 2465 1570 2492 argumenta
1587 2468 1640 2486 non
1656 2466 1765 2495 cogunt
1788 2468 1826 2486 me

1024 2499 1056 2526 ad
1068 2501 1136 2526 hanc
1148 2509 1270 2528 causam.
1289 2502 1360 2528 Duos
1372 2510 1431 2530 esse
1446 2506 1543 2531 modos
1559 2507 1722 2541 accepimus
1735 2514 1827 2534 eorum

1025 2553 1085 2579 quae
1101 2546 1133 2573 de
1153 2546 1205 2573 lico
1218 2548 1411 2580 praedicantur.
1430 2550 1487 2575 Alia
1502 2551 1577 2577 enim
1589 2559 1687 2578 eorum
1700 2558 1773 2579 sunt
1786 2561 1829 2578 ιιι-

1026 2595 1092 2617 turae
1117 2597 1143 2617 et
1172 2592 1343 2624 substantiae,
1369 2599 1396 2620 ct
1419 2596 1498 2628 quasi
1522 2597 1744 2625 substantialia:
1774 2606 1829 2632 que

1026 2635 1151 2662 videlicet
1164 2641 1191 2663 ct
1207 2638 1314 2664 divisim
1329 2639 1362 2665 tle
1377 2640 1497 2672 qualibet
1525 2641 1609 2668 trium
1641 2650 1827 2676 personarum

1028 2684 1222 2716 praedicantur,
1236 2690 1262 2711 et
1275 2685 1356 2712 simul
1375 2687 1408 2712 de
1423 2687 1511 2714 tritius
1523 2687 1719 2722 singulariter,
1736 2696 1767 2716 ut
1786 2690 1829 2715 beo

1026 2730 1435 2763 ntttii,sapiens,omnipotens,
1469 2733 1582 2765 veritas,
1615 2740 1643 2761 et
1671 2736 1743 2762 alia.
1777 2734 1829 2761 ﬁsa

1025 2773 1096 2799 cnim
1114 2774 1232 2802 elicimus
1258 2775 1377 2807 Patrem,
1395 2776 1492 2803 Filium
1506 2783 1536 2804 ct
1550 2779 1687 2814 Spiritum
1704 2786 1831 2808 sanctum

1026 2826 1080 2847 tres
1095 2829 1154 2849 esse
1174 2823 1320 2857 sapientes,
1337 2823 1376 2851 vel
1394 2824 1488 2858 bonos,
1506 2827 1549 2853 vel
1568 2828 1781 2863 omnipotentes
1794 2824 1831 2854 ιίῘ
