1868 3069
86 114 158 149 1255

657 115 780 147 EPIST.
800 115 849 144 AD
877 116 920 144 ΒΛ
930 116 1023 145 ΜΛΔ
1031 116 1130 146 MUM.

1642 117 1673 149 12
1682 118 1708 149 “6

85 174 153 205 alia,
168 174 215 201 sed
227 178 283 202 tres
298 181 381 201 unum
407 181 467 202 esse
482 173 631 208 sapientem
658 178 690 208 et,
708 174 883 208 omnipoten-
903 180 923 203 Α
940 173 1043 199 szilisiai
1059 173 1122 199 tiam
1140 173 1289 200 unitatem:
1308 173 1371 208 quia
1391 181 1443 200 una
1460 178 1501 200 est
1527 181 1620 201 eorum
1654 177 1720 202 sub—

87 225 143 247 tem
158 225 184 246 et
197 219 308 253 bonum,
322 219 550 254 quemadmodum
566 224 592 246 et
608 227 690 245 unum
707 218 803 245 Deum.
821 218 880 245 Alia

85 272 153 292 vero
166 269 228 293 sunt
239 265 389 299 personalia
405 271 430 293 et
445 266 619 299 signitieativa
630 273 805 300 personarum
815 265 885 296 inter

85 317 116 337 se
128 311 286 344 relationis;
302 319 361 346 quae
369 311 492 338 videlicet
500 312 573 338 ntillo
583 311 662 337 modo
671 315 784 344 possunt
793 310 885 345 singu-

86 355 185 383 lariter
197 357 230 383 de
245 357 332 384 tribus
342 358 422 384 simul
433 357 584 392 praedicari.
594 357 652 384 Non
662 357 734 383 enim
747 361 799 383 tres
814 364 884 382 unus

86 405 131 427 est
150 399 240 432 Pater,
259 401 298 428 vel
314 409 384 428 unus
398 400 495 432 Filius,
512 401 553 427 vel
570 409 641 428 unus
656 400 806 436 Ingenitus.
830 401 884 426 Ta-

85 446 156 472 lium
176 446 259 480 igitur
269 450 321 478 est,
339 451 366 473 et
381 447 486 480 spirare
505 446 637 480 Spiritum
663 451 689 473 et
721 446 883 480 principium

85 499 150 518 esse
165 491 255 526 hujus.
272 491 331 518 Non
349 492 422 519 enim
440 496 495 519 tres
520 499 642 526 personae
671 500 742 519 unus
769 493 884 526 spirator

86 542 142 564 est;
161 537 250 570 Quare
265 537 317 564 hoc
331 538 502 572 suppositum
533 545 593 565 esse
619 538 647 564 in
677 538 733 565 sola
764 537 883 572 ingenita

86 591 218 617 persona,
233 591 285 610 non
310 584 390 611 faciet
408 584 586 611 diﬁ'erentiam
600 583 802 610 substantialem
825 585 884 617 ejus

86 635 114 655 et
127 629 200 661 Filii,
221 637 268 656 nec
285 634 441 664 corrumpet
457 637 551 657 eorum
571 629 721 656 secundum
754 630 883 656 substan-

87 675 154 701 tiziin
167 675 347 702 identitatem.
363 675 430 702 Nam
441 683 501 703 cum
515 676 632 707 ingenita
646 683 762 710 persona
784 676 884 702 habeat

86 720 231 754 mqualiter
245 725 271 747 et
285 729 414 755 geni-rare
427 726 454 748 et
483 722 597 756 spirare,
628 726 653 749 et
669 729 721 748 non
747 722 830 756 magis
846 721 884 748 al-

88 772 180 793 terum
197 775 275 800 quam
296 768 411 794 alterum
429 789 436 800 ,
460 768 522 794 licet
541 768 574 794 ab
599 768 693 800 altero,
717 773 844 802 tanquam
869 775 883 794 a

89 813 179 847 magis
195 819 271 846 noto,
285 814 440 840 nominetur
456 813 555 841 Pater:
572 813 802 848 quemadmodum
818 814 883 840 stib-

89 859 228 886 stantialis
248 859 375 886 identitas
391 859 450 894 eius
463 864 489 886 et
500 859 617 893 Spiritus
634 860 718 886 sancti
737 867 789 886 non
815 859 885 892 cogit

91 905 238 938 Spiritum,
255 910 285 931 ιιι
302 910 329 932 et
344 906 401 939 ipse
415 909 535 939 generet,
548 905 595 931 sed
616 905 696 931 ctiatn
723 912 776 931 non
805 912 885 938 gene-

90 956 169 978 rante
185 951 254 985 ipso,
269 951 391 977 salvatur
406 950 465 984 ejus
481 951 630 977 secundum
653 951 834 978 substantiam
850 951 884 977 ad

89 996 242 1029 ingenitam
260 1003 402 1030 personam
418 995 547 1022 identitas
567 1003 574 1027 ;
607 995 642 1021 ita
656 1000 730 1021 certe
754 995 885 1022 substan-

91 1042 167 1068 tialis
184 1041 311 1068 iilentitas
341 1041 400 1075 eius
427 1041 517 1067 Patris
532 1045 558 1067 et
588 1040 646 1066 Filii
678 1048 731 1067 non
758 1045 834 1074 coget
859 1045 885 1068 et

91 1087 192 1114 Filium
209 1089 312 1121 spirare
326 1087 468 1121 Spiritum,
486 1086 532 1113 sed
546 1086 638 1118 etiam,
662 1086 722 1120 ipso
750 1092 803 1112 neu
828 1086 885 1119 spi-

93 1138 172 1160 rante
184 1133 443 1168 ipsum,salvahitur
460 1135 554 1166 utique
570 1133 630 1167 ejus
644 1133 676 1159 ad
691 1133 797 1159 Patrem
820 1132 885 1159 sub-

91 1178 374 1206 stantialisidentitas.
390 1178 560 1212 Quapropter
587 1178 654 1204 nihil
680 1179 765 1213 magis
782 1179 883 1205 moveri

91 1232 206 1260 possum
219 1229 266 1258 per
284 1224 439 1258 liujusinodi
459 1228 632 1258 argumenta.
893 1241 907 1249 .

129 1273 183 1300 Sed
201 1273 320 1298 venioad
337 1272 470 1303 secunda,
484 1279 545 1306 qua:
560 1271 686 1298 videlicet
697 1280 730 1298 ex
747 1271 882 1306 prrsouali

91 1318 246 1345 differentia
262 1317 321 1344 Filii
354 1317 387 1344 ad
415 1316 547 1351 Spiritmn
565 1317 665 1343 l'ai-iunt
685 1316 883 1352 syllogismum.

89 1364 203 1390 Certum
224 1366 276 1394 est,
289 1363 360 1397 quod
385 1370 418 1388 ex
434 1370 462 1389 re
487 1363 592 1396 penitus
619 1362 721 1396 ignota,
743 1366 769 1389 et
797 1369 884 1395 iii-que

91 1409 220 1443 intelligi,
234 1415 320 1442 neque
335 1407 391 1434 dici
407 1412 515 1442 potente
545 1407 611 1433 nihil
630 1408 795 1441 syllogistice
818 1415 883 1434 con-

92 1455 167 1482 cludi
181 1460 209 1483 ct
222 1455 337 1482 inveniri
351 1459 452 1490 potest.
467 1455 502 1482 At
516 1463 582 1482 vero
594 1454 716 1490 prteclari
729 1459 881 1481 nostrorum

92 1508 253 1530 sanctorum
267 1503 411 1528 doctorum
428 1501 596 1532 testimonio,
615 1508 771 1535 quanquam
791 1507 882 1534 perso:

94 1549 194 1575 nalitrr
211 1548 319 1574 diﬂerre
335 1547 434 1574 Filium
456 1555 470 1574 a
488 1547 590 1581 Spiritu
609 1548 778 1577 confitentes,
796 1551 884 1572 tamen

93 1595 293 1622 intui-dixerunt
330 1594 408 1620 nobis
440 1594 600 1628 investigare
630 1594 711 1628 hujus
727 1592 886 1620 dill'ercntiae

93 1641 219 1673 modum,
237 1641 368 1672 dicentes,
385 1639 492 1674 penitus
510 1640 674 1673 impossibile
699 1647 770 1672 esse,
786 1648 799 1666 a
816 1646 885 1674 quo-

91 1694 176 1721 quam
195 1687 221 1712 in
237 1694 319 1713 carne
348 1686 492 1712 viventium
520 1686 674 1720 huiusmodi
705 1685 884 1712 diﬂ‘ercntiam

92 1733 223 1760 distincte
256 1731 368 1766 intelligi
394 1737 418 1759 et
450 1732 577 1765 exprimi.
607 1725 701 1764 Quare.
723 1731 787 1767 quid
805 1739 838 1758 ex
854 1738 886 1758 ea

92 1778 220 1806 concludi
238 1778 340 1812 possit?

132 1825 217 1852 Video
235 1832 328 1851 rursus
343 1823 488 1850 nonnullos
500 1822 660 1849 Latinorum
687 1823 722 1850 ita
749 1829 840 1858 aperte
861 1829 887 1851 et

92 1872 224 1899 distincte
237 1871 418 1904 exprimentes
434 1868 626 1900 diﬂ'erentiam,
654 1876 706 1904 qua
723 1870 812 1896 diﬂ‘ert
827 1870 887 1904 Spi-

94 1918 167 1944 ritus
185 1920 295 1942 sanctus
313 1922 327 1940 a
345 1913 552 1953 Filio,utetiain
576 1921 623 1948 per
643 1922 821 1949 quoscunque
837 1918 885 1942 lio-

94 1962 195 1994 tnines,
211 1961 232 1987 si
250 1960 334 1987 solum
358 1959 600 1994 quantulacunque
634 1967 666 1986 ex
698 1967 773 1993 parte
798 1966 888 1988 metite

93 2013 222 2038 Utuntur,
236 2006 321 2040 possit
341 2005 465 2039 intelligi.
482 2003 551 2038 Ergo
577 2012 638 2030 cum
667 2005 732 2031 nihil
754 2005 887 2038 videatur,

94 2057 207 2087 pi-Opter
221 2053 290 2086 quod
323 2051 349 2078 hi
364 2051 416 2078 fide
430 2050 569 2083 digniores
596 2055 622 2077 et
641 2051 751 2084 majoris
769 2053 889 2079 auctori—

93 2099 161 2126 tatis
174 2098 226 2124 illis
237 2098 264 2124 in
278 2098 359 2124 tantis
375 2097 456 2123 rebus
470 2096 639 2122 aestimentur
654 2105 660 2122 :
676 2104 783 2131 nequeo
800 2105 888 2133 magis

95 2145 231 2178 liis-quam
260 2143 314 2170 illis
345 2142 468 2175 credens,
507 2149 567 2176 quae
598 2141 696 2169 exinde
723 2143 889 2170 concludunt

95 2191 236 2224 recipere;
253 2194 280 2216 et
294 2188 355 2215 ideo
375 2195 463 2222 neque
487 2195 535 2222 per
553 2186 711 2222 hujusmodi
735 2195 894 2223 argumenta

94 2236 255 2272 persuaderi
267 2235 333 2261 ttiilii
350 2239 450 2268 potest.

135 2283 258 2309 Enndum
276 2282 357 2315 igitur
373 2281 408 2307 sit
424 2285 450 2307 et
466 2279 498 2306 ad
514 2279 568 2312 illa,
586 2287 644 2313 qua:
657 2287 690 2306 ex
715 2279 807 2306 divina
821 2280 894 2305 Seri-

97 2336 180 2363 ptura
198 2332 436 2362 argumentantur.
451 2325 572 2352 Primnin
587 2327 687 2360 quippe
705 2326 737 2352 de
760 2326 802 2352 his
828 2326 892 2352 illud

96 2375 281 2402 communiter
290 2372 446 2404 considero,
457 2372 526 2406 quod
538 2372 560 2398 si
571 2377 642 2398 esset
655 2371 822 2405 impossibile
834 2374 893 2398 cni-

96 2422 176 2453 ]ibct,
187 2419 387 2454 propositorum
405 2425 452 2452 per
467 2425 514 2444 eos
528 2417 664 2443 dictorum
681 2424 792 2444 sensum
810 2417 892 2443 alium

98 2469 173 2502 pium
188 2471 214 2492 et
230 2464 396 2492 sntlieii-nter
417 2471 446 2490 se
461 2463 604 2489 habentem
632 2467 770 2496 cooptare,
799 2462 834 2488 ita
851 2470 894 2495 δο-

98 2514 156 2539 lunt
171 2511 352 2538 necessarium
365 2513 448 2539 esset,
462 2508 532 2542 quod
545 2508 594 2541 ipsi
609 2515 641 2534 ex
656 2508 697 2534 eis
712 2507 892 2541 concludunt.

98 2556 233 2590 Quoniam
253 2562 315 2581 vero
331 2562 384 2581 non
403 2553 501 2587 magis,
519 2557 548 2578 ιιι
566 2552 617 2586 ipsi
634 2551 796 2586 intelligunt,
814 2559 893 2586 quant

98 2608 129 2630 ut
144 2603 200 2633 alii,
216 2605 330 2636 pessunt
347 2599 439 2626 eadem
462 2598 588 2631 intelligi,
607 2603 767 2623 neutrorum
785 2605 889 2624 sermo-

99 2659 150 2677 nes
168 2657 264 2683 cogere
280 2655 322 2674 itte
343 2647 440 2674 raleut.
457 2645 522 2671 Nam
541 2648 591 2672 lioe
608 2645 697 2679 ipsum
731 2645 801 2681 quod
830 2643 889 2678 Spi-

100 2698 172 2724 ritus
185 2701 295 2722 sanctus
325 2695 417 2722 ntultis
438 2693 503 2720 locis
531 2692 677 2726 Scriptura:
706 2691 804 2718 dicitur
833 2699 893 2718 esse

98 2743 174 2774 Filii,
192 2747 301 2776 propter
317 2741 401 2768 so'am
417 2748 496 2775 quam
516 2738 668 2765 habetcum
685 2744 717 2763 eo
743 2737 891 2763 secundum

139 2835 146 2852 ¹
167 2833 257 2867 Eplies
285 2841 321 2864 Vt,
342 2834 382 2859 Π.
439 2833 448 2847 '
464 2833 515 2858 lsa.
537 2840 591 2863 tu,
611 2832 634 2857 I.

902 845 922 872 Β

689 2832 698 2845 ³
714 2830 791 2856 .iu_i:t.
812 2837 856 2857 xx,

936 218 1045 249 stantia,
1065 219 1161 249 virtus,
1190 219 1325 250 voluntas,
1356 220 1487 252 sapientia
1516 225 1542 247 et
1568 225 1667 254 aetiis,
1695 225 1722 248 et

935 267 1043 297 propter
1053 262 1109 290 haic
1130 264 1186 290 sola
1197 264 1294 290 dicitur
1305 272 1364 291 esse
1381 265 1423 291 hic
1442 265 1512 299 ejus.
1538 266 1721 299 Quemadmo-

935 307 999 334 dum
1015 315 1028 334 ε
1043 315 1173 334 converso
1193 308 1239 334 Dei
1255 307 1372 335 Verbum
1391 309 1494 344 gladius
1508 310 1605 337 dicitur
1622 319 1721 338 secun-

935 351 998 378 dum
1015 353 1172 386 Apostolnm
1191 353 1338 388 Spiritus‘.

972 398 1048 425 Alius
1059 406 1154 426 rursus
1163 399 1248 431 dicat,
1260 400 1323 434 quia
1335 407 1387 426 non
1399 400 1485 427 solum
1500 406 1609 435 propter
1622 410 1681 436 qua:
1695 408 1720 429 tu

935 443 1013 475 dicis,
1027 451 1119 470 rerum
1144 444 1223 471 etiam
1242 450 1270 470 tit
1286 453 1317 472 ex
1333 445 1383 472 lioc
1398 446 1577 480 intelligamus
1591 448 1721 481 Spiritum

935 493 1070 520 sanctum,
1081 495 1108 515 et
1122 497 1154 515 ex
1173 491 1231 524 ipso
1247 490 1315 517 Filio
1339 491 1485 524 procedere
1500 501 1506 519 :
1525 500 1573 527 ego
1590 494 1723 527 cogitatis,

935 536 1007 570 quod
1021 535 1100 561 etiam
1114 537 1262 563 secundum
1287 538 1361 564 illum
1378 547 1487 565 seiistim
1519 544 1622 566 tantum
1651 542 1725 568 stilli-

936 582 1037 608 cienter
1051 587 1142 616 pesset
1157 582 1274 616 Spiritus
1293 589 1403 611 sanctus
1418 584 1477 611 Filii
1501 593 1570 617 esse,
1589 587 1682 614 haesito
1698 593 1726 615 et

937 635 989 654 nuit
1003 628 1100 659 habeo,
1118 629 1162 654 cui
1183 630 1268 664 magis
1284 630 1428 656 assentiar.

972 675 1102 702 Similiter
1116 676 1230 702 ttiittitur
1245 677 1337 704 multis
1355 678 1422 705 locis
1437 679 1586 714 Scriptura:
1607 680 1725 716 Spiritus

936 726 950 744 a
969 718 1048 745 Filio.
1061 719 1133 754 Ergo
1163 721 1184 747 si
1202 729 1272 747 unus
1295 722 1377 751 dicat,
1395 724 1467 757 quod
1493 725 1721 757 quemadmodum

938 765 1035 796 Filitts,
1056 767 1293 800 proptcrincarue
1312 770 1344 795 ad
1363 778 1413 795 nos
1437 770 1683 800 manifestationun
1700 779 1726 800 et

938 811 1082 838 adventum
1098 812 1197 839 dicitur
1211 813 1277 839 mitti
1296 815 1377 841 etiam
1406 824 1419 841 ιι
1433 815 1536 850 Spiritu
1565 825 1672 851 saneto,
1697 825 1726 847 tit

938 857 963 883 in
982 856 1048 884 lsaia
1064 858 1195 892 scriptum
1207 859 1267 885 cst’
1282 869 1289 886 :
1304 860 1339 886 ita
1355 867 1381 887 et
1395 861 1513 895 Spiritus
1524 869 1644 895 sanctus,
1659 873 1727 899 quo-

938 903 1008 929 niam
1027 903 1053 929 in
1067 903 1205 938 aliquibus
1220 905 1305 938 signis
1321 907 1399 933 nobis
1425 908 1614 936 manilestatus
1629 915 1680 942 est,
1700 917 1727 938 et

936 948 970 975 ad
985 956 1033 975 nos
1052 949 1158 976 venisse
1173 951 1357 985 temporaliter
1385 951 1484 980 dicitur
1495 975 1501 986 ,
1519 962 1578 988 qua:
1601 958 1677 991 signa
1689 959 1727 986 si-

935 994 1098 1028 gniﬁcabant.
1130 996 1238 1030 quidem
1266 997 1437 1026 solummodo
1462 1000 1550 1034 ipsum
1575 1002 1725 1037 Spiritum,

936 1039 1005 1066 facta
1025 1048 1088 1067 vero
1105 1045 1184 1068 erant.
1198 1049 1212 1068 a
1229 1046 1283 1068 tota
1303 1042 1453 1077 Trinitate;
1472 1051 1581 1080 propter
1598 1049 1649 1076 hoc
1664 1054 1725 1076 tan—

937 1090 1003 1117 tum,
1024 1091 1050 1113 et
1066 1094 1120 1113 non
1135 1092 1245 1122 propter
1260 1088 1343 1121 aliud,
1362 1090 1462 1117 dicitur
1477 1096 1503 1117 et
1517 1100 1531 1118 a
1550 1092 1618 1119 Filio
1633 1095 1722 1128 mitti;

936 1131 1005 1158 alius
1037 1132 1099 1159 item
1131 1133 1214 1166 dicat,
1233 1134 1302 1168 quod
1336 1143 1389 1161 non
1408 1137 1495 1163 solum
1524 1145 1635 1173 propter
1663 1141 1726 1173 hoc,

936 1178 981 1204 sed
998 1182 1098 1204 utcum
1125 1178 1166 1204 his
1194 1179 1282 1206 adhuc
1297 1184 1322 1206 et
1353 1180 1417 1207 illud
1450 1183 1645 1219 intelligamus,
1663 1189 1727 1220 quia

936 1222 1053 1257 Spiritus
1083 1227 1109 1250 et
1124 1232 1155 1250 ex
1171 1224 1239 1251 Filio
1260 1227 1380 1258 procedit
1393 1235 1400 1253 :
1412 1230 1580 1261 perpendens
1603 1239 1652 1266 ego
1668 1241 1728 1259 rur-

935 1277 992 1302 sus,
1009 1269 1174 1304 quodetiam
1192 1271 1213 1297 si
1240 1279 1292 1298 non
1311 1274 1438 1306 procedat
1461 1274 1578 1309 Spiritus
1593 1284 1619 1304 et
1632 1286 1663 1304 ex
1681 1279 1726 1305 Fi-

936 1317 985 1347 lio,
1002 1321 1090 1342 tamen
1107 1322 1133 1342 et
1148 1317 1296 1344 secundum
1323 1319 1396 1345 illum
1409 1328 1518 1348 sensum
1532 1326 1635 1350 tantum
1653 1325 1728 1352 stilli-

935 1363 1036 1390 eicuter
1054 1362 1146 1396 utique
1168 1363 1304 1390 dicen-tur
1325 1364 1358 1391 ab
1374 1366 1431 1400 ipso
1468 1368 1557 1395 mitti:
1584 1370 1678 1397 eadem
1692 1371 1728 1398 si-

936 1407 1034 1434 militer
1045 1407 1170 1434 detentus
1184 1416 1244 1435 sttui
1261 1409 1443 1438 dubitatione.

970 1452 1076 1480 Rursus
1103 1453 1128 1479 in
1142 1461 1218 1480 sacra
1238 1453 1378 1488 Scripttira
1397 1464 1428 1482 ex
1460 1456 1528 1484 Filio
1552 1459 1731 1494 accipere'di‘

939 1497 1009 1524 citur
1021 1497 1146 1531 Spiritus,
1167 1505 1191 1525 et
1207 1499 1241 1526 ab
1263 1500 1321 1534 ipso
1335 1495 1490 1529 iiisuiﬂaiite
1509 1503 1568 1530 dati
1581 1504 1605 1532 ³.
1619 1504 1688 1540 Ergo
1707 1508 1730 1534 si

939 1551 1010 1570 unus
1028 1544 1108 1575 dicat,
1124 1545 1251 1578 quoniam
1267 1546 1324 1581 ipse
1334 1546 1378 1573 Dei
1393 1546 1475 1575 Filius
1487 1557 1582 1583 magna
1607 1551 1730 1585 quaedam

939 1590 1044 1617 dixerat
1059 1591 1091 1618 de
1110 1591 1332 1626 Spiritnsazicto:
1348 1594 1411 1628 quia
1426 1594 1567 1622 [adversus
1581 1604 1642 1623 eum
1660 1597 1732 1625 blas-

939 1636 1049 1670 phemia
1066 1636 1262 1666 irrcmissibilis
1278 1644 1330 1671 est,
1348 1645 1374 1666 et
1395 1641 1458 1674 quia
1474 1641 1532 1675 ipse
1544 1643 1634 1670 omnia
1650 1643 1733 1671 doce—

940 1682 978 1708 bit
992 1686 1019 1708 et
1036 1682 1209 1708 annuntiahit
1228 1686 1254 1708 et
1275 1683 1372 1716 diriget
1393 1684 1425 1709 ail
1441 1693 1548 1711 omnem
1579 1687 1730 1717 veritatem,

939 1732 965 1754 et
988 1726 1146 1760 simpliciter
1187 1727 1382 1754 charismatum
1425 1729 1646 1757 distributionem
1677 1732 1732 1766 ipsi

940 1773 1098 1800 attribuerat
1113 1781 1120 1799 :
1136 1778 1164 1800 ut
1178 1780 1230 1800 non
1253 1773 1388 1813 atstimcnt
1398 1776 1521 1809 aposuili,
1531 1789 1538 1793 ι
1549 1777 1589 1803 vel
1610 1782 1670 1811 post
1685 1786 1733 1805 eos

940 1818 1043 1851 fideles,
1064 1818 1174 1852 majoris
1194 1818 1332 1852 dignitatis
1361 1827 1392 1846 ac
1413 1821 1540 1853 potenti:c
1564 1829 1623 1849 esse
1648 1822 1735 1856 Spiri-

941 1870 996 1892 tum
1020 1872 1100 1898 quam
1129 1863 1226 1890 Filium
1240 1872 1250 1899 ἐ
1281 1863 1341 1891 ideo
1369 1865 1456 1892 solum
1485 1870 1512 1893 et
1539 1875 1592 1894 non
1622 1873 1733 1902 propter

942 1910 1014 1937 aliud
1029 1909 1107 1941 dixit,
1125 1909 1196 1943 quod
1230 1909 1346 1946 Spiritus
1373 1916 1484 1938 sanctus
1500 1920 1532 1939 ex
1548 1921 1580 1939 eo
1606 1913 1732 1948 accipiet.

941 1964 1002 1990 qua:
1020 1955 1166 1986 nuntiahit,
1179 1960 1206 1982 et
1236 1956 1397 1983 insuillanilo
1423 1957 1512 1991 ipsum
1526 1959 1591 1985 dare
1606 1961 1734 1987 ostende-

943 2002 997 2033 bat,
1011 2006 1038 2028 ttt
1053 2009 1140 2036 neque
1154 2002 1281 2034 majorem
1302 2010 1333 2028 eo
1348 2003 1478 2036 Spiritum
1491 2009 1628 2037 putemus,
1641 2009 1667 2032 et
1682 2014 1732 2033 nos

942 2049 1093 2075 deilicantia
1108 2048 1273 2074 charismata
1298 2050 1454 2075 communia
1472 2057 1532 2076 esse
1550 2050 1609 2077 Filii
1628 2057 1652 2078 ct
1670 2052 1735 2085 Spi-

944 2094 1010 2120 ritus
1026 2094 1112 2120 saucli
1128 2093 1290 2127 credamus;
1308 2094 1376 2121 alius
1390 2103 1484 2122 rursus
1511 2096 1593 2129 dicat,
1616 2098 1679 2131 quia
1707 2101 1735 2125 et

908 2153 928 2180 υ
944 2145 1052 2174 propter
1069 2140 1129 2171 hoc,
1145 2144 1171 2165 ct
1197 2139 1286 2166 adhuc
1305 2145 1334 2166 ut
1364 2141 1555 2175 intelligamus,
1571 2148 1597 2170 et
1614 2152 1645 2170 ex
1673 2144 1734 2178 ipso

947 2185 1014 2212 Filio
1039 2185 1242 2220 processionein
1272 2187 1392 2220 Spiritus
1413 2196 1419 2213 :
1437 2188 1558 2222 cogitans
1580 2197 1642 2224 ego,
1661 2193 1734 2225 quod

945 2236 971 2258 et
988 2231 1138 2258 secundum
1170 2231 1243 2258 illum
1268 2241 1377 2259 sensnin
1410 2238 1511 2260 tantum
1529 2234 1692 2263 sufﬁcienter
1707 2244 1736 2263 se

945 2282 1034 2312 pOSsct
1063 2278 1161 2304 habere
1194 2277 1344 2312 Scriptura,
1379 2287 1432 2305 non
1459 2280 1536 2307 video
1558 2288 1668 2308 causam
1700 2283 1736 2308 ob

945 2332 1024 2358 quam
1046 2324 1131 2356 magis
1152 2324 1247 2349 l.ati.io
1263 2324 1382 2351 credam.

979 2369 1041 2394 ltein
1053 2368 1158 2395 Patrem
1171 2374 1196 2395 et
1207 2368 1304 2396 Filium
1316 2378 1399 2396 iiiitiiii
1409 2371 1504 2397 essein
1516 2370 1653 2404 Scriptura
1665 2372 1736 2399 scri-

947 2421 1020 2447 ptum
1039 2419 1091 2446 est,
1104 2415 1233 2442 etomnia
1252 2423 1313 2449 qua:
1328 2421 1392 2442 sunt
1418 2416 1515 2447 l’atris,
1533 2418 1613 2444 etiam
1631 2422 1657 2443 et
1674 2418 1734 2444 Filii

945 2466 1016 2485 esse.
1050 2461 1081 2485 Et
1097 2468 1128 2487 ex
1144 2461 1193 2486 hoc
1219 2462 1387 2488 concludunt
1419 2462 1457 2488 illi
1478 2470 1557 2489 suum
1578 2463 1686 2498 dogma.
1702 2465 1734 2490 At

947 2513 1010 2531 \ero
1024 2505 1045 2532 si
1065 2505 1125 2538 quis
1136 2505 1206 2532 dirat
1224 2515 1229 2533 :
1247 2507 1269 2533 Ο
1286 2507 1386 2537 Latini.
1403 2508 1469 2534 nihil
1483 2509 1565 2542 magis
1582 2517 1614 2535 ex
1635 2510 1676 2536 his
1689 2517 1736 2536 ne-

947 2552 1097 2577 cessarium
1113 2556 1152 2577 est.
1165 2551 1260 2577 Filium
1278 2553 1440 2585 principium
1457 2562 1517 2581 esse
1530 2555 1657 2588 Spiritus,
1673 2555 1736 2588 quia

946 2598 1026 2624 etiam
1043 2606 1074 2623 ex
1089 2606 1202 2630 persona
1217 2598 1334 2631 Spiritus
1354 2599 1440 2625 sancti
1471 2599 1525 2626 diei
1554 2606 1643 2634 posset
1657 2608 1664 2626 :
1680 2600 1735 2635 Ego

946 2650 971 2669 et
982 2645 1105 2678 Spirator
1128 2651 1211 2669 unum
1230 2651 1335 2673 smnus,
1350 2646 1481 2672 ctoiniiia
1504 2653 1673 2680 qiiatcunque
1690 2647 1738 2672 lia—

947 2691 989 2716 bet
1005 2690 1128 2723 Spirator
1141 2696 1199 2715 mea
1213 2693 1286 2714 sunt.
1301 2688 1352 2715 Sed
1369 2690 1453 2716 nihilo
1466 2691 1591 2725 magisex
1607 2691 1649 2717 his
1659 2691 1738 2718 l‘ater

948 2741 1018 2763 esset
1041 2735 1157 2768 Spiritus
1172 2739 1290 2762 sanctus.
1307 2733 1375 2769 Ergo
1392 2735 1414 2762 si
1428 2735 1489 2769 quis
1505 2736 1560 2763 hinc
1575 2737 1658 2770 dicat,
1671 2736 1738 2772 quid
