1868 3069
152 132 220 166 Ῑέὃτ

752 123 945 156 DEMETlllI
965 123 1123 153 CYDONII

1711 115 1777 148 123i

152 191 238 226 magis
254 189 341 218 Latini
360 187 579 224 persnasibiliora
598 185 711 213 dicent?
725 184 780 220 Ego
800 183 872 210 enim
889 189 941 209 non
959 185 978 211 Α
995 180 1189 211 miltividetur;
1203 186 1264 205 nattt
1275 178 1309 205 de
1319 177 1409 205 divina
1423 176 1564 210 Scriptura
1581 181 1635 201 non
1646 173 1681 199 ita
1698 178 1779 223 pater.

160 242 294 270 torsptcto.

160 244 211 263 turs
234 244 294 262 tcto.

151 244 160 271 ι
187 244 253 309 ltfm
273 279 548 312 ubidivitApostoltts
570 285 577 303 :
597 275 740 302 (Dominus
753 272 942 306 Jesuainterﬁ-

152 326 399 353 cietdntichrislum
412 325 507 358 spiritu
521 324 574 349 oris
589 322 630 348 sui
641 321 677 352 ⁸,»
697 320 792 353 illiipsi
811 318 941 353 Spiritum

152 376 276 398 sanciunt
293 371 395 397 dictum
410 378 470 397 esse
483 369 518 396 ibi
531 369 682 397 credentes,
701 367 725 392 id
757 366 846 400 ipsunt
876 373 942 391 cott-

153 418 274 445 cludunt.
291 418 324 444 Λι
349 417 430 444 etiam
445 417 489 442 hie
504 419 590 450 potest
610 413 671 444 dici,
690 413 818 447 quoniam
837 419 885 438 nos
900 411 942 437 ui-

154 463 190 490 ltil
210 463 244 489 ita
264 462 342 489 facile
365 461 504 492 eilicimus,
527 466 607 493 quam
633 457 677 483 illa
700 464 759 490 qua:
780 453 942 481 insutlhn-Jo

155 510 243 536 solum
266 508 405 539 facilitas;
426 506 518 532 volens
539 503 725 538 Apostolusex
748 505 838 527 ttostra
854 504 943 526 trans-

155 556 255 582 latione
282 553 446 584 ostendere,
475 558 557 585 quatit
586 549 746 576 facillimum
775 550 816 573 est
833 544 943 573 Christo

155 600 309 628 interﬁcere
335 598 544 628 Antichristum,
569 601 595 623 et
615 595 717 621 nullam
731 593 836 620 habens
847 591 871 618 ei
887 589 942 617 dif-

157 646 314 676 licnllalem,
331 644 427 678 spiritu
444 642 499 669 oris
517 641 577 674 eius
602 640 670 667 dixit
688 641 840 673 apostatam
859 635 942 663 inter-

158 691 314 721 ficiendum,
333 689 443 716 minime
469 687 507 714 ibi
530 685 662 721 Spiritum
678 688 803 711 sanctum
828 680 942 715 intelligi

157 738 262 765 \'0||'Il$.

193 783 255 810 llzec
269 789 333 816 ergo
350 781 370 808 si
387 779 448 814 quis
474 778 583 809 dixerit,
609 774 785 804 ltzesitandum
811 772 878 799 mihi
902 771 943 798 vi-

157 833 237 859 detur
252 830 373 860 ontnino,
389 827 431 855 cui
456 825 542 860 magis
562 822 763 850 concedendum
782 821 828 848 sit.

192 877 258 904 ltcttt
274 875 318 902 ubi
335 874 465 907 scriptum
492 875 534 897 cst
557 869 640 895 Deum
662 866 823 894 cltaritatem
838 871 900 891 esse
921 863 944 896 ',
961 857 981 884 Β

157 929 184 950 et
199 922 358 950 charilatem
370 927 402 946 ex
419 918 474 944 Deo
490 915 547 942 :illi
563 914 724 941 charitatem
740 911 793 937 dici
814 909 945 944 Spiritum

157 974 280 996 sanctum
308 965 494 999 accipientes,
526 961 598 988 illam
633 958 767 988 videlicet,
789 963 841 991 qua
867 955 947 981 Pater

157 1014 246 1047 diligit
261 1011 370 1041 Filium,
387 1013 414 1036 et
440 1007 524 1034 Filius
540 1006 659 1036 Patrem,
690 1003 868 1031 concludunt,
893 1000 947 1026 alia

157 1046 279 1095 quamam
295 1065 341 1092 per
357 1055 474 1082 mediunt
500 1053 640 1082 addentes,
654 1057 686 1076 ex
714 1054 828 1082 utroque
859 1046 946 1080 ipsum

159 1093 316 1140 procedere,
350 1101 416 1128 mihi
434 1099 520 1127 nihilo
537 1108 551 1124 ιι
564 1098 621 1132 agis
638 1104 670 1123 ex
687 1096 728 1122 his
740 1093 946 1129 persuadentes.

158 1150 269 1185 Quare?
282 1149 409 1183 primum.
427 1146 490 1181 quia
512 1151 566 1171 non
590 1142 671 1169 ttimis
685 1145 789 1168 certum
805 1143 848 1166 est
858 1142 947 1165 utrum

160 1198 290 1232 Spiritum
306 1198 428 1222 sanctum
447 1192 483 1219 ilti
504 1189 659 1218 intendebat
689 1189 784 1214 beatus
810 1185 947 1232 Joannes;

160 1229 227 1270 nihil
242 1242 313 1268 enini
330 1238 452 1274 itnpedit,
464 1242 490 1264 et
507 1236 542 1263 ita
566 1241 702 1270 exponere
730 1232 875 1261 dicentem,
904 1229 949 1256 ubi

160 1289 262 1316 dictum
275 1291 338 1314 est:
365 1286 434 1312 Deus
457 1282 576 1310 charitas
604 1285 654 1312 est,
672 1278 708 1305 ibi
723 1279 754 1306 de
783 1278 841 1311 ipso
865 1277 950 1304 Trino

163 1333 217 1360 Deo
229 1333 314 1367 ipsam
330 1331 488 1357 charitatem
506 1325 656 1362 pradicari,
674 1325 719 1351 illo
737 1323 826 1353 modo,
843 1329 898 1356 quo
914 1321 952 1348 ait

160 1382 273 1404 sanctus
290 1374 444 1408 Dionysius,
462 1373 543 1399 etiam
564 1370 686 1398 ontniuttt
712 1369 815 1396 entiam
842 1367 950 1393 nomitta

161 1430 242 1457 posse
257 1423 290 1449 de
305 1421 359 1448 Deo
373 1419 523 1447 secundum
551 1424 663 1444 causam
685 1414 840 1450 pra-dicari,
855 1419 881 1439 et
894 1420 950 1438 ma-

162 1470 234 1495 xime
248 1467 418 1494 nobilissima
431 1471 457 1492 et
478 1463 659 1494 dirinissima,
679 1461 757 1488 sicuti
773 1464 814 1487 est
840 1459 951 1485 Bonitas

163 1514 234 1546 Vita,
248 1512 436 1543 Pulcltritudo,
452 1510 510 1537 Lux
522 1514 548 1536 et
562 1508 681 1540 similia;
697 1507 742 1534 ubi
759 1513 822 1534 vero
834 1505 949 1532 dicitur:

163 1559 290 1587 Charitas
303 1566 334 1585 ex
354 1556 407 1584 Deo
419 1561 474 1588 est,
493 1555 530 1582 ibi
547 1555 634 1589 ipsum
652 1553 815 1580 chatitatuut
827 1551 951 1578 aiiectntlt

165 1613 220 1639 quo
236 1605 289 1631 Deo
300 1608 326 1631 ct
348 1603 427 1630 uoltis
442 1602 557 1628 invicem
593 1599 712 1632 unimnr,
733 1606 765 1626 ex
789 1598 847 1632 ipso
870 1597 953 1624 Trnio

167 1651 223 1678 Deo
239 1650 317 1677 nobis
333 1649 387 1676 dici
401 1648 496 1675 adesse
525 1647 572 1673 illo
587 1645 680 1675 modo,
693 1653 747 1680 quo
760 1649 787 1671 et
804 1652 884 1671 omne
905 1643 954 1672 bo.

165 1705 231 1724 num
249 1701 276 1723 et
311 1697 455 1723 honesturn
472 1701 503 1720 ex
521 1693 577 1720 Deo
610 1691 688 1718 nobis
702 1699 762 1718 esse
779 1690 905 1716 dicimus.

203 1742 303 1769 Deinde
318 1741 340 1768 si
353 1747 434 1776 quam
459 1739 575 1766 maxime
590 1738 676 1772 ipsum
690 1735 818 1771 Spiritum
832 1741 955 1762 sanctum

165 1787 193 1814 in
211 1786 264 1814 illis
279 1786 401 1813 nominat
416 1784 576 1812 cltatitatem
601 1782 763 1817 Apostolus,
790 1785 859 1808 tmde
875 1787 956 1813 patet,

168 1839 258 1860 ntruut
274 1833 345 1859 illam
376 1831 536 1859 charitatem
550 1830 609 1864 ipse
634 1827 770 1862 intelligit.
796 1835 849 1862 qua
879 1827 958 1854 Pater

166 1880 253 1914 diligit
272 1878 381 1910 Filium,
409 1882 435 1904 et
455 1876 541 1904 Filius
558 1875 679 1908 Patrem,
712 1875 759 1903 sed
788 1882 842 1902 non
873 1875 958 1909 magis

168 1926 333 1953 indil'ferenti
343 1924 470 1956 modo,et
486 1922 580 1956 simili,
594 1922 683 1956 ipsum
693 1923 854 1950 eltaritatem
868 1923 959 1949 nemi-

167 1973 243 1999 navit
258 1980 265 1998 :
283 1972 354 1998 sicut
368 1971 451 1998 etiam
467 1969 552 1996 Filius
571 1968 612 1995 vel
631 1968 722 2000 Pater,
740 1969 781 2002 vel
800 1974 855 1996 tota
875 1968 958 1996 simul

167 2018 298 2048 Trinitas,
327 2015 446 2043 Charitas
473 2015 663 2050 promittatur:
693 2015 920 2049 quemadmodum
935 2022 962 2049 (ιι

169 2063 221 2089 alia
255 2062 419 2089 charismata
448 2060 639 2087 attribuuntur
660 2060 834 2095 singulariter
849 2059 961 2095 Spiritui

170 2105 436 2141 sancto,quaeniltil
468 2106 559 2132 minus
591 2109 617 2133 et
633 2105 683 2133 toti
715 2105 840 2132 Trinitati
869 2107 962 2132 eodem

170 2153 252 2180 modo
267 2157 430 2187 congruunt.
445 2151 578 2179 Caeterum
602 2156 629 2179 et
649 2151 733 2178 Filius
753 2151 883 2186 sapientia
901 2153 964 2186 qui-

993 233 1021 253 υι
1039 227 1157 253 animant
1173 233 1220 258 per
1235 232 1264 252 se
1286 231 1379 251 verum
1396 227 1575 257 quaerentem,
1595 220 1630 246 ab
1653 218 1725 244 muni
1739 227 1779 244 re-

992 275 1098 298 moveat
1113 270 1298 304 ambiguitate.
1322 269 1350 296 Si
1376 277 1440 295 vero
1457 275 1470 293 a
1489 274 1567 294 sacra
1587 264 1741 299 Scriptura,
1756 268 1781 290 et

993 317 1044 343 ﬁde
1061 317 1138 343 nobis
1153 317 1269 348 traditis,
1294 317 1401 350 penitus
1426 315 1595 346 recedentes,
1617 313 1651 339 ad
1673 316 1781 338 natura-

992 363 1044 389 lem
1061 363 1193 389 rationem
1217 369 1358 389 recurrere
1380 361 1512 391 velimus;
1543 359 1628 385 miror
1654 357 1677 384 si
1701 365 1781 383 unum

992 410 1076 436 Deum
1095 409 1329 443 simplicissimum
1349 408 1376 434 in
1402 408 1490 434 tribus
1506 405 1636 440 perfectis
1661 405 1783 438 personis

993 464 1040 490 per
1053 456 1136 483 solam
1147 455 1298 482 naturalem
1313 454 1457 484 t‘atinnent,
1473 458 1605 486 tanquam
1619 450 1722 484 aliquid
1738 459 1781 476 co-

993 510 1062 535 rum,
1076 510 1135 536 quae
1148 500 1337 528 mathematice
1352 500 1587 529 demonstrantur,
1603 498 1725 524 inrenire
1738 504 1784 531 po-

993 547 1119 573 terimus.

1028 593 1083 626 Age
1100 599 1165 627 ergo
1181 592 1240 618 ﬁdei
1268 592 1372 618 ratione
1403 590 1616 624 compl-clen‘es
1647 588 1782 614 videamus

998 645 1058 671 quae
1074 637 1225 664 necessitas
1251 638 1287 664 sit
1308 642 1335 663 ul
1364 637 1453 663 Patris
1470 640 1496 662 et
1530 635 1592 662 Filii
1613 636 1733 662 charitas
1754 636 1785 661 sil

995 683 1040 711 illo
1056 686 1137 710 modo
1156 684 1272 718 Spiritus
1290 690 1411 711 sanctus.
1427 685 1521 717 ltaqtte
1547 683 1569 710 si
1582 683 1656 709 idem
1686 682 1786 716 simpli-

994 729 1062 756 citer
1076 734 1119 756 est
1137 729 1209 756 Patri
1222 737 1351 765 generare
1369 729 1477 760 Filium,
1494 735 1520 756 et
1532 729 1650 763 diligere
1667 727 1785 761 Filium;

993 780 1020 800 et
1031 775 1169 808 generatio
1177 783 1242 808 ergo
1255 780 1296 802 cst
1311 776 1382 802 idern
1391 775 1553 810 simpliciter
1562 775 1640 810 quod
1657 775 1786 807 charitas,

994 827 1048 854 qua
1057 819 1138 847 Pater
1147 821 1231 854 diligit
1241 820 1350 853 Filium,
1359 827 1385 848 et
1402 830 1446 854 per
1456 828 1642 855 coiisequens,
1656 819 1715 854 ipsa
1726 819 1787 846 Filii

997 867 1136 900 generatio
1152 866 1268 900 Spiritus
1286 872 1398 894 sanctus
1413 871 1470 900 est,
1486 867 1557 901 quod
1575 874 1631 893 non
1652 866 1786 893 modicum

1003 910 1158 938 mirandum
1173 917 1224 942 est.
1242 918 1269 939 et
1282 913 1398 939 maxime
1425 912 1447 939 si
1466 912 1599 947 genitum.
1630 911 1789 946 principium

997 961 1038 983 est
1051 964 1105 984 suae
1120 958 1310 992 generationis.
1328 957 1356 985 Si
1377 965 1440 986 vero
1466 958 1539 985 aliud
1553 962 1595 985 est
1612 957 1688 984 Patri
1714 965 1789 993 gene-

998 1002 1058 1028 rare
1074 1001 1184 1034 Filium,
1196 1008 1221 1030 ct
1235 1003 1345 1038 diligere
1367 1003 1406 1030 vel
1426 1003 1573 1038 intelligere
1584 1003 1688 1037 ipsum,
1702 1004 1787 1029 adhuc

1000 1046 1087 1080 magis
1103 1051 1145 1073 est
1165 1047 1329 1079 mirandum,
1356 1050 1492 1082 quomodo
1515 1049 1659 1083 generatio
1686 1048 1791 1082 quidem

999 1100 1050 1127 qua
1064 1092 1143 1120 Pater
1159 1098 1270 1127 generat
1285 1093 1396 1126 Filium,
1414 1102 1468 1121 non
1484 1095 1627 1121 constituit
1641 1094 1722 1120 aliaat
1735 1101 1791 1127 per-

1000 1145 1105 1170 sonam,
1134 1147 1224 1174 nequc
1249 1140 1410 1170 inlellcclio,
1428 1147 1480 1174 qua
1501 1139 1582 1167 Pater
1608 1138 1734 1172 intelligit
1752 1138 1792 1169 ιιί-

1001 1189 1065 1216 lium
1080 1196 1087 1220 ;
1107 1188 1221 1222 diligere
1239 1195 1303 1214 vero
1319 1187 1407 1222 ipsum
1425 1195 1478 1215 non
1499 1193 1597 1222 potest,
1615 1187 1668 1214 nisi
1690 1187 1792 1214 dilectio

1001 1234 1046 1260 illa
1071 1234 1178 1261 tertiam
1191 1234 1342 1260 constituat
1368 1241 1533 1268 personant:
1555 1238 1583 1260 et
1602 1234 1723 1260 maxime
1735 1241 1792 1260 cum

1002 1278 1034 1305 sit
1051 1279 1184 1313 possibile
1199 1279 1301 1311 dicere,
1316 1280 1388 1313 quod
1414 1278 1535 1314 Spirator
1549 1279 1639 1313 diligit
1657 1283 1685 1306 et
1703 1278 1794 1304 int-lli-

1001 1325 1039 1359 git
1051 1324 1195 1359 Spiritum,
1215 1330 1241 1361 et
1257 1323 1375 1359 Spiritus
1389 1325 1477 1358 diligit
1490 1330 1515 1351 et
1545 1325 1676 1359 intelligit
1692 1325 1793 1350 Patrem

1002 1375 1027 1397 el
1040 1371 1137 1397 Filium
1160 1379 1166 1396 :
1185 1378 1217 1397 ex
1235 1379 1287 1404 qua
1303 1370 1446 1397 dilectione
1462 1370 1503 1398 vel
1527 1370 1722 1405 intellectione.
1739 1371 1793 1396 nul-

1003 1419 1029 1441 ta
1059 1417 1110 1442 alia
1125 1416 1303 1443 constuuitur
1321 1424 1447 1450 persona.

1038 1461 1102 1488 ltent
1127 1463 1256 1488 unitatem
1276 1467 1302 1488 et
1317 1463 1452 1489 adnexum
1477 1461 1564 1489 Patris
1580 1468 1607 1488 et
1623 1461 1687 1488 Filii
1706 1462 1795 1489 dicere

1005 1507 1148 1541 Spiritum,
1169 1508 1204 1534 ita
1222 1513 1250 1534 ut
1265 1517 1296 1535 ex
1321 1515 1436 1542 utroque
1450 1517 1510 1535 esse
1529 1508 1737 1534 concludatur:
1754 1516 1795 1535 ne-

1006 1562 1057 1589 que
1078 1555 1134 1589 ipsa
1149 1555 1290 1588 Scriptura
1305 1556 1377 1589 cogit
1395 1563 1447 1584 itte.
1463 1560 1490 1580 et
1508 1555 1643 1581 naturalis
1663 1555 1734 1581 ratio
1749 1555 1796 1581 mi-

1005 1601 1032 1628 hi
1053 1601 1140 1635 magis
1166 1601 1311 1635 persuadet
1333 1602 1466 1635 recipere,
1484 1601 1645 1635 pl‘incipialn
1665 1601 1736 1627 nniri
1752 1607 1796 1635 per

1007 1648 1181 1681 principium,
1193 1655 1275 1682 quam
1291 1644 1422 1682 principia
1434 1654 1480 1682 per
1494 1647 1702 1682 principiatum.
1712 1647 1732 1674 Α
1745 1655 1796 1681 Quo

1005 1694 1079 1720 enim
1098 1694 1181 1720 multa
1205 1693 1307 1720 habent
1328 1699 1398 1724 esse,
1425 1693 1458 1720 ab
1478 1693 1574 1719 eodem
1591 1692 1676 1719 etiam
1701 1692 1797 1720 habere

1008 1748 1104 1772 unum,
1127 1740 1290 1767 rationabile
1306 1739 1373 1766 tnilti
1398 1740 1515 1767 videtur.
1531 1740 1627 1767 Dicere
1645 1747 1710 1766 vero
1726 1738 1796 1774 quod

1009 1787 1169 1822 principiata
1185 1787 1285 1813 habent
1296 1794 1328 1812 ex
1342 1786 1483 1821 principiis
1503 1793 1562 1813 esse
1579 1795 1586 1813 :
1605 1785 1737 1820 principia
1756 1794 1797 1812 Vc‘

1010 1841 1040 1859 ro
1055 1833 1154 1860 habent
1169 1840 1202 1859 ex
1221 1832 1389 1867 principiatis
1405 1839 1487 1858 unum
1510 1839 1581 1863 esse,
1596 1833 1712 1858 omnino
1732 1830 1795 1857 mini

1009 1879 1115 1906 videtur
1128 1887 1221 1906 carere
1238 1879 1352 1906 ratione.
1371 1878 1399 1905 Si
1414 1885 1477 1905 vero
1496 1883 1538 1905 est
1553 1878 1607 1905 alia
1622 1878 1693 1904 ratio
1709 1877 1740 1904 de
1759 1877 1797 1903 bis

1012 1931 1069 1951 mea
1079 1925 1184 1951 ratione
1195 1924 1293 1955 verior,
1305 1931 1385 1958 quam
1397 1930 1447 1958 ego
1462 1931 1534 1950 nunc
1546 1923 1744 1958 nonjintcliigo.
1760 1927 1798 1949 ta-

1012 1977 1073 1997 men
1098 1971 1220 2004 quandiu
1242 1970 1314 1996 illam
1335 1977 1388 1996 non
1413 1969 1548 2003 intelligo,
1564 1976 1680 1996 necesse
1698 1974 1738 1996 est
1759 1977 1797 1996 me

1013 2016 1096 2042 teneri
1129 2016 1164 2042 ab
1191 2017 1241 2042 hac
1263 2023 1345 2050 quain
1370 2011 1602 2049 nunc‘intélligo.
1631 2015 1709 2042 Dicta
1738 2015 1795 2048 qui-

1013 2061 1075 2087 dem
1107 2059 1275 2095 Seriptnrae,
1302 2068 1363 2095 quae
1389 2060 1532 2094 allegant,
1575 2067 1645 2094 pene
1671 2060 1797 2094 praedicta

1014 2111 1087 2134 sunt.
1113 2106 1166 2140 Ego
1182 2114 1246 2141 vero
1272 2114 1358 2141 neque
1380 2113 1413 2132 ex
1432 2105 1483 2137 his,
1501 2113 1589 2140 neque
1607 2113 1641 2132 ex
1659 2105 1722 2132 aliis
1743 2105 1798 2140 qui-

1017 2154 1175 2186 lust-unque
1194 2159 1304 2186 possunt
1320 2152 1352 2178 ad
1366 2151 1416 2178 hoc
1430 2151 1579 2186 intelligere
1595 2152 1797 2180 indubitabilem

171 2199 232 2226 dein
245 2199 331 2226 Patris
347 2197 527 2229 nominatur-ﬁ
544 2198 590 2225 sed
607 2206 660 2224 tton
690 2198 725 2224 ita
754 2197 798 2224 illa
829 2198 961 2232 sapientia
979 2194 1127 2224 Domnino
1168 2198 1374 2229 necessitatem,
1408 2202 1434 2224 et
1467 2198 1576 2232 penitus
1617 2198 1797 2226 stabilientem

171 2248 224 2275 est,
240 2251 294 2277 qua
312 2242 390 2269 Pater
406 2242 532 2277 intelligit
555 2241 688 2276 Spiritum
711 2246 847 2274 sanctum,
863 2247 890 2269 et
920 2242 964 2268 hic

173 2289 290 2320 Patrem,
314 2292 343 2315 ut
363 2296 396 2314 ex
424 2288 473 2314 ltoc
491 2288 680 2321 concludatur,
704 2288 792 2322 ipsum
820 2287 917 2315 Filium
931 2295 962 2316 ei

172 2334 252 2362 Patre
267 2333 348 2361 simul
371 2338 396 2360 cl
409 2333 512 2368 Spiritu
541 2338 636 2361 sancto
651 2339 808 2368 generatum
826 2340 895 2361 esse.

207 2379 263 2415 Ego
281 2381 381 2414 itaque,
401 2385 430 2406 ut
452 2380 484 2406 ad
501 2384 526 2406 te
542 2379 674 2413 explicem
703 2379 858 2414 passionem
879 2379 962 2407 animi

174 2425 240 2456 mci,
257 2428 342 2452 multo
368 2425 502 2452 diﬂicihus
521 2424 606 2450 habeo
639 2425 672 2450 ad
685 2424 881 2458 recipiendum,
897 2426 969 2459 quod

175 2473 254 2499 Patre
268 2477 294 2498 et
308 2470 376 2498 Filio
394 2469 569 2504 diligentibus
595 2469 710 2496 invicem
741 2477 836 2497 eorum
863 2472 971 2500 dilectio

175 2517 318 2545 constituit
331 2518 445 2544 alteram
463 2522 606 2550 personam
624 2516 711 2550 ipsum
740 2516 871 2551 Spiritum
889 2525 970 2546 s.inc_

176 2571 245 2596 tum,
269 2571 349 2597 quant
376 2563 408 2589 ad
425 2562 621 2596 recipiendum,
638 2562 709 2596 quod
727 2561 845 2596 Spiritus
861 2569 973 2590 Sumtus

175 2610 203 2636 ει
215 2616 249 2636 ex
264 2607 333 2635 Filio
353 2607 483 2642 procedit.
499 2607 535 2633 lle
549 2607 600 2634 hoc
626 2608 698 2634 ettitn
712 2608 771 2642 ejus
786 2607 908 2634 veritatis
925 2616 972 2635 eu-

176 2655 288 2690 piditate
302 2654 441 2688 cogitanti,
470 2652 552 2680 nullae
567 2653 630 2679 mihi
655 2653 825 2687 suspiciones
857 2653 970 2685 intrant,

177 2709 211 2727 tte
226 2701 295 2729 forte
311 2701 347 2727 sit
359 2708 452 2727 rerum
472 2700 541 2727 illud
560 2699 717 2727 Aristotelis
735 2708 741 2727 :
757 2700 865 2733 Quanto
883 2701 969 2734 magis

179 2747 307 2782 perquiro
323 2750 348 2773 et
363 2747 529 2782 cogitatione
556 2747 646 2778 volvo,
674 2750 750 2774 tanto
781 2745 968 2773 incredibilius

233 2841 242 2855 ⁸
259 2841 278 2867 ιι
293 2840 389 2868 Thess.
406 2849 434 2870 ll.
453 2841 480 2867 8.
537 2839 546 2854 '
562 2838 570 2865 Ι
585 2838 664 2866 Joan.
684 2846 720 2871 tv,
737 2837 764 2864 8.

1015 2250 1101 2268 meum
1119 2247 1235 2268 ntentetn
1253 2249 1347 2268 eorutn
1361 2242 1456 2269 adesse
1469 2243 1690 2270 conclusionem.

1050 2288 1143 2314 Restat
1154 2295 1218 2322 ergo
1232 2292 1357 2322 quartum
1371 2296 1455 2322 genus
1470 2288 1569 2321 videre.
1590 2290 1665 2324 quod
1681 2298 1714 2317 ex
1733 2298 1800 2317 cum.

1016 2333 1144 2361 munibus
1166 2334 1324 2361 notionibus
1336 2335 1597 2369 argumentationem
1615 2338 1752 2370 propositi
1765 2338 1798 2364 la-

1016 2379 1061 2405 cit.
1085 2378 1130 2406 lite
1143 2386 1202 2413 quae
1217 2379 1345 2406 dicuntur
1359 2387 1517 2406 communes
1537 2380 1675 2412 notiones,
1693 2383 1761 2414 sire,
1775 2388 1799 2409 ut

1018 2425 1158 2452 Aristoteli
1179 2424 1296 2457 videtur,
1315 2425 1349 2452 de
1363 2425 1539 2453 sensibilibus
1559 2433 1609 2460 per
1632 2434 1733 2455 sensus
1757 2429 1801 2455 im-

1021 2472 1176 2506 pritnutttnr
1193 2473 1296 2504 animo,
1319 2471 1387 2508 sire,
1413 2476 1443 2498 ut
1470 2471 1574 2499 Platoni
1596 2472 1718 2506 videtur,
1742 2475 1800 2510 ipsa:

1006 2520 1083 2558 .snnt
1099 2517 1250 2555 substantia
1267 2516 1457 2543 intellectualis
1469 2517 1568 2544 animae
1586 2525 1594 2544 :
1613 2523 1734 2555 utroque
1753 2529 1803 2548 uto-

1022 2563 1056 2589 do
1068 2563 1101 2590 de
1115 2562 1157 2589 his
1173 2562 1253 2590 rebus
1268 2568 1342 2594 sunt,
1357 2571 1470 2598 quarunt
1487 2563 1666 2598 intelligendo
1676 2566 1801 2594 dominati

1024 2608 1252 2642 apprehendlmus
1269 2616 1314 2635 eas
1339 2613 1367 2635 et
1389 2614 1535 2643 tangunus,
1561 2614 1589 2637 et
1612 2617 1685 2644 quas
1710 2612 1802 2640 intelli-

1023 2660 1116 2689 gentcs
1141 2655 1198 2688 ipsa
1224 2654 1405 2681 intelleetione
1430 2655 1693 2689 comprehendimus
1717 2663 1744 2685 et
1757 2659 1802 2686 cir-

1022 2699 1240 2734 cumplectimur.
1266 2699 1383 2726 Proinde
1414 2703 1440 2726 et
1455 2699 1500 2726 illa
1525 2707 1586 2734 qua
1610 2708 1644 2728 ex
1669 2702 1711 2729 eis
1722 2709 1803 2731 osten-

1021 2746 1132 2778 dutttur,
1151 2745 1362 2774 indubitabiliter
1379 2746 1566 2774 demonstrata
1585 2754 1650 2775 esse
1670 2753 1801 2783 putamus.

820 2836 830 2853 ‘
847 2836 854 2863 I
872 2835 936 2863 Cor.
953 2835 1031 2868 1⁷24.
