1868 3069
84 152 155 185 1239

662 152 784 183 ΕΡΙΞΤ.
804 152 853 182 AD
874 150 1125 181 BARLAAMUM.

1641 146 1708 178 1290

75 209 112 234 At
124 215 190 235 vero
202 214 262 243 qua:
280 207 314 235 de
331 207 383 235 Deo
404 211 479 239 sunt.
494 213 524 234 ea
539 207 822 241 supersubstantialia,
840 211 867 234 et
880 209 903 238 Α
918 206 1047 240 Quamvis
1079 205 1130 232 etsi
1146 205 1172 232 in
1192 203 1319 231 omnibus
1343 203 1451 230 cutibus
1465 202 1604 230 videretur
1626 203 1713 238 major

76 261 163 288 super
176 253 391 288 intelligentiam,
406 257 434 281 et
449 253 733 288 incomprehensibilia
754 261 814 282 esse
825 254 868 281 di—

78 297 172 326 cimus
192 307 199 327 :
216 303 243 326 et
261 298 378 326 maxime
407 306 437 325 ea
455 305 516 333 quae
544 299 576 327 de
595 300 666 326 trino
691 306 868 334 personarum

77 345 222 376 dicuntur,
250 344 352 372 credita
372 344 481 379 quidem
504 351 588 372 sacrm
617 345 763 380 Scripturze
782 346 868 373 tradi-

75 392 164 423 tione,
194 391 331 418 naturales
346 398 410 418 vero
427 394 534 419 nostras
549 391 741 427 intelligentias
764 392 869 428 fugien-

75 437 126 468 tia,
144 443 178 463 eo
192 436 265 471 quod
279 436 370 464 nullus
383 436 505 464 videatur
523 437 549 464 in
566 437 608 464 his
623 444 683 472 quae
697 445 713 465 a
732 438 812 465 nobis
827 438 871 465 in-

75 481 250 517 telliguntur,
262 481 361 509 modus
374 481 516 510 Trinitatis
533 492 539 510 :
556 482 741 511 indiﬂerenter
751 491 798 518 per
811 491 870 510 om-

74 527 123 554 nia
138 534 169 555 se
186 527 288 554 habens
302 526 340 553 illi
355 534 437 561 super
457 528 624 555 intellectum
640 528 781 556 Trinitati.

112 571 182 604 Quis
193 579 258 607 ergo
272 575 315 600 est
326 572 362 598 ita
371 572 466 600 tardus
479 577 580 606 mente,
590 578 620 600 ut
633 574 869 609 putet.bujusmo-

78 617 106 644 di
123 625 286 646 communes
300 619 437 652 notiones,
449 627 509 654 quae
520 621 734 655 correspondent
752 620 794 648 his
811 629 871 656 quae

73 670 89 689 a
115 663 197 691 nobis
220 663 339 698 perfecte
362 665 560 699 intelliguntur,
578 667 672 700 rebus,
689 675 784 696 omnes
802 670 870 697 sim-

74 708 187 743 pliciter
208 708 291 736 etiam
318 709 385 742 illis,
403 718 464 745 quae
478 719 559 747 super
573 717 696 740 nostram
717 714 871 750 intelligen~

74 755 145 782 tiam
161 759 236 788 sunt,
253 756 424 790 congruere?
439 757 484 784 ubi
507 765 595 793 neque
609 759 681 793 quod
701 764 765 787 sunt
782 759 808 788 in
823 768 871 788 na-

74 800 214 828 turalibus
229 808 301 833 vere.
315 800 371 835 jam
385 802 465 829 etiam
480 803 680 832 mathematicis
692 805 869 844 conveniunt,

72 846 119 873 vel
130 853 146 873 e
163 853 307 879 converso,
320 855 409 882 neque
421 848 495 883 quod
511 849 694 878 arithtneticis
703 851 744 879 vel
759 852 870 879 musicis

920 253 1069 289 propositio
1082 273 1089 284 ,
1109 251 1198 278 adhuc
1212 255 1325 278 restaret
1350 249 1496 284 ambigere,
1526 254 1618 276 utrum
1649 249 1711 276 illa.

920 307 979 326 rum
997 303 1039 326 est
1066 297 1294 332 propositionum,
1312 304 1371 331 qua:
1395 300 1421 323 et
1447 296 1473 323 in
1499 295 1609 324 emibus
1633 299 1658 323 et
1682 296 1709 322 in

919 344 1140 379 superessentiali
1163 342 1295 370 vetilicari
1312 347 1436 378 possunt,
1459 349 1493 368 an
1508 349 1573 369 non.
1592 342 1646 369 Sed
1659 341 1712 368 dif-

920 391 971 419 fert
983 391 1091 426 quidem
1111 390 1228 426 Spiritus
1244 389 1423 425 personaliter
1433 397 1446 415 a
1459 389 1538 420 Filio,
1553 397 1604 416 nott
1619 393 1709 415 tamen

920 437 1070 465 secundum
1095 437 1213 471 aliquem
1231 444 1246 463 τι
1265 435 1343 463 nobis
1373 435 1543 470 cognitorum
1558 435 1584 461 in
1598 434 1709 461 entibus

920 484 1075 510 modortttn.
1088 483 1119 510 Et
1134 487 1212 510 estne
1222 489 1284 509 vera
1302 482 1346 508 illa
1361 479 1471 508 Patrum
1485 481 1709 516 scntentia,quod

920 530 946 557 in
961 530 1012 557 hac
1023 529 1078 557 vita
1092 528 1261 564 impossibile
1274 533 1315 555 est
1328 528 1457 554 distincte
1471 531 1498 554 et
1521 534 1648 561 expresse
1666 534 1711 553 co-

920 575 1014 609 gnosci
1026 575 1103 607 illud,
1118 581 1172 609 quo
1189 573 1308 609 Spiritus
1323 573 1413 600 diﬂert
1429 582 1441 598 :t
1454 564 1548 599 Filio?
1566 580 1618 599 non
1635 571 1709 599 enim

921 618 987 646 illud
1003 619 1055 646 erit
1071 626 1156 647 ausus
1171 619 1270 654 aliquis
1299 619 1401 650 dicere,
1429 618 1500 652 quod
1527 617 1709 645 necessarium

920 671 971 697 est,
987 669 1034 692 aut
1048 665 1111 693 sciri
1128 665 1286 700 hujusmodi
1301 664 1528 701 dit'ferentiam,et
1542 664 1574 691 ad
1591 664 1709 698 aliquant

921 719 936 738 a
954 711 1034 739 nobis
1059 716 1187 739 notarum
1205 711 1308 744 reduci,
1338 715 1385 738 aut
1403 718 1576 746 nequaquam
1593 718 1665 738 esse.

956 758 1022 786 Item
1046 762 1073 786 et
1096 758 1175 785 talem
1200 758 1292 785 audivi
1310 757 1511 794 syllogismum,
1529 758 1554 785 in
1574 765 1628 792 quo
1649 762 1710 784 tart-

921 811 1002 839 quam
1025 804 1116 832 minor
1137 804 1289 839 propositio
1306 803 1511 838 supponebatur
1529 811 1536 830 :
1555 795 1623 835 Quia
1640 803 1711 830 sicut

922 857 950 877 se
965 849 1047 877 habet
1060 851 1166 884 spirare
1187 850 1220 877 ad
1237 850 1394 884 procedere,
1415 849 1451 876 ita
1475 856 1504 877 se
1522 849 1604 876 habet
1628 856 1711 883 gene-

74 891 160 918 rebus
178 891 404 926 cerrespondent,
421 892 478 927 jam
509 894 592 922 etiam
616 896 795 930 geometricas
825 898 867 925 Vel
886 896 906 924 B
924 903 983 923 rare
995 897 1027 924 ad
1038 896 1324 931 generari.Tanquam
1341 903 1403 924 vero
1411 896 1498 931 major
1507 895 1709 928 aSSumebatur,

72 937 262 972 perspectivas
277 939 425 972 attingunt.
436 938 521 966 Multo
536 947 601 976 ergo
616 941 705 970 minus
719 943 868 977 putandum

72 987 118 1010 est
133 983 410 1017 supersubstanlialia
426 984 528 1012 eisdem
544 987 755 1016 necessitatibus
768 990 869 1018 servire

73 1036 140 1056 cum
166 1028 292 1064 bis,quze
314 1029 367 1057 sub
394 1030 572 1066 intelligentia
602 1038 693 1061 nostra
717 1039 789 1062 sunt.
810 1035 869 1063 Non

72 1080 144 1108 ergo
165 1074 351 1101 necessarium
365 1079 418 1108 est,
438 1083 519 1104 omne
533 1077 606 1112 quod
618 1079 783 1112 praedicatur
796 1080 869 1108 allir-

73 1119 180 1147 mative
191 1120 234 1148 vel
243 1121 367 1155 negative
373 1121 412 1149 de
422 1121 468 1149 illa
479 1130 519 1155 re,
532 1130 593 1158 quae
608 1129 702 1152 nostra
711 1125 869 1161 intelligen-

74 1166 115 1193 tia
127 1167 379 1201 comprehenditur,
390 1168 440 1196 hoc
451 1169 533 1196 etiam
547 1171 581 1198 de
595 1170 640 1198 illa
652 1179 692 1204 re,
705 1180 766 1206 qua:
777 1178 869 1201 trans-

74 1213 172 1240 cendit
191 1218 313 1241 nostram
333 1214 552 1249 intelligentiam,
566 1216 693 1245 similiter
714 1219 867 1253 praedicari.

110 1258 185 1294 Ergo
201 1264 249 1286 aut
262 1259 336 1287 nulla
347 1260 505 1295 huiusmodi
520 1263 707 1291 communium
725 1264 867 1292 notionum

75 1312 166 1339 usque
183 1305 216 1332 ad
231 1305 304 1332 illam
318 1306 608 1341 supersubstantialem
622 1313 649 1336 et
660 1308 870 1346 incomprehen-

75 1351 187 1379 sibilem
202 1352 348 1379 essentiam
364 1353 486 1387 pervenit
503 1362 510 1381 :
525 1358 572 1382 aut
586 1354 682 1390 aliqua:
706 1356 755 1389 ita,
776 1363 802 1384 et
816 1357 867 1384 ali-

75 1404 140 1431 quae
156 1404 221 1423 non.
235 1396 287 1424 Sed
305 1401 332 1425 et
348 1396 400 1424 hoc
413 1397 521 1426 sumcit.
533 1398 604 1434 Ergo
618 1405 645 1428 et
660 1400 711 1428 hoc
722 1408 866 1435 concesso,

75 1441 206 1477 quoniam
223 1441 314 1477 aliqua
338 1443 503 1472 discretione
518 1446 672 1474 necessaria
698 1453 753 1474 non
779 1447 867 1474 habeo

75 1487 252 1523 conspicere,
271 1495 332 1523 quae
347 1496 443 1516 earum
465 1497 525 1524 quae
537 1490 563 1517 in
577 1491 688 1519 entibus
705 1499 776 1519 verae
803 1497 868 1519 sunt

74 1534 216 1566 notiones,
232 1538 260 1561 et
283 1534 315 1561 ad
341 1535 513 1569 superﬁciale
528 1541 555 1563 et
576 1537 865 1572 superintelligentiam

74 1579 274 1607 transferendae
285 1584 361 1614 sunt,
371 1585 398 1607 et
406 1588 466 1616 quae
480 1589 555 1616 non;
576 1583 726 1611 cumaudio
734 1583 821 1611 Latini
833 1591 866 1612 ex

76 1626 235 1661 huiusmodi
255 1626 499 1661 propositionibus,
523 1627 557 1655 de
568 1629 706 1663 proposita
717 1630 866 1663 quaestione

73 1672 397 1708 syllogismum;etiamsi
410 1673 466 1700 sint
484 1674 510 1700 in
527 1675 655 1703 omnibus
674 1676 782 1703 entibus
803 1684 867 1710 pro-

74 1718 228 1752 positiones
248 1725 331 1751 verae,
345 1723 465 1746 attamen
480 1719 613 1754 nequiens
627 1720 694 1748 satis
709 1722 865 1749 discernere

73 1764 155 1798 cujus
166 1764 274 1798 generis
286 1769 365 1791 sunt:
379 1770 470 1792 utrum
482 1766 555 1794 illius
566 1766 682 1800 quodex
703 1767 812 1794 etttibus
830 1767 864 1794 ad

74 1810 303 1844 superessentiale
317 1812 499 1839 conscendere
511 1812 608 1846 valeat,
617 1819 651 1839 an
664 1819 717 1839 non
730 1820 737 1845 ;
757 1813 865 1847 penitus

75 1855 199 1890 ambigo,
215 1859 243 1882 et
256 1855 351 1883 dubito
369 1857 538 1884 conclusioni
562 1857 719 1893 hujusmodi
742 1859 865 1894 syllogis-

73 1902 114 1929 mi
127 1903 266 1930 assentiri.
289 1903 458 1931 Generaliter
482 1904 590 1938 quidem
620 1903 656 1931 ita
673 1911 689 1932 a
708 1912 751 1932 me
768 1909 864 1932 osten-

73 1955 137 1976 sum
162 1949 207 1981 sit,
231 1949 267 1976 ob
285 1957 368 1984 quam
386 1957 496 1977 causam
516 1958 563 1985 per
580 1957 675 1978 eorum
692 1951 772 1978 verba
795 1958 864 1978 non-

72 1994 140 2022 dum
172 1994 237 2022 mihi
266 2002 426 2029 persuasum
455 1996 495 2024 eis
521 1996 644 2024 credere.
677 1996 736 2024 Non
751 1997 803 2025 erit
818 2005 864 2032 pe-

70 2039 119 2074 jus
134 2039 203 2067 forte
220 2045 247 2067 et
259 2041 366 2075 aliquos
383 2042 562 2076 particulares
581 2043 755 2079 syllogismos
767 2051 862 2072 eorum

73 2093 259 2113 commemora
265 2094 305 2114 re.

108 2130 209 2158 Audivi
230 2131 378 2166 aliquando
403 2133 536 2168 quosdam
555 2133 667 2162 Latinos
689 2135 727 2162 ita
750 2136 862 2172 syllogi-

73 2180 178 2203 zantes.
196 2175 387 2212 Supponentes
402 2179 473 2205 enim
495 2183 624 2214 tauquam
642 2180 774 2208 minorem
796 2189 861 2216 pro-

921 941 990 975 Quia
1012 943 1174 977 generaliter
1190 943 1217 970 in
1241 943 1368 971 omnibus
1384 943 1501 974 cutibus.
1519 943 1542 970 si
1559 942 1594 969 sit
1610 946 1639 969 ut
1654 942 1709 977 pri-

922 996 995 1016 mum
1015 989 1048 1017 ad
1075 989 1237 1023 secundum,
1259 989 1295 1017 ita
1316 990 1427 1016 tertium
1453 989 1487 1017 ad
1513 993 1640 1024 quartum
1658 996 1666 1015 ε
1682 992 1710 1016 et

921 1036 1094 1069 permutatitn
1105 1035 1229 1070 sumptis,
1237 1040 1278 1063 est
1287 1036 1357 1063 sicut
1368 1035 1485 1070 primum
1494 1035 1526 1062 ad
1539 1034 1659 1068 tertium.
1670 1041 1710 1062 5e-

920 1080 1038 1108 cundtttn
1051 1081 1084 1108 ad
1096 1086 1235 1116 quartum.
1251 1081 1281 1108 Et
1296 1090 1327 1110 ex
1342 1082 1384 1109 his
1401 1081 1708 1116 concludebalur,quod

919 1126 991 1153 sicut
1006 1133 1036 1154 se
1045 1126 1126 1154 habet
1146 1127 1251 1162 spirare
1267 1127 1299 1153 ad
1315 1133 1455 1162 generare,
1472 1126 1507 1152 ita
1522 1133 1551 1153 se
1565 1125 1646 1152 debet
1660 1126 1709 1151 ha-

920 1171 984 1199 bere
993 1175 1020 1199 et
1035 1173 1181 1206 procedere
1195 1173 1229 1200 ad
1244 1173 1380 1207 generari.
1394 1173 1496 1207 thuia
1509 1171 1637 1199 dicebant
1652 1170 1693 1205 spi

920 1223 981 1243 rare
992 1221 1020 1244 et
1031 1224 1162 1251 generare
1176 1218 1369 1245 concurrentia
1381 1218 1462 1244 simul
1473 1218 1499 1244 itt
1513 1225 1566 1244 uua
1581 1224 1708 1252 persona,

920 1261 1024 1292 scilicet
1033 1263 1125 1296 Patre,
1145 1271 1200 1291 non
1212 1264 1315 1292 faciunt
1327 1263 1506 1291 differentiam
1524 1263 1707 1297 personalem.

920 1308 979 1336 Non
1004 1317 1069 1344 ergo
1080 1310 1228 1344 procedere
1249 1315 1275 1338 et
1290 1310 1485 1345 generarijipsa
1510 1317 1558 1344 per
1581 1316 1611 1337 se
1626 1309 1707 1336 diire-

919 1358 1009 1382 rentes
1023 1354 1139 1382 elIicient
1156 1363 1298 1390 personas.
1315 1356 1347 1383 Et
1365 1357 1402 1383 ita
1414 1356 1496 1382 aliam
1511 1355 1628 1390 aliquam
1644 1362 1708 1389 per-

920 1400 1040 1427 sonalem
1051 1400 1232 1429 dill‘erentiam
1249 1401 1368 1436 Spiritus
1388 1401 1420 1428 ad
1436 1401 1534 1428 Filium
1553 1403 1707 1435 quaerentes

919 1449 1057 1479 postremo
1077 1446 1222 1474 veniebant
1235 1446 1270 1473 ad
1285 1445 1515 1477 concludendum,
1536 1449 1563 1472 et
1584 1452 1617 1472 ex
1637 1443 1706 1470 Filio

918 1497 984 1525 ergo
998 1489 1132 1526 Spiritum
1151 1491 1309 1526 procedere.
1324 1491 1366 1519 Me
1380 1498 1469 1526 neque
1494 1491 1544 1518 hos
1558 1489 1635 1525 sequi
1657 1497 1706 1516 va-

919 1535 992 1562 lente
1003 1555 1010 1569 ,
1032 1536 1192 1571 perquirens
1207 1536 1280 1564 enim
1297 1536 1324 1564 in
1346 1543 1390 1563 me
1404 1536 1463 1569 ipso
1478 1535 1550 1562 entia
1562 1554 1570 1567 ,
1585 1534 1706 1561 invenie-

918 1580 979 1608 bam
994 1580 1020 1608 in
1038 1581 1130 1609 multis
1142 1582 1273 1616 majorem
1286 1580 1620 1616 propositionem’l‘alsatu,
1633 1580 1705 1606 mul-

918 1627 952 1654 tis
965 1626 1031 1654 visis
1044 1646 1051 1659 .
1076 1631 1103 1654 et
1127 1627 1154 1654 in
1171 1627 1335 1655 substantiis
1364 1632 1390 1654 et
1406 1628 1433 1654 in
1450 1626 1659 1662 quantitatibus,
1676 1628 1705 1652 et

917 1671 944 1698 iu
964 1672 1095 1700 relativis.
1114 1672 1166 1700 Sed
1183 1674 1299 1707 primatu
1324 1673 1485 1707 positionem
1506 1673 1586 1708 primi
1610 1671 1644 1698 ad
1660 1679 1706 1699 sc-

916 1717 1048 1750 cundum,
1065 1718 1214 1745 secundutn
1234 1725 1300 1745 vero
1318 1719 1398 1753 primi
1423 1719 1456 1745 ad
1480 1719 1601 1751 tertium,
1618 1723 1645 1745 et
1662 1725 1706 1745 se-

916 1762 998 1789 cundi
1013 1763 1047 1790 ad
1062 1767 1202 1798 quartum,
1225 1771 1278 1791 non
1303 1764 1477 1790 servantibus
1493 1765 1705 1798 proportionali-

917 1813 999 1836 tatem
1017 1817 1023 1835 ε
1039 1809 1180 1843 quamvis,
1194 1815 1223 1836 ut
1236 1809 1315 1844 paulo
1341 1813 1404 1836 autc
1417 1809 1484 1847 dixi,
1500 1810 1550 1837 ctsi
1571 1811 1598 1838 in
1614 1812 1704 1838 omni-

915 1854 966 1881 bus
980 1862 1040 1889 qua:
1055 1855 1124 1882 intra
1140 1859 1257 1882 mentem
1272 1859 1394 1882 nostram
1408 1860 1482 1887 suttt,
1497 1855 1636 1883 videretur
1656 1856 1706 1883 htt-

913 1899 1034 1934 jusmodi
1047 1907 1108 1928 esse
1120 1908 1214 1928 verum
1233 1908 1240 1927 :
1257 1901 1392 1929 incertum
1409 1901 1499 1929 adhuc
1513 1907 1598 1933 esset.
1612 1907 1704 1930 utrum

914 1951 942 1974 et
951 1946 978 1973 itt
995 1946 1038 1973 illa
1054 1953 1093 1978 re,
1103 1954 1163 1982 quae
1173 1955 1280 1974 omnem
1293 1952 1410 1975 mentctn
1421 1948 1538 1978 excellit.
1551 1955 1644 1975 verum
1657 1950 1705 1978 sit.

950 1992 1015 2020 Item
1031 1998 1058 2021 et
1071 1994 1110 2021 sic
1124 1994 1235 2029 quidam
1252 2000 1479 2028 argumentantur
1496 2004 1504 2022 :
1522 1995 1620 2023 Omnia
1640 2000 1705 2023 sunt

914 2040 1070 2067 communia
1094 2040 1184 2067 Patris
1203 2044 1231 2067 et
1254 2040 1326 2072 Filii,
1351 2045 1448 2074 prtetcr
1464 2042 1519 2074 illa,
1537 2043 1637 2076 quibus
1654 2044 1704 2070 atl-

915 2089 1040 2112 versatur
1056 2092 1149 2112 eorum
1176 2085 1247 2113 inter
1263 2093 1292 2115 se
1318 2087 1424 2114 relatio.
1445 2087 1480 2114 At
1506 2095 1572 2114 vero
1598 2089 1705 2123 spiran-

915 2135 968 2158 tem
978 2131 1126 2166 potentiam
1139 2139 1193 2159 non
1207 2132 1368 2160 adversatur
1382 2131 1472 2160 Patris
1488 2133 1521 2160 ad
1537 2133 1646 2165 Filium,
1662 2134 1704 2161 vt-l

914 2176 976 2204 Filii
994 2177 1027 2204 ad
1044 2177 1149 2205 Patrem
1167 2178 1279 2211 relatio;
1295 2179 1424 2213 spimtita
1442 2187 1507 2214 ergo
1522 2181 1641 2214 polentia
1654 2181 1705 2208 Pa-

72 2220 249 2255 positionem,
275 2223 348 2256 quod
368 2222 488 2257 Spiritus
507 2230 618 2252 sanetus
643 2221 752 2252 realiter
772 2225 862 2252 differt
875 2233 901 2263 D
916 2224 964 2251 tris
980 2229 1006 2251 et
1021 2223 1092 2251 Filii.
1107 2225 1162 2259 Ego
1174 2231 1240 2251 vero
1255 2232 1344 2259 neque
1358 2225 1423 2253 huic
1438 2226 1596 2262 syllogismo
1609 2236 1703 2255 asseu-

72 2275 87 2293 a
103 2267 181 2299 Filio,
195 2271 222 2294 et
234 2268 364 2296 addentes
378 2273 505 2304 tanquam
519 2271 662 2304 majorem,
676 2271 747 2306 quod
769 2271 861 2299 omnia

72 2321 135 2348 qua:
152 2314 213 2340 sine
227 2314 342 2341 materia
364 2316 398 2342 ab
424 2315 540 2343 invicem
565 2316 704 2350 dilTerunt,
730 2322 777 2345 aut
791 2318 863 2345 sicut

72 2359 211 2386 contraria
227 2359 367 2391 dillerunt,
385 2364 432 2388 aut
454 2361 525 2388 sicut
548 2362 657 2390 habitus
680 2368 707 2390 et
734 2364 860 2398 privatio,

71 2409 120 2431 aut
142 2404 213 2431 sicut
237 2404 381 2432 atlirmatio
396 2410 423 2433 et
439 2407 557 2442 negatio,
581 2412 627 2435 aut
644 2409 713 2436 sicut
726 2410 837 2437 relativa
855 2419 863 2444 ;

73 2449 174 2477 deinde
195 2451 380 2482 ostendentes,
404 2453 475 2486 qttod
494 2453 589 2479 horum
606 2458 661 2481 tres
677 2456 861 2489 praecedentes

73 2494 149 2522 modi
163 2495 215 2522 illis
229 2495 329 2523 divinis
343 2497 468 2531 personis
481 2497 591 2525 minime
601 2507 751 2534 congruere
761 2501 860 2534 valent;

72 2541 276 2569 concludebant
289 2550 365 2577 ergo,
377 2543 450 2578 quod
461 2544 612 2571 secundum
627 2546 740 2572 relativo
754 2551 860 2573 tantum

73 2588 194 2624 Spiritus
213 2594 325 2616 sanctus
341 2593 430 2623 potest
450 2589 580 2625 distingui
596 2598 610 2618 a
627 2591 706 2624 Filio,
724 2596 750 2619 et
763 2593 797 2619 ita
814 2600 861 2626 per

71 2635 196 2662 Ordinem
215 2636 403 2668 procedentes,
421 2630 564 2663 venieban’t
579 2637 612 2664 ad
630 2638 737 2665 linalem
750 2640 861 2666 conclu-

71 2683 189 2709 sionem.
209 2681 262 2709 Sed
283 2690 325 2709 me
339 2683 452 2710 minime
469 2691 516 2718 per
538 2683 589 2712 hoc
614 2691 765 2713 moverunt.
791 2686 861 2713 Ven-

73 2734 130 2755 tum
146 2728 217 2755 cuint
235 2730 267 2755 ad
287 2729 398 2763 angelos
421 2734 447 2756 ct
470 2731 588 2762 anintas,
608 2737 634 2759 et
653 2734 860 2762 mathematicos

71 2782 203 2802 numeros
220 2779 246 2802 et
260 2775 357 2802 horum
373 2776 492 2803 maxime
507 2779 693 2810 superlicialcs
704 2784 730 2806 et
746 2780 859 2814 solidos,

71 2821 157 2848 multa
178 2822 229 2848 vidi
245 2828 271 2848 et
288 2822 348 2849 siue
364 2823 475 2849 materia
494 2830 560 2858 pure
576 2824 722 2858 intellecta,
741 2832 765 2854 ct
785 2827 859 2853 nullo

72 2868 260 2902 prii-dictorum
272 2872 390 2903 quatuor
401 2869 544 2895 modorum
552 2869 585 2897 ab
599 2871 714 2899 invicem
729 2872 856 2901 discreta.

238 2922 364 2945 PATROL-
379 2916 435 2946 Gtt.
453 2916 527 2946 CLI.

915 2271 983 2303 tior;
1013 2276 1123 2305 propter
1154 2270 1227 2304 qttod
1251 2271 1346 2305 utique
1372 2272 1452 2299 habet
1480 2273 1594 2307 vitium;
1629 2275 1703 2310 quod

913 2318 984 2344 enim
998 2318 1139 2352 qumritur,
1162 2317 1280 2343 sumitur
1295 2321 1325 2343 ut
1342 2317 1536 2351 manifestum;
1557 2320 1582 2346 in
1601 2322 1704 2355 majore

912 2364 984 2390 enim
1002 2363 1187 2398 propositione
1211 2370 1259 2397 per
1280 2364 1435 2390 communia
1453 2370 1479 2392 et
1495 2366 1548 2392 alia
1568 2367 1648 2394 verba
1663 2369 1704 2394 Iu-

913 2414 1001 2437 tettter
1015 2411 1080 2445 petit
1097 2410 1271 2444 principium.

947 2457 1044 2484 Nullus
1059 2457 1131 2484 enim
1147 2465 1240 2485 eorum
1257 2458 1302 2492 qui
1316 2458 1349 2486 de
1361 2459 1537 2486 conclusione
1549 2460 1701 2494 ambigunt,

912 2503 1044 2538 majorem
1068 2504 1199 2530 conecdet
1220 2504 1447 2539 propositionem.
1467 2504 1534 2532 Cum
1560 2505 1632 2532 enim
1654 2507 1700 2534 illa

912 2555 1038 2583 persona,
1066 2557 1125 2583 qurc
1140 2548 1177 2575 ita
1196 2554 1238 2577 est
1254 2554 1283 2576 ut
1298 2557 1314 2582 a
1338 2549 1413 2577 nullo
1435 2550 1480 2583 sit,
1496 2551 1638 2585 aequaliter
1653 2553 1699 2579 Ita-

912 2595 974 2622 beat
989 2600 1016 2622 et
1037 2603 1170 2630 generare
1186 2601 1214 2623 ct
1237 2596 1342 2630 spirare
1362 2605 1368 2624 :
1388 2598 1530 2631 qutcritur,
1556 2603 1650 2626 utrum
1667 2607 1700 2626 ex

911 2647 1028 2676 utraque
1043 2643 1101 2670 hrec
1120 2643 1229 2677 propria
1252 2648 1317 2670 sunt
1330 2643 1390 2678 ejus
1409 2644 1570 2679 simpliciter
1585 2654 1592 2672 :
1610 2653 1700 2681 nequc

911 2686 989 2719 Filio,
1008 2695 1096 2723 neque
1120 2688 1225 2723 Spiritu
1243 2697 1273 2716 en
1290 2690 1464 2718 habentibus.
1492 2691 1533 2718 An
1559 2692 1593 2719 ad
1613 2691 1702 2727 Spiri-

912 2740 967 2761 tum
985 2734 1094 2769 quidcm
1109 2737 1218 2770 propria
1236 2741 1298 2763 sunt
1315 2737 1386 2770 ejus,
1403 2737 1434 2763 ad
1454 2737 1553 2764 Filium
1570 2746 1635 2766 vero
1647 2747 1700 2766 non

911 2780 1004 2811 ambo,
1019 2781 1066 2807 sed
1083 2782 1170 2808 solum
1189 2789 1330 2817 generare,
1355 2783 1458 2818 spirare
1474 2790 1538 2812 vero
1553 2791 1701 2812 commune

911 2827 990 2853 habet
1009 2835 1070 2854 cutn
1089 2836 1132 2855 eo.

945 2873 1001 2901 lloc
1019 2874 1120 2909 imque,
1145 2883 1206 2903 cum
1229 2881 1376 2912 qumratur,
1397 2885 1504 2904 ςιιιγιρτη
1529 2877 1701 2911 simpliciter,

1501 2925 1536 2955 Ἠ
