1868 3069
165 136 229 167 l‘Z'Ji

798 133 983 164 DEMETRII
998 133 1152 165 CYDONII

1720 138 1784 171 1292

159 192 230 226 quod
252 191 332 218 Pater
352 197 482 225 generare
504 189 615 225 quidem
640 190 723 217 habet
739 190 825 222 solus,
842 190 948 225 spirare
963 193 985 222 Α
1000 189 1088 216 adhuc
1106 196 1152 224 per
1168 188 1294 224 generan
1316 190 1476 222 concilium,
1499 190 1572 225 quod
1589 191 1688 223 sciam.
1703 194 1785 220 ratiﬁ-

159 246 224 266 vero
238 245 299 265 cum
317 235 387 263 Filio
406 245 413 263 :
432 235 495 271 quid
507 236 581 263 aliud
602 240 643 263 est
659 244 741 270 quam
758 237 856 271 petitio
870 236 948 271 prin-

160 285 244 319 cipii,
262 284 369 312 etiamsi
397 291 451 310 non
481 289 574 318 aperte
597 288 681 318 ponat
705 283 753 319 qui
780 284 873 317 sutnit,
901 283 948 311 sed

159 339 210 367 por
239 331 429 358 (ontmuniora
451 331 532 357 verba
544 330 668 358 eumdem
680 330 798 358 occultet
809 338 920 359 sensum
936 331 947 356 τ

194 378 328 405 Csetorum
347 377 411 412 quid
436 376 564 411 prohibet
586 381 788 412 supponentem
808 377 946 410 similiter,

158 424 231 460 quod
246 423 338 451 omnia
355 424 409 450 sint
424 423 579 450 communia
604 423 746 456 spiratoris
763 427 790 450 et
813 423 945 457 Spiritus,

158 475 254 506 praeter
270 469 325 500 illa.
343 469 442 503 quibus
458 468 618 505 adversatur
632 475 727 494 eorum
746 469 816 495 inter
829 475 857 495 se
875 469 946 496 rela-

158 518 216 550 tio;
233 524 281 552 per
300 515 399 543 similia
415 514 501 542 media
517 513 680 541 concludere
695 522 702 539 :
722 514 794 548 quod
812 518 839 541 et
859 514 946 549 Spiri-

156 568 202 590 tus
224 567 334 590 sanctus
351 561 457 596 genitor
469 561 532 588 est?
546 561 616 595 Ergo
632 559 703 587 sicut
727 560 788 592 hoc,
809 560 845 588 ita
862 560 945 588 etiam

159 609 224 635 illud
240 607 439 643 paralogismus
455 611 507 633 est.

193 653 258 680 item
277 653 344 680 alias
360 659 421 680 t-um
440 651 608 678 audivissem
623 655 778 678 sumentem
797 651 944 685 quemdam

158 705 189 726 ut
209 698 396 729 manifestum.
421 697 504 724 Deum
521 696 628 724 Patrem
646 696 799 732 intelligere
821 702 848 724 et
866 697 945 729 velle,

159 749 184 772 cl
198 752 230 773 ex
244 743 421 779 intelligendo
435 743 630 778 producentem
643 742 742 770 Filium
757 751 764 776 ;
779 743 812 770 de
831 743 946 770 volendo

159 798 247 820 autem
264 790 406 826 Spiritum.
423 794 449 816 et
464 796 512 824 per
529 788 652 823 quaedam
674 788 761 815 media
790 789 855 821 alia,
871 796 945 822 que-

161 838 279 865 stioncm
297 836 504 864 concludentem
518 843 524 861 :
537 835 614 862 initio
625 834 733 869 quidem
747 842 816 869 pene
831 834 944 866 credidi,

159 890 290 919 tanquam
306 884 374 910 bene
395 887 466 909 esset
482 882 586 909 dictum
602 890 608 908 ε
625 881 705 915 paulo
728 888 793 908 vero
810 885 870 915 post
887 881 946 907 ani-

159 931 345 961 madvertens.
359 930 434 964 quia,
452 927 590 963 quomodo
606 927 733 963 intelligit
743 932 769 955 et
783 928 841 955 vult
855 927 945 961 Pater,

159 977 254 1004 eodem
277 975 462 1003 indilicrenter
476 980 503 1002 et
519 975 615 1007 Filius.
634 980 661 1002 et
681 974 800 1010 Spiritus
823 979 945 1007 sanctus,

158 1027 184 1050 et
197 1026 252 1049 tota
266 1022 388 1048 Trinitas
404 1021 531 1056 intelligit
541 1027 568 1048 et
584 1021 653 1053 vult,
670 1025 698 1048 et
712 1020 800 1048 nihilo
813 1021 901 1055 magis
912 1028 946 1047 ex

158 1070 198 1097 eis
215 1069 294 1096 aliter
315 1069 412 1099 Filius.
428 1068 470 1095 vel
489 1067 568 1095 aliter
591 1067 710 1102 Spiritus
726 1072 836 1095 emanat
852 1076 859 1095 :
879 1067 946 1094 nihil

160 1115 351 1142 necessarium
369 1115 444 1141 illum
456 1114 557 1141 dixisse
573 1114 676 1148 putari.
693 1114 738 1141 sed
757 1113 847 1148 potius
862 1113 946 1140 multa

159 1159 379 1187 inconvenientia
413 1159 537 1194 perspexi
571 1161 604 1186 de
638 1158 793 1192 hujusmodi
818 1165 946 1186 sermone

157 1205 284 1233 orientia.

194 1251 290 1278 Causa:
304 1250 426 1285 quidem,
442 1258 490 1285 per
509 1257 579 1285 quas
599 1257 654 1277 non
675 1249 742 1276 mihi
767 1248 875 1276 videtur
899 1256 946 1276 ne-

158 1298 308 1325 cessarium
329 1304 402 1328 esse,
429 1304 477 1331 per
493 1296 576 1324 verba
600 1302 696 1322 eorum
714 1295 780 1323 sciri
804 1295 845 1322 vel
869 1295 943 1322 credi

159 1345 292 1380 Spiritum
311 1343 410 1371 factum
423 1349 450 1370 et
463 1351 496 1370 ex
514 1341 582 1369 Filio
597 1342 756 1377 procedere,
773 1342 814 1368 hze
829 1345 904 1369 sunt.

193 1390 262 1418 Volo
278 1395 367 1417 autem
384 1389 431 1417 tibi
446 1388 599 1419 ostendere.
617 1392 644 1415 et
658 1387 775 1422 qualiter
792 1395 835 1414 me
858 1387 945 1414 habeo

158 1444 221 1471 erga
235 1437 308 1464 dicta
328 1440 483 1464 sanctorum
500 1440 655 1462 nostrortttn
669 1433 789 1466 Patrum,
806 1434 852 1469 qui
867 1434 892 1461 id
906 1435 950 1469 ip--

159 1491 219 1511 sum
238 1485 308 1518 quod
324 1483 401 1510 aiunt
415 1483 503 1510 Latini
519 1484 545 1510 in
561 1483 618 1510 suis
642 1482 751 1516 scriptis
766 1482 871 1510 dicttnt.
886 1482 943 1517 Ego

1001 240 1094 263 calum
1110 240 1162 262 est.
1181 234 1251 270 Ergo
1266 235 1374 263 etiatnsi
1391 243 1406 263 a
1429 236 1522 263 multis
1542 238 1647 265 sanctis
1662 237 1687 265 id
1701 239 1784 272 ipsum

999 281 1109 315 dicitur.
1127 282 1198 309 nolle
1213 281 1352 315 assentiri,
1370 282 1474 309 nullum
1492 283 1645 318 periculum
1668 284 1734 311 mihi
1746 285 1785 311 vi-

999 330 1076 358 detur
1091 338 1162 358 esse.
1187 330 1281 358 Restat
1306 337 1371 364 ergo
1395 331 1572 358 considerare
1597 331 1785 360 auctoritatem

999 376 1129 404 Romanae
1152 375 1292 408 Ecclesiae.
1315 384 1350 403 ne
1371 377 1556 404 necessarium
1581 377 1630 410 sit.
1659 378 1784 411 quoniam

999 427 1085 449 mater
1099 426 1151 454 est,
1167 425 1195 448 et
1209 421 1294 455 prima
1318 422 1441 449 omnium
1462 421 1661 453 Ecclesiarum,
1677 423 1786 450 credere

998 468 1170 502 simpliciter.
1197 468 1380 502 quodcunque
1399 468 1454 502 ipsa
1477 475 1584 502 semper
1599 469 1633 496 de
1658 468 1787 504 Deodog-

998 515 1122 541 matizat.

1034 561 1087 588 Sed
1103 561 1136 588 ad
1154 561 1205 587 hoc
1221 560 1315 587 evenit
1332 560 1398 587 mibi
1414 567 1511 588 rursus
1523 560 1662 592 haesitare,
1677 568 1711 588 ne
1722 560 1786 589 forte

999 607 1025 633 in
1041 607 1217 641 dogmatibus
1246 606 1322 639 ﬁdei.
1337 606 1438 641 quibus
1455 605 1542 633 ﬁdelis
1568 607 1604 633 ab
1619 606 1728 638 infideli
1744 607 1785 633 di~

998 653 1156 687 stinguitttr.
1186 661 1240 680 non
1258 653 1358 680 idonea
1381 653 1416 680 sit
1439 653 1511 680 illius
1525 652 1655 681 Ecclesia
1671 654 1786 680 auctori-

998 704 1041 727 tas
1057 720 1064 732 ,
1082 699 1129 727 sed
1153 699 1319 733 requirenda
1345 699 1426 726 etiam
1456 699 1620 726 universalis
1647 699 1782 727 Ecclesiae.

998 745 1054 773 lioc
1068 750 1157 772 autem
1171 745 1265 773 dubito
1281 752 1314 772 ex
1329 745 1435 775 multis.

1033 792 1166 822 Primum.
1196 794 1268 826 qttod
1285 791 1311 818 in
1332 791 1463 824 Symbolo
1489 791 1552 818 ﬁdei
1577 799 1633 819 non
1671 792 1784 819 dicimus

998 837 1111 865 credere
1122 837 1149 864 in
1159 836 1308 864 Romanam
1324 836 1485 867 Ecclesiam.
1499 837 1546 864 sed
1563 837 1592 864 in
1609 837 1782 865 catholicam.

999 884 1160 917 Quanquam
1186 882 1250 916 quid
1274 882 1416 917 prohibeat
1432 882 1513 910 etiam
1539 881 1605 910 illud
1617 890 1671 910 nos
1686 882 1782 915 dicere,

999 929 1021 955 si
1035 928 1102 956 satis
1117 928 1208 955 esset?

1033 974 1136 1002 Deinde
1151 973 1250 1001 olitnin
1264 973 1380 1001 diversis
1393 973 1468 1001 orbis
1481 974 1614 1008 partibus,
1634 981 1699 1002 cum
1716 975 1782 1003 mul-

997 1024 1031 1048 tae
1044 1024 1111 1047 ortae
1124 1019 1239 1047 fuissent
1256 1020 1375 1047 haereses
1389 1024 1416 1046 et
1429 1019 1605 1054 qumsliones.
1621 1025 1650 1047 et
1664 1021 1699 1048 de
1709 1020 1781 1054 Filio,

996 1073 1023 1095 et
1041 1067 1075 1094 de
1088 1066 1189 1102 Spiritu
1201 1071 1306 1098 sancto,
1321 1071 1349 1094 et
1367 1067 1401 1093 de
1418 1066 1616 1098 incarnatione,
1637 1075 1692 1094 non
1719 1068 1782 1095 reie-

996 1113 1127 1140 rebantur
1145 1113 1259 1147 quaesita
1287 1112 1320 1140 ad
1336 1111 1486 1139 Romanam
1518 1111 1690 1144 Ecclt-siam,
1706 1118 1734 1139 ut
1748 1113 1782 1140 ibi

996 1158 1150 1186 examinata
1175 1162 1202 1185 et
1215 1157 1395 1185 determinata
1414 1157 1544 1185 omnibus
1565 1160 1723 1189 tradantur.
1736 1166 1781 1186 Ite-

996 1212 1048 1238 que
1075 1204 1121 1231 alii
1138 1204 1170 1231 ad
1186 1204 1238 1231 hoc
1268 1204 1356 1231 solum
1380 1205 1574 1239 respiciebant,
1588 1205 1776 1240 quidnamilla

996 1250 1115 1278 Ecclesia
1131 1250 1165 1277 de
1184 1250 1223 1278 eis
1251 1250 1484 1282 determinaverit,
1511 1251 1557 1277 sed
1583 1251 1724 1285 generalia
1740 1259 1782 1287 ag-

995 1298 1179 1333 gregabantur
1209 1297 1338 1329 concilia,
1360 1301 1386 1324 et
1405 1297 1489 1324 totius
1520 1297 1653 1324 Ecclesia:
1669 1299 1784 1333 cognitio

994 1348 1022 1370 et
1031 1343 1165 1370 sententia
1181 1343 1216 1371 de
1225 1343 1357 1370 dttbitatis
1372 1343 1521 1371 vocabatur
1534 1352 1541 1370 :
1555 1351 1620 1371 eum
1642 1345 1695 1371 hoc
1714 1350 1784 1373 esset

995 1389 1080 1416 multo
1115 1389 1251 1417 diliicilius
1266 1397 1347 1425 quam
1378 1390 1455 1417 illttd.
1481 1391 1514 1417 Et
1527 1391 1600 1424 quod
1630 1392 1719 1426 magis
1733 1397 1783 1421 est.

995 1443 1085 1471 neque
1099 1436 1177 1470 jussu
1198 1443 1272 1471 papa;
1292 1437 1336 1463 illa
1352 1437 1468 1464 concilia
1486 1437 1721 1472 aggregabantur,
1739 1438 1782 1464 sed

995 1486 1074 1516 prout
1085 1486 1207 1516 apparet,
1221 1486 1248 1508 et
1260 1489 1308 1516 per
1320 1481 1463 1510 ebronicss
1474 1487 1501 1509 et
1516 1482 1675 1517 imperiales
1688 1484 1785 1518 episto-

159 1529 267 1564 qnidem
278 1529 369 1555 inveni
385 1528 494 1560 multos,
507 1528 552 1562 qui
569 1528 620 1555 hoc
631 1528 750 1561 sapiunt,
766 1528 871 1556 scilicet
881 1536 947 1556 san-
961 1532 982 1562 ο
1000 1527 1053 1557 las.
1083 1531 1110 1555 et
1122 1536 1170 1562 per
1188 1528 1367 1555 allocutiones
1394 1529 1514 1562 ipsorum
1537 1529 1739 1564 imperatorum
1754 1532 1783 1558 ad

160 1575 233 1602 ctur‘n
250 1573 444 1607 Augustinum,
461 1577 584 1599 sanctum
603 1572 762 1607 Gregorium
781 1572 947 1608 Nyssenum,

160 1626 283 1648 sanctum
299 1620 428 1655 Cyri‘lilm
441 1620 468 1646 in
484 1620 563 1646 dictis
571 1619 628 1646 suis
645 1620 780 1646 thesauris
802 1625 829 1646 et
847 1620 872 1646 in
888 1620 949 1648 aliis

158 1665 218 1692 suis
254 1665 386 1698 dialogis;
406 1668 529 1691 sanctum
556 1663 734 1691 Athanasium
757 1668 783 1690 et
816 1664 948 1699 quosdam

159 1711 239 1738 alios.
256 1710 308 1737 Sed
321 1709 388 1736 illud
420 1709 537 1736 arbitror
565 1716 607 1735 mc
629 1713 702 1735 recte
725 1708 863 1743 cogitare,
879 1710 948 1743 quod

158 1756 280 1783 omnium
310 1762 371 1790 quae
401 1755 426 1781 bi
443 1754 551 1786 docent,
570 1754 614 1781 illa
634 1758 738 1781 tantum
757 1755 947 1782 necessitatem

158 1802 289 1829 habemus
310 1801 441 1834 recipere,
463 1803 524 1835 'qua:
533 1801 615 1827 relex
633 1800 691 1835 ipsa
702 1808 777 1828 sacra
794 1800 946 1835 Scriptura,

165 1847 336 1883 apertissime
362 1852 387 1873 et
404 1847 660 1874 indubitabilissitne
680 1846 864 1874 ostenduntur
877 1867 885 1880 ,
905 1847 946 1874 vel

164 1901 213 1927 per
246 1892 392 1919 concilium
419 1891 544 1926 generale
577 1899 706 1926 expresse
736 1892 891 1918 examinata
918 1896 948 1919 et

157 1939 336 1966 determinsta
364 1939 461 1971 adepta
489 1943 552 1965 sunt
576 1939 751 1969 sententiam,
777 1942 807 1965 ut
831 1938 946 1966 debeant

158 1993 253 2012 otnnes
267 1991 298 2011 ea
315 1983 469 2014 admittere,
494 1983 535 2010 vel
554 1983 635 2010 etiatn
658 1990 705 2016 per
729 1987 850 2010 nostram
866 1988 946 2010 natu-

156 2030 241 2058 ralem
260 2030 391 2057 ralionem
408 2029 476 2056 satis
490 2028 672 2055 demonstrari
687 2029 785 2055 valent.
800 2029 866 2061 Quae
880 2036 945 2057 vero

158 2085 211 2104 non
229 2076 292 2103 talia
309 2079 382 2107 sunt,
403 2083 456 2102 non
474 2075 540 2102 mihi
556 2075 664 2102 videtur
691 2075 812 2102 debitum
833 2083 895 2103 esse
912 2084 943 2104 ea

156 2122 313 2154 admittere,
342 2127 429 2155 neque
447 2121 608 2155 periculum.
628 2127 680 2147 non
697 2120 799 2147 credita
812 2124 838 2147 et
853 2125 943 2156 spreta

157 2167 236 2195 nobis
255 2168 367 2194 inferre.
384 2166 443 2194 Non
460 2167 535 2194 'enim
552 2168 661 2201 penitus
681 2165 755 2193 illius
770 2167 942 2194 auctoritatis

157 2213 324 2240 instituamus
337 2211 398 2237 illos
412 2219 482 2243 esse.
496 2211 576 2245 cujus
590 2212 735 2246 prophetas
753 2216 779 2238 ct
793 2213 941 2252 apostolos,

159 2262 188 2284 ut
204 2256 367 2291 simpliciter
381 2256 610 2290 quemadmodum
634 2257 699 2290 illis,
721 2257 758 2284 ita
779 2262 806 2284 et
830 2258 872 2284 his
895 2266 942 2293 per

157 2301 251 2328 omnia
272 2300 421 2327 debeamus
445 2307 552 2334 parere.
573 2302 769 2336 Argumentum
786 2307 874 2330 autent
891 2309 942 2336 est,

157 2347 230 2383 quod
246 2346 388 2382 prophetae
402 2345 511 2380 quidem
535 2351 562 2374 et
580 2347 694 2381 apostoli
710 2349 744 2375 de
759 2349 832 2376 nulla
846 2357 874 2376 re
890 2349 942 2377 sibi

156 2394 306 2421 set-undum
330 2400 386 2420 rem
414 2392 499 2427 ipsam
517 2394 653 2420 centraria
678 2395 783 2421 dicunt.
806 2394 872 2423 Post
893 2396 942 2424 hos

157 2448 222 2467 \‘ct'o
239 2439 364 2466 doctores
380 2438 460 2465 nimis
477 2438 503 2464 in
520 2438 612 2465 multis
628 2444 653 2465 et
669 2447 721 2466 non
740 2440 842 2474 parvis,
859 2447 885 2469 et
896 2449 943 2469 ex~

159 2485 283 2517 ponendo
310 2485 493 2520 Scripturam,
512 2488 538 2510 et
561 2485 777 2519 dogmatisando,
805 2489 942 2516 contraria

159 2531 211 2559 sibi
227 2531 353 2562 invicem,
369 2530 519 2558 secundum
538 2537 595 2567 rem
610 2530 694 2564 ipsam
709 2531 802 2559 dicunt
818 2540 826 2559 :
843 2538 872 2559 ut
885 2533 942 2560 sine

158 2578 283 2612 periculo
300 2578 378 2605 nobis
391 2578 447 2612 jam
465 2576 520 2609 ﬁat,
539 2577 582 2604 etti
608 2577 735 2606 volumus
754 2579 892 2607 assentiri.
906 2580 942 2608 At

156 2633 220 2652 vero
230 2625 361 2660 Spiritum
371 2628 495 2651 sanctum
507 2628 534 2650 et
547 2631 578 2650 ex
596 2624 665 2652 Filio
679 2626 837 2660 procedere,
853 2634 940 2661 neque

156 2679 204 2706 pcr
219 2671 371 2698 naturalem
397 2675 516 2698 nostram
535 2671 668 2698 rationem
693 2672 940 2706 comprehcnsihile

157 2718 223 2745 inibi
236 2725 295 2744 ()ch
309 2717 436 2750 videtur;
455 2726 543 2752 neque
559 2726 590 2745 ex
615 2719 670 2753 ipsa
693 2727 771 2747 sacra
787 2720 939 2754 Scriptura.

156 2764 214 2791 sine
235 2764 310 2791 omni
330 2764 507 2800 ambiguitate
531 2765 682 2801 certissime
708 2767 827 2799 ostendi,
854 2775 940 2802 ncqtte

192 2855 200 2869 ⁷
222 2854 299 2883 Joan.
322 2855 424 2886 “.26.

999 1582 1046 1603 eos
1061 1575 1106 1609 qui
1123 1575 1150 1602 in
1167 1576 1220 1602 illis
1248 1576 1373 1603 conciliis
1399 1582 1488 1609 erant,
1513 1576 1707 1611 imperialibus
1719 1579 1785 1606 cele-

1000 1621 1150 1648 brabantur
1163 1621 1257 1656 jussis.
1271 1620 1299 1648 in
1315 1621 1416 1656 quibus
1435 1621 1568 1655 conciliis,
1587 1622 1651 1650 licet
1664 1624 1779 1657 primum

1000 1668 1087 1695 locum
1098 1676 1166 1702 papa
1179 1668 1326 1700 obtinebat,
1338 1668 1377 1696 vel
1390 1668 1449 1702 ejus
1462 1669 1552 1703 legati,
1565 1674 1657 1697 tamen
1670 1679 1783 1698 canones

998 1719 1026 1741 et
1040 1714 1218 1742 determinata
1235 1714 1361 1749 dogmata
1377 1722 1430 1741 non
1447 1719 1510 1741 sunt
1524 1715 1650 1749 exposita
1665 1717 1783 1750 singula-

999 1759 1105 1786 ritcrex
1119 1767 1233 1794 persona
1243 1767 1328 1795 papa,
1340 1761 1387 1787 sed
1396 1767 1426 1786 ex
1438 1767 1553 1795 persona
1567 1761 1652 1788 totius
1665 1763 1782 1790 concilii.

1034 1805 1075 1832 Ad
1091 1805 1147 1832 haec
1173 1806 1253 1839 igitur
1276 1806 1342 1832 mihi
1368 1806 1534 1840 respicienti,
1558 1807 1642 1835 nitnis
1658 1816 1783 1837 necessa-

999 1851 1069 1877 rium
1086 1851 1204 1884 videtur,
1223 1857 1249 1879 et
1267 1851 1292 1878 in
1307 1853 1432 1886 prteseuti
1449 1852 1608 1885 «inaestione.
1624 1859 1655 1881 ut
1667 1862 1783 1882 concur-

998 1902 1038 1924 rat
1055 1897 1134 1924 simul
1150 1905 1212 1924 cum
1242 1896 1364 1925 Romana
1381 1897 1511 1930 Ecclesir,
1531 1898 1614 1925 etiam
1632 1900 1718 1928 totius
1734 1901 1782 1928 Ee-

998 1942 1087 1970 clesia:
1116 1943 1265 1970 auctoritas
1291 1947 1371 1978 atque
1390 1944 1520 1978 cognitio.
1534 1944 1677 1979 Siquidem
1693 1946 1782 1974 ethoc

997 1996 1030 2016 ex
1045 1987 1137 2015 debito
1147 1990 1318 2016 neecssitatis
1329 1989 1381 2016 erit
1396 1990 1575 2016 credendum.
1589 1990 1662 2023 Quid
1682 1992 1782 2026 igitur?

997 2033 1038 2060 Ad
1064 2035 1228 2060 credendum
1256 2041 1289 2061 ne
1316 2041 1348 2061 ex
1379 2034 1448 2061 Filio
1476 2035 1624 2068 procedere
1651 2036 1780 2070 Spiritum

998 2084 1122 2107 sanctum
1149 2079 1212 2106 dico
1228 2087 1271 2106 me
1286 2080 1422 2112 ltmsitare,
1439 2088 1471 2107 ex
1489 2081 1548 2108 solo
1559 2088 1624 2108 vero
1649 2082 1732 2110 Patre
1745 2084 1783 2118 ip-

996 2132 1055 2153 sum
1070 2126 1229 2159 procedere,
1257 2126 1329 2160 quod
1353 2126 1430 2152 multi
1442 2126 1548 2158 dicunt,
1573 2128 1696 2156 arbitror
1711 2135 1780 2157 recte

998 2171 1120 2197 dictum?
1142 2170 1254 2197 Multum
1279 2171 1386 2198 delicio.
1406 2171 1458 2198 Sed
1471 2172 1493 2199 si
1506 2177 1598 2207 potest
1611 2175 1677 2208 dici,
1698 2177 1781 2203 multo

957 2201 982 2232 ι)
995 2215 1085 2243 adhuc
1109 2216 1290 2245 dubltabillus
1304 2221 1332 2244 et
1346 2201 1533 2246 incredibilius
1555 2220 1589 2247 ad
1608 2220 1662 2247 hoc
1671 2201 1721 2248 at
1730 2201 1780 2249 iis;

993 2262 1054 2289 beo.

1031 2308 1150 2335 Primum
1176 2310 1248 2336 enim
1275 2318 1324 2344 per
1341 2317 1501 2337 communes
1531 2315 1558 2338 et
1575 2313 1719 2340 naturales
1734 2321 1780 2340 no-

995 2352 1181 2388 tionesipsum
1200 2354 1394 2386 demonstrari,
1404 2361 1452 2388 per
1467 2354 1576 2381 easdem
1594 2356 1702 2390 utique,
1715 2365 1779 2391 quas

995 2404 1021 2426 cl
1043 2399 1118 2433 prius
1146 2400 1201 2427 dixi
1235 2407 1345 2432 causas,
1369 2400 1536 2434 impossibile
1566 2401 1633 2428 mibi
1662 2403 1778 2430 videtur.

1000 2442 1102 2470 Deinde
1116 2448 1141 2471 et
1160 2444 1187 2470 in
1198 2448 1252 2470 tota
1271 2451 1349 2471 sacra
1363 2449 1391 2470 et
1406 2445 1498 2472 divina
1513 2446 1656 2479 Scriptura
1671 2448 1775 2474 nullum

994 2489 1132 2516 invenitur
1155 2490 1258 2516 dictum
1282 2490 1344 2522 tale,
1363 2498 1410 2524 per
1428 2490 1511 2524 quod,
1539 2498 1592 2517 non
1610 2492 1673 2519 dico
1688 2499 1778 2527 aperte

995 2535 1196 2567 demonstrari,
1213 2534 1261 2562 sed
1277 2536 1317 2562 vel
1333 2536 1488 2571 conjectura
1505 2542 1532 2563 et
1542 2538 1700 2571 suspicione
1716 2546 1777 2573 per-

994 2582 1046 2616 cipi
1067 2582 1173 2616 possit,
1190 2581 1262 2616 quod
1281 2589 1315 2608 ex
1330 2581 1389 2609 solo
1419 2581 1499 2609 Patre
1531 2582 1653 2616 Spiritus
1669 2590 1779 2612 sanctus

994 2630 1125 2664 procedit.
1143 2629 1235 2664 Neque
1245 2620 1317 2656 enini
1335 2630 1466 2664 quoniam
1475 2629 1542 2657 dixit
1554 2629 1690 2659 Dominus
1705 2641 1711 2658 :
1727 2631 1777 2664 Qui

995 2684 1011 2702 a
1024 2674 1105 2701 Patre
1128 2675 1242 2709 procedit
1258 2674 1281 2708 ",
1303 2674 1363 2702 ideo
1387 2675 1477 2702 statim
1502 2676 1590 2710 putari
1606 2677 1700 2707 debet.
1719 2679 1778 2712 quia

995 2730 1049 2748 non
1071 2730 1101 2748 ex
1118 2721 1176 2756 ipso
1204 2728 1314 2756 quoque
1335 2721 1466 2756 procedit.
1482 2722 1629 2749 Assuetum
1647 2724 1719 2750 enim
1739 2729 1778 2751 est

995 2769 1045 2802 ipsi
1075 2768 1219 2801 Salvatori,
1252 2775 1303 2796 sua
1327 2772 1355 2795 et
1370 2767 1458 2795 Patris
1483 2769 1643 2796 communia
1659 2770 1735 2798 Patri
1750 2774 1778 2796 ut
