1868 3069
103 152 172 184 1203

678 148 799 179 EPIST.
823 148 875 178 AD
895 146 1148 178 BARLAAMUM.

1649 145 1715 177 1224

102 208 252 242 plurimum
277 206 435 239 attribuore,
458 213 512 233 non
535 205 679 232 addentem
703 205 787 232 verbo
801 209 828 231 et
846 210 885 231 se.
903 206 924 234 Α
940 207 1014 229 recte
1031 209 1137 236 Sapere,
1158 202 1185 228 in
1207 201 1335 236 Symbolo
1362 205 1452 228 tamen
1469 201 1527 235 ipsa
1550 207 1605 227 non
1619 209 1718 236 posue-

100 254 137 281 Ut
153 254 180 279 in
199 253 277 279 illis:
303 251 395 278 Omnis
418 252 548 286 plantatio
577 259 654 286 quam
683 258 734 278 non
754 250 883 284 plantavit

100 299 185 326 Pater
196 307 266 326 metu
278 297 399 330 cwlestis,
409 298 588 324 eradicabitur
598 298 608 313 '
619 306 626 329 ;
642 301 668 324 et
681 306 688 324 :
708 296 792 323 Nemo
802 301 885 331 potest

99 345 190 371 uenire
219 343 255 370 ad
278 350 330 376 me,
347 343 398 369 nisi
426 344 509 369 Pater
538 350 611 369 meus
636 342 754 368 attrahat
770 341 884 375 ipsum’.

98 389 244 422 Quamvis,
262 389 324 423 quis
341 397 439 423 negare
463 389 681 424 praesumpserit,
694 392 721 414 et
736 388 824 423 ipsum
842 387 887 414 Fi-

101 436 169 462 lium
195 435 318 470 plantare
348 435 374 461 in
407 435 506 469 pietate
523 435 643 462 ﬁdelium
674 438 787 465 mentes,
811 438 838 460 et
853 431 886 459 ad

99 481 218 507 salutem
241 481 379 507 attrahere
408 479 580 512 easiQuare
602 484 682 506 restat
700 484 726 505 et
739 478 773 505 de
787 486 888 513 propo-

99 525 154 552 sito
168 526 317 560 ambigere,
337 533 372 552 ne
392 525 461 554 forte
489 525 579 553 simile
605 525 641 552 sit
653 524 718 558 illis,
739 531 799 559 quae
813 523 886 551 Patri

98 571 291 599 attribuuntur
329 572 452 606 quidem,
480 577 543 600 sunt
578 576 669 599 autem
717 573 778 600 aliis
813 579 888 601 com-

99 619 206 645 munia.
233 616 316 644 Multa
334 617 407 644 enim
430 618 494 645 talia
523 619 551 645 in
578 619 731 653 Evangeliis
746 620 888 655 reperiuu~

100 668 149 690 tur
162 671 170 695 ;
183 662 229 690 ubi
243 662 293 690 etsi
312 662 506 697 distinguendo
519 663 650 692 dixisset:
664 664 714 697 Qui
731 673 746 691 a
762 666 821 693 solo
835 665 888 693 Pa-

99 715 144 736 tre
156 709 292 743 procedit:
316 716 406 744 neque
421 710 461 737 sic
478 710 616 737 tolleretur
628 711 741 738 omnino
755 718 886 746 quan-ere,

101 761 138 780 ne
151 758 180 780 et
195 760 228 780 ex
242 761 274 781 eo
286 755 426 788 procedat.
456 754 522 782 Nam
543 755 598 782 alio
613 755 674 783 loco
701 757 755 784 ait:
772 756 835 783 Hm:
848 760 887 783 est

100 800 158 826 vita
173 804 283 830 eterna,
297 805 326 826 ut
339 804 497 834 cognoscant
511 806 534 828 te
544 801 630 828 solum
654 810 741 828 verum
757 802 840 828 Deum
855 802 887 834 ",

97 845 230 878 quamvis
247 850 274 872 et
293 845 351 879 ipse
367 853 447 873 verus
472 845 543 873 Deus
574 847 719 874 exslstens.
746 846 778 873 Et
804 846 887 874 illud:

99 890 188 918 Nemo
206 891 337 926 cognoscit
348 891 445 919 Filium
455 893 507 920 nisi
522 893 602 920 Pater
616 893 648 926 ¹¹,
668 898 707 926 et,
722 893 829 920 Patrem
843 901 888 920 ne-

97 943 144 961 mo
173 937 318 969 cognoscit,
340 936 391 963 nisi
404 936 491 964 Filius
514 937 548 965 ":
573 939 698 973 quamvis
727 944 753 966 et
783 939 886 973 Spiritu

98 986 198 1009 sancto
215 983 341 1010 similiter
355 989 545 1018 cognoscente,
558 989 585 1011 et
597 985 714 1019 Patrem,
731 990 757 1012 et
773 985 884 1013 Filium.

97 1026 194 1059 Quare
211 1031 237 1053 et
254 1027 280 1053 in
299 1027 346 1054 illo
362 1027 384 1054 si
401 1028 527 1055 similiter
552 1029 654 1056 dictum
671 1029 779 1062 fuisset,
794 1035 887 1065 posset

97 1073 198 1107 utique
221 1073 332 1108 ambigi,
347 1081 381 1101 ne
391 1074 460 1101 forte
475 1074 564 1108 ipsum
582 1075 635 1101 tale
657 1079 739 1108 esset,
755 1076 806 1103 soli
823 1077 886 1111 qui-

99 1119 166 1146 dem
181 1117 254 1146 Patri
271 1119 445 1152 attributum,
472 1120 558 1147 nihilo
573 1121 664 1149 minus
679 1126 770 1149 autem
784 1126 810 1149 et
825 1122 885 1149 Filii

98 1165 248 1192 essisteos.
263 1165 360 1192 Adhuc
373 1170 464 1193 autem
482 1166 533 1194 etsi
545 1172 637 1201 aperte
655 1167 751 1195 fuisset
765 1169 884 1196 dictum:

99 1212 155 1244 Qui
173 1219 226 1239 non
241 1218 255 1238 a
269 1218 322 1244 me,
341 1213 387 1240 sed
403 1219 418 1239 a
434 1211 514 1240 Patre
538 1214 676 1247 procedit;
689 1220 716 1241 et
729 1215 764 1242 ita
782 1215 818 1242 nil
837 1216 888 1242 mi-

101 1264 156 1285 nus
172 1258 271 1292 ambigi
288 1263 392 1292 posset.
422 1258 503 1285 Multa
520 1259 592 1286 enim
619 1260 804 1298 communium
819 1261 888 1288 dixit

102 1311 194 1338 neque
213 1310 241 1331 se
257 1303 367 1336 habere,
385 1311 476 1339 neque
495 1304 595 1332 facere.
612 1305 670 1332 Mea
685 1306 817 1340 doctrina,
837 1307 885 1340 ait,

101 1357 158 1377 non
176 1353 213 1376 est
228 1357 299 1381 meo,
310 1350 356 1377 sed
371 1349 461 1377 Patris
477 1351 511 1383 ";
527 1356 570 1378 et:
592 1350 652 1378 Non
668 1353 725 1379 veni
737 1352 825 1386 facere
840 1361 888 1380 vo-

101 1397 232 1423 luntatem
252 1404 348 1428 meum,
367 1397 411 1423 red
423 1397 582 1425 voluntatem
590 1399 647 1432 ejus
662 1399 706 1434 qui
716 1400 787 1426 misit
800 1408 840 1426 me
856 1400 885 1427 “.

103 1440 155 1466 Et:
183 1439 281 1466 Sedere
301 1448 318 1467 α
340 1441 441 1468 dextris
455 1446 478 1468 et
494 1451 508 1469 α
534 1443 652 1470 sinistris
684 1445 758 1476 meis,
781 1453 832 1471 non
849 1452 886 1472 est

101 1493 188 1512 meum
203 1485 269 1512 dare
282 1486 362 1518 vobis,
374 1488 418 1513 sed
431 1487 470 1514 Itis
485 1488 577 1523 quibus
590 1495 712 1522 paratum
728 1495 766 1516 est
782 1499 797 1517 α
809 1489 887 1517 Patre

102 1540 162 1559 meo
175 1532 214 1563 ”;
230 1538 255 1560 et
269 1541 277 1559 ε
290 1532 394 1560 Horam
421 1533 510 1566 ittam,
531 1542 612 1569 neque
626 1534 713 1562 Filius
737 1537 819 1568 novit,
836 1537 887 1564 nisi

101 1578 177 1605 solus
193 1577 273 1605 Pater
296 1579 326 1606 ".
352 1579 442 1611 Quare
456 1580 479 1607 si
501 1580 564 1607 illud
580 1581 707 1609 similiter
735 1582 833 1610 fuisset
845 1583 887 1610 di-

102 1628 191 1655 ctum,
204 1628 277 1651 esset
290 1624 379 1651 adhuc
405 1625 483 1654 locus
501 1627 655 1662 ambigendi
671 1648 679 1660 ,
697 1637 730 1656 ne
742 1629 811 1656 forte
826 1637 887 1656 cum

104 1669 150 1696 his
163 1676 243 1698 sensu
259 1669 360 1696 dictqu
377 1670 472 1700 fuisset
491 1674 616 1707 quamvis
636 1682 792 1702 commune.

143 1716 193 1744 Ubi
212 1718 292 1752 igitur
315 1724 343 1746 et
363 1724 501 1746 assuetum
530 1724 573 1746 est
604 1719 714 1747 Christo
730 1722 887 1748 communia

102 1762 180 1790 Patri
196 1764 356 1796 attribuere,
373 1769 400 1791 et
415 1771 505 1799 neque
520 1764 713 1799 distinguendo
732 1766 801 1794 dixit
816 1767 886 1800 :Qui

102 1816 119 1836 ι
130 1809 190 1837 solo
207 1809 287 1837 Patre
301 1810 442 1845 procedit;
457 1818 554 1845 neque,
573 1810 650 1844 Quod
667 1819 720 1839 non
733 1819 747 1839 a
768 1820 825 1845 me;
838 1813 887 1840 du-

103 1855 216 1882 bitabile
235 1863 347 1890 prorsus
367 1859 394 1883 et
421 1856 578 1892 ambiguum
603 1857 728 1891 eﬂicitur,
752 1859 887 1892 quomodo

103 1901 175 1928 dixit
193 1901 245 1928 hoc
261 1901 405 1930 Salvator:
422 1906 513 1930 utrum
529 1907 559 1930 ut
571 1903 740 1938 intelligatur
757 1906 781 1932 id
799 1906 886 1934 solius

102 1947 192 1974 Patris
209 1947 347 1981 proprium
363 1955 434 1980 esse,
452 1957 486 1975 an
502 1950 598 1978 volens
616 1958 774 1982 commune,
787 1951 813 1977 id
831 1956 883 1984 est,

100 1993 154 2021 sibi
170 1997 196 2020 et
215 1993 303 2022 Patris
314 1994 430 2028 intelligi
445 2003 450 2020 :
468 1995 698 2029 quemadmodum
717 2001 744 2024 et
759 1997 811 2024 alia
825 2005 885 2031 qure

101 2039 230 2066 similiter
241 2039 275 2066 ab
292 2048 324 2067 eo
340 2040 413 2068 dicta
426 2045 501 2068 sunt.
526 2041 656 2069 Similiter
672 2047 699 2070 et
715 2043 741 2070 in
758 2043 886 2078 Symbolo

102 2085 176 2117 fidei.
191 2087 262 2120 quod
276 2086 415 2115 Nicwnnm
431 2087 577 2114 concilium
591 2089 742 2122 inchoavit,
771 2095 797 2117 et
812 2091 885 2118 Con-

101 2133 375 2166 staminopnlitanum
393 2134 603 2167 consummavit,
618 2134 716 2168 legitur
728 2135 835 2169 quidem
847 2136 884 2164 ita

101 2178 278 2212 simpliciter:
301 2178 353 2211 Qui
368 2187 400 2205 ea;
409 2178 488 2206 Patre
504 2180 630 2212 procedit.
649 2180 700 2207 Sed
719 2185 809 2207 utrum
826 2181 884 2208 ideo

100 2231 155 2251 non
168 2224 341 2256 addiderunt,
357 2230 382 2251 et
398 2233 430 2251 ea:
452 2225 534 2258 Filio,
548 2226 679 2260 quoniam
701 2234 788 2261 neque
799 2228 887 2262 sapie-

101 2271 169 2298 baut
183 2271 234 2298 hoc
248 2271 298 2306 ipsi
311 2271 477 2306 synodorum
494 2272 601 2299 illarum
611 2272 717 2305 Patres,
731 2273 887 2302 nullatenus

102 2315 168 2343 mihi
188 2319 292 2343 certum
319 2321 403 2352 patet.

138 2360 261 2388 Primum
284 2362 357 2388 enim
383 2366 482 2397 praeter
495 2371 525 2390 ca
543 2363 749 2400 dogmata,qu:e
765 2365 791 2392 in
809 2364 887 2401 Sym-

101 2407 165 2434 bolo
181 2411 258 2438 sunt.
272 2407 355 2434 multa
370 2413 435 2435 sunt
447 2413 474 2436 et
489 2409 541 2436 alia
555 2410 635 2438 nimis
647 2412 799 2439 necessaria
809 2413 842 2440 ad
856 2412 885 2440 η-

100 2452 162 2480 dcm
195 2452 333 2486 dogmata,
362 2458 388 2481 ct
415 2454 449 2481 de
467 2454 530 2486 Deo,
554 2457 631 2484 etde
654 2458 834 2491 providentia,
851 2459 885 2486 de

99 2496 207 2525 duabus
224 2498 330 2526 naturis
341 2503 367 2526 et
380 2499 566 2528 voluntatibus
581 2505 608 2528 et
626 2503 842 2535 operationibus.
854 2504 887 2532 de

100 2551 153 2571 una
184 2551 309 2577 persona,
338 2544 371 2571 de
397 2546 627 2580 pcenitentia,de
654 2554 825 2578 sacramento
835 2550 887 2577 Eu-

99 2590 250 2621 charistiat,
263 2591 296 2616 de
316 2598 368 2617 non
385 2598 447 2618 esse
464 2593 704 2626 praeexsistentiam
721 2595 886 2628 animarum,

99 2636 141 2663 vel
158 2636 321 2671 principium
345 2638 526 2666 substantiale
541 2640 686 2673 malorum,
702 2646 729 2668 et
743 2641 776 2668 de
792 2642 884 2670 multis

99 2683 172 2710 aliis.
598 2687 603 2693 ⁴

132 2729 211 2756 Circa
237 2737 297 2764 quae
316 2730 379 2758 illos
402 2731 512 2766 quidem
538 2733 632 2761 Patres
665 2735 811 2762 verisimile
823 2741 882 2763 crat

134 2822 145 2837 ’⁸
163 2820 254 2847 Matth.
274 2830 318 2851 xv,
336 2824 378 2852 l3.

431 2824 440 2839 '
459 2822 539 2852 Joau.
566 2832 603 2855 vt,
633 2826 676 2852 Η.

97 2858 118 2872 ιδ
133 2855 211 2882 John.
229 2865 264 2888 rt,
283 2858 326 2884 58.

368 2859 388 2874 ”
404 2858 498 2886 Matth.
513 2867 558 2888 με,
575 2860 621 2888 25.

728 2825 749 2841 ¹⁰
768 2825 845 2853 Joan.
861 2834 927 2857 xv”.
944 2827 970 2853 5.

663 2862 682 2876 ¹⁶
709 2861 803 2888 Matth.
821 2870 895 2894 μιν,
912 2863 956 2889 Eb”.

935 253 1008 275 runt.
1032 247 1121 280 Quare
1130 250 1216 274 restat
1234 247 1382 281 ambigere,
1405 255 1438 274 ne
1462 247 1533 274 forte
1548 254 1575 275 et
1591 249 1641 274 hoc
1656 248 1718 274 illo-

936 300 996 320 rum
1011 293 1057 326 sit,
1075 300 1135 327 quae
1151 293 1177 320 in
1195 293 1318 328 symbolo
1333 293 1441 326 quidem
1453 300 1505 320 non
1523 293 1721 324 dicuntur,ali-

938 344 977 367 ter
988 346 1052 366 vero
1067 338 1101 366 ab
1114 339 1157 366 bis
1165 338 1324 366 creduntur.
1337 338 1496 373 Quanquam
1509 345 1619 366 sanctus
1635 339 1722 367 Atha-

937 385 1043 417 nasius,
1063 390 1091 413 et
1106 393 1220 420 magnus
1239 385 1368 416 Basilius,
1384 389 1410 412 et
1425 385 1507 412 frater
1521 386 1601 420 ejus,
1619 394 1664 421 qm
1679 387 1718 412 di-

937 435 1038 458 cuntur
1057 431 1214 459 interfuisse
1226 432 1363 466 praedictis
1374 432 1508 464 curiciliis,
1525 433 1667 460 manifeste
1680 433 1719 459 vi-

937 475 1035 502 dentur
1051 475 1182 510 idipsum,
1197 476 1269 510 quod
1282 476 1373 503 Latini
1391 476 1497 508 dicunt,
1515 478 1661 511 sapientes.
1677 479 1718 504 An

938 521 1010 548 dicet
1026 521 1126 555 aliquis
1141 526 1270 555 corrupta
1287 528 1347 549 esse
1362 523 1457 548 horum
1477 521 1595 556 scripta?
1610 523 1655 549 sed
1670 529 1720 556 ego

937 572 965 594 et
988 567 1039 594 hoc
1059 567 1164 594 incerto
1187 567 1348 599 exsistcute,
1376 568 1474 594 merito
1488 567 1581 602 utique
1600 568 1720 603 ambigo.

974 612 1076 640 Deinde
1090 620 1180 647 neque
1201 613 1253 640 hoc
1271 618 1453 640 servaverunt
1467 614 1579 640 omnino
1595 613 1623 640 in
1641 613 1721 648 Synt-

938 659 1011 691 bolo,
1027 664 1056 686 ut
1071 659 1225 686 communia
1244 659 1326 686 trium
1346 666 1525 694 personarum
1539 660 1578 686 vel
1606 659 1721 687 duarum

939 705 1079 740 assignent
1105 710 1134 733 ut
1153 707 1319 738 communia,
1336 707 1443 740 propria
1458 714 1522 734 vero
1542 707 1600 734 sola
1615 707 1722 735 unicui-

939 759 992 786 que
1017 751 1179 783 attribuant,
1194 751 1240 778 sed
1261 759 1276 778 e
1295 754 1434 779 contrario
1454 753 1480 778 in
1498 753 1591 779 multis
1611 757 1723 787 propter

940 796 1146 830 compendium,
1175 800 1205 823 ut
1227 796 1342 828 aestimo,
1361 796 1494 824 fecerunt.
1513 797 1579 824 Nam
1595 796 1724 832 Omnipov

941 846 1000 869 tens
1014 849 1077 869 cum
1102 846 1176 870 esset
1204 849 1360 875 commune,
1379 843 1486 870 Patrem
1505 846 1722 877 omnipotentem

941 887 1074 922 dicentes,
1106 888 1174 915 Filio
1201 888 1242 915 vel
1259 888 1370 922 Spiritui
1388 888 1439 917 hoc
1462 896 1516 915 non
1539 888 1683 916 dederunt.
1704 888 1724 917 E

939 940 1072 961 converso
1087 941 1151 961 vero
1165 934 1199 962 de
1215 933 1331 961 Domino
1345 934 1480 967 fecerunt,
1498 933 1595 961 Filium
1621 940 1647 962 et
1663 935 1724 969 Spi-

938 978 1022 1006 ritum
1035 979 1179 1007 Dominum
1190 979 1329 1008 dicentes:
1350 980 1414 1008 item
1435 980 1520 1009 factor
1536 981 1643 1015 quidem
1662 988 1724 1007 om-

940 1025 1015 1052 nium
1043 1024 1160 1059 Spiritus
1178 1029 1288 1052 sanctus
1310 1029 1364 1058 est,
1380 1025 1427 1053 sed
1444 1025 1496 1053 hoc
1518 1026 1593 1053 Patri
1613 1031 1639 1053 et
1655 1025 1724 1053 Filio

941 1072 1101 1105 tribuentes,
1126 1073 1159 1100 de
1187 1072 1291 1107 Spiritu
1315 1073 1384 1101 nihil
1411 1074 1508 1101 horum
1539 1075 1675 1104 dixerunt.
1704 1075 1725 1102 E

939 1126 1072 1146 converso
1093 1126 1158 1147 vero
1178 1119 1358 1147 viviﬁcantem
1385 1128 1458 1153 esse,
1474 1125 1502 1148 et
1522 1121 1642 1153 locutum
1664 1130 1724 1149 esse

939 1172 987 1199 per
1004 1165 1162 1199 prophetas,
1173 1173 1232 1192 cum
1243 1170 1336 1194 essent
1346 1167 1511 1199 communia,
1525 1175 1577 1194 non
1592 1167 1667 1194 Patri
1683 1168 1723 1195 vel

940 1210 1019 1245 Filio,
1046 1212 1092 1239 sed
1109 1211 1223 1246 Spiritui
1238 1212 1424 1240 reddiderunt.
1437 1213 1542 1241 Rursus
1556 1221 1618 1241 esse
1631 1214 1722 1242 lumen

939 1257 973 1283 de
988 1257 1099 1290 lumine,
1112 1264 1137 1284 et
1155 1257 1238 1284 Deum
1255 1265 1348 1285 verum
1362 1259 1396 1286 de
1416 1259 1469 1286 Deo
1486 1267 1550 1287 vero
1563 1261 1722 1288 communia

941 1307 1004 1330 sunt
1024 1302 1083 1330 Filii
1095 1309 1120 1331 et
1129 1302 1247 1338 Spiritus
1260 1313 1267 1330 :
1283 1304 1319 1330 illi
1334 1312 1397 1332 vero
1407 1305 1440 1333 de
1452 1304 1531 1337 Filio,
1544 1313 1599 1335 non
1616 1307 1649 1334 de
1661 1307 1724 1341 Spi—

941 1349 993 1375 ritu
1012 1349 1068 1377 hzec
1081 1349 1219 1376 dixerunt.
1237 1350 1305 1383 Quis
1323 1350 1404 1385 igitur
1422 1351 1508 1384 novit,
1527 1352 1600 1386 quod
1617 1360 1669 1380 non
1684 1353 1725 1380 si-

941 1396 1040 1423 militer
1064 1404 1208 1424 commune
1234 1397 1324 1425 Patris
1348 1402 1376 1425 et
1401 1397 1461 1424 Filii
1495 1400 1632 1433 sapientes
1650 1408 1724 1431 esse.

940 1441 1012 1474 quod
1028 1449 1060 1469 ex
1089 1443 1128 1470 eis
1144 1443 1264 1477 Spiritus
1280 1448 1392 1471 sanctus
1409 1445 1542 1479 procedit,
1562 1446 1630 1473 satis
1647 1450 1726 1481 puta—

941 1491 1039 1514 verunt
1058 1488 1108 1514 hoc
1123 1495 1223 1522 ponere
1240 1488 1267 1514 iu
1287 1488 1386 1516 Patre?
1398 1490 1450 1524 Ego
1461 1491 1533 1518 enim
1546 1499 1579 1518 es
1596 1493 1646 1520 hoc
1659 1501 1726 1520 nen-

941 1535 1012 1558 trum
1031 1531 1156 1559 concludi
1182 1533 1338 1567 considero,
1357 1542 1444 1569 neque
1458 1536 1531 1570 quod
1547 1543 1581 1563 ex
1599 1538 1657 1565 solo
1676 1537 1727 1564 Pa-

943 1584 983 1606 tre
996 1585 1083 1613 neque
1095 1579 1167 1613 quod
1179 1587 1210 1606 ex
1224 1578 1293 1607 Filio
1306 1582 1437 1613 procedit,
1457 1582 1528 1610 sicut
1538 1590 1625 1618 neque
1636 1584 1669 1612 de
1679 1585 1726 1612 illo

942 1625 1068 1655 superius
1093 1631 1307 1653 commemorato
1322 1628 1477 1662 evangelico
1486 1629 1569 1657 dicto.

977 1670 1029 1698 Sed
1049 1674 1076 1698 et
1090 1671 1171 1698 nimis
1196 1671 1281 1698 miror
1297 1673 1331 1699 de
1351 1673 1415 1707 illis,
1431 1675 1478 1708 qui
1499 1681 1603 1703 certum
1621 1677 1724 1712 aliquid

941 1722 1040 1752 putant
1051 1725 1080 1745 se
1099 1726 1132 1745 ex
1158 1719 1199 1756 his
1216 1719 1333 1747 habere:
1353 1720 1387 1748 de
1412 1722 1522 1756 scriptis
1537 1731 1603 1751 vero
1616 1731 1726 1753 sancto-

940 1771 1000 1791 rum
1017 1749 1310 1797 nostrorumﬁ’atrum,
1327 1774 1390 1800 quae
1403 1768 1437 1794 ad
1462 1776 1538 1796 meas
1552 1777 1649 1798 manus
1663 1779 1727 1806 pcr-

941 1814 1089 1843 venerunt,
1106 1811 1188 1838 trium
1206 1811 1259 1838 vidi
1274 1812 1357 1844 dicta,
1375 1821 1436 1847 quae
1463 1814 1590 1842 videntur
1607 1818 1727 1851 prmltere

939 1856 971 1882 ad
988 1856 1153 1890 propo~itum
1166 1857 1283 1891 aliquam
1299 1858 1484 1887 diiiicultatem
1499 1868 1506 1887 :
1527 1863 1613 1889 sancti
1629 1863 1726 1898 Diony-

939 1902 971 1928 sii
993 1902 1207 1938 Areopagitae,et
1221 1905 1309 1931 sancti
1320 1904 1456 1939 Gregorii.
1467 1911 1497 1933 et
1509 1908 1598 1935 sancti
1612 1907 1726 1937 Joannis

941 1947 1109 1976 Damasceni.
1119 1948 1168 1976 Ubi
1181 1955 1292 1977 sanctus
1308 1951 1417 1985 quidem
1432 1946 1574 1988 Dionysius
1586 1954 1623 1982 ait
1638 1956 1725 1983 solum

939 2002 997 2022 esse
1005 1994 1105 2022 fontem
1113 1997 1382 2031 supersubstantialis
1393 1998 1503 2026 Deitatis
1512 2000 1628 2028 Patrem.
1639 2002 1726 2031 Theo.

940 2041 1016 2076 lngus
1033 2049 1096 2068 vero
1113 2043 1251 2076 geminum
1280 2045 1384 2071 radium
1397 2045 1486 2074 Patris
1498 2048 1724 2076 nominatFiliuut

938 2093 965 2115 et
976 2087 1106 2122 Spiritum
1116 2093 1250 2117 sanctum.

974 2135 1158 2163 Damascenus
1182 2143 1245 2164 vero
1262 2137 1340 2170 dicit,
1357 2139 1429 2173 qttod
1448 2138 1568 2173 Spiritus
1590 2148 1642 2168 non
1656 2141 1725 2168 dici-

940 2185 983 2207 tur
1002 2188 1035 2207 ex
1055 2181 1133 2208 Filio.
1148 2182 1186 2208 De
1212 2183 1312 2217 quibus
1335 2184 1399 2212 illud
1427 2186 1544 2219 primunt
1570 2187 1726 2219 considero,

941 2228 1012 2262 quod
1027 2227 1078 2255 etsi
1106 2229 1309 2263 apertissimum
1325 2236 1408 2264 esset,
1433 2231 1508 2266 ipeos
1523 2240 1571 2265 per
1585 2233 1643 2261 hate
1652 2234 1725 2261 dicta

941 2280 1046 2307 sapere,
1065 2274 1138 2308 quod
1151 2274 1270 2309 Spiritus
1281 2282 1393 2304 sanctus
1413 2286 1444 2304 ex
1462 2278 1524 2305 solo
1538 2279 1617 2306 Patre
1631 2287 1726 2314 prore-

941 2319 988 2350 dit,
1002 2324 1028 2346 et
1044 2327 1108 2353 non,
1128 2325 1195 2348 etes
1204 2320 1294 2354 Filio;
1312 2325 1432 2350 non-lum
1452 2324 1503 2352 hoc
1516 2333 1564 2358 per
1578 2326 1724 2353 cont-ilium

939 2365 1063 2400 generale
1078 2373 1205 2400 expresse
1225 2375 1256 2393 ex
1265 2368 1388 2395 aminan
1399 2374 1426 2396 et
1439 2371 1610 2401 confirmato.
1622 2371 1724 2398 nullum

940 2416 1012 2439 esset
1033 2413 1278 2446 proptereamdem
1305 2415 1410 2449 utique,
1436 2423 1555 2450 quamet
1568 2417 1724 2450 priusdiri,

938 2465 1062 2489 causam,
1082 2459 1153 2486 nolle
1167 2460 1281 2487 credere
1294 2461 1462 2495 periculum:
1483 2466 1510 2489 et
1527 2469 1588 2490 cum
1607 2463 1648 2490 his
1662 2463 1722 2497 plu-

939 2503 1015 2531 ribus
1028 2506 1130 2533 sanctis
1143 2507 1314 2534 coutrarium
1329 2508 1496 2541 dicentibus,
1512 2513 1541 2536 et
1558 2509 1725 2544 explicanti-

941 2550 1004 2582 bus,
1020 2556 1045 2578 ct
1067 2551 1147 2578 latins
1172 2552 1312 2588 problcma
1338 2555 1550 2582 discutientihos
1563 2576 1569 2585 ,
1582 2557 1725 2582 sicutsau-

939 2601 1000 2623 ctus
1015 2596 1195 2632 Augustinus,
1214 2602 1241 2625 et
1253 2605 1365 2627 sanctus
1378 2600 1507 2635 Cyrillus,
1518 2602 1655 2636 multaque
1678 2602 1724 2627 ha-

939 2642 1064 2670 bentibus
1082 2644 1114 2670 de
1135 2649 1228 2671 sancta
1242 2645 1381 2679 Scriptura
1403 2646 1487 2679 dicta,
1508 2655 1560 2673 non
1579 2647 1720 2673 min'maut

937 2689 1120 2721 suspicionem
1145 2691 1292 2725 praebentia
1314 2692 1396 2725 hujus
1418 2693 1563 2727 dogmatis.
1582 2692 1614 2719 Et
1631 2692 1720 2719 adhuc

937 2740 1023 2760 matre
1038 2735 1160 2762 omnium
1187 2736 1382 2770 Ecclesiarum,
1401 2747 1461 2774 quae
1475 2746 1614 2774 nunquam
1640 2745 1721 2772 δυρρ-

1010 2827 1028 2842 ¹¹
1047 2827 1140 2857 Matth.
1158 2837 1195 2862 tu,
1207 2829 1252 2856 '27.

1301 2829 1403 2856 "ibid.
1446 2829 1467 2845 ”
1491 2829 1569 2857 Joan.
1601 2838 1645 2863 vn,
1678 2828 1722 2858 16·
