1868 3069
76 88 142 122 1281

755 79 828 109 PRO
850 79 1012 109 LATINIS.

1627 76 1697 106 1282

676 163 712 190 De
723 164 890 197 proccssione
912 162 1030 195 Spiritus
1048 162 1143 187 saurti.

111 238 248 272 Quoniam
280 236 372 264 multis
399 235 480 263 armis
504 239 564 270 post
587 238 689 267 septem
726 231 862 266 generalia
877 236 899 263 Α
915 231 1006 265 quiete
1019 230 1130 257 obedire
1142 249 1149 262 ,
1167 229 1212 257 sed
1228 234 1362 257 tanturum
1377 230 1483 257 Patrum
1499 235 1525 257 et
1538 229 1630 257 Matris
1648 229 1699 258 Ec-

76 285 193 313 concilia
212 284 279 311 vidit
298 284 391 310 eadem
411 281 532 308 Ecclesia
576 280 681 314 aliquos
699 286 794 305 eorum
811 276 858 310 qui

75 331 168 358 denuo
179 334 377 357 consueverant
405 329 432 354 in
444 328 560 354 haereses
578 319 747 360 frequentius
761 323 861 354 delabi,

77 381 234 403 asserentes
263 375 395 409 Spiritum
411 378 534 400 sanctum
548 381 580 400 ex
595 372 653 399 solo
669 372 749 398 l'atre
765 377 861 404 proce-

75 423 151 455 dere,
170 427 198 448 et
211 421 325 448 minime
337 428 368 447 ex
386 419 467 451 Filio,
483 423 510 445 et
525 418 699 445 sermonibus
723 415 861 450 persuasi-

77 467 180 493 bilibus
194 473 226 492 ex
240 466 358 492 humana
377 468 466 491 riterite
492 464 545 490 hoc
561 463 658 497 dogma
681 462 861 492 ailirmantes;

76 511 299 546 propinquiorcm
326 518 389 537 vero
407 510 459 537 sibi
477 509 690 538 multitudinem,
717 513 742 534 et
755 507 788 534 ad
806 506 861 533 lire-

76 564 154 584 reses
174 564 281 591 semper
298 556 443 584 tardiorem
456 563 469 581 a
483 555 620 590 principio
634 555 784 588 sapientem
803 552 865 587 Spi-

77 604 161 630 ritum
184 607 308 630 sanctum
324 610 339 629 a
361 601 443 628 Patre
457 600 579 635 Filioque
604 600 750 634 procedere
771 608 778 625 :
798 599 862 632 quid

76 657 136 675 eam
151 656 214 682 quae
237 656 345 683 semper
360 652 550 678 consueverat,
579 645 735 680 liujusrnodi
757 650 869 672 contro-

77 695 176 722 Vrrsiis
192 694 271 721 finem
288 701 439 728 congruum
457 694 604 726 imponere,
622 697 648 718 et
665 691 793 718 unitatem
807 698 865 718 om-

76 741 161 767 nibus
193 745 360 771 monstrare,
383 739 504 774 oportuit
517 737 630 765 facere?
649 736 795 763 silentione
807 744 862 764 rem

76 786 231 820 prmterire,
260 790 287 812 et
317 785 442 813 ordinem
471 791 550 812 suum
581 781 726 810 deserere?
741 782 793 809 Sed
808 789 862 809 non

76 837 137 859 erat
169 831 221 858 hoc
247 831 316 866 ejus.
335 831 375 857 An
391 831 425 858 ad
446 829 633 857 Aristotelicas
663 828 820 860 metliodos,
835 833 863 855 et

78 876 238 904 Platonicas
272 876 435 908 divisiones,
464 879 492 903 et
515 874 724 901 mathematicas
751 873 865 900 demon—

77 920 242 951 strationes,
263 925 289 946 et
301 920 484 955 cogitationes
507 920 641 946 humanas
670 926 827 957 recurrere,
841 922 868 945 et
884 908 905 935 Β

78 973 112 993 cx
127 965 184 992 illis
199 966 375 1000 quarsitorum
401 966 543 993 veritatem
562 964 740 1000 perquirere?
753 965 804 992 Sed
820 972 869 992 ne-

79 1019 136 1046 que
156 1013 208 1038 hoc
221 1012 343 1039 decrevit
360 1011 466 1044 facere,
489 1011 578 1038 sciens
595 1010 716 1045 profecto
733 1010 803 1037 hanc
813 1017 869 1037 rem

80 1056 278 1082 transcendere
291 1063 399 1083 omnem
414 1056 560 1082 humanam
576 1060 603 1082 el.
622 1060 752 1086 tuentem,
772 1060 799 1082 Cl
815 1063 871 1082 Ille-

80 1102 209 1134 thodutn,
221 1106 248 1128 et
262 1102 539 1129 demonstrationem.
554 1101 625 1134 Quid
641 1101 724 1134 igitur
739 1101 824 1128 fecit?
837 1101 868 1127 ad

80 1155 148 1174 suos
163 1147 300 1180 doc/cras,
322 1154 391 1182 quos
408 1146 495 1181 leugis
510 1154 618 1174 sursum
640 1146 808 1180 temporibus
823 1153 870 1180 pro

81 1193 190 1220 sanctis
205 1193 310 1224 habuit,
324 1193 451 1225 recurrit,
478 1193 584 1224 beatos,
598 1193 790 1228 Augustinum,
805 1193 871 1218 Arn-

83 1238 221 1270 bt‘osium,
252 1237 459 1273 Hieronymum,
486 1244 514 1265 et
528 1239 702 1274 Gregorium,
730 1238 869 1265 etltorum

83 1286 189 1319 scripta
238 1290 424 1319 perscrutata,
468 1286 542 1312 videt
588 1293 635 1312 eos
674 1290 801 1320 tanquam
838 1293 870 1311 ex

85 1336 142 1355 uno
180 1335 247 1360 ore,
283 1328 376 1355 multis
411 1328 480 1356 locis
506 1333 534 1356 et
568 1328 737 1363 frequentius
782 1328 870 1363 Spiri-

84 1381 143 1402 tum
172 1379 299 1401 sanctum
323 1382 355 1401 ex
372 1374 451 1401 Patre
478 1380 505 1402 et
523 1373 593 1402 Filio
620 1375 767 1409 procedere
794 1382 871 1402 asse-

87 1425 192 1447 rentes.
205 1419 238 1445 Et
248 1426 336 1454 neque
354 1426 441 1453 usque
456 1419 490 1445 ad
504 1419 556 1446 lioc
568 1423 631 1446 stat.
647 1418 699 1445 Sed
713 1423 739 1445 et
751 1418 873 1444 orienta-

85 1466 121 1492 lis
149 1465 277 1492 Ecclesiae
302 1464 397 1492 Patres
421 1465 566 1499 perquirit,
594 1469 622 1491 et
637 1465 817 1491 videthorum
836 1464 873 1491 si-

86 1511 191 1538 militer
200 1511 290 1545 plures
303 1514 331 1537 et
343 1510 559 1545 principaliores,
575 1510 602 1537 id
616 1511 704 1545 ipsum
719 1510 871 1544 sapientes,

85 1547 296 1590 reliquos‘vero
313 1555 426 1582 minime
451 1555 574 1582 omnium
610 1555 741 1587 dicentes,
775 1559 872 1590 prreter

88 1609 176 1629 unum
191 1601 294 1628 scilicet
306 1601 514 1633 Damascenum,
524 1601 570 1636 qui
582 1601 688 1628 videtur
701 1601 872 1628 contrarium

90 1648 192 1674 dicere.
214 1643 374 1682 Quanquam
393 1655 447 1674 non
480 1648 544 1675 dicit
571 1648 640 1682 ipse,
655 1648 726 1682 quod
757 1646 874 1681 Spiritus

89 1699 202 1721 sanctus
231 1701 283 1720 non
301 1698 343 1721 est
359 1702 391 1720 ex
409 1693 489 1727 Filio,
508 1694 555 1721 sed
579 1695 642 1728 quia
659 1702 711 1721 non
728 1693 829 1721 dicitur
841 1701 875 1720 ex

89 1740 175 1767 Filio.
205 1740 318 1767 .’..vero
348 1739 456 1767 videtttr
479 1744 506 1767 et
538 1740 596 1775 ipse
624 1741 716 1767 dicere
743 1740 873 1774 Spiritum

89 1791 215 1812 sanctum
228 1793 243 1812 a
260 1785 339 1813 Patre
355 1793 405 1820 per
416 1785 514 1812 Filium
537 1793 676 1818 emanare,
688 1790 715 1813 et
729 1787 873 1821 imaginem

89 1840 152 1858 esse
167 1830 228 1857 Filii
243 1831 387 1866 Spiritum,
413 1836 439 1859 et
456 1832 489 1858 ad
505 1831 611 1858 Patrem
625 1833 662 1858 ita
679 1839 707 1858 se
723 1832 823 1859 habere
832 1832 878 1859 Fi-

96 1878 165 1904 lium
179 1881 206 1903 et
222 1877 367 1912 Spiritum.
391 1876 619 1912 quemadmodum
635 1876 668 1903 ad
683 1877 767 1904 solem
784 1885 812 1904 se
830 1878 876 1904 ba-

91 1924 158 1950 bent
169 1922 258 1950 radius
272 1928 297 1950 et
309 1923 484 1956 illuminatio,
495 1930 555 1956 quae
571 1927 684 1957 utraque
695 1930 727 1949 ex
742 1923 799 1950 sole
814 1924 877 1958 qui-

92 1969 156 1996 dem
172 1972 244 2000 sunt,
263 1968 311 1995 sed
327 1976 375 2003 per
394 1969 499 1995 radium
512 1969 783 1996 aitilluminationem
799 1970 879 1997 nobis

93 2015 166 2042 dari.
181 2014 219 2041 Ex
237 2015 338 2048 quibus
353 2014 460 2041 videtur
473 2019 500 2041 et
515 2015 573 2048 ipse
585 2023 638 2041 non
653 2015 762 2049 penitus
770 2020 880 2042 contra-

92 2062 167 2089 rium
181 2065 285 2088 tenere.
300 2061 391 2096 lpsttm
403 2062 474 2088 enim
492 2062 717 2099 illuminationem
729 2067 755 2089 et
770 2070 802 2089 ex
821 2062 880 2089 sole

95 2115 144 2142 per
162 2107 270 2134 radium
298 2114 359 2134 esse
376 2108 480 2137 dicere,
496 2112 523 2134 et
537 2115 632 2135 rursus
645 2116 675 2134 ex
687 2109 743 2135 sole
754 2113 780 2135 et
793 2109 878 2141 radio,

94 2160 192 2180 verum
209 2158 267 2180 est:
294 2153 525 2188 quemadmodum
544 2159 570 2180 et
585 2154 611 2180 iu
641 2154 784 2181 Trinitate.
805 2154 877 2188 Quo-

96 2207 157 2227 rum
174 2198 246 2225 enitn
263 2203 306 2226 est
329 2199 516 2226 communiter
539 2204 635 2227 auctor
651 2199 731 2227 Pater
741 2204 767 2227 et
783 2200 879 2234 Filius,

891 1577 906 1588 fu

915 276 1059 303 clesiarum
1074 275 1225 307 sententiae,
1248 276 1280 302 de
1291 284 1319 302 re
1342 275 1465 303 vincente
1480 276 1551 303 vires
1568 275 1698 302 naturalis

916 321 1090 355 cogitationis
1104 329 1278 356 praeposuere
1292 329 1377 347 meam
1392 321 1593 356 cognitionem?
1610 328 1697 355 neque

916 367 981 394 illud
997 367 1089 394 valens
1104 367 1288 399 considerare,
1308 367 1379 401 quod
1397 367 1535 400 indignum
1550 371 1608 393 erat
1620 367 1698 402 peni-

919 419 962 442 tus
979 415 1069 442 diviua
1086 415 1266 448 providentia,
1286 421 1338 440 non
1356 414 1443 441 solum
1457 414 1529 440 illam
1547 413 1696 441 Et-clesiam

918 459 1077 490 sublimare,
1093 465 1119 486 et
1130 463 1210 493 caput
1234 459 1375 485 ratholirte
1396 458 1523 485 Ecclesia:
1537 465 1550 484 a
1567 458 1700 492 principio

918 506 1018 537 facere,
1040 513 1121 539 quam
1140 505 1214 532 novit
1233 505 1422 531 illStIll:tbilllt!l'
1441 512 1567 531 casurum
1592 508 1618 530 et
1635 505 1698 530 inll-

917 552 989 578 nitas
1004 551 1191 577 multitudines
1208 558 1301 577 secum
1316 550 1493 578 dimissurum
1509 571 1516 582 ,
1536 549 1582 576 sed
1597 554 1624 576 et
1638 558 1698 577 cum

917 604 932 624 a
944 597 1027 624 rectis
1045 597 1144 624 cecidit
1167 596 1351 631 dogmatibus,
1371 596 1460 623 adhuc
1475 597 1562 630 magis
1577 596 1701 630 magnili-

918 651 992 676 care,
1014 647 1041 670 et
1056 643 1183 670 omnibus
1196 642 1273 670 bonis
1287 643 1389 675 ditare;
1402 650 1461 668 eam
1476 650 1539 669 vero
1552 649 1612 676 quae
1631 647 1702 668 recte

926 697 940 716 e
959 697 973 716 a
988 689 1123 723 principio
1139 689 1249 718 restitit.
1269 689 1436 716 contrarium
1452 688 1506 722 pati
1524 689 1702 722 permittere?

954 735 1010 769 Ego
1024 741 1088 761 vero
1104 740 1130 760 et
1141 733 1213 760 aliud
1227 735 1327 767 cogito,
1347 734 1417 767 quod
1432 737 1524 767 portas
1540 733 1616 759 inferi
1630 741 1701 759 nuu-

919 787 1001 814 quam
1019 779 1150 807 adversus
1172 779 1321 806 Ecclesium
1342 779 1529 813 praevalituras
1553 786 1622 810 esse,
1639 785 1700 805 cum

918 827 955 854 sit
969 830 1151 857 verissimum,
1174 825 1238 852 olim
1256 829 1343 858 porta
1368 823 1446 851 inferi
1460 824 1592 851 adversus
1606 823 1701 851 Eccle-

919 874 986 901 siam
1004 872 1049 898 Dei
1066 871 1278 907 pracvaluerunt,
1296 870 1431 905 siquidem
1444 869 1566 897 lloutana
1583 869 1703 896 Ecclesia

920 919 1026 946 cecidit.
1040 917 1107 944 Nam
1125 917 1147 944 si
1166 916 1286 943 Ecclesia
1313 916 1363 943 soli
1380 916 1489 950 quidem
1516 915 1596 949 hujus
1615 916 1702 949 partis

920 970 994 996 sunt,
1011 969 1040 991 ut
1058 963 1208 991 secundum
1223 962 1413 988 multitudines
1425 969 1473 988 cos
1490 961 1522 988 ad
1538 969 1568 988 se
1587 969 1702 988 conver—

921 1015 990 1043 tant,
1009 1010 1083 1036 uullo
1102 1008 1209 1044 penitus
1225 1008 1384 1039 exsistcnte,
1410 1008 1457 1042 qui
1483 1008 1588 1042 publice
1606 1009 1705 1042 priedi—

921 1057 1008 1083 cando
1024 1055 1153 1089 populum
1178 1054 1346 1081 confortaret
1362 1054 1388 1081 iu
1407 1055 1458 1081 ﬁde
1476 1062 1662 1089 perseverare,
1677 1059 1705 1080 el.

922 1110 965 1128 res
993 1101 1028 1128 ita
1045 1101 1134 1127 adhuc
1149 1108 1177 1127 se
1191 1100 1301 1132 habent,
1319 1106 1348 1126 ut
1362 1100 1388 1126 in
1405 1100 1493 1134 primo
1510 1099 1592 1126 tuisse
1614 1100 1645 1126 ad
1659 1109 1706 1126 vos

921 1155 1046 1175 sermone
1058 1147 1166 1174 recitavi
1181 1147 1389 1179 :jamadverstls
1400 1146 1547 1173 Ecclesium
1565 1153 1648 1180 porta:
1664 1147 1704 1172 iu-

922 1193 972 1220 l'cri
993 1193 1203 1227 prurvaluerunt.
1225 1192 1276 1219 Sed
1294 1193 1345 1219 hoc
1360 1193 1427 1219 l‘also
1444 1193 1606 1224 exsisteute,
1624 1200 1706 1226 cogor

922 1238 1073 1265 Romanam
1090 1238 1239 1265 Ecclesium
1258 1238 1439 1264 orthodoxam
1458 1238 1484 1264 in
1500 1238 1628 1265 Omnibus
1656 1246 1707 1272 pu-

922 1289 991 1315 tare,
1008 1289 1034 1310 ci
1049 1284 1120 1310 lianc
1136 1284 1221 1310 solatii
1247 1292 1307 1310 esse
1322 1292 1383 1310 culti
1402 1284 1453 1310 sibi
1471 1282 1592 1318 subjecta
1611 1286 1707 1310 mutti-

923 1330 1028 1363 tudine,
1044 1338 1138 1362 utiuti),
1155 1334 1287 1362 sanctam,
1301 1330 1474 1362 catholicam,
1492 1335 1518 1357 et
1530 1331 1705 1365 apostolicum

922 1377 1071 1404 Erclesiam
1086 1397 1092 1408 ,
1111 1378 1137 1403 iti
1157 1384 1238 1411 quain
1258 1379 1369 1403 credere
1381 1377 1520 1411 juhemur,
1534 1383 1559 1404 ct
1577 1377 1708 1403 adw-rsus

922 1431 1004 1458 quam
1019 1428 1103 1458 [)Ol'liB
1130 1424 1209 1450 iul'cri
1228 1430 1315 1457 neqtte
1331 1424 1539 1457 pl’iUVitlllL‘i'ulll,
1557 1430 1644 1456 neque
1658 1431 1709 1449 ult-

923 1477 1015 1504 quam,
1037 1469 1089 1496 Deo
1102 1469 1188 1503 ipsatn
1208 1474 1335 1503 tanquam
1354 1477 1453 1495 tttn‘uttt
1467 1468 1592 1495 lsracletu
1612 1477 1708 1503 rrgcu-

924 1520 960 1549 te,
974 1516 1168 1551 praevalebunt.
1498 1512 1500 1516 ’

885 1582 906 1607 ὓ
925 1583 1045 1618 Epistula
1061 1582 1149 1618 Alexit'
1165 1583 1305 1610 Calochett'
1316 1583 1350 1609 nd
1361 1582 1495 1609 dominum
1521 1582 1707 1613 Barlaamnm,

961 1621 1109 1651 episcopum
1126 1617 1310 1652 Gyruceuscnt.
1327 1624 1415 1652 petens
1433 1620 1464 1643 ab
1479 1626 1508 1643 eo
1525 1618 1708 1651 quorumdam

961 1655 1088 1694 librorum
1101 1652 1256 1679 Latinorum
1276 1653 1478 1679 translationem
1496 1660 1599 1686 prupter
1615 1656 1711 1679 bonum

961 1697 1075 1716 utttoms.

964 1745 1036 1772 Tuas
1045 1744 1228 1773 communiter
1239 1745 1272 1771 ad
1284 1746 1387 1772 amicus
1402 1746 1497 1772 missas
1511 1745 1638 1779 epi~tnlais
1649 1753 1710 1771 rum

928 1792 1107 1824 vidissemus,
1123 1798 1173 1826 ego
1193 1796 1220 1817 ct
1235 1796 1336 1818 nostrae
1356 1791 1473 1818 civitatis
1489 1793 1526 1817 tui
1545 1791 1638 1822 amici,
1662 1791 1712 1817 ho-

929 1845 988 1864 rum
1003 1837 1103 1872 quibus
1121 1841 1194 1864 recte
1210 1836 1362 1864 contradici
1380 1837 1477 1872 possit,
1493 1837 1559 1864 nihil
1577 1837 1604 1863 in
1618 1837 1657 1864 eis
1669 1836 1709 1862 iu-

929 1883 1064 1910 veuimus.
1088 1882 1181 1918 Ignota
1197 1890 1263 1909 vero
1278 1882 1387 1917 penitus
1404 1891 1419 1910 a
1443 1883 1522 1910 uobis
1537 1882 1621 1909 multa
1641 1883 1712 1910 vidi—

929 1936 1002 1958 mus.
1011 1929 1056 1955 Ais
1065 1929 1138 1956 enim
1150 1930 1176 1956 in
1188 1929 1306 1956 secunda
1317 1929 1442 1964 epistola,
1453 1930 1559 1964 signum
1571 1937 1631 1956 esse
1639 1928 1711 1963 ejus,

930 1974 1002 2009 quod
1020 1973 1143 2001 Romana
1154 1975 1273 2002 Ecclesia
1284 1982 1298 2001 ι
1311 1975 1443 2010 principio
1451 1975 1572 2002 omnium
1589 1975 1714 2002 domina-

931 2021 1029 2054 batur,
1045 2020 1109 2052 quia
1123 2020 1239 2047 ltomani
1249 2021 1424 2056 poutitices,a
1438 2022 1515 2048 beato
1523 2021 1660 2048 Clemente
1673 2022 1714 2048 iti-

929 2067 1065 2102 cipieudo,
1080 2071 1208 2102 tanquam
1224 2069 1307 2094 totius
1318 2067 1393 2095 orbis
1402 2075 1496 2095 curam
1510 2075 1604 2102 gerere
1615 2067 1713 2094 deben-

930 2117 980 2146 tes,
1003 2113 1166 2141 universalia
1196 2113 1390 2141 administrare
1414 2121 1476 2140 mox
1492 2118 1653 2148 cmperuut:
1679 2113 1713 2140 ad

932 2160 1074 2186 universos
1091 2159 1228 2194 regulares
1250 2159 1382 2194 epistolas
1401 2160 1552 2191 mittentes,
1574 2165 1601 2186 et
1615 2159 1716 2194 ubique

931 2211 1043 2241 precata
1057 2208 1195 2241 corrigere
1221 2207 1338 2234 nitentes
1353 2213 1380 2234 et
1403 2207 1538 2243 agendum
1555 2213 1714 2235 statuentes.

94 2247 155 2273 lucc
170 2249 196 2272 et
212 2250 329 2279 utr0que
358 2245 440 2272 modo
453 2245 505 2272 dici
526 2253 620 2272 verum
636 2251 687 2279 est,
714 2251 740 2273 et
755 2255 786 2274 ex
800 2247 879 2274 Patre

961 2253 1088 2290 t_qutbus
1105 2253 1227 2286 epistolis
1239 2255 1325 2281 'multa
1341 2261 1437 2281 eorum
1459 2262 1533 2289 quae.
1547 2262 1619 2281 nunc
1632 2254 1714 2281 etiam

96 2299 146 2327 per
160 2291 258 2318 Filium
271 2300 278 2318 :
290 2296 318 2319 et
333 2299 364 2318 ex
382 2291 472 2324 Patre,
489 2297 516 2318 et
528 2300 560 2318 ex
574 2291 654 2320 Filio.

139 2338 290 2365 Tantorum
307 2337 397 2371 itaque
410 2336 521 2363 Patrum
537 2337 709 2364 concordiam
726 2345 787 2365 cum
802 2337 885 2365 vidis-

102 2388 157 2417 set,
183 2387 210 2410 ct
230 2386 339 2417 propter
363 2382 402 2408 rei
417 2381 630 2417 magnitudinem
654 2383 744 2410 adhuc
769 2383 815 2410 his
831 2391 884 2410 nou

103 2430 244 2462 contenta,
270 2432 402 2456 convocat
419 2428 452 2464 ad
479 2435 508 2455 se
536 2429 676 2456 universos
702 2427 885 2456 Ecclesiarum

103 2476 244 2511 praelatos,
263 2475 295 2501 ad
321 2473 526 2509 inquisitionem
543 2474 807 2501 communicandam.
824 2475 883 2502 Uno

100 2524 193 2558 itaque
204 2521 288 2548 verbo
299 2521 342 2548 his
353 2520 399 2555 qui
415 2521 560 2547 voluerunt
572 2520 706 2548 interesse
723 2521 805 2548 simul
820 2530 884 2549 con-

98 2568 230 2606 gregatis,
242 2567 403 2595 ctomnlbus
413 2571 474 2601 post
482 2567 579 2593 factum
592 2567 629 2594 rei
639 2575 783 2602 congruam
796 2568 885 2602 inqui-

99 2615 239 2645 sitionem,
257 2612 290 2639 ad
305 2612 375 2639 idem
385 2612 628 2645 consentientibus,
645 2613 762 2647 denique
776 2618 884 2648 aposto-

99 2661 151 2688 lica
174 2658 348 2689 auctoritate,
364 2658 415 2684 hoc
430 2663 491 2684 esse
508 2657 580 2690 quod
603 2662 711 2692 oportet
736 2659 821 2690 credi,
835 2659 883 2685 de-

100 2705 230 2735 clarando
241 2704 414 2736 determinat,
428 2708 455 2730 et
466 2703 633 2731 contrarium
645 2704 764 2733 dicentes
775 2705 803 2732 in
817 2713 882 2740 por-

101 2754 174 2780 tione
192 2750 382 2779 haereticorum
398 2749 528 2776 decernit.

137 2799 203 2832 Quae
225 2797 308 2832 igitur
331 2796 383 2824 erit
397 2801 469 2821 nunc
490 2801 546 2820 mea
560 2797 713 2829 excusatio,
727 2798 748 2824 si
771 2797 882 2825 noluero

934 2297 960 2324 in
985 2297 1105 2324 Ecclesia
1133 2296 1288 2324 ercorum
1314 2298 1392 2332 ﬁunt,
1422 2299 1585 2334 principium
1613 2299 1716 2326 habue-

934 2348 1008 2370 ιιιιιι.

969 2388 1024 2415 Nos
1037 2396 1101 2416 vero
1121 2397 1210 2424 neque
1223 2390 1272 2418 has
1285 2391 1413 2425 epistolas
1429 2391 1558 2424 vidimus,
1571 2399 1658 2426 neque
1669 2398 1718 2426 pu-

936 2433 1053 2459 tavimus
1074 2433 1100 2459 in
1120 2433 1212 2460 Graeca
1227 2434 1318 2469 lingua
1335 2436 1407 2469 ipsas
1422 2443 1494 2463 nunc
1506 2444 1576 2464 esse.
1594 2437 1659 2463 ltcltt
1677 2436 1719 2463 uis

937 2478 1046 2505 beatum
1063 2479 1250 2513 Ambrosium,
1273 2481 1447 2517 Gregorium,
1464 2481 1660 2518 Hieronymum
1677 2484 1719 2510 di-

937 2531 999 2550 cere
1015 2524 1042 2551 in
1058 2525 1115 2552 suis
1128 2526 1247 2561 scriptis,
1266 2526 1398 2561 Spiritutn
1414 2534 1538 2555 sanctum
1559 2534 1585 2556 et
1602 2537 1634 2556 ex
1653 2529 1722 2556 Filio

937 2571 1104 2603 procedere:
1119 2578 1180 2604 quae
1195 2573 1295 2606 scripta
1315 2581 1364 2599 nos
1377 2573 1504 2600 similiter
1521 2583 1576 2602 non
1591 2575 1719 2602 vidimus.

937 2614 1002 2641 Item
1026 2615 1078 2648 ais,
1104 2617 1176 2651 quod
1195 2615 1316 2644 Romana
1338 2617 1458 2645 Ecclesia
1482 2619 1516 2646 de
1541 2620 1634 2647 eodem
1657 2621 1722 2654 ipso

937 2663 1097 2689 convocavit
1109 2664 1250 2691 universos
1264 2664 1444 2692 Ecelesiarum
1455 2667 1590 2700 praelatos,
1604 2667 1637 2694 ad
1648 2676 1721 2694 com-

938 2709 1130 2736 municandam
1150 2710 1228 2745 hujus
1253 2711 1469 2745 inquisitionem,
1491 2708 1518 2738 et
1542 2712 1585 2739 liis
1608 2713 1655 2748 qui
1674 2722 1722 2741 vo-

939 2754 1048 2781 luerunt
1061 2754 1193 2783 interesse
1211 2756 1290 2784 simul
1305 2757 1466 2793 aggregatis,
1478 2761 1506 2785 et
1516 2759 1643 2786 omnibus
1659 2765 1722 2794 post

939 2799 1145 2828 convenientem
1161 2801 1259 2830 factam
1276 2803 1492 2839 inquisitionem,
1508 2804 1540 2831 ad
1559 2805 1629 2832 idem
1654 2812 1722 2833 cou-
