  <div class='ocr_page' id='page_1' title='image "/cluster/home/n/w/nwhite01/storage/ocr_20150623/151/njp.32101077773198/726.png"; bbox 0 0 1868 3069; ppageno 0'>
   <div class='ocr_carea' id='block_1_1' title="bbox 90 97 160 132">
    <p class='ocr_par' dir='ltr' id='par_1_1' title="bbox 90 97 160 132">
     <span class='ocr_line' id='line_1_1' title="bbox 90 97 160 132; baseline 0.029 -3"><span class='ocrx_word' id='word_1_1' title='bbox 90 97 160 132; x_wconf 63' lang='grc' dir='ltr'><strong>12ὲ5</strong></span> 
     </span>
    </p>
   </div>
   <div class='ocr_carea' id='block_1_2' title="bbox 660 97 1133 129">
    <p class='ocr_par' dir='ltr' id='par_1_2' title="bbox 660 97 1133 129">
     <span class='ocr_line' id='line_1_2' title="bbox 660 97 1133 129; baseline -0.002 0"><span class='ocrx_word' id='word_1_2' title='bbox 660 97 783 129; x_wconf 83' lang='lat' dir='ltr'><strong>EPIST.</strong></span> <span class='ocrx_word' id='word_1_3' title='bbox 802 97 852 126; x_wconf 78' lang='lat' dir='ltr'><strong>AD</strong></span> <span class='ocrx_word' id='word_1_4' title='bbox 880 98 923 126; x_wconf 51' lang='lat' dir='ltr'><strong>litt</strong></span> <span class='ocrx_word' id='word_1_5' title='bbox 933 99 1026 127; x_wconf 62' lang='grc' dir='ltr'><strong>ΜΛΔ</strong></span> <span class='ocrx_word' id='word_1_6' title='bbox 1034 99 1133 128; x_wconf 75' lang='grc' dir='ltr'><strong>ΜυΜ.</strong></span> 
     </span>
    </p>
   </div>
   <div class='ocr_carea' id='block_1_3' title="bbox 1645 99 1711 132">
    <p class='ocr_par' dir='ltr' id='par_1_3' title="bbox 1645 99 1711 132">
     <span class='ocr_line' id='line_1_3' title="bbox 1645 99 1711 132; baseline 0.015 -1"><span class='ocrx_word' id='word_1_7' title='bbox 1645 99 1676 131; x_wconf 73' lang='grc'><strong>12</strong></span> <span class='ocrx_word' id='word_1_8' title='bbox 1685 101 1711 132; x_wconf 71' lang='grc'><strong>’6</strong></span> 
     </span>
    </p>
   </div>
   <div class='ocr_carea' id='block_1_4' title="bbox 90 155 1723 191">
    <p class='ocr_par' dir='ltr' id='par_1_4' title="bbox 90 155 1723 191">
     <span class='ocr_line' id='line_1_4' title="bbox 90 155 1723 191; baseline 0 -7"><span class='ocrx_word' id='word_1_9' title='bbox 90 158 155 187; x_wconf 83' lang='lat' dir='ltr'><strong>alia.</strong></span> <span class='ocrx_word' id='word_1_10' title='bbox 170 157 216 184; x_wconf 82' lang='lat' dir='ltr'><strong>sed</strong></span> <span class='ocrx_word' id='word_1_11' title='bbox 229 161 286 184; x_wconf 87' lang='lat' dir='ltr'><strong>tres</strong></span> <span class='ocrx_word' id='word_1_12' title='bbox 301 164 383 184; x_wconf 90' lang='lat' dir='ltr'><strong>unum</strong></span> <span class='ocrx_word' id='word_1_13' title='bbox 409 164 470 184; x_wconf 87' lang='lat' dir='ltr'><strong>esse</strong></span> <span class='ocrx_word' id='word_1_14' title='bbox 484 156 633 191; x_wconf 83' lang='lat' dir='ltr'><strong>sapientem</strong></span> <span class='ocrx_word' id='word_1_15' title='bbox 661 161 693 191; x_wconf 49' lang='lat' dir='ltr'><strong>et,</strong></span> <span class='ocrx_word' id='word_1_16' title='bbox 710 156 886 190; x_wconf 70' lang='lat' dir='ltr'><strong>omnipoten~</strong></span> <span class='ocrx_word' id='word_1_17' title='bbox 905 162 926 185; x_wconf 77' lang='grc' dir='ltr'><strong>Α</strong></span> <span class='ocrx_word' id='word_1_18' title='bbox 943 155 1046 181; x_wconf 76' lang='lat' dir='ltr'><strong>salisiai</strong></span> <span class='ocrx_word' id='word_1_19' title='bbox 1061 155 1125 181; x_wconf 85' lang='lat' dir='ltr'><strong>tiam</strong></span> <span class='ocrx_word' id='word_1_20' title='bbox 1143 155 1292 182; x_wconf 78' lang='lat' dir='ltr'><strong>unitatem:</strong></span> <span class='ocrx_word' id='word_1_21' title='bbox 1311 155 1373 190; x_wconf 88' lang='lat' dir='ltr'><strong>quia</strong></span> <span class='ocrx_word' id='word_1_22' title='bbox 1394 163 1445 182; x_wconf 86' lang='lat' dir='ltr'><strong>una</strong></span> <span class='ocrx_word' id='word_1_23' title='bbox 1464 160 1504 182; x_wconf 89' lang='lat' dir='ltr'><strong>est</strong></span> <span class='ocrx_word' id='word_1_24' title='bbox 1530 163 1623 183; x_wconf 89' lang='lat' dir='ltr'><strong>eorum</strong></span> <span class='ocrx_word' id='word_1_25' title='bbox 1657 159 1723 184; x_wconf 88' lang='lat' dir='ltr'><strong>sub—</strong></span> 
     </span>
    </p>
   </div>
   <div class='ocr_carea' id='block_1_5' title="bbox 91 200 883 238">
    <p class='ocr_par' dir='ltr' id='par_1_5' title="bbox 91 200 883 238">
     <span class='ocr_line' id='line_1_5' title="bbox 91 200 883 238; baseline -0.004 -9"><span class='ocrx_word' id='word_1_26' title='bbox 91 208 146 230; x_wconf 83' lang='lat' dir='ltr'><strong>tetu</strong></span> <span class='ocrx_word' id='word_1_27' title='bbox 161 208 186 228; x_wconf 85' lang='lat' dir='ltr'><strong>ct</strong></span> <span class='ocrx_word' id='word_1_28' title='bbox 199 202 311 236; x_wconf 93' lang='lat' dir='ltr'><strong>bonum,</strong></span> <span class='ocrx_word' id='word_1_29' title='bbox 325 202 552 238; x_wconf 83' lang='lat' dir='ltr'><strong>quemadmodum</strong></span> <span class='ocrx_word' id='word_1_30' title='bbox 569 207 594 228; x_wconf 83' lang='lat' dir='ltr'><strong>et</strong></span> <span class='ocrx_word' id='word_1_31' title='bbox 611 209 693 228; x_wconf 91' lang='lat' dir='ltr'><strong>unum</strong></span> <span class='ocrx_word' id='word_1_32' title='bbox 710 200 805 228; x_wconf 85' lang='lat' dir='ltr'><strong>Deum.</strong></span> <span class='ocrx_word' id='word_1_33' title='bbox 824 201 883 227; x_wconf 85' lang='lat' dir='ltr'><strong>Alia</strong></span> 
     </span>
    </p>
   </div>
   <div class='ocr_carea' id='block_1_6' title="bbox 89 247 887 282">
    <p class='ocr_par' dir='ltr' id='par_1_6' title="bbox 89 247 887 282">
     <span class='ocr_line' id='line_1_6' title="bbox 89 247 887 282; baseline -0.001 -8"><span class='ocrx_word' id='word_1_34' title='bbox 89 255 155 275; x_wconf 89' lang='lat' dir='ltr'><strong>vero</strong></span> <span class='ocrx_word' id='word_1_35' title='bbox 168 252 230 276; x_wconf 91' lang='lat' dir='ltr'><strong>sunt</strong></span> <span class='ocrx_word' id='word_1_36' title='bbox 242 248 391 282; x_wconf 85' lang='lat' dir='ltr'><strong>personalia</strong></span> <span class='ocrx_word' id='word_1_37' title='bbox 408 253 432 276; x_wconf 87' lang='lat' dir='ltr'><strong>et</strong></span> <span class='ocrx_word' id='word_1_38' title='bbox 447 248 622 282; x_wconf 78' lang='lat' dir='ltr'><strong>signiticativa</strong></span> <span class='ocrx_word' id='word_1_39' title='bbox 633 255 808 282; x_wconf 81' lang='lat' dir='ltr'><strong>personarum</strong></span> <span class='ocrx_word' id='word_1_40' title='bbox 817 247 887 278; x_wconf 63' lang='lat' dir='ltr'><strong>inter</strong></span> 
     </span>
    </p>
   </div>
   <div class='ocr_carea' id='block_1_7' title="bbox 89 292 888 329">
    <p class='ocr_par' dir='ltr' id='par_1_7' title="bbox 89 292 888 329">
     <span class='ocr_line' id='line_1_7' title="bbox 89 292 888 329; baseline -0.003 -9"><span class='ocrx_word' id='word_1_41' title='bbox 89 300 120 320; x_wconf 84' lang='lat' dir='ltr'><strong>se</strong></span> <span class='ocrx_word' id='word_1_42' title='bbox 132 293 288 327; x_wconf 76' lang='lat' dir='ltr'><strong>relationis;</strong></span> <span class='ocrx_word' id='word_1_43' title='bbox 304 301 363 329; x_wconf 72' lang='lat' dir='ltr'><strong>quae</strong></span> <span class='ocrx_word' id='word_1_44' title='bbox 372 294 495 321; x_wconf 85' lang='lat' dir='ltr'><strong>videlicet</strong></span> <span class='ocrx_word' id='word_1_45' title='bbox 503 294 576 320; x_wconf 90' lang='lat' dir='ltr'><strong>nullo</strong></span> <span class='ocrx_word' id='word_1_46' title='bbox 586 293 665 320; x_wconf 90' lang='lat' dir='ltr'><strong>modo</strong></span> <span class='ocrx_word' id='word_1_47' title='bbox 675 297 787 327; x_wconf 89' lang='lat' dir='ltr'><strong>possunt</strong></span> <span class='ocrx_word' id='word_1_48' title='bbox 795 292 888 327; x_wconf 83' lang='lat' dir='ltr'><strong>singu-</strong></span> 
     </span>
    </p>
   </div>
   <div class='ocr_carea' id='block_1_8' title="bbox 89 338 887 374">
    <p class='ocr_par' dir='ltr' id='par_1_8' title="bbox 89 338 887 374">
     <span class='ocr_line' id='line_1_8' title="bbox 89 338 887 374; baseline -0.001 -9"><span class='ocrx_word' id='word_1_49' title='bbox 89 338 187 366; x_wconf 86' lang='lat' dir='ltr'><strong>lariter</strong></span> <span class='ocrx_word' id='word_1_50' title='bbox 200 339 233 366; x_wconf 88' lang='lat' dir='ltr'><strong>de</strong></span> <span class='ocrx_word' id='word_1_51' title='bbox 248 340 334 367; x_wconf 90' lang='lat' dir='ltr'><strong>tribus</strong></span> <span class='ocrx_word' id='word_1_52' title='bbox 345 341 425 366; x_wconf 87' lang='lat' dir='ltr'><strong>simul</strong></span> <span class='ocrx_word' id='word_1_53' title='bbox 436 339 586 374; x_wconf 71' lang='lat' dir='ltr'><strong>pra-dicari.</strong></span> <span class='ocrx_word' id='word_1_54' title='bbox 597 339 655 366; x_wconf 80' lang='lat' dir='ltr'><strong>Non</strong></span> <span class='ocrx_word' id='word_1_55' title='bbox 665 339 737 365; x_wconf 88' lang='lat' dir='ltr'><strong>enim</strong></span> <span class='ocrx_word' id='word_1_56' title='bbox 750 344 802 365; x_wconf 87' lang='lat' dir='ltr'><strong>tres</strong></span> <span class='ocrx_word' id='word_1_57' title='bbox 817 346 887 365; x_wconf 90' lang='lat' dir='ltr'><strong>unus</strong></span> 
     </span>
    </p>
   </div>
   <div class='ocr_carea' id='block_1_9' title="bbox 89 383 886 418">
    <p class='ocr_par' dir='ltr' id='par_1_9' title="bbox 89 383 886 418">
     <span class='ocr_line' id='line_1_9' title="bbox 89 383 886 418; baseline -0.001 -8"><span class='ocrx_word' id='word_1_58' title='bbox 89 387 134 410; x_wconf 90' lang='lat' dir='ltr'><strong>est</strong></span> <span class='ocrx_word' id='word_1_59' title='bbox 153 383 243 416; x_wconf 82' lang='lat' dir='ltr'><strong>Pater,</strong></span> <span class='ocrx_word' id='word_1_60' title='bbox 262 384 301 411; x_wconf 95' lang='lat' dir='ltr'><strong>vel</strong></span> <span class='ocrx_word' id='word_1_61' title='bbox 317 391 387 410; x_wconf 86' lang='lat' dir='ltr'><strong>unus</strong></span> <span class='ocrx_word' id='word_1_62' title='bbox 401 383 498 414; x_wconf 85' lang='lat' dir='ltr'><strong>Filius,</strong></span> <span class='ocrx_word' id='word_1_63' title='bbox 515 383 555 410; x_wconf 91' lang='lat' dir='ltr'><strong>vel</strong></span> <span class='ocrx_word' id='word_1_64' title='bbox 573 392 644 410; x_wconf 88' lang='lat' dir='ltr'><strong>unus</strong></span> <span class='ocrx_word' id='word_1_65' title='bbox 659 383 808 418; x_wconf 82' lang='lat' dir='ltr'><strong>ingenitus.</strong></span> <span class='ocrx_word' id='word_1_66' title='bbox 833 383 886 409; x_wconf 89' lang='lat' dir='ltr'><strong>Ta-</strong></span> 
     </span>
    </p>
   </div>
   <div class='ocr_carea' id='block_1_10' title="bbox 88 428 886 463">
    <p class='ocr_par' dir='ltr' id='par_1_10' title="bbox 88 428 886 463">
     <span class='ocr_line' id='line_1_10' title="bbox 88 428 886 463; baseline 0 -9"><span class='ocrx_word' id='word_1_67' title='bbox 88 429 159 455; x_wconf 82' lang='lat' dir='ltr'><strong>lium</strong></span> <span class='ocrx_word' id='word_1_68' title='bbox 179 429 261 463; x_wconf 87' lang='lat' dir='ltr'><strong>igitur</strong></span> <span class='ocrx_word' id='word_1_69' title='bbox 273 433 323 461; x_wconf 87' lang='lat' dir='ltr'><strong>est,</strong></span> <span class='ocrx_word' id='word_1_70' title='bbox 342 433 368 456; x_wconf 86' lang='lat' dir='ltr'><strong>et</strong></span> <span class='ocrx_word' id='word_1_71' title='bbox 384 429 488 463; x_wconf 83' lang='lat' dir='ltr'><strong>spirare</strong></span> <span class='ocrx_word' id='word_1_72' title='bbox 508 428 639 463; x_wconf 67' lang='lat' dir='ltr'><strong>Spiritum</strong></span> <span class='ocrx_word' id='word_1_73' title='bbox 666 433 692 455; x_wconf 89' lang='lat' dir='ltr'><strong>et</strong></span> <span class='ocrx_word' id='word_1_74' title='bbox 723 429 886 463; x_wconf 85' lang='lat' dir='ltr'><strong>principium</strong></span> 
     </span>
    </p>
   </div>
   <div class='ocr_carea' id='block_1_11' title="bbox 87 474 887 509">
    <p class='ocr_par' dir='ltr' id='par_1_11' title="bbox 87 474 887 509">
     <span class='ocr_line' id='line_1_11' title="bbox 87 474 887 509; baseline -0.003 -8"><span class='ocrx_word' id='word_1_75' title='bbox 87 482 152 502; x_wconf 84' lang='lat' dir='ltr'><strong>esse</strong></span> <span class='ocrx_word' id='word_1_76' title='bbox 167 474 258 508; x_wconf 88' lang='lat' dir='ltr'><strong>hujus.</strong></span> <span class='ocrx_word' id='word_1_77' title='bbox 275 474 334 501; x_wconf 88' lang='lat' dir='ltr'><strong>Non</strong></span> <span class='ocrx_word' id='word_1_78' title='bbox 352 475 425 502; x_wconf 88' lang='lat' dir='ltr'><strong>enim</strong></span> <span class='ocrx_word' id='word_1_79' title='bbox 443 479 497 502; x_wconf 88' lang='lat' dir='ltr'><strong>tres</strong></span> <span class='ocrx_word' id='word_1_80' title='bbox 522 482 645 509; x_wconf 76' lang='lat' dir='ltr'><strong>persona:</strong></span> <span class='ocrx_word' id='word_1_81' title='bbox 674 482 745 502; x_wconf 85' lang='lat' dir='ltr'><strong>unus</strong></span> <span class='ocrx_word' id='word_1_82' title='bbox 771 475 887 508; x_wconf 82' lang='lat' dir='ltr'><strong>spirator</strong></span> 
     </span>
    </p>
   </div>
   <div class='ocr_carea' id='block_1_12' title="bbox 88 519 886 555">
    <p class='ocr_par' dir='ltr' id='par_1_12' title="bbox 88 519 886 555">
     <span class='ocr_line' id='line_1_12' title="bbox 88 519 886 555; baseline 0 -9"><span class='ocrx_word' id='word_1_83' title='bbox 88 525 144 547; x_wconf 81' lang='lat' dir='ltr'><strong>est;</strong></span> <span class='ocrx_word' id='word_1_84' title='bbox 163 520 254 552; x_wconf 84' lang='lat' dir='ltr'><strong>Quare</strong></span> <span class='ocrx_word' id='word_1_85' title='bbox 268 521 320 547; x_wconf 87' lang='lat' dir='ltr'><strong>hoc</strong></span> <span class='ocrx_word' id='word_1_86' title='bbox 334 520 505 555; x_wconf 84' lang='lat' dir='ltr'><strong>suppositum</strong></span> <span class='ocrx_word' id='word_1_87' title='bbox 535 528 596 547; x_wconf 88' lang='lat' dir='ltr'><strong>esse</strong></span> <span class='ocrx_word' id='word_1_88' title='bbox 623 520 650 547; x_wconf 93' lang='lat' dir='ltr'><strong>in</strong></span> <span class='ocrx_word' id='word_1_89' title='bbox 680 521 735 547; x_wconf 90' lang='lat' dir='ltr'><strong>sola</strong></span> <span class='ocrx_word' id='word_1_90' title='bbox 767 519 886 554; x_wconf 80' lang='lat' dir='ltr'><strong>ingenita</strong></span> 
     </span>
    </p>
   </div>
   <div class='ocr_carea' id='block_1_13' title="bbox 89 565 887 600">
    <p class='ocr_par' dir='ltr' id='par_1_13' title="bbox 89 565 887 600">
     <span class='ocr_line' id='line_1_13' title="bbox 89 565 887 600; baseline -0.001 -7"><span class='ocrx_word' id='word_1_91' title='bbox 89 574 222 600; x_wconf 85' lang='lat' dir='ltr'><strong>persona,</strong></span> <span class='ocrx_word' id='word_1_92' title='bbox 236 574 288 593; x_wconf 90' lang='lat' dir='ltr'><strong>non</strong></span> <span class='ocrx_word' id='word_1_93' title='bbox 313 567 393 594; x_wconf 81' lang='lat' dir='ltr'><strong>faciet</strong></span> <span class='ocrx_word' id='word_1_94' title='bbox 411 567 590 594; x_wconf 84' lang='lat' dir='ltr'><strong>diﬂ&#39;erentiam</strong></span> <span class='ocrx_word' id='word_1_95' title='bbox 603 565 804 593; x_wconf 88' lang='lat' dir='ltr'><strong>substantialem</strong></span> <span class='ocrx_word' id='word_1_96' title='bbox 829 567 887 599; x_wconf 86' lang='lat' dir='ltr'><strong>ejus</strong></span> 
     </span>
    </p>
   </div>
   <div class='ocr_carea' id='block_1_14' title="bbox 87 611 886 647">
    <p class='ocr_par' dir='ltr' id='par_1_14' title="bbox 87 611 886 647">
     <span class='ocr_line' id='line_1_14' title="bbox 87 611 886 647; baseline 0 -9"><span class='ocrx_word' id='word_1_97' title='bbox 87 618 116 638; x_wconf 83' lang='lat' dir='ltr'><strong>et</strong></span> <span class='ocrx_word' id='word_1_98' title='bbox 130 611 203 644; x_wconf 87' lang='lat' dir='ltr'><strong>Filii,</strong></span> <span class='ocrx_word' id='word_1_99' title='bbox 223 620 271 639; x_wconf 87' lang='lat' dir='ltr'><strong>nec</strong></span> <span class='ocrx_word' id='word_1_100' title='bbox 288 617 444 647; x_wconf 90' lang='lat' dir='ltr'><strong>corrumpet</strong></span> <span class='ocrx_word' id='word_1_101' title='bbox 460 620 554 640; x_wconf 90' lang='lat' dir='ltr'><strong>eorum</strong></span> <span class='ocrx_word' id='word_1_102' title='bbox 574 611 724 639; x_wconf 87' lang='lat' dir='ltr'><strong>secundum</strong></span> <span class='ocrx_word' id='word_1_103' title='bbox 757 612 886 639; x_wconf 83' lang='lat' dir='ltr'><strong>substan-</strong></span> 
     </span>
    </p>
   </div>
   <div class='ocr_carea' id='block_1_15' title="bbox 88 657 887 692">
    <p class='ocr_par' dir='ltr' id='par_1_15' title="bbox 88 657 887 692">
     <span class='ocr_line' id='line_1_15' title="bbox 88 657 887 692; baseline 0.001 -9"><span class='ocrx_word' id='word_1_104' title='bbox 88 658 157 684; x_wconf 79' lang='lat' dir='ltr'><strong>tiam</strong></span> <span class='ocrx_word' id='word_1_105' title='bbox 170 658 350 685; x_wconf 88' lang='lat' dir='ltr'><strong>identitatem.</strong></span> <span class='ocrx_word' id='word_1_106' title='bbox 366 657 432 685; x_wconf 85' lang='lat' dir='ltr'><strong>Nam</strong></span> <span class='ocrx_word' id='word_1_107' title='bbox 443 666 504 686; x_wconf 91' lang='lat' dir='ltr'><strong>cum</strong></span> <span class='ocrx_word' id='word_1_108' title='bbox 518 659 635 690; x_wconf 76' lang='lat' dir='ltr'><strong>ingenita</strong></span> <span class='ocrx_word' id='word_1_109' title='bbox 648 666 765 692; x_wconf 83' lang='lat' dir='ltr'><strong>persona</strong></span> <span class='ocrx_word' id='word_1_110' title='bbox 787 659 887 684; x_wconf 87' lang='lat' dir='ltr'><strong>haheat</strong></span> 
     </span>
    </p>
   </div>
   <div class='ocr_carea' id='block_1_16' title="bbox 87 703 887 738">
    <p class='ocr_par' dir='ltr' id='par_1_16' title="bbox 87 703 887 738">
     <span class='ocr_line' id='line_1_16' title="bbox 87 703 887 738; baseline 0.001 -9"><span class='ocrx_word' id='word_1_111' title='bbox 87 703 234 738; x_wconf 70' lang='lat' dir='ltr'><strong>arqualiter</strong></span> <span class='ocrx_word' id='word_1_112' title='bbox 249 708 274 730; x_wconf 80' lang='lat' dir='ltr'><strong>et</strong></span> <span class='ocrx_word' id='word_1_113' title='bbox 288 711 417 738; x_wconf 73' lang='lat' dir='ltr'><strong>gent-rare</strong></span> <span class='ocrx_word' id='word_1_114' title='bbox 430 709 457 731; x_wconf 88' lang='lat' dir='ltr'><strong>et</strong></span> <span class='ocrx_word' id='word_1_115' title='bbox 486 705 601 738; x_wconf 88' lang='lat' dir='ltr'><strong>spirare,</strong></span> <span class='ocrx_word' id='word_1_116' title='bbox 630 709 656 731; x_wconf 88' lang='lat' dir='ltr'><strong>et</strong></span> <span class='ocrx_word' id='word_1_117' title='bbox 672 712 723 730; x_wconf 91' lang='lat' dir='ltr'><strong>non</strong></span> <span class='ocrx_word' id='word_1_118' title='bbox 750 705 833 738; x_wconf 79' lang='lat' dir='ltr'><strong>magis</strong></span> <span class='ocrx_word' id='word_1_119' title='bbox 849 704 887 731; x_wconf 90' lang='lat' dir='ltr'><strong>al-</strong></span> 
     </span>
    </p>
   </div>
   <div class='ocr_carea' id='block_1_17' title="bbox 89 750 886 785">
    <p class='ocr_par' dir='ltr' id='par_1_17' title="bbox 89 750 886 785">
     <span class='ocr_line' id='line_1_17' title="bbox 89 750 886 785; baseline 0.003 -10"><span class='ocrx_word' id='word_1_120' title='bbox 89 755 182 776; x_wconf 86' lang='lat' dir='ltr'><strong>terum</strong></span> <span class='ocrx_word' id='word_1_121' title='bbox 200 758 278 783; x_wconf 87' lang='lat' dir='ltr'><strong>quam</strong></span> <span class='ocrx_word' id='word_1_122' title='bbox 299 750 414 777; x_wconf 76' lang='lat' dir='ltr'><strong>alterum</strong></span> <span class='ocrx_word' id='word_1_123' title='bbox 432 771 438 783; x_wconf 89' lang='lat'><strong>,</strong></span> <span class='ocrx_word' id='word_1_124' title='bbox 463 750 525 776; x_wconf 83' lang='lat' dir='ltr'><strong>licet</strong></span> <span class='ocrx_word' id='word_1_125' title='bbox 543 751 577 777; x_wconf 86' lang='lat' dir='ltr'><strong>ab</strong></span> <span class='ocrx_word' id='word_1_126' title='bbox 603 751 696 782; x_wconf 87' lang='lat' dir='ltr'><strong>altero,</strong></span> <span class='ocrx_word' id='word_1_127' title='bbox 719 755 847 785; x_wconf 85' lang='lat' dir='ltr'><strong>tanquam</strong></span> <span class='ocrx_word' id='word_1_128' title='bbox 872 758 886 777; x_wconf 81' lang='lat' dir='ltr'><strong>a</strong></span> 
     </span>
    </p>
   </div>
   <div class='ocr_carea' id='block_1_18' title="bbox 90 795 886 830">
    <p class='ocr_par' dir='ltr' id='par_1_18' title="bbox 90 795 886 830">
     <span class='ocr_line' id='line_1_18' title="bbox 90 795 886 830; baseline 0.001 -8"><span class='ocrx_word' id='word_1_129' title='bbox 90 796 182 830; x_wconf 85' lang='lat' dir='ltr'><strong>magis</strong></span> <span class='ocrx_word' id='word_1_130' title='bbox 199 801 274 829; x_wconf 85' lang='lat' dir='ltr'><strong>nolo,</strong></span> <span class='ocrx_word' id='word_1_131' title='bbox 288 797 443 823; x_wconf 75' lang='lat' dir='ltr'><strong>nominetur</strong></span> <span class='ocrx_word' id='word_1_132' title='bbox 459 795 558 823; x_wconf 85' lang='lat' dir='ltr'><strong>Pater:</strong></span> <span class='ocrx_word' id='word_1_133' title='bbox 575 796 805 830; x_wconf 80' lang='lat' dir='ltr'><strong>quemadmodum</strong></span> <span class='ocrx_word' id='word_1_134' title='bbox 821 796 886 823; x_wconf 79' lang='lat' dir='ltr'><strong>sub-</strong></span> 
     </span>
    </p>
   </div>
   <div class='ocr_carea' id='block_1_19' title="bbox 89 841 888 876">
    <p class='ocr_par' dir='ltr' id='par_1_19' title="bbox 89 841 888 876">
     <span class='ocr_line' id='line_1_19' title="bbox 89 841 888 876; baseline -0.001 -7"><span class='ocrx_word' id='word_1_135' title='bbox 89 842 231 869; x_wconf 87' lang='lat' dir='ltr'><strong>stantialis</strong></span> <span class='ocrx_word' id='word_1_136' title='bbox 251 841 378 869; x_wconf 78' lang='lat' dir='ltr'><strong>ideniitas</strong></span> <span class='ocrx_word' id='word_1_137' title='bbox 393 842 453 876; x_wconf 88' lang='lat' dir='ltr'><strong>ejus</strong></span> <span class='ocrx_word' id='word_1_138' title='bbox 466 846 492 868; x_wconf 84' lang='lat' dir='ltr'><strong>et</strong></span> <span class='ocrx_word' id='word_1_139' title='bbox 503 841 620 876; x_wconf 74' lang='lat' dir='ltr'><strong>Spiritus</strong></span> <span class='ocrx_word' id='word_1_140' title='bbox 636 843 721 869; x_wconf 82' lang='lat' dir='ltr'><strong>sancti</strong></span> <span class='ocrx_word' id='word_1_141' title='bbox 739 849 792 868; x_wconf 94' lang='lat' dir='ltr'><strong>non</strong></span> <span class='ocrx_word' id='word_1_142' title='bbox 818 842 888 875; x_wconf 81' lang='lat' dir='ltr'><strong>cogit</strong></span> 
     </span>
    </p>
   </div>
   <div class='ocr_carea' id='block_1_20' title="bbox 91 887 888 922">
    <p class='ocr_par' dir='ltr' id='par_1_20' title="bbox 91 887 888 922">
     <span class='ocr_line' id='line_1_20' title="bbox 91 887 888 922; baseline -0.001 -8"><span class='ocrx_word' id='word_1_143' title='bbox 91 888 241 921; x_wconf 81' lang='lat' dir='ltr'><strong>Spiritum,</strong></span> <span class='ocrx_word' id='word_1_144' title='bbox 258 893 288 914; x_wconf 94' lang='lat' dir='ltr'><strong>ut</strong></span> <span class='ocrx_word' id='word_1_145' title='bbox 305 893 331 914; x_wconf 87' lang='lat' dir='ltr'><strong>et</strong></span> <span class='ocrx_word' id='word_1_146' title='bbox 347 889 404 921; x_wconf 89' lang='lat' dir='ltr'><strong>ipse</strong></span> <span class='ocrx_word' id='word_1_147' title='bbox 418 891 538 922; x_wconf 81' lang='lat' dir='ltr'><strong>generet,</strong></span> <span class='ocrx_word' id='word_1_148' title='bbox 551 887 597 914; x_wconf 90' lang='lat' dir='ltr'><strong>sed</strong></span> <span class='ocrx_word' id='word_1_149' title='bbox 619 887 699 914; x_wconf 87' lang='lat' dir='ltr'><strong>etiam</strong></span> <span class='ocrx_word' id='word_1_150' title='bbox 725 894 779 914; x_wconf 89' lang='lat' dir='ltr'><strong>non</strong></span> <span class='ocrx_word' id='word_1_151' title='bbox 808 895 888 920; x_wconf 84' lang='lat' dir='ltr'><strong>gene-</strong></span> 
     </span>
    </p>
   </div>
   <div class='ocr_carea' id='block_1_21' title="bbox 90 933 887 968">
    <p class='ocr_par' dir='ltr' id='par_1_21' title="bbox 90 933 887 968">
     <span class='ocr_line' id='line_1_21' title="bbox 90 933 887 968; baseline -0.001 -8"><span class='ocrx_word' id='word_1_152' title='bbox 90 938 172 961; x_wconf 85' lang='lat' dir='ltr'><strong>rante</strong></span> <span class='ocrx_word' id='word_1_153' title='bbox 189 934 258 968; x_wconf 83' lang='lat' dir='ltr'><strong>ipso,</strong></span> <span class='ocrx_word' id='word_1_154' title='bbox 272 934 394 960; x_wconf 72' lang='lat' dir='ltr'><strong>saltatur</strong></span> <span class='ocrx_word' id='word_1_155' title='bbox 409 933 468 966; x_wconf 82' lang='lat' dir='ltr'><strong>ejus</strong></span> <span class='ocrx_word' id='word_1_156' title='bbox 485 933 634 960; x_wconf 87' lang='lat' dir='ltr'><strong>secundum</strong></span> <span class='ocrx_word' id='word_1_157' title='bbox 655 933 837 960; x_wconf 79' lang='lat' dir='ltr'><strong>substantiam</strong></span> <span class='ocrx_word' id='word_1_158' title='bbox 853 933 887 959; x_wconf 81' lang='lat' dir='ltr'><strong>ad</strong></span> 
     </span>
    </p>
   </div>
   <div class='ocr_carea' id='block_1_22' title="bbox 90 978 888 1012">
    <p class='ocr_par' dir='ltr' id='par_1_22' title="bbox 90 978 888 1012">
     <span class='ocr_line' id='line_1_22' title="bbox 90 978 888 1012; baseline -0.001 -8"><span class='ocrx_word' id='word_1_159' title='bbox 90 979 244 1012; x_wconf 80' lang='lat' dir='ltr'><strong>ingenitam</strong></span> <span class='ocrx_word' id='word_1_160' title='bbox 263 985 405 1012; x_wconf 78' lang='lat' dir='ltr'><strong>personam</strong></span> <span class='ocrx_word' id='word_1_161' title='bbox 422 978 550 1004; x_wconf 87' lang='lat' dir='ltr'><strong>identitas</strong></span> <span class='ocrx_word' id='word_1_162' title='bbox 570 986 577 1010; x_wconf 88' lang='lat'><strong>;</strong></span> <span class='ocrx_word' id='word_1_163' title='bbox 610 978 645 1004; x_wconf 92' lang='lat' dir='ltr'><strong>ita</strong></span> <span class='ocrx_word' id='word_1_164' title='bbox 659 982 733 1004; x_wconf 88' lang='lat' dir='ltr'><strong>certe</strong></span> <span class='ocrx_word' id='word_1_165' title='bbox 757 978 888 1004; x_wconf 86' lang='lat' dir='ltr'><strong>substan-</strong></span> 
     </span>
    </p>
   </div>
   <div class='ocr_carea' id='block_1_23' title="bbox 91 1023 888 1058">
    <p class='ocr_par' dir='ltr' id='par_1_23' title="bbox 91 1023 888 1058">
     <span class='ocr_line' id='line_1_23' title="bbox 91 1023 888 1058; baseline -0.004 -6"><span class='ocrx_word' id='word_1_166' title='bbox 91 1025 170 1052; x_wconf 89' lang='lat' dir='ltr'><strong>tialis</strong></span> <span class='ocrx_word' id='word_1_167' title='bbox 187 1024 314 1051; x_wconf 84' lang='lat' dir='ltr'><strong>identitas</strong></span> <span class='ocrx_word' id='word_1_168' title='bbox 344 1024 403 1058; x_wconf 85' lang='lat' dir='ltr'><strong>ejus</strong></span> <span class='ocrx_word' id='word_1_169' title='bbox 431 1024 520 1050; x_wconf 84' lang='lat' dir='ltr'><strong>Patris</strong></span> <span class='ocrx_word' id='word_1_170' title='bbox 535 1028 561 1050; x_wconf 88' lang='lat' dir='ltr'><strong>et</strong></span> <span class='ocrx_word' id='word_1_171' title='bbox 590 1023 650 1049; x_wconf 86' lang='lat' dir='ltr'><strong>Filii</strong></span> <span class='ocrx_word' id='word_1_172' title='bbox 681 1031 734 1050; x_wconf 91' lang='lat' dir='ltr'><strong>non</strong></span> <span class='ocrx_word' id='word_1_173' title='bbox 761 1027 837 1057; x_wconf 77' lang='lat' dir='ltr'><strong>coget</strong></span> <span class='ocrx_word' id='word_1_174' title='bbox 862 1027 888 1050; x_wconf 90' lang='lat' dir='ltr'><strong>et</strong></span> 
     </span>
    </p>
   </div>
   <div class='ocr_carea' id='block_1_24' title="bbox 92 1068 888 1104">
    <p class='ocr_par' dir='ltr' id='par_1_24' title="bbox 92 1068 888 1104">
     <span class='ocr_line' id='line_1_24' title="bbox 92 1068 888 1104; baseline -0.003 -7"><span class='ocrx_word' id='word_1_175' title='bbox 92 1071 196 1097; x_wconf 83' lang='lat' dir='ltr'><strong>Filium</strong></span> <span class='ocrx_word' id='word_1_176' title='bbox 212 1071 315 1104; x_wconf 87' lang='lat' dir='ltr'><strong>spirare</strong></span> <span class='ocrx_word' id='word_1_177' title='bbox 329 1069 471 1104; x_wconf 84' lang='lat' dir='ltr'><strong>Spiritum,</strong></span> <span class='ocrx_word' id='word_1_178' title='bbox 489 1069 535 1096; x_wconf 87' lang='lat' dir='ltr'><strong>sed</strong></span> <span class='ocrx_word' id='word_1_179' title='bbox 549 1069 641 1100; x_wconf 84' lang='lat' dir='ltr'><strong>etiamI</strong></span> <span class='ocrx_word' id='word_1_180' title='bbox 665 1069 725 1103; x_wconf 87' lang='lat' dir='ltr'><strong>ipso</strong></span> <span class='ocrx_word' id='word_1_181' title='bbox 753 1075 806 1095; x_wconf 93' lang='lat' dir='ltr'><strong>non</strong></span> <span class='ocrx_word' id='word_1_182' title='bbox 831 1068 888 1102; x_wconf 80' lang='lat' dir='ltr'><strong>spi-</strong></span> 
     </span>
    </p>
   </div>
   <div class='ocr_carea' id='block_1_25' title="bbox 93 1115 888 1150">
    <p class='ocr_par' dir='ltr' id='par_1_25' title="bbox 93 1115 888 1150">
     <span class='ocr_line' id='line_1_25' title="bbox 93 1115 888 1150; baseline -0.003 -6"><span class='ocrx_word' id='word_1_183' title='bbox 93 1121 175 1144; x_wconf 84' lang='lat' dir='ltr'><strong>rante</strong></span> <span class='ocrx_word' id='word_1_184' title='bbox 188 1117 287 1150; x_wconf 86' lang='lat' dir='ltr'><strong>ipsum,</strong></span> <span class='ocrx_word' id='word_1_185' title='bbox 297 1116 446 1144; x_wconf 83' lang='lat' dir='ltr'><strong>salvabitur</strong></span> <span class='ocrx_word' id='word_1_186' title='bbox 463 1118 557 1149; x_wconf 84' lang='lat' dir='ltr'><strong>utique</strong></span> <span class='ocrx_word' id='word_1_187' title='bbox 574 1115 633 1150; x_wconf 78' lang='lat' dir='ltr'><strong>ejus</strong></span> <span class='ocrx_word' id='word_1_188' title='bbox 647 1116 679 1142; x_wconf 91' lang='lat' dir='ltr'><strong>ad</strong></span> <span class='ocrx_word' id='word_1_189' title='bbox 694 1115 800 1142; x_wconf 77' lang='lat' dir='ltr'><strong>Patrem</strong></span> <span class='ocrx_word' id='word_1_190' title='bbox 823 1115 888 1142; x_wconf 88' lang='lat' dir='ltr'><strong>sub-</strong></span> 
     </span>
    </p>
   </div>
   <div class='ocr_carea' id='block_1_26' title="bbox 91 1160 886 1195">
    <p class='ocr_par' dir='ltr' id='par_1_26' title="bbox 91 1160 886 1195">
     <span class='ocr_line' id='line_1_26' title="bbox 91 1160 886 1195; baseline -0.001 -7"><span class='ocrx_word' id='word_1_191' title='bbox 91 1161 377 1190; x_wconf 70' lang='lat' dir='ltr'><strong>stantialisidcntitas.</strong></span> <span class='ocrx_word' id='word_1_192' title='bbox 393 1161 564 1195; x_wconf 87' lang='lat' dir='ltr'><strong>Quapropter</strong></span> <span class='ocrx_word' id='word_1_193' title='bbox 590 1160 657 1187; x_wconf 88' lang='lat' dir='ltr'><strong>nihil</strong></span> <span class='ocrx_word' id='word_1_194' title='bbox 683 1162 768 1195; x_wconf 84' lang='lat' dir='ltr'><strong>magis</strong></span> <span class='ocrx_word' id='word_1_195' title='bbox 786 1161 886 1188; x_wconf 81' lang='lat' dir='ltr'><strong>moveri</strong></span> 
     </span>
    </p>
   </div>
   <div class='ocr_carea' id='block_1_27' title="bbox 92 1207 910 1243">
    <p class='ocr_par' dir='ltr' id='par_1_27' title="bbox 92 1207 910 1243">
     <span class='ocr_line' id='line_1_27' title="bbox 92 1207 910 1243; baseline -0.002 -9"><span class='ocrx_word' id='word_1_196' title='bbox 92 1215 209 1243; x_wconf 83' lang='lat' dir='ltr'><strong>possum</strong></span> <span class='ocrx_word' id='word_1_197' title='bbox 223 1211 269 1241; x_wconf 85' lang='lat' dir='ltr'><strong>per</strong></span> <span class='ocrx_word' id='word_1_198' title='bbox 286 1207 442 1242; x_wconf 86' lang='lat' dir='ltr'><strong>hujusmodi</strong></span> <span class='ocrx_word' id='word_1_199' title='bbox 462 1211 635 1241; x_wconf 80' lang='lat' dir='ltr'><strong>argumenta.</strong></span> <span class='ocrx_word' id='word_1_200' title='bbox 896 1223 910 1232; x_wconf 67' lang='grc' dir='ltr'><strong><em>ν</em></strong></span> 
     </span>
    </p>
   </div>
   <div class='ocr_carea' id='block_1_28' title="bbox 131 1253 885 1288">
    <p class='ocr_par' dir='ltr' id='par_1_28' title="bbox 131 1253 885 1288">
     <span class='ocr_line' id='line_1_28' title="bbox 131 1253 885 1288; baseline -0.004 -6"><span class='ocrx_word' id='word_1_201' title='bbox 131 1255 186 1283; x_wconf 71' lang='lat' dir='ltr'><strong>Sed</strong></span> <span class='ocrx_word' id='word_1_202' title='bbox 204 1255 323 1281; x_wconf 77' lang='lat' dir='ltr'><strong>venioad</strong></span> <span class='ocrx_word' id='word_1_203' title='bbox 341 1255 473 1286; x_wconf 88' lang='lat' dir='ltr'><strong>secunda,</strong></span> <span class='ocrx_word' id='word_1_204' title='bbox 488 1261 548 1288; x_wconf 75' lang='lat' dir='ltr'><strong>qua:</strong></span> <span class='ocrx_word' id='word_1_205' title='bbox 564 1253 689 1281; x_wconf 85' lang='lat' dir='ltr'><strong>videlicet</strong></span> <span class='ocrx_word' id='word_1_206' title='bbox 701 1262 733 1280; x_wconf 78' lang='lat' dir='ltr'><strong>ex</strong></span> <span class='ocrx_word' id='word_1_207' title='bbox 750 1253 885 1288; x_wconf 76' lang='lat' dir='ltr'><strong>prrsonali</strong></span> 
     </span>
    </p>
   </div>
   <div class='ocr_carea' id='block_1_29' title="bbox 92 1298 886 1334">
    <p class='ocr_par' dir='ltr' id='par_1_29' title="bbox 92 1298 886 1334">
     <span class='ocr_line' id='line_1_29' title="bbox 92 1298 886 1334; baseline -0.004 -6"><span class='ocrx_word' id='word_1_208' title='bbox 92 1301 250 1328; x_wconf 79' lang='lat' dir='ltr'><strong>diﬂ‘erentia</strong></span> <span class='ocrx_word' id='word_1_209' title='bbox 265 1299 325 1327; x_wconf 81' lang='lat' dir='ltr'><strong>Filii</strong></span> <span class='ocrx_word' id='word_1_210' title='bbox 357 1301 390 1327; x_wconf 86' lang='lat' dir='ltr'><strong>ad</strong></span> <span class='ocrx_word' id='word_1_211' title='bbox 419 1299 550 1334; x_wconf 86' lang='lat' dir='ltr'><strong>Spiritum</strong></span> <span class='ocrx_word' id='word_1_212' title='bbox 568 1300 668 1326; x_wconf 78' lang='lat' dir='ltr'><strong>lat-iniit</strong></span> <span class='ocrx_word' id='word_1_213' title='bbox 688 1298 886 1334; x_wconf 80' lang='lat' dir='ltr'><strong>syllogismum.</strong></span> 
     </span>
    </p>
   </div>
   <div class='ocr_carea' id='block_1_30' title="bbox 91 1345 888 1379">
    <p class='ocr_par' dir='ltr' id='par_1_30' title="bbox 91 1345 888 1379">
     <span class='ocr_line' id='line_1_30' title="bbox 91 1345 888 1379; baseline -0.004 -6"><span class='ocrx_word' id='word_1_214' title='bbox 91 1347 206 1374; x_wconf 77' lang='lat' dir='ltr'><strong>Certum</strong></span> <span class='ocrx_word' id='word_1_215' title='bbox 227 1349 280 1377; x_wconf 87' lang='lat' dir='ltr'><strong>est,</strong></span> <span class='ocrx_word' id='word_1_216' title='bbox 293 1345 364 1379; x_wconf 88' lang='lat' dir='ltr'><strong>quod</strong></span> <span class='ocrx_word' id='word_1_217' title='bbox 388 1352 422 1371; x_wconf 82' lang='lat' dir='ltr'><strong>ex</strong></span> <span class='ocrx_word' id='word_1_218' title='bbox 437 1353 465 1371; x_wconf 88' lang='lat' dir='ltr'><strong>re</strong></span> <span class='ocrx_word' id='word_1_219' title='bbox 489 1345 595 1378; x_wconf 86' lang='lat' dir='ltr'><strong>penitus</strong></span> <span class='ocrx_word' id='word_1_220' title='bbox 623 1345 725 1378; x_wconf 82' lang='lat' dir='ltr'><strong>ignota,</strong></span> <span class='ocrx_word' id='word_1_221' title='bbox 745 1349 772 1371; x_wconf 89' lang='lat' dir='ltr'><strong>et</strong></span> <span class='ocrx_word' id='word_1_222' title='bbox 801 1352 888 1377; x_wconf 70' lang='lat' dir='ltr'><strong>neque</strong></span> 
     </span>
    </p>
   </div>
   <div class='ocr_carea' id='block_1_31' title="bbox 93 1390 887 1426">
    <p class='ocr_par' dir='ltr' id='par_1_31' title="bbox 93 1390 887 1426">
     <span class='ocr_line' id='line_1_31' title="bbox 93 1390 887 1426; baseline -0.004 -8"><span class='ocrx_word' id='word_1_223' title='bbox 93 1392 224 1426; x_wconf 77' lang='lat' dir='ltr'><strong>intelligi,</strong></span> <span class='ocrx_word' id='word_1_224' title='bbox 237 1398 324 1425; x_wconf 89' lang='lat' dir='ltr'><strong>neque</strong></span> <span class='ocrx_word' id='word_1_225' title='bbox 338 1390 394 1417; x_wconf 91' lang='lat' dir='ltr'><strong>dici</strong></span> <span class='ocrx_word' id='word_1_226' title='bbox 410 1394 518 1425; x_wconf 83' lang='lat' dir='ltr'><strong>potente</strong></span> <span class='ocrx_word' id='word_1_227' title='bbox 548 1390 614 1416; x_wconf 85' lang='lat' dir='ltr'><strong>nihil</strong></span> <span class='ocrx_word' id='word_1_228' title='bbox 633 1390 798 1424; x_wconf 52' lang='lat' dir='ltr'><strong>syllogistiee</strong></span> <span class='ocrx_word' id='word_1_229' title='bbox 822 1397 887 1416; x_wconf 79' lang='lat' dir='ltr'><strong>cou-</strong></span> 
     </span>
    </p>
   </div>
   <div class='ocr_carea' id='block_1_32' title="bbox 94 1437 884 1473">
    <p class='ocr_par' dir='ltr' id='par_1_32' title="bbox 94 1437 884 1473">
     <span class='ocr_line' id='line_1_32' title="bbox 94 1437 884 1473; baseline -0.004 -7"><span class='ocrx_word' id='word_1_230' title='bbox 94 1438 170 1466; x_wconf 87' lang='lat' dir='ltr'><strong>cludi</strong></span> <span class='ocrx_word' id='word_1_231' title='bbox 184 1443 212 1466; x_wconf 87' lang='lat' dir='ltr'><strong>et</strong></span> <span class='ocrx_word' id='word_1_232' title='bbox 226 1437 340 1465; x_wconf 85' lang='lat' dir='ltr'><strong>inveniri</strong></span> <span class='ocrx_word' id='word_1_233' title='bbox 354 1441 455 1473; x_wconf 81' lang='lat' dir='ltr'><strong>potest.</strong></span> <span class='ocrx_word' id='word_1_234' title='bbox 470 1438 505 1464; x_wconf 81' lang='lat' dir='ltr'><strong>At</strong></span> <span class='ocrx_word' id='word_1_235' title='bbox 519 1445 585 1464; x_wconf 88' lang='lat' dir='ltr'><strong>vero</strong></span> <span class='ocrx_word' id='word_1_236' title='bbox 597 1437 719 1472; x_wconf 70' lang='lat' dir='ltr'><strong>pratclari</strong></span> <span class='ocrx_word' id='word_1_237' title='bbox 732 1442 884 1463; x_wconf 81' lang='lat' dir='ltr'><strong>nostrorum</strong></span> 
     </span>
    </p>
   </div>
   <div class='ocr_carea' id='block_1_33' title="bbox 95 1483 885 1518">
    <p class='ocr_par' dir='ltr' id='par_1_33' title="bbox 95 1483 885 1518">
     <span class='ocr_line' id='line_1_33' title="bbox 95 1483 885 1518; baseline -0.003 -6"><span class='ocrx_word' id='word_1_238' title='bbox 95 1491 256 1513; x_wconf 83' lang='lat' dir='ltr'><strong>sanctorum</strong></span> <span class='ocrx_word' id='word_1_239' title='bbox 271 1485 414 1511; x_wconf 90' lang='lat' dir='ltr'><strong>doctoinm</strong></span> <span class='ocrx_word' id='word_1_240' title='bbox 431 1483 599 1514; x_wconf 83' lang='lat' dir='ltr'><strong>testimonio,</strong></span> <span class='ocrx_word' id='word_1_241' title='bbox 619 1491 774 1518; x_wconf 84' lang='lat' dir='ltr'><strong>quanquam</strong></span> <span class='ocrx_word' id='word_1_242' title='bbox 794 1490 885 1516; x_wconf 66' lang='lat' dir='ltr'><strong>perso:</strong></span> 
     </span>
    </p>
   </div>
   <div class='ocr_carea' id='block_1_34' title="bbox 96 1529 887 1564">
    <p class='ocr_par' dir='ltr' id='par_1_34' title="bbox 96 1529 887 1564">
     <span class='ocr_line' id='line_1_34' title="bbox 96 1529 887 1564; baseline -0.005 -6"><span class='ocrx_word' id='word_1_243' title='bbox 96 1532 198 1558; x_wconf 72' lang='lat' dir='ltr'><strong>iialiter</strong></span> <span class='ocrx_word' id='word_1_244' title='bbox 214 1530 322 1557; x_wconf 80' lang='lat' dir='ltr'><strong>dillei&#39;re</strong></span> <span class='ocrx_word' id='word_1_245' title='bbox 339 1529 437 1557; x_wconf 87' lang='lat' dir='ltr'><strong>Filium</strong></span> <span class='ocrx_word' id='word_1_246' title='bbox 459 1537 473 1556; x_wconf 89' lang='lat' dir='ltr'><strong>a</strong></span> <span class='ocrx_word' id='word_1_247' title='bbox 491 1529 593 1564; x_wconf 92' lang='lat' dir='ltr'><strong>Spiritu</strong></span> <span class='ocrx_word' id='word_1_248' title='bbox 612 1530 781 1560; x_wconf 77' lang='lat' dir='ltr'><strong>Conﬁtentes,</strong></span> <span class='ocrx_word' id='word_1_249' title='bbox 799 1533 887 1555; x_wconf 83' lang='lat' dir='ltr'><strong>tamen</strong></span> 
     </span>
    </p>
   </div>
   <div class='ocr_carea' id='block_1_35' title="bbox 96 1575 889 1611">
    <p class='ocr_par' dir='ltr' id='par_1_35' title="bbox 96 1575 889 1611">
     <span class='ocr_line' id='line_1_35' title="bbox 96 1575 889 1611; baseline -0.003 -7"><span class='ocrx_word' id='word_1_250' title='bbox 96 1578 296 1604; x_wconf 74' lang='lat' dir='ltr'><strong>interdixerttnt</strong></span> <span class='ocrx_word' id='word_1_251' title='bbox 333 1577 411 1603; x_wconf 88' lang='lat' dir='ltr'><strong>nobis</strong></span> <span class='ocrx_word' id='word_1_252' title='bbox 443 1576 603 1611; x_wconf 84' lang='lat' dir='ltr'><strong>investigare</strong></span> <span class='ocrx_word' id='word_1_253' title='bbox 632 1576 714 1610; x_wconf 90' lang='lat' dir='ltr'><strong>hujus</strong></span> <span class='ocrx_word' id='word_1_254' title='bbox 730 1575 889 1602; x_wconf 68' lang='lat' dir='ltr'><strong>differentia:</strong></span> 
     </span>
    </p>
   </div>
   <div class='ocr_carea' id='block_1_36' title="bbox 97 1622 889 1656">
    <p class='ocr_par' dir='ltr' id='par_1_36' title="bbox 97 1622 889 1656">
     <span class='ocr_line' id='line_1_36' title="bbox 97 1622 889 1656; baseline -0.004 -6"><span class='ocrx_word' id='word_1_255' title='bbox 97 1623 223 1656; x_wconf 85' lang='lat' dir='ltr'><strong>modum,</strong></span> <span class='ocrx_word' id='word_1_256' title='bbox 240 1623 372 1655; x_wconf 78' lang='lat' dir='ltr'><strong>dicentes,</strong></span> <span class='ocrx_word' id='word_1_257' title='bbox 388 1622 495 1656; x_wconf 87' lang='lat' dir='ltr'><strong>penitus</strong></span> <span class='ocrx_word' id='word_1_258' title='bbox 513 1622 678 1656; x_wconf 86' lang='lat' dir='ltr'><strong>impossibile</strong></span> <span class='ocrx_word' id='word_1_259' title='bbox 702 1630 773 1654; x_wconf 89' lang='lat' dir='ltr'><strong>esse,</strong></span> <span class='ocrx_word' id='word_1_260' title='bbox 789 1630 803 1648; x_wconf 93' lang='lat' dir='ltr'><strong>a</strong></span> <span class='ocrx_word' id='word_1_261' title='bbox 819 1628 889 1656; x_wconf 84' lang='lat' dir='ltr'><strong>quo-</strong></span> 
     </span>
    </p>
   </div>
   <div class='ocr_carea' id='block_1_37' title="bbox 95 1667 888 1704">
    <p class='ocr_par' dir='ltr' id='par_1_37' title="bbox 95 1667 888 1704">
     <span class='ocr_line' id='line_1_37' title="bbox 95 1667 888 1704; baseline -0.004 -8"><span class='ocrx_word' id='word_1_262' title='bbox 95 1677 179 1704; x_wconf 83' lang='lat' dir='ltr'><strong>quam</strong></span> <span class='ocrx_word' id='word_1_263' title='bbox 199 1670 225 1696; x_wconf 91' lang='lat' dir='ltr'><strong>in</strong></span> <span class='ocrx_word' id='word_1_264' title='bbox 241 1676 322 1696; x_wconf 84' lang='lat' dir='ltr'><strong>carne</strong></span> <span class='ocrx_word' id='word_1_265' title='bbox 351 1669 496 1695; x_wconf 81' lang='lat' dir='ltr'><strong>viventium</strong></span> <span class='ocrx_word' id='word_1_266' title='bbox 523 1669 677 1703; x_wconf 91' lang='lat' dir='ltr'><strong>hujusmodi</strong></span> <span class='ocrx_word' id='word_1_267' title='bbox 709 1667 888 1694; x_wconf 71' lang='lat' dir='ltr'><strong>diﬂ‘ereiitiam</strong></span> 
     </span>
    </p>
   </div>
   <div class='ocr_carea' id='block_1_38' title="bbox 96 1707 889 1749">
    <p class='ocr_par' dir='ltr' id='par_1_38' title="bbox 96 1707 889 1749">
     <span class='ocr_line' id='line_1_38' title="bbox 96 1707 889 1749; baseline -0.003 -7"><span class='ocrx_word' id='word_1_268' title='bbox 96 1716 227 1743; x_wconf 89' lang='lat' dir='ltr'><strong>distincte</strong></span> <span class='ocrx_word' id='word_1_269' title='bbox 259 1714 372 1749; x_wconf 80' lang='lat' dir='ltr'><strong>intelligi</strong></span> <span class='ocrx_word' id='word_1_270' title='bbox 398 1719 421 1741; x_wconf 85' lang='lat' dir='ltr'><strong>ei</strong></span> <span class='ocrx_word' id='word_1_271' title='bbox 452 1715 580 1748; x_wconf 83' lang='lat' dir='ltr'><strong>exprimi.</strong></span> <span class='ocrx_word' id='word_1_272' title='bbox 610 1707 703 1746; x_wconf 76' lang='lat' dir='ltr'><strong>Quare</strong></span> <span class='ocrx_word' id='word_1_273' title='bbox 726 1713 791 1748; x_wconf 90' lang='lat' dir='ltr'><strong>quid</strong></span> <span class='ocrx_word' id='word_1_274' title='bbox 808 1721 841 1740; x_wconf 87' lang='lat' dir='ltr'><strong>ex</strong></span> <span class='ocrx_word' id='word_1_275' title='bbox 857 1721 889 1740; x_wconf 86' lang='lat' dir='ltr'><strong>ea</strong></span> 
     </span>
    </p>
   </div>
   <div class='ocr_carea' id='block_1_39' title="bbox 97 1761 344 1795">
    <p class='ocr_par' dir='ltr' id='par_1_39' title="bbox 97 1761 344 1795">
     <span class='ocr_line' id='line_1_39' title="bbox 97 1761 344 1795; baseline -0.012 -6"><span class='ocrx_word' id='word_1_276' title='bbox 97 1762 224 1789; x_wconf 84' lang='lat' dir='ltr'><strong>concludi</strong></span> <span class='ocrx_word' id='word_1_277' title='bbox 242 1761 344 1795; x_wconf 86' lang='lat' dir='ltr'><strong>possit?</strong></span> 
     </span>
    </p>
   </div>
   <div class='ocr_carea' id='block_1_40' title="bbox 135 1804 890 1840">
    <p class='ocr_par' dir='ltr' id='par_1_40' title="bbox 135 1804 890 1840">
     <span class='ocr_line' id='line_1_40' title="bbox 135 1804 890 1840; baseline -0.003 -5"><span class='ocrx_word' id='word_1_278' title='bbox 135 1808 221 1835; x_wconf 75' lang='lat' dir='ltr'><strong>Video</strong></span> <span class='ocrx_word' id='word_1_279' title='bbox 238 1815 331 1834; x_wconf 84' lang='lat' dir='ltr'><strong>rursus</strong></span> <span class='ocrx_word' id='word_1_280' title='bbox 346 1806 491 1833; x_wconf 91' lang='lat' dir='ltr'><strong>nonnullos</strong></span> <span class='ocrx_word' id='word_1_281' title='bbox 503 1804 663 1832; x_wconf 87' lang='lat' dir='ltr'><strong>Latinorum</strong></span> <span class='ocrx_word' id='word_1_282' title='bbox 690 1806 725 1832; x_wconf 89' lang='lat' dir='ltr'><strong>ita</strong></span> <span class='ocrx_word' id='word_1_283' title='bbox 752 1811 843 1840; x_wconf 83' lang='lat' dir='ltr'><strong>aperte</strong></span> <span class='ocrx_word' id='word_1_284' title='bbox 864 1811 890 1833; x_wconf 88' lang='lat' dir='ltr'><strong>et</strong></span> 
     </span>
    </p>
   </div>
   <div class='ocr_carea' id='block_1_41' title="bbox 97 1851 890 1888">
    <p class='ocr_par' dir='ltr' id='par_1_41' title="bbox 97 1851 890 1888">
     <span class='ocr_line' id='line_1_41' title="bbox 97 1851 890 1888; baseline -0.005 -6"><span class='ocrx_word' id='word_1_285' title='bbox 97 1855 228 1882; x_wconf 88' lang='lat' dir='ltr'><strong>distincte</strong></span> <span class='ocrx_word' id='word_1_286' title='bbox 240 1853 422 1888; x_wconf 79' lang='lat' dir='ltr'><strong>exprimentes</strong></span> <span class='ocrx_word' id='word_1_287' title='bbox 437 1851 629 1884; x_wconf 66' lang='lat' dir='ltr'><strong>diﬁcrentiam,</strong></span> <span class='ocrx_word' id='word_1_288' title='bbox 657 1859 710 1887; x_wconf 86' lang='lat' dir='ltr'><strong>qua</strong></span> <span class='ocrx_word' id='word_1_289' title='bbox 727 1852 815 1879; x_wconf 75' lang='lat' dir='ltr'><strong>differt</strong></span> <span class='ocrx_word' id='word_1_290' title='bbox 830 1852 890 1886; x_wconf 88' lang='lat' dir='ltr'><strong>Spi-</strong></span> 
     </span>
    </p>
   </div>
   <div class='ocr_carea' id='block_1_42' title="bbox 99 1896 888 1932">
    <p class='ocr_par' dir='ltr' id='par_1_42' title="bbox 99 1896 888 1932">
     <span class='ocr_line' id='line_1_42' title="bbox 99 1896 888 1932; baseline -0.001 -6"><span class='ocrx_word' id='word_1_291' title='bbox 99 1901 170 1927; x_wconf 84' lang='lat' dir='ltr'><strong>ritus</strong></span> <span class='ocrx_word' id='word_1_292' title='bbox 188 1903 298 1925; x_wconf 84' lang='lat' dir='ltr'><strong>sanctus</strong></span> <span class='ocrx_word' id='word_1_293' title='bbox 316 1905 331 1923; x_wconf 84' lang='lat' dir='ltr'><strong>a</strong></span> <span class='ocrx_word' id='word_1_294' title='bbox 348 1896 426 1929; x_wconf 86' lang='lat' dir='ltr'><strong>Filio,</strong></span> <span class='ocrx_word' id='word_1_295' title='bbox 437 1897 555 1923; x_wconf 87' lang='lat' dir='ltr'><strong>utetiam</strong></span> <span class='ocrx_word' id='word_1_296' title='bbox 580 1905 626 1931; x_wconf 93' lang='lat' dir='ltr'><strong>per</strong></span> <span class='ocrx_word' id='word_1_297' title='bbox 646 1905 824 1932; x_wconf 85' lang='lat' dir='ltr'><strong>quoscunque</strong></span> <span class='ocrx_word' id='word_1_298' title='bbox 840 1900 888 1925; x_wconf 85' lang='lat' dir='ltr'><strong>lio-</strong></span> 
     </span>
    </p>
   </div>
   <div class='ocr_carea' id='block_1_43' title="bbox 99 1934 891 1977">
    <p class='ocr_par' dir='ltr' id='par_1_43' title="bbox 99 1934 891 1977">
     <span class='ocr_line' id='line_1_43' title="bbox 99 1934 891 1977; baseline -0.001 -6"><span class='ocrx_word' id='word_1_299' title='bbox 99 1945 200 1976; x_wconf 75' lang='lat' dir='ltr'><strong>iiiines,</strong></span> <span class='ocrx_word' id='word_1_300' title='bbox 215 1944 236 1970; x_wconf 93' lang='lat' dir='ltr'><strong>si</strong></span> <span class='ocrx_word' id='word_1_301' title='bbox 254 1943 338 1969; x_wconf 87' lang='lat' dir='ltr'><strong>solum</strong></span> <span class='ocrx_word' id='word_1_302' title='bbox 359 1934 604 1976; x_wconf 81' lang='lat' dir='ltr'><strong>quantulacunque</strong></span> <span class='ocrx_word' id='word_1_303' title='bbox 637 1950 670 1969; x_wconf 81' lang='lat' dir='ltr'><strong>ex</strong></span> <span class='ocrx_word' id='word_1_304' title='bbox 701 1949 776 1977; x_wconf 90' lang='lat' dir='ltr'><strong>parte</strong></span> <span class='ocrx_word' id='word_1_305' title='bbox 801 1948 891 1970; x_wconf 90' lang='lat' dir='ltr'><strong>mente</strong></span> 
     </span>
    </p>
   </div>
   <div class='ocr_carea' id='block_1_44' title="bbox 98 1986 890 2023">
    <p class='ocr_par' dir='ltr' id='par_1_44' title="bbox 98 1986 890 2023">
     <span class='ocr_line' id='line_1_44' title="bbox 98 1986 890 2023; baseline -0.003 -7"><span class='ocrx_word' id='word_1_306' title='bbox 98 1996 226 2021; x_wconf 87' lang='lat' dir='ltr'><strong>utuntur,</strong></span> <span class='ocrx_word' id='word_1_307' title='bbox 240 1989 324 2023; x_wconf 85' lang='lat' dir='ltr'><strong>possit</strong></span> <span class='ocrx_word' id='word_1_308' title='bbox 344 1987 469 2022; x_wconf 76' lang='lat' dir='ltr'><strong>intelligi.</strong></span> <span class='ocrx_word' id='word_1_309' title='bbox 485 1986 554 2021; x_wconf 75' lang='lat' dir='ltr'><strong>Ergo</strong></span> <span class='ocrx_word' id='word_1_310' title='bbox 580 1995 641 2014; x_wconf 90' lang='lat' dir='ltr'><strong>cuni</strong></span> <span class='ocrx_word' id='word_1_311' title='bbox 670 1988 736 2014; x_wconf 89' lang='lat' dir='ltr'><strong>nihil</strong></span> <span class='ocrx_word' id='word_1_312' title='bbox 758 1988 890 2021; x_wconf 76' lang='lat' dir='ltr'><strong>videatur,</strong></span> 
     </span>
    </p>
   </div>
   <div class='ocr_carea' id='block_1_45' title="bbox 99 2033 893 2070">
    <p class='ocr_par' dir='ltr' id='par_1_45' title="bbox 99 2033 893 2070">
     <span class='ocr_line' id='line_1_45' title="bbox 99 2033 893 2070; baseline 0 -9"><span class='ocrx_word' id='word_1_313' title='bbox 99 2040 211 2070; x_wconf 78' lang='lat' dir='ltr'><strong>pi-Opter</strong></span> <span class='ocrx_word' id='word_1_314' title='bbox 225 2036 294 2069; x_wconf 86' lang='lat' dir='ltr'><strong>quod</strong></span> <span class='ocrx_word' id='word_1_315' title='bbox 327 2033 352 2060; x_wconf 90' lang='lat' dir='ltr'><strong>hi</strong></span> <span class='ocrx_word' id='word_1_316' title='bbox 368 2034 419 2060; x_wconf 78' lang='lat' dir='ltr'><strong>[ide</strong></span> <span class='ocrx_word' id='word_1_317' title='bbox 433 2033 572 2066; x_wconf 75' lang='lat' dir='ltr'><strong>digniores</strong></span> <span class='ocrx_word' id='word_1_318' title='bbox 599 2038 626 2060; x_wconf 88' lang='lat' dir='ltr'><strong>et</strong></span> <span class='ocrx_word' id='word_1_319' title='bbox 645 2034 755 2067; x_wconf 83' lang='lat' dir='ltr'><strong>majoris</strong></span> <span class='ocrx_word' id='word_1_320' title='bbox 773 2036 893 2062; x_wconf 78' lang='lat' dir='ltr'><strong>anctori~</strong></span> 
     </span>
    </p>
   </div>
   <div class='ocr_carea' id='block_1_46' title="bbox 99 2079 891 2115">
    <p class='ocr_par' dir='ltr' id='par_1_46' title="bbox 99 2079 891 2115">
     <span class='ocr_line' id='line_1_46' title="bbox 99 2079 891 2115; baseline -0.003 -7"><span class='ocrx_word' id='word_1_321' title='bbox 99 2082 165 2108; x_wconf 91' lang='lat' dir='ltr'><strong>tatis</strong></span> <span class='ocrx_word' id='word_1_322' title='bbox 178 2081 230 2107; x_wconf 84' lang='lat' dir='ltr'><strong>illis</strong></span> <span class='ocrx_word' id='word_1_323' title='bbox 242 2080 268 2107; x_wconf 90' lang='lat' dir='ltr'><strong>iii</strong></span> <span class='ocrx_word' id='word_1_324' title='bbox 282 2081 362 2107; x_wconf 86' lang='lat' dir='ltr'><strong>tantis</strong></span> <span class='ocrx_word' id='word_1_325' title='bbox 379 2080 460 2106; x_wconf 85' lang='lat' dir='ltr'><strong>rebus</strong></span> <span class='ocrx_word' id='word_1_326' title='bbox 473 2079 663 2105; x_wconf 63' lang='lat' dir='ltr'><strong>instituentur:</strong></span> <span class='ocrx_word' id='word_1_327' title='bbox 681 2087 786 2114; x_wconf 78' lang='lat' dir='ltr'><strong>nequeo</strong></span> <span class='ocrx_word' id='word_1_328' title='bbox 804 2088 891 2115; x_wconf 82' lang='lat' dir='ltr'><strong>magis</strong></span> 
     </span>
    </p>
   </div>
   <div class='ocr_carea' id='block_1_47' title="bbox 938 200 1724 235">
    <p class='ocr_par' dir='ltr' id='par_1_47' title="bbox 938 200 1724 235">
     <span class='ocr_line' id='line_1_47' title="bbox 938 200 1724 235; baseline 0.005 -9"><span class='ocrx_word' id='word_1_329' title='bbox 938 200 1047 231; x_wconf 76' lang='lat' dir='ltr'><strong>stantia,</strong></span> <span class='ocrx_word' id='word_1_330' title='bbox 1068 201 1163 232; x_wconf 87' lang='lat' dir='ltr'><strong>virtus,</strong></span> <span class='ocrx_word' id='word_1_331' title='bbox 1193 201 1328 232; x_wconf 84' lang='lat' dir='ltr'><strong>voluntas,</strong></span> <span class='ocrx_word' id='word_1_332' title='bbox 1359 202 1490 234; x_wconf 85' lang='lat' dir='ltr'><strong>sapientia</strong></span> <span class='ocrx_word' id='word_1_333' title='bbox 1519 206 1545 229; x_wconf 86' lang='lat' dir='ltr'><strong>et</strong></span> <span class='ocrx_word' id='word_1_334' title='bbox 1571 207 1671 235; x_wconf 89' lang='lat' dir='ltr'><strong>actus,</strong></span> <span class='ocrx_word' id='word_1_335' title='bbox 1698 208 1724 230; x_wconf 91' lang='lat' dir='ltr'><strong>et</strong></span> 
     </span>
    </p>
   </div>
   <div class='ocr_carea' id='block_1_48' title="bbox 939 244 1723 281">
    <p class='ocr_par' dir='ltr' id='par_1_48' title="bbox 939 244 1723 281">
     <span class='ocr_line' id='line_1_48' title="bbox 939 244 1723 281; baseline 0.004 -10"><span class='ocrx_word' id='word_1_336' title='bbox 939 250 1046 279; x_wconf 89' lang='lat' dir='ltr'><strong>propter</strong></span> <span class='ocrx_word' id='word_1_337' title='bbox 1056 244 1112 272; x_wconf 74' lang='lat' dir='ltr'><strong>hzec</strong></span> <span class='ocrx_word' id='word_1_338' title='bbox 1133 246 1189 272; x_wconf 80' lang='lat' dir='ltr'><strong>sola</strong></span> <span class='ocrx_word' id='word_1_339' title='bbox 1200 246 1297 273; x_wconf 86' lang='lat' dir='ltr'><strong>dicitur</strong></span> <span class='ocrx_word' id='word_1_340' title='bbox 1308 254 1367 273; x_wconf 89' lang='lat' dir='ltr'><strong>esse</strong></span> <span class='ocrx_word' id='word_1_341' title='bbox 1384 247 1426 273; x_wconf 90' lang='lat' dir='ltr'><strong>hic</strong></span> <span class='ocrx_word' id='word_1_342' title='bbox 1445 247 1515 281; x_wconf 83' lang='lat' dir='ltr'><strong>ejus.</strong></span> <span class='ocrx_word' id='word_1_343' title='bbox 1541 248 1723 280; x_wconf 84' lang='lat' dir='ltr'><strong>Quemadmo—</strong></span> 
     </span>
    </p>
   </div>
   <div class='ocr_carea' id='block_1_49' title="bbox 938 289 1723 326">
    <p class='ocr_par' dir='ltr' id='par_1_49' title="bbox 938 289 1723 326">
     <span class='ocr_line' id='line_1_49' title="bbox 938 289 1723 326; baseline 0.005 -11"><span class='ocrx_word' id='word_1_344' title='bbox 938 290 1002 316; x_wconf 89' lang='lat' dir='ltr'><strong>dum</strong></span> <span class='ocrx_word' id='word_1_345' title='bbox 1017 296 1031 316; x_wconf 79' lang='grc' dir='ltr'><strong>ε·</strong></span> <span class='ocrx_word' id='word_1_346' title='bbox 1046 297 1177 317; x_wconf 85' lang='lat' dir='ltr'><strong>converso</strong></span> <span class='ocrx_word' id='word_1_347' title='bbox 1196 290 1242 317; x_wconf 88' lang='lat' dir='ltr'><strong>Dei</strong></span> <span class='ocrx_word' id='word_1_348' title='bbox 1259 289 1375 317; x_wconf 82' lang='lat' dir='ltr'><strong>Verbum</strong></span> <span class='ocrx_word' id='word_1_349' title='bbox 1393 291 1497 326; x_wconf 81' lang='lat' dir='ltr'><strong>gladius</strong></span> <span class='ocrx_word' id='word_1_350' title='bbox 1510 292 1608 319; x_wconf 83' lang='lat' dir='ltr'><strong>dicitur</strong></span> <span class='ocrx_word' id='word_1_351' title='bbox 1625 301 1723 320; x_wconf 87' lang='lat' dir='ltr'><strong>secun-</strong></span> 
     </span>
    </p>
   </div>
   <div class='ocr_carea' id='block_1_50' title="bbox 938 333 1341 370">
    <p class='ocr_par' dir='ltr' id='par_1_50' title="bbox 938 333 1341 370">
     <span class='ocr_line' id='line_1_50' title="bbox 938 333 1341 370; baseline 0.005 -10"><span class='ocrx_word' id='word_1_352' title='bbox 938 333 1001 360; x_wconf 88' lang='lat' dir='ltr'><strong>dum</strong></span> <span class='ocrx_word' id='word_1_353' title='bbox 1018 334 1176 368; x_wconf 78' lang='lat' dir='ltr'><strong>Apostolum</strong></span> <span class='ocrx_word' id='word_1_354' title='bbox 1195 335 1311 370; x_wconf 85' lang='lat' dir='ltr'><strong>Spiritus</strong></span> <span class='ocrx_word' id='word_1_355' title='bbox 1322 337 1341 361; x_wconf 80' lang='lat'><strong>‘.</strong></span> 
     </span>
    </p>
   </div>
   <div class='ocr_carea' id='block_1_51' title="bbox 975 380 1723 418">
    <p class='ocr_par' dir='ltr' id='par_1_51' title="bbox 975 380 1723 418">
     <span class='ocr_line' id='line_1_51' title="bbox 975 380 1723 418; baseline 0.007 -12"><span class='ocrx_word' id='word_1_356' title='bbox 975 380 1051 407; x_wconf 77' lang='lat' dir='ltr'><strong>Alius</strong></span> <span class='ocrx_word' id='word_1_357' title='bbox 1062 389 1158 408; x_wconf 83' lang='lat' dir='ltr'><strong>rursus</strong></span> <span class='ocrx_word' id='word_1_358' title='bbox 1167 381 1250 413; x_wconf 88' lang='lat' dir='ltr'><strong>dicat,</strong></span> <span class='ocrx_word' id='word_1_359' title='bbox 1264 382 1326 416; x_wconf 85' lang='lat' dir='ltr'><strong>quia</strong></span> <span class='ocrx_word' id='word_1_360' title='bbox 1339 390 1390 408; x_wconf 91' lang='lat' dir='ltr'><strong>non</strong></span> <span class='ocrx_word' id='word_1_361' title='bbox 1402 382 1488 408; x_wconf 86' lang='lat' dir='ltr'><strong>solum</strong></span> <span class='ocrx_word' id='word_1_362' title='bbox 1503 388 1612 417; x_wconf 84' lang='lat' dir='ltr'><strong>propter</strong></span> <span class='ocrx_word' id='word_1_363' title='bbox 1624 392 1684 418; x_wconf 72' lang='lat' dir='ltr'><strong>qua:</strong></span> <span class='ocrx_word' id='word_1_364' title='bbox 1697 391 1723 411; x_wconf 94' lang='lat' dir='ltr'><strong>tu</strong></span> 
     </span>
    </p>
   </div>
   <div class='ocr_carea' id='block_1_52' title="bbox 937 425 1723 464">
    <p class='ocr_par' dir='ltr' id='par_1_52' title="bbox 937 425 1723 464">
     <span class='ocr_line' id='line_1_52' title="bbox 937 425 1723 464; baseline 0.005 -11"><span class='ocrx_word' id='word_1_365' title='bbox 937 425 1016 457; x_wconf 90' lang='lat' dir='ltr'><strong>dicis,</strong></span> <span class='ocrx_word' id='word_1_366' title='bbox 1030 433 1122 452; x_wconf 81' lang='lat' dir='ltr'><strong>verum</strong></span> <span class='ocrx_word' id='word_1_367' title='bbox 1147 426 1226 453; x_wconf 89' lang='lat' dir='ltr'><strong>etiam</strong></span> <span class='ocrx_word' id='word_1_368' title='bbox 1245 432 1273 453; x_wconf 93' lang='lat' dir='ltr'><strong>ut</strong></span> <span class='ocrx_word' id='word_1_369' title='bbox 1289 435 1320 453; x_wconf 78' lang='lat' dir='ltr'><strong>ett</strong></span> <span class='ocrx_word' id='word_1_370' title='bbox 1336 427 1386 454; x_wconf 87' lang='lat' dir='ltr'><strong>hoc</strong></span> <span class='ocrx_word' id='word_1_371' title='bbox 1401 428 1580 463; x_wconf 74' lang='lat' dir='ltr'><strong>intelligamus</strong></span> <span class='ocrx_word' id='word_1_372' title='bbox 1593 430 1723 464; x_wconf 86' lang='lat' dir='ltr'><strong>Spiritum</strong></span> 
     </span>
    </p>
   </div>
   <div class='ocr_carea' id='block_1_53' title="bbox 938 472 1725 510">
    <p class='ocr_par' dir='ltr' id='par_1_53' title="bbox 938 472 1725 510">
     <span class='ocr_line' id='line_1_53' title="bbox 938 472 1725 510; baseline 0.008 -13"><span class='ocrx_word' id='word_1_373' title='bbox 938 476 1073 502; x_wconf 80' lang='lat' dir='ltr'><strong>sanctum,</strong></span> <span class='ocrx_word' id='word_1_374' title='bbox 1084 477 1110 497; x_wconf 90' lang='lat' dir='ltr'><strong>et</strong></span> <span class='ocrx_word' id='word_1_375' title='bbox 1125 479 1158 498; x_wconf 79' lang='lat' dir='ltr'><strong>ex</strong></span> <span class='ocrx_word' id='word_1_376' title='bbox 1177 473 1234 505; x_wconf 89' lang='lat' dir='ltr'><strong>ipso</strong></span> <span class='ocrx_word' id='word_1_377' title='bbox 1250 472 1318 499; x_wconf 89' lang='lat' dir='ltr'><strong>Filio</strong></span> <span class='ocrx_word' id='word_1_378' title='bbox 1342 473 1488 506; x_wconf 81' lang='lat' dir='ltr'><strong>procedere</strong></span> <span class='ocrx_word' id='word_1_379' title='bbox 1503 483 1509 501; x_wconf 86' lang='lat'><strong>:</strong></span> <span class='ocrx_word' id='word_1_380' title='bbox 1528 482 1577 510; x_wconf 87' lang='lat' dir='ltr'><strong>ego</strong></span> <span class='ocrx_word' id='word_1_381' title='bbox 1593 476 1725 510; x_wconf 82' lang='lat' dir='ltr'><strong>cogitans,</strong></span> 
     </span>
    </p>
   </div>
   <div class='ocr_carea' id='block_1_54' title="bbox 938 518 1728 552">
    <p class='ocr_par' dir='ltr' id='par_1_54' title="bbox 938 518 1728 552">
     <span class='ocr_line' id='line_1_54' title="bbox 938 518 1728 552; baseline 0.009 -9"><span class='ocrx_word' id='word_1_382' title='bbox 938 518 1009 552; x_wconf 87' lang='lat' dir='ltr'><strong>quod</strong></span> <span class='ocrx_word' id='word_1_383' title='bbox 1023 518 1103 544; x_wconf 87' lang='lat' dir='ltr'><strong>etiam</strong></span> <span class='ocrx_word' id='word_1_384' title='bbox 1117 518 1265 545; x_wconf 88' lang='lat' dir='ltr'><strong>secundum</strong></span> <span class='ocrx_word' id='word_1_385' title='bbox 1290 520 1363 546; x_wconf 93' lang='lat' dir='ltr'><strong>illum</strong></span> <span class='ocrx_word' id='word_1_386' title='bbox 1381 529 1490 547; x_wconf 89' lang='lat' dir='ltr'><strong>scnsutii</strong></span> <span class='ocrx_word' id='word_1_387' title='bbox 1522 526 1625 548; x_wconf 89' lang='lat' dir='ltr'><strong>tantum</strong></span> <span class='ocrx_word' id='word_1_388' title='bbox 1653 524 1728 550; x_wconf 78' lang='lat' dir='ltr'><strong>sum-</strong></span> 
     </span>
    </p>
   </div>
   <div class='ocr_carea' id='block_1_55' title="bbox 939 565 1729 600">
    <p class='ocr_par' dir='ltr' id='par_1_55' title="bbox 939 565 1729 600">
     <span class='ocr_line' id='line_1_55' title="bbox 939 565 1729 600; baseline 0.009 -10"><span class='ocrx_word' id='word_1_389' title='bbox 939 565 1040 590; x_wconf 85' lang='lat' dir='ltr'><strong>cienter</strong></span> <span class='ocrx_word' id='word_1_390' title='bbox 1054 569 1146 598; x_wconf 84' lang='lat' dir='ltr'><strong>posset</strong></span> <span class='ocrx_word' id='word_1_391' title='bbox 1160 565 1277 598; x_wconf 79' lang='lat' dir='ltr'><strong>Spiritus</strong></span> <span class='ocrx_word' id='word_1_392' title='bbox 1296 572 1406 593; x_wconf 83' lang='lat' dir='ltr'><strong>sanctus</strong></span> <span class='ocrx_word' id='word_1_393' title='bbox 1421 566 1479 594; x_wconf 78' lang='lat' dir='ltr'><strong>Filii</strong></span> <span class='ocrx_word' id='word_1_394' title='bbox 1503 575 1573 600; x_wconf 73' lang='lat'><strong>8:58,</strong></span> <span class='ocrx_word' id='word_1_395' title='bbox 1591 569 1685 596; x_wconf 71' lang='lat' dir='ltr'><strong>hmsito</strong></span> <span class='ocrx_word' id='word_1_396' title='bbox 1701 575 1729 597; x_wconf 86' lang='lat' dir='ltr'><strong>et</strong></span> 
     </span>
    </p>
   </div>
   <div class='ocr_carea' id='block_1_56' title="bbox 939 610 1431 646">
    <p class='ocr_par' dir='ltr' id='par_1_56' title="bbox 939 610 1431 646">
     <span class='ocr_line' id='line_1_56' title="bbox 939 610 1431 646; baseline 0.006 -11"><span class='ocrx_word' id='word_1_397' title='bbox 939 617 992 636; x_wconf 87' lang='lat' dir='ltr'><strong>non</strong></span> <span class='ocrx_word' id='word_1_398' title='bbox 1006 610 1102 641; x_wconf 84' lang='lat' dir='ltr'><strong>habeo,</strong></span> <span class='ocrx_word' id='word_1_399' title='bbox 1121 611 1165 637; x_wconf 92' lang='lat' dir='ltr'><strong>cui</strong></span> <span class='ocrx_word' id='word_1_400' title='bbox 1187 612 1271 646; x_wconf 82' lang='lat' dir='ltr'><strong>magis</strong></span> <span class='ocrx_word' id='word_1_401' title='bbox 1287 613 1431 639; x_wconf 83' lang='lat' dir='ltr'><strong>assentiar.</strong></span> 
     </span>
    </p>
   </div>
   <div class='ocr_carea' id='block_1_57' title="bbox 975 657 1728 698">
    <p class='ocr_par' dir='ltr' id='par_1_57' title="bbox 975 657 1728 698">
     <span class='ocr_line' id='line_1_57' title="bbox 975 657 1728 698; baseline 0.012 -15"><span class='ocrx_word' id='word_1_402' title='bbox 975 657 1105 684; x_wconf 90' lang='lat' dir='ltr'><strong>Similiter</strong></span> <span class='ocrx_word' id='word_1_403' title='bbox 1119 658 1233 685; x_wconf 87' lang='lat' dir='ltr'><strong>mittitur</strong></span> <span class='ocrx_word' id='word_1_404' title='bbox 1248 660 1340 687; x_wconf 82' lang='lat' dir='ltr'><strong>multis</strong></span> <span class='ocrx_word' id='word_1_405' title='bbox 1358 660 1425 687; x_wconf 78' lang='lat' dir='ltr'><strong>locis</strong></span> <span class='ocrx_word' id='word_1_406' title='bbox 1440 661 1589 697; x_wconf 69' lang='lat' dir='ltr'><strong>Scriptura:</strong></span> <span class='ocrx_word' id='word_1_407' title='bbox 1610 663 1728 698; x_wconf 86' lang='lat' dir='ltr'><strong>Spiritus</strong></span> 
     </span>
    </p>
   </div>
   <div class='ocr_carea' id='block_1_58' title="bbox 939 700 1724 740">
    <p class='ocr_par' dir='ltr' id='par_1_58' title="bbox 939 700 1724 740">
     <span class='ocr_line' id='line_1_58' title="bbox 939 700 1724 740; baseline 0.011 -14"><span class='ocrx_word' id='word_1_408' title='bbox 939 708 954 727; x_wconf 89' lang='lat' dir='ltr'><strong>a</strong></span> <span class='ocrx_word' id='word_1_409' title='bbox 973 700 1051 727; x_wconf 81' lang='lat' dir='ltr'><strong>Filio.</strong></span> <span class='ocrx_word' id='word_1_410' title='bbox 1065 701 1137 736; x_wconf 83' lang='lat' dir='ltr'><strong>Ergo</strong></span> <span class='ocrx_word' id='word_1_411' title='bbox 1166 703 1187 729; x_wconf 89' lang='lat' dir='ltr'><strong>si</strong></span> <span class='ocrx_word' id='word_1_412' title='bbox 1205 711 1275 730; x_wconf 95' lang='lat' dir='ltr'><strong>unus</strong></span> <span class='ocrx_word' id='word_1_413' title='bbox 1298 704 1380 734; x_wconf 73' lang='lat' dir='ltr'><strong>dicat,</strong></span> <span class='ocrx_word' id='word_1_414' title='bbox 1398 707 1470 739; x_wconf 85' lang='lat' dir='ltr'><strong>quod</strong></span> <span class='ocrx_word' id='word_1_415' title='bbox 1496 707 1724 740; x_wconf 85' lang='lat' dir='ltr'><strong>quemadmodum</strong></span> 
     </span>
    </p>
   </div>
   <div class='ocr_carea' id='block_1_59' title="bbox 940 747 1729 783">
    <p class='ocr_par' dir='ltr' id='par_1_59' title="bbox 940 747 1729 783">
     <span class='ocr_line' id='line_1_59' title="bbox 940 747 1729 783; baseline 0.011 -9"><span class='ocrx_word' id='word_1_416' title='bbox 940 747 1038 779; x_wconf 86' lang='lat' dir='ltr'><strong>Filius,</strong></span> <span class='ocrx_word' id='word_1_417' title='bbox 1059 750 1204 783; x_wconf 89' lang='lat' dir='ltr'><strong>propterin</strong></span> <span class='ocrx_word' id='word_1_418' title='bbox 1214 758 1296 777; x_wconf 86' lang='lat' dir='ltr'><strong>carne</strong></span> <span class='ocrx_word' id='word_1_419' title='bbox 1315 752 1346 778; x_wconf 86' lang='lat' dir='ltr'><strong>ad</strong></span> <span class='ocrx_word' id='word_1_420' title='bbox 1366 760 1416 778; x_wconf 90' lang='lat' dir='ltr'><strong>nos</strong></span> <span class='ocrx_word' id='word_1_421' title='bbox 1440 753 1685 782; x_wconf 81' lang='lat' dir='ltr'><strong>iiiaiiil&#39;estationein</strong></span> <span class='ocrx_word' id='word_1_422' title='bbox 1703 761 1729 783; x_wconf 74' lang='lat' dir='ltr'><strong>ct</strong></span> 
     </span>
    </p>
   </div>
   <div class='ocr_carea' id='block_1_60' title="bbox 941 794 1729 833">
    <p class='ocr_par' dir='ltr' id='par_1_60' title="bbox 941 794 1729 833">
     <span class='ocr_line' id='line_1_60' title="bbox 941 794 1729 833; baseline 0.011 -13"><span class='ocrx_word' id='word_1_423' title='bbox 941 794 1085 820; x_wconf 86' lang='lat' dir='ltr'><strong>adventum</strong></span> <span class='ocrx_word' id='word_1_424' title='bbox 1101 795 1200 821; x_wconf 88' lang='lat' dir='ltr'><strong>dicittir</strong></span> <span class='ocrx_word' id='word_1_425' title='bbox 1214 796 1281 822; x_wconf 86' lang='lat' dir='ltr'><strong>mitti</strong></span> <span class='ocrx_word' id='word_1_426' title='bbox 1299 797 1380 823; x_wconf 84' lang='lat' dir='ltr'><strong>etiam</strong></span> <span class='ocrx_word' id='word_1_427' title='bbox 1409 806 1422 823; x_wconf 90' lang='lat' dir='ltr'><strong>:i</strong></span> <span class='ocrx_word' id='word_1_428' title='bbox 1436 798 1539 832; x_wconf 85' lang='lat' dir='ltr'><strong>Spiritu</strong></span> <span class='ocrx_word' id='word_1_429' title='bbox 1568 807 1675 833; x_wconf 85' lang='lat' dir='ltr'><strong>sancto,</strong></span> <span class='ocrx_word' id='word_1_430' title='bbox 1700 807 1729 829; x_wconf 90' lang='lat' dir='ltr'><strong>ut</strong></span> 
     </span>
    </p>
   </div>
   <div class='ocr_carea' id='block_1_61' title="bbox 941 839 1730 881">
    <p class='ocr_par' dir='ltr' id='par_1_61' title="bbox 941 839 1730 881">
     <span class='ocr_line' id='line_1_61' title="bbox 941 839 1730 881; baseline 0.013 -17"><span class='ocrx_word' id='word_1_431' title='bbox 941 840 966 865; x_wconf 92' lang='lat' dir='ltr'><strong>in</strong></span> <span class='ocrx_word' id='word_1_432' title='bbox 985 839 1051 866; x_wconf 86' lang='lat' dir='ltr'><strong>Isaia</strong></span> <span class='ocrx_word' id='word_1_433' title='bbox 1067 841 1197 874; x_wconf 82' lang='lat' dir='ltr'><strong>scriptum</strong></span> <span class='ocrx_word' id='word_1_434' title='bbox 1210 846 1250 867; x_wconf 80' lang='lat' dir='ltr'><strong>est</strong></span> <span class='ocrx_word' id='word_1_435' title='bbox 1261 841 1270 856; x_wconf 83' lang='grc'>¹</span> <span class='ocrx_word' id='word_1_436' title='bbox 1285 851 1292 868; x_wconf 84' lang='lat'><strong>:</strong></span> <span class='ocrx_word' id='word_1_437' title='bbox 1307 842 1341 868; x_wconf 84' lang='lat' dir='ltr'><strong>ita</strong></span> <span class='ocrx_word' id='word_1_438' title='bbox 1357 849 1383 869; x_wconf 88' lang='lat' dir='ltr'><strong>et</strong></span> <span class='ocrx_word' id='word_1_439' title='bbox 1397 843 1515 877; x_wconf 80' lang='lat' dir='ltr'><strong>Spiritus</strong></span> <span class='ocrx_word' id='word_1_440' title='bbox 1528 852 1647 877; x_wconf 87' lang='lat' dir='ltr'><strong>sanctus,</strong></span> <span class='ocrx_word' id='word_1_441' title='bbox 1662 855 1730 881; x_wconf 88' lang='lat' dir='ltr'><strong>quo-</strong></span> 
     </span>
    </p>
   </div>
   <div class='ocr_carea' id='block_1_62' title="bbox 940 885 1730 923">
    <p class='ocr_par' dir='ltr' id='par_1_62' title="bbox 940 885 1730 923">
     <span class='ocr_line' id='line_1_62' title="bbox 940 885 1730 923; baseline 0.011 -12"><span class='ocrx_word' id='word_1_442' title='bbox 940 885 1011 912; x_wconf 87' lang='lat' dir='ltr'><strong>niam</strong></span> <span class='ocrx_word' id='word_1_443' title='bbox 1030 885 1055 912; x_wconf 94' lang='lat' dir='ltr'><strong>in</strong></span> <span class='ocrx_word' id='word_1_444' title='bbox 1070 885 1208 921; x_wconf 83' lang='lat' dir='ltr'><strong>aliquibus</strong></span> <span class='ocrx_word' id='word_1_445' title='bbox 1223 887 1307 921; x_wconf 82' lang='lat' dir='ltr'><strong>signis</strong></span> <span class='ocrx_word' id='word_1_446' title='bbox 1323 889 1402 915; x_wconf 89' lang='lat' dir='ltr'><strong>tiobis</strong></span> <span class='ocrx_word' id='word_1_447' title='bbox 1428 890 1617 918; x_wconf 78' lang='lat' dir='ltr'><strong>manifestatus</strong></span> <span class='ocrx_word' id='word_1_448' title='bbox 1632 898 1683 923; x_wconf 86' lang='lat' dir='ltr'><strong>est.</strong></span> <span class='ocrx_word' id='word_1_449' title='bbox 1703 899 1730 920; x_wconf 86' lang='lat' dir='ltr'><strong>et</strong></span> 
     </span>
    </p>
   </div>
   <div class='ocr_carea' id='block_1_63' title="bbox 939 930 1730 974">
    <p class='ocr_par' dir='ltr' id='par_1_63' title="bbox 939 930 1730 974">
     <span class='ocr_line' id='line_1_63' title="bbox 939 930 1730 974; baseline 0.014 -18"><span class='ocrx_word' id='word_1_450' title='bbox 939 930 972 957; x_wconf 85' lang='lat' dir='ltr'><strong>ad</strong></span> <span class='ocrx_word' id='word_1_451' title='bbox 988 939 1036 958; x_wconf 88' lang='lat' dir='ltr'><strong>nos</strong></span> <span class='ocrx_word' id='word_1_452' title='bbox 1055 931 1160 958; x_wconf 80' lang='lat' dir='ltr'><strong>venisse</strong></span> <span class='ocrx_word' id='word_1_453' title='bbox 1175 933 1360 966; x_wconf 73' lang='lat' dir='ltr'><strong>tctnporaliter</strong></span> <span class='ocrx_word' id='word_1_454' title='bbox 1388 934 1487 962; x_wconf 80' lang='lat' dir='ltr'><strong>dicitur</strong></span> <span class='ocrx_word' id='word_1_455' title='bbox 1498 957 1504 968; x_wconf 90' lang='lat'><strong>,</strong></span> <span class='ocrx_word' id='word_1_456' title='bbox 1522 945 1580 971; x_wconf 69' lang='lat' dir='ltr'><strong>qua:</strong></span> <span class='ocrx_word' id='word_1_457' title='bbox 1604 940 1680 974; x_wconf 81' lang='lat' dir='ltr'><strong>signa</strong></span> <span class='ocrx_word' id='word_1_458' title='bbox 1692 940 1730 967; x_wconf 86' lang='lat' dir='ltr'><strong>si-</strong></span> 
     </span>
    </p>
   </div>
   <div class='ocr_carea' id='block_1_64' title="bbox 938 977 1728 1019">
    <p class='ocr_par' dir='ltr' id='par_1_64' title="bbox 938 977 1728 1019">
     <span class='ocr_line' id='line_1_64' title="bbox 938 977 1728 1019; baseline 0.014 -17"><span class='ocrx_word' id='word_1_459' title='bbox 938 977 1101 1011; x_wconf 81' lang='lat' dir='ltr'><strong>gniﬁcabant</strong></span> <span class='ocrx_word' id='word_1_460' title='bbox 1133 978 1241 1012; x_wconf 78' lang='lat' dir='ltr'><strong>quidem</strong></span> <span class='ocrx_word' id='word_1_461' title='bbox 1269 979 1440 1008; x_wconf 84' lang='lat' dir='ltr'><strong>solummodo</strong></span> <span class='ocrx_word' id='word_1_462' title='bbox 1466 982 1553 1016; x_wconf 84' lang='lat' dir='ltr'><strong>ipsum</strong></span> <span class='ocrx_word' id='word_1_463' title='bbox 1578 984 1728 1019; x_wconf 83' lang='lat' dir='ltr'><strong>Spiritum,</strong></span> 
     </span>
    </p>
   </div>
   <div class='ocr_carea' id='block_1_65' title="bbox 939 1022 1728 1062">
    <p class='ocr_par' dir='ltr' id='par_1_65' title="bbox 939 1022 1728 1062">
     <span class='ocr_line' id='line_1_65' title="bbox 939 1022 1728 1062; baseline 0.013 -14"><span class='ocrx_word' id='word_1_464' title='bbox 939 1022 1008 1049; x_wconf 77' lang='lat' dir='ltr'><strong>facta</strong></span> <span class='ocrx_word' id='word_1_465' title='bbox 1027 1031 1091 1050; x_wconf 90' lang='lat' dir='ltr'><strong>vero</strong></span> <span class='ocrx_word' id='word_1_466' title='bbox 1108 1028 1187 1050; x_wconf 87' lang='lat' dir='ltr'><strong>erant</strong></span> <span class='ocrx_word' id='word_1_467' title='bbox 1201 1031 1215 1050; x_wconf 91' lang='lat' dir='ltr'><strong>a</strong></span> <span class='ocrx_word' id='word_1_468' title='bbox 1232 1029 1286 1051; x_wconf 87' lang='lat' dir='ltr'><strong>tota</strong></span> <span class='ocrx_word' id='word_1_469' title='bbox 1305 1024 1456 1059; x_wconf 74' lang='lat' dir='ltr'><strong>Triuitate;</strong></span> <span class='ocrx_word' id='word_1_470' title='bbox 1475 1034 1584 1062; x_wconf 83' lang='lat' dir='ltr'><strong>propter</strong></span> <span class='ocrx_word' id='word_1_471' title='bbox 1601 1031 1652 1057; x_wconf 83' lang='lat' dir='ltr'><strong>hoc</strong></span> <span class='ocrx_word' id='word_1_472' title='bbox 1667 1036 1728 1058; x_wconf 88' lang='lat' dir='ltr'><strong>tan-</strong></span> 
     </span>
    </p>
   </div>
   <div class='ocr_carea' id='block_1_66' title="bbox 940 1070 1726 1110">
    <p class='ocr_par' dir='ltr' id='par_1_66' title="bbox 940 1070 1726 1110">
     <span class='ocr_line' id='line_1_66' title="bbox 940 1070 1726 1110; baseline 0.011 -16"><span class='ocrx_word' id='word_1_473' title='bbox 940 1073 1006 1100; x_wconf 87' lang='lat' dir='ltr'><strong>tum,</strong></span> <span class='ocrx_word' id='word_1_474' title='bbox 1027 1073 1053 1095; x_wconf 75' lang='lat' dir='ltr'><strong>et</strong></span> <span class='ocrx_word' id='word_1_475' title='bbox 1070 1076 1123 1095; x_wconf 94' lang='lat' dir='ltr'><strong>non</strong></span> <span class='ocrx_word' id='word_1_476' title='bbox 1138 1074 1247 1103; x_wconf 86' lang='lat' dir='ltr'><strong>propter</strong></span> <span class='ocrx_word' id='word_1_477' title='bbox 1263 1070 1345 1103; x_wconf 85' lang='lat' dir='ltr'><strong>aliud,</strong></span> <span class='ocrx_word' id='word_1_478' title='bbox 1365 1072 1465 1099; x_wconf 87' lang='lat' dir='ltr'><strong>dicitur</strong></span> <span class='ocrx_word' id='word_1_479' title='bbox 1480 1078 1505 1100; x_wconf 84' lang='lat' dir='ltr'><strong>ct</strong></span> <span class='ocrx_word' id='word_1_480' title='bbox 1520 1082 1534 1100; x_wconf 90' lang='lat' dir='ltr'><strong>a</strong></span> <span class='ocrx_word' id='word_1_481' title='bbox 1552 1074 1620 1102; x_wconf 83' lang='lat' dir='ltr'><strong>Filio</strong></span> <span class='ocrx_word' id='word_1_482' title='bbox 1636 1077 1726 1110; x_wconf 87' lang='lat' dir='ltr'><strong>mitti;</strong></span> 
     </span>
    </p>
   </div>
   <div class='ocr_carea' id='block_1_67' title="bbox 939 1114 1728 1156">
    <p class='ocr_par' dir='ltr' id='par_1_67' title="bbox 939 1114 1728 1156">
     <span class='ocr_line' id='line_1_67' title="bbox 939 1114 1728 1156; baseline 0.014 -17"><span class='ocrx_word' id='word_1_483' title='bbox 939 1114 1008 1141; x_wconf 89' lang='lat' dir='ltr'><strong>alius</strong></span> <span class='ocrx_word' id='word_1_484' title='bbox 1040 1115 1102 1141; x_wconf 82' lang='lat' dir='ltr'><strong>item</strong></span> <span class='ocrx_word' id='word_1_485' title='bbox 1134 1115 1217 1148; x_wconf 88' lang='lat' dir='ltr'><strong>dicat,</strong></span> <span class='ocrx_word' id='word_1_486' title='bbox 1236 1117 1306 1150; x_wconf 88' lang='lat' dir='ltr'><strong>quod</strong></span> <span class='ocrx_word' id='word_1_487' title='bbox 1339 1125 1392 1143; x_wconf 85' lang='lat' dir='ltr'><strong>non</strong></span> <span class='ocrx_word' id='word_1_488' title='bbox 1411 1119 1498 1145; x_wconf 82' lang='lat' dir='ltr'><strong>solum</strong></span> <span class='ocrx_word' id='word_1_489' title='bbox 1528 1127 1638 1156; x_wconf 80' lang='lat' dir='ltr'><strong>propter</strong></span> <span class='ocrx_word' id='word_1_490' title='bbox 1667 1123 1728 1155; x_wconf 82' lang='lat' dir='ltr'><strong>hoc.</strong></span> 
     </span>
    </p>
   </div>
   <div class='ocr_carea' id='block_1_68' title="bbox 938 1161 1730 1202">
    <p class='ocr_par' dir='ltr' id='par_1_68' title="bbox 938 1161 1730 1202">
     <span class='ocr_line' id='line_1_68' title="bbox 938 1161 1730 1202; baseline 0.013 -17"><span class='ocrx_word' id='word_1_491' title='bbox 938 1161 984 1186; x_wconf 82' lang='lat' dir='ltr'><strong>sed</strong></span> <span class='ocrx_word' id='word_1_492' title='bbox 1001 1164 1101 1186; x_wconf 89' lang='lat' dir='ltr'><strong>utcuin</strong></span> <span class='ocrx_word' id='word_1_493' title='bbox 1128 1161 1169 1187; x_wconf 85' lang='lat' dir='ltr'><strong>his</strong></span> <span class='ocrx_word' id='word_1_494' title='bbox 1197 1161 1285 1188; x_wconf 90' lang='lat' dir='ltr'><strong>adliuc</strong></span> <span class='ocrx_word' id='word_1_495' title='bbox 1300 1166 1325 1189; x_wconf 89' lang='lat' dir='ltr'><strong>et</strong></span> <span class='ocrx_word' id='word_1_496' title='bbox 1356 1163 1420 1189; x_wconf 89' lang='lat' dir='ltr'><strong>illud</strong></span> <span class='ocrx_word' id='word_1_497' title='bbox 1453 1165 1648 1201; x_wconf 73' lang='lat' dir='ltr'><strong>intelligamus,</strong></span> <span class='ocrx_word' id='word_1_498' title='bbox 1667 1170 1730 1202; x_wconf 87' lang='lat' dir='ltr'><strong>quia</strong></span> 
     </span>
    </p>
   </div>
   <div class='ocr_carea' id='block_1_69' title="bbox 939 1205 1731 1248">
    <p class='ocr_par' dir='ltr' id='par_1_69' title="bbox 939 1205 1731 1248">
     <span class='ocr_line' id='line_1_69' title="bbox 939 1205 1731 1248; baseline 0.013 -17"><span class='ocrx_word' id='word_1_499' title='bbox 939 1205 1056 1239; x_wconf 83' lang='lat' dir='ltr'><strong>Spiritus</strong></span> <span class='ocrx_word' id='word_1_500' title='bbox 1087 1210 1113 1232; x_wconf 86' lang='lat' dir='ltr'><strong>ct</strong></span> <span class='ocrx_word' id='word_1_501' title='bbox 1127 1214 1157 1233; x_wconf 79' lang='lat' dir='ltr'><strong>ex</strong></span> <span class='ocrx_word' id='word_1_502' title='bbox 1174 1206 1242 1233; x_wconf 82' lang='lat' dir='ltr'><strong>Filio</strong></span> <span class='ocrx_word' id='word_1_503' title='bbox 1263 1209 1383 1241; x_wconf 88' lang='lat' dir='ltr'><strong>procedit</strong></span> <span class='ocrx_word' id='word_1_504' title='bbox 1396 1217 1403 1235; x_wconf 90' lang='lat'><strong>:</strong></span> <span class='ocrx_word' id='word_1_505' title='bbox 1416 1212 1583 1244; x_wconf 82' lang='lat' dir='ltr'><strong>perpendens</strong></span> <span class='ocrx_word' id='word_1_506' title='bbox 1605 1221 1655 1248; x_wconf 85' lang='lat' dir='ltr'><strong>ego</strong></span> <span class='ocrx_word' id='word_1_507' title='bbox 1671 1223 1731 1241; x_wconf 89' lang='lat' dir='ltr'><strong>rur-</strong></span> 
     </span>
    </p>
   </div>
   <div class='ocr_carea' id='block_1_70' title="bbox 938 1252 1730 1291">
    <p class='ocr_par' dir='ltr' id='par_1_70' title="bbox 938 1252 1730 1291">
     <span class='ocr_line' id='line_1_70' title="bbox 938 1252 1730 1291; baseline 0.011 -13"><span class='ocrx_word' id='word_1_508' title='bbox 938 1260 996 1284; x_wconf 87' lang='lat' dir='ltr'><strong>sus,</strong></span> <span class='ocrx_word' id='word_1_509' title='bbox 1012 1252 1084 1286; x_wconf 90' lang='lat' dir='ltr'><strong>quod</strong></span> <span class='ocrx_word' id='word_1_510' title='bbox 1097 1252 1177 1279; x_wconf 82' lang='lat' dir='ltr'><strong>etiam</strong></span> <span class='ocrx_word' id='word_1_511' title='bbox 1195 1253 1216 1279; x_wconf 90' lang='lat' dir='ltr'><strong>si</strong></span> <span class='ocrx_word' id='word_1_512' title='bbox 1243 1262 1295 1280; x_wconf 93' lang='lat' dir='ltr'><strong>non</strong></span> <span class='ocrx_word' id='word_1_513' title='bbox 1314 1255 1441 1288; x_wconf 81' lang='lat' dir='ltr'><strong>procedat</strong></span> <span class='ocrx_word' id='word_1_514' title='bbox 1464 1256 1581 1291; x_wconf 84' lang='lat' dir='ltr'><strong>Spiritus</strong></span> <span class='ocrx_word' id='word_1_515' title='bbox 1596 1266 1622 1286; x_wconf 88' lang='lat' dir='ltr'><strong>et</strong></span> <span class='ocrx_word' id='word_1_516' title='bbox 1635 1268 1666 1287; x_wconf 85' lang='lat' dir='ltr'><strong>ex</strong></span> <span class='ocrx_word' id='word_1_517' title='bbox 1684 1260 1730 1287; x_wconf 87' lang='lat' dir='ltr'><strong>Fi-</strong></span> 
     </span>
    </p>
   </div>
   <div class='ocr_carea' id='block_1_71' title="bbox 939 1299 1732 1334">
    <p class='ocr_par' dir='ltr' id='par_1_71' title="bbox 939 1299 1732 1334">
     <span class='ocr_line' id='line_1_71' title="bbox 939 1299 1732 1334; baseline 0.011 -10"><span class='ocrx_word' id='word_1_518' title='bbox 939 1299 988 1330; x_wconf 67' lang='lat' dir='ltr'><strong>lio,</strong></span> <span class='ocrx_word' id='word_1_519' title='bbox 1006 1304 1093 1325; x_wconf 70' lang='lat' dir='ltr'><strong>tamen</strong></span> <span class='ocrx_word' id='word_1_520' title='bbox 1110 1304 1136 1324; x_wconf 86' lang='lat' dir='ltr'><strong>ct</strong></span> <span class='ocrx_word' id='word_1_521' title='bbox 1150 1300 1299 1326; x_wconf 87' lang='lat' dir='ltr'><strong>sectindutii</strong></span> <span class='ocrx_word' id='word_1_522' title='bbox 1325 1301 1400 1328; x_wconf 92' lang='lat' dir='ltr'><strong>illttm</strong></span> <span class='ocrx_word' id='word_1_523' title='bbox 1412 1310 1521 1330; x_wconf 86' lang='lat' dir='ltr'><strong>sensum</strong></span> <span class='ocrx_word' id='word_1_524' title='bbox 1535 1309 1638 1332; x_wconf 85' lang='lat' dir='ltr'><strong>tantum</strong></span> <span class='ocrx_word' id='word_1_525' title='bbox 1656 1307 1732 1334; x_wconf 77' lang='lat' dir='ltr'><strong>suill-</strong></span> 
     </span>
    </p>
   </div>
   <div class='ocr_carea' id='block_1_72' title="bbox 938 1345 1732 1381">
    <p class='ocr_par' dir='ltr' id='par_1_72' title="bbox 938 1345 1732 1381">
     <span class='ocr_line' id='line_1_72' title="bbox 938 1345 1732 1381; baseline 0.013 -12"><span class='ocrx_word' id='word_1_526' title='bbox 938 1345 1039 1372; x_wconf 89' lang='lat' dir='ltr'><strong>cienter</strong></span> <span class='ocrx_word' id='word_1_527' title='bbox 1058 1345 1149 1379; x_wconf 89' lang='lat' dir='ltr'><strong>utique</strong></span> <span class='ocrx_word' id='word_1_528' title='bbox 1171 1345 1307 1372; x_wconf 62' lang='lat' dir='ltr'><strong>diceretur</strong></span> <span class='ocrx_word' id='word_1_529' title='bbox 1328 1347 1361 1373; x_wconf 88' lang='lat' dir='ltr'><strong>ab</strong></span> <span class='ocrx_word' id='word_1_530' title='bbox 1377 1348 1435 1381; x_wconf 89' lang='lat' dir='ltr'><strong>ipso</strong></span> <span class='ocrx_word' id='word_1_531' title='bbox 1471 1349 1560 1376; x_wconf 90' lang='lat' dir='ltr'><strong>mitti:</strong></span> <span class='ocrx_word' id='word_1_532' title='bbox 1588 1352 1680 1379; x_wconf 82' lang='lat' dir='ltr'><strong>eadem</strong></span> <span class='ocrx_word' id='word_1_533' title='bbox 1695 1353 1732 1380; x_wconf 88' lang='lat' dir='ltr'><strong>si-</strong></span> 
     </span>
    </p>
   </div>
   <div class='ocr_carea' id='block_1_73' title="bbox 939 1389 1445 1420">
    <p class='ocr_par' dir='ltr' id='par_1_73' title="bbox 939 1389 1445 1420">
     <span class='ocr_line' id='line_1_73' title="bbox 939 1389 1445 1420; baseline 0.006 -5"><span class='ocrx_word' id='word_1_534' title='bbox 939 1390 1038 1416; x_wconf 85' lang='lat' dir='ltr'><strong>militer</strong></span> <span class='ocrx_word' id='word_1_535' title='bbox 1048 1389 1174 1417; x_wconf 90' lang='lat' dir='ltr'><strong>detentus</strong></span> <span class='ocrx_word' id='word_1_536' title='bbox 1187 1398 1247 1417; x_wconf 93' lang='lat' dir='ltr'><strong>sutn</strong></span> <span class='ocrx_word' id='word_1_537' title='bbox 1264 1391 1445 1420; x_wconf 82' lang='lat' dir='ltr'><strong>dubitatione.</strong></span> 
     </span>
    </p>
   </div>
   <div class='ocr_carea' id='block_1_74' title="bbox 974 1435 1734 1475">
    <p class='ocr_par' dir='ltr' id='par_1_74' title="bbox 974 1435 1734 1475">
     <span class='ocr_line' id='line_1_74' title="bbox 974 1435 1734 1475; baseline 0.009 -14"><span class='ocrx_word' id='word_1_538' title='bbox 974 1435 1080 1462; x_wconf 79' lang='lat' dir='ltr'><strong>Rursus</strong></span> <span class='ocrx_word' id='word_1_539' title='bbox 1105 1436 1132 1462; x_wconf 90' lang='lat' dir='ltr'><strong>in</strong></span> <span class='ocrx_word' id='word_1_540' title='bbox 1145 1443 1221 1462; x_wconf 76' lang='lat' dir='ltr'><strong>sacra</strong></span> <span class='ocrx_word' id='word_1_541' title='bbox 1241 1436 1382 1471; x_wconf 88' lang='lat' dir='ltr'><strong>Scriptura</strong></span> <span class='ocrx_word' id='word_1_542' title='bbox 1400 1446 1431 1464; x_wconf 86' lang='lat' dir='ltr'><strong>ex</strong></span> <span class='ocrx_word' id='word_1_543' title='bbox 1464 1438 1531 1466; x_wconf 85' lang='lat' dir='ltr'><strong>Filio</strong></span> <span class='ocrx_word' id='word_1_544' title='bbox 1555 1441 1734 1475; x_wconf 64' lang='lat' dir='ltr'><strong>accipere‘di-</strong></span> 
     </span>
    </p>
   </div>
   <div class='ocr_carea' id='block_1_75' title="bbox 942 1477 1734 1521">
    <p class='ocr_par' dir='ltr' id='par_1_75' title="bbox 942 1477 1734 1521">
     <span class='ocr_line' id='line_1_75' title="bbox 942 1477 1734 1521; baseline 0.011 -15"><span class='ocrx_word' id='word_1_545' title='bbox 942 1479 1012 1506; x_wconf 88' lang='lat' dir='ltr'><strong>citur</strong></span> <span class='ocrx_word' id='word_1_546' title='bbox 1024 1479 1150 1514; x_wconf 77' lang='lat' dir='ltr'><strong>Spiritus,</strong></span> <span class='ocrx_word' id='word_1_547' title='bbox 1169 1487 1195 1507; x_wconf 91' lang='lat' dir='ltr'><strong>et</strong></span> <span class='ocrx_word' id='word_1_548' title='bbox 1210 1482 1244 1508; x_wconf 88' lang='lat' dir='ltr'><strong>ab</strong></span> <span class='ocrx_word' id='word_1_549' title='bbox 1267 1482 1324 1516; x_wconf 84' lang='lat' dir='ltr'><strong>ipso</strong></span> <span class='ocrx_word' id='word_1_550' title='bbox 1339 1477 1494 1511; x_wconf 75' lang='lat' dir='ltr'><strong>iiisulnante</strong></span> <span class='ocrx_word' id='word_1_551' title='bbox 1513 1485 1571 1512; x_wconf 90' lang='lat' dir='ltr'><strong>dati</strong></span> <span class='ocrx_word' id='word_1_552' title='bbox 1584 1486 1609 1514; x_wconf 88' lang='grc'><strong>⁸,</strong></span> <span class='ocrx_word' id='word_1_553' title='bbox 1623 1486 1691 1521; x_wconf 77' lang='lat' dir='ltr'><strong>Ergo</strong></span> <span class='ocrx_word' id='word_1_554' title='bbox 1710 1489 1734 1515; x_wconf 91' lang='lat' dir='ltr'><strong>si</strong></span> 
     </span>
    </p>
   </div>
   <div class='ocr_carea' id='block_1_76' title="bbox 943 1526 1734 1566">
    <p class='ocr_par' dir='ltr' id='par_1_76' title="bbox 943 1526 1734 1566">
     <span class='ocr_line' id='line_1_76' title="bbox 943 1526 1734 1566; baseline 0.009 -13"><span class='ocrx_word' id='word_1_555' title='bbox 943 1533 1014 1553; x_wconf 82' lang='lat' dir='ltr'><strong>unus</strong></span> <span class='ocrx_word' id='word_1_556' title='bbox 1030 1526 1112 1557; x_wconf 86' lang='lat' dir='ltr'><strong>dicat,</strong></span> <span class='ocrx_word' id='word_1_557' title='bbox 1128 1528 1254 1561; x_wconf 90' lang='lat' dir='ltr'><strong>quoniam</strong></span> <span class='ocrx_word' id='word_1_558' title='bbox 1270 1528 1327 1563; x_wconf 83' lang='lat' dir='ltr'><strong>ipse</strong></span> <span class='ocrx_word' id='word_1_559' title='bbox 1337 1529 1381 1555; x_wconf 85' lang='lat' dir='ltr'><strong>Dei</strong></span> <span class='ocrx_word' id='word_1_560' title='bbox 1396 1529 1478 1557; x_wconf 82' lang='lat' dir='ltr'><strong>Filius</strong></span> <span class='ocrx_word' id='word_1_561' title='bbox 1491 1539 1586 1566; x_wconf 81' lang='lat' dir='ltr'><strong>magna</strong></span> <span class='ocrx_word' id='word_1_562' title='bbox 1611 1533 1734 1566; x_wconf 62' lang='lat' dir='ltr'><strong>quandam</strong></span> 
     </span>
    </p>
   </div>
   <div class='ocr_carea' id='block_1_77' title="bbox 942 1573 1736 1610">
    <p class='ocr_par' dir='ltr' id='par_1_77' title="bbox 942 1573 1736 1610">
     <span class='ocr_line' id='line_1_77' title="bbox 942 1573 1736 1610; baseline 0.008 -10"><span class='ocrx_word' id='word_1_563' title='bbox 942 1573 1048 1600; x_wconf 79' lang='lat' dir='ltr'><strong>dixerat</strong></span> <span class='ocrx_word' id='word_1_564' title='bbox 1063 1574 1095 1601; x_wconf 88' lang='lat' dir='ltr'><strong>de</strong></span> <span class='ocrx_word' id='word_1_565' title='bbox 1113 1574 1336 1608; x_wconf 76' lang='lat' dir='ltr'><strong>Spiritusaiicto:</strong></span> <span class='ocrx_word' id='word_1_566' title='bbox 1352 1575 1415 1610; x_wconf 83' lang='lat' dir='ltr'><strong>quia</strong></span> <span class='ocrx_word' id='word_1_567' title='bbox 1430 1577 1570 1604; x_wconf 69' lang='lat' dir='ltr'><strong>«adversus</strong></span> <span class='ocrx_word' id='word_1_568' title='bbox 1584 1586 1645 1605; x_wconf 88' lang='lat' dir='ltr'><strong>eum</strong></span> <span class='ocrx_word' id='word_1_569' title='bbox 1663 1579 1736 1606; x_wconf 86' lang='lat' dir='ltr'><strong>blas—</strong></span> 
     </span>
    </p>
   </div>
   <div class='ocr_carea' id='block_1_78' title="bbox 943 1618 1736 1657">
    <p class='ocr_par' dir='ltr' id='par_1_78' title="bbox 943 1618 1736 1657">
     <span class='ocr_line' id='line_1_78' title="bbox 943 1618 1736 1657; baseline 0.01 -13"><span class='ocrx_word' id='word_1_570' title='bbox 943 1618 1052 1653; x_wconf 78' lang='lat' dir='ltr'><strong>phemia</strong></span> <span class='ocrx_word' id='word_1_571' title='bbox 1069 1619 1266 1648; x_wconf 81' lang='lat' dir='ltr'><strong>irrcmissihilis</strong></span> <span class='ocrx_word' id='word_1_572' title='bbox 1282 1626 1334 1654; x_wconf 87' lang='lat' dir='ltr'><strong>est,</strong></span> <span class='ocrx_word' id='word_1_573' title='bbox 1352 1627 1378 1648; x_wconf 84' lang='lat' dir='ltr'><strong>et</strong></span> <span class='ocrx_word' id='word_1_574' title='bbox 1398 1623 1461 1656; x_wconf 89' lang='lat' dir='ltr'><strong>quia</strong></span> <span class='ocrx_word' id='word_1_575' title='bbox 1478 1623 1536 1657; x_wconf 86' lang='lat' dir='ltr'><strong>ipse</strong></span> <span class='ocrx_word' id='word_1_576' title='bbox 1548 1625 1638 1652; x_wconf 88' lang='lat' dir='ltr'><strong>omnia</strong></span> <span class='ocrx_word' id='word_1_577' title='bbox 1654 1625 1736 1652; x_wconf 89' lang='lat' dir='ltr'><strong>doce-</strong></span> 
     </span>
    </p>
   </div>
   <div class='ocr_carea' id='block_1_79' title="bbox 943 1664 1734 1699">
    <p class='ocr_par' dir='ltr' id='par_1_79' title="bbox 943 1664 1734 1699">
     <span class='ocr_line' id='line_1_79' title="bbox 943 1664 1734 1699; baseline 0.008 -9"><span class='ocrx_word' id='word_1_578' title='bbox 943 1665 981 1691; x_wconf 92' lang='lat' dir='ltr'><strong>bit</strong></span> <span class='ocrx_word' id='word_1_579' title='bbox 996 1669 1022 1691; x_wconf 91' lang='lat' dir='ltr'><strong>et</strong></span> <span class='ocrx_word' id='word_1_580' title='bbox 1040 1664 1212 1691; x_wconf 80' lang='lat' dir='ltr'><strong>annuntialiit</strong></span> <span class='ocrx_word' id='word_1_581' title='bbox 1232 1669 1258 1690; x_wconf 90' lang='lat' dir='ltr'><strong>et</strong></span> <span class='ocrx_word' id='word_1_582' title='bbox 1279 1665 1375 1699; x_wconf 72' lang='lat' dir='ltr'><strong>diriget</strong></span> <span class='ocrx_word' id='word_1_583' title='bbox 1397 1666 1429 1692; x_wconf 82' lang='lat' dir='ltr'><strong>ad</strong></span> <span class='ocrx_word' id='word_1_584' title='bbox 1445 1675 1551 1694; x_wconf 83' lang='lat' dir='ltr'><strong>omnem</strong></span> <span class='ocrx_word' id='word_1_585' title='bbox 1582 1669 1734 1699; x_wconf 83' lang='lat' dir='ltr'><strong>veritatem.</strong></span> 
     </span>
    </p>
   </div>
   <div class='ocr_carea' id='block_1_80' title="bbox 942 1708 1735 1747">
    <p class='ocr_par' dir='ltr' id='par_1_80' title="bbox 942 1708 1735 1747">
     <span class='ocr_line' id='line_1_80' title="bbox 942 1708 1735 1747; baseline 0.006 -11"><span class='ocrx_word' id='word_1_586' title='bbox 942 1714 969 1736; x_wconf 85' lang='lat' dir='ltr'><strong>et</strong></span> <span class='ocrx_word' id='word_1_587' title='bbox 991 1708 1150 1743; x_wconf 87' lang='lat' dir='ltr'><strong>simpliciter</strong></span> <span class='ocrx_word' id='word_1_588' title='bbox 1191 1709 1385 1736; x_wconf 88' lang='lat' dir='ltr'><strong>charismatum</strong></span> <span class='ocrx_word' id='word_1_589' title='bbox 1429 1711 1650 1739; x_wconf 80' lang='lat' dir='ltr'><strong>distributionem</strong></span> <span class='ocrx_word' id='word_1_590' title='bbox 1680 1714 1735 1747; x_wconf 91' lang='lat' dir='ltr'><strong>ipsi</strong></span> 
     </span>
    </p>
   </div>
   <div class='ocr_carea' id='block_1_81' title="bbox 943 1755 1736 1793">
    <p class='ocr_par' dir='ltr' id='par_1_81' title="bbox 943 1755 1736 1793">
     <span class='ocr_line' id='line_1_81' title="bbox 943 1755 1736 1793; baseline 0.006 -11"><span class='ocrx_word' id='word_1_591' title='bbox 943 1755 1101 1782; x_wconf 85' lang='lat' dir='ltr'><strong>attribuerat</strong></span> <span class='ocrx_word' id='word_1_592' title='bbox 1116 1763 1123 1781; x_wconf 92' lang='lat'>:</span> <span class='ocrx_word' id='word_1_593' title='bbox 1139 1760 1233 1782; x_wconf 89' lang='lat' dir='ltr'><strong>utnon</strong></span> <span class='ocrx_word' id='word_1_594' title='bbox 1257 1755 1391 1782; x_wconf 65' lang='lat' dir='ltr'><strong>aestiment</strong></span> <span class='ocrx_word' id='word_1_595' title='bbox 1402 1758 1541 1790; x_wconf 69' lang='lat' dir='ltr'><strong>:iposwli,-</strong></span> <span class='ocrx_word' id='word_1_596' title='bbox 1552 1759 1593 1785; x_wconf 89' lang='lat' dir='ltr'><strong>vel</strong></span> <span class='ocrx_word' id='word_1_597' title='bbox 1613 1764 1674 1793; x_wconf 89' lang='lat' dir='ltr'><strong>post</strong></span> <span class='ocrx_word' id='word_1_598' title='bbox 1689 1768 1736 1787; x_wconf 90' lang='lat' dir='ltr'><strong>eos</strong></span> 
     </span>
    </p>
   </div>
   <div class='ocr_carea' id='block_1_82' title="bbox 943 1799 1738 1838">
    <p class='ocr_par' dir='ltr' id='par_1_82' title="bbox 943 1799 1738 1838">
     <span class='ocr_line' id='line_1_82' title="bbox 943 1799 1738 1838; baseline 0.005 -11"><span class='ocrx_word' id='word_1_599' title='bbox 943 1800 1046 1832; x_wconf 74' lang='lat' dir='ltr'><strong>fideles,</strong></span> <span class='ocrx_word' id='word_1_600' title='bbox 1067 1800 1177 1834; x_wconf 89' lang='lat' dir='ltr'><strong>majoris</strong></span> <span class='ocrx_word' id='word_1_601' title='bbox 1198 1799 1336 1834; x_wconf 82' lang='lat' dir='ltr'><strong>dignitatis</strong></span> <span class='ocrx_word' id='word_1_602' title='bbox 1364 1809 1396 1828; x_wconf 91' lang='lat' dir='ltr'><strong>ac</strong></span> <span class='ocrx_word' id='word_1_603' title='bbox 1417 1803 1543 1834; x_wconf 79' lang='lat' dir='ltr'><strong>potentia:</strong></span> <span class='ocrx_word' id='word_1_604' title='bbox 1568 1811 1627 1830; x_wconf 79' lang='lat' dir='ltr'><strong>esse</strong></span> <span class='ocrx_word' id='word_1_605' title='bbox 1651 1804 1738 1838; x_wconf 85' lang='lat' dir='ltr'><strong>Spiri-</strong></span> 
     </span>
    </p>
   </div>
   <div class='ocr_carea' id='block_1_83' title="bbox 944 1845 1737 1884">
    <p class='ocr_par' dir='ltr' id='par_1_83' title="bbox 944 1845 1737 1884">
     <span class='ocr_line' id='line_1_83' title="bbox 944 1845 1737 1884; baseline 0.004 -11"><span class='ocrx_word' id='word_1_606' title='bbox 944 1851 999 1874; x_wconf 88' lang='lat' dir='ltr'><strong>tum</strong></span> <span class='ocrx_word' id='word_1_607' title='bbox 1022 1853 1103 1880; x_wconf 88' lang='lat' dir='ltr'><strong>quam</strong></span> <span class='ocrx_word' id='word_1_608' title='bbox 1132 1845 1254 1872; x_wconf 88' lang='lat' dir='ltr'><strong>Filium:</strong></span> <span class='ocrx_word' id='word_1_609' title='bbox 1284 1845 1344 1873; x_wconf 85' lang='lat' dir='ltr'><strong>ideo</strong></span> <span class='ocrx_word' id='word_1_610' title='bbox 1373 1847 1460 1874; x_wconf 88' lang='lat' dir='ltr'><strong>solum</strong></span> <span class='ocrx_word' id='word_1_611' title='bbox 1488 1851 1515 1874; x_wconf 89' lang='lat' dir='ltr'><strong>et</strong></span> <span class='ocrx_word' id='word_1_612' title='bbox 1542 1856 1596 1875; x_wconf 89' lang='lat' dir='ltr'><strong>non</strong></span> <span class='ocrx_word' id='word_1_613' title='bbox 1626 1855 1737 1884; x_wconf 82' lang='lat' dir='ltr'><strong>propter</strong></span> 
     </span>
    </p>
   </div>
   <div class='ocr_carea' id='block_1_84' title="bbox 945 1891 1736 1929">
    <p class='ocr_par' dir='ltr' id='par_1_84' title="bbox 945 1891 1736 1929">
     <span class='ocr_line' id='line_1_84' title="bbox 945 1891 1736 1929; baseline 0.006 -11"><span class='ocrx_word' id='word_1_614' title='bbox 945 1892 1017 1919; x_wconf 81' lang='lat' dir='ltr'><strong>aliud</strong></span> <span class='ocrx_word' id='word_1_615' title='bbox 1032 1891 1110 1922; x_wconf 74' lang='lat' dir='ltr'><strong>dixit,</strong></span> <span class='ocrx_word' id='word_1_616' title='bbox 1128 1891 1199 1925; x_wconf 88' lang='lat' dir='ltr'><strong>qitod</strong></span> <span class='ocrx_word' id='word_1_617' title='bbox 1233 1891 1350 1927; x_wconf 85' lang='lat' dir='ltr'><strong>Spiritus</strong></span> <span class='ocrx_word' id='word_1_618' title='bbox 1376 1897 1487 1920; x_wconf 70' lang='lat' dir='ltr'><strong>Sanctus</strong></span> <span class='ocrx_word' id='word_1_619' title='bbox 1503 1901 1535 1920; x_wconf 75' lang='lat' dir='ltr'><strong>ex</strong></span> <span class='ocrx_word' id='word_1_620' title='bbox 1552 1902 1583 1920; x_wconf 89' lang='lat' dir='ltr'><strong>eo</strong></span> <span class='ocrx_word' id='word_1_621' title='bbox 1610 1895 1736 1929; x_wconf 83' lang='lat' dir='ltr'><strong>accipiet.</strong></span> 
     </span>
    </p>
   </div>
   <div class='ocr_carea' id='block_1_85' title="bbox 944 1937 1738 1972">
    <p class='ocr_par' dir='ltr' id='par_1_85' title="bbox 944 1937 1738 1972">
     <span class='ocr_line' id='line_1_85' title="bbox 944 1937 1738 1972; baseline 0.006 -9"><span class='ocrx_word' id='word_1_622' title='bbox 944 1946 1005 1972; x_wconf 73' lang='lat' dir='ltr'><strong>qure</strong></span> <span class='ocrx_word' id='word_1_623' title='bbox 1023 1937 1169 1968; x_wconf 88' lang='lat' dir='ltr'><strong>nuntiabit,</strong></span> <span class='ocrx_word' id='word_1_624' title='bbox 1183 1942 1209 1963; x_wconf 88' lang='lat' dir='ltr'><strong>et</strong></span> <span class='ocrx_word' id='word_1_625' title='bbox 1240 1937 1400 1964; x_wconf 78' lang='lat' dir='ltr'><strong>instiﬂlando</strong></span> <span class='ocrx_word' id='word_1_626' title='bbox 1427 1939 1516 1972; x_wconf 86' lang='lat' dir='ltr'><strong>ipsum</strong></span> <span class='ocrx_word' id='word_1_627' title='bbox 1530 1941 1594 1966; x_wconf 86' lang='lat' dir='ltr'><strong>dare</strong></span> <span class='ocrx_word' id='word_1_628' title='bbox 1609 1942 1738 1968; x_wconf 82' lang='lat' dir='ltr'><strong>ostende-</strong></span> 
     </span>
    </p>
   </div>
   <div class='ocr_carea' id='block_1_86' title="bbox 946 1983 1736 2019">
    <p class='ocr_par' dir='ltr' id='par_1_86' title="bbox 946 1983 1736 2019">
     <span class='ocr_line' id='line_1_86' title="bbox 946 1983 1736 2019; baseline 0.005 -9"><span class='ocrx_word' id='word_1_629' title='bbox 946 1985 1000 2016; x_wconf 87' lang='lat' dir='ltr'><strong>bat,</strong></span> <span class='ocrx_word' id='word_1_630' title='bbox 1014 1987 1042 2010; x_wconf 90' lang='lat' dir='ltr'><strong>ttt</strong></span> <span class='ocrx_word' id='word_1_631' title='bbox 1056 1991 1143 2018; x_wconf 85' lang='lat' dir='ltr'><strong>neque</strong></span> <span class='ocrx_word' id='word_1_632' title='bbox 1158 1983 1285 2016; x_wconf 79' lang='lat' dir='ltr'><strong>majorem</strong></span> <span class='ocrx_word' id='word_1_633' title='bbox 1305 1991 1337 2010; x_wconf 89' lang='lat' dir='ltr'><strong>co</strong></span> <span class='ocrx_word' id='word_1_634' title='bbox 1352 1985 1481 2018; x_wconf 72' lang='lat' dir='ltr'><strong>Spit-itum</strong></span> <span class='ocrx_word' id='word_1_635' title='bbox 1495 1991 1631 2019; x_wconf 87' lang='lat' dir='ltr'><strong>putemus,</strong></span> <span class='ocrx_word' id='word_1_636' title='bbox 1645 1991 1671 2013; x_wconf 90' lang='lat' dir='ltr'><strong>et</strong></span> <span class='ocrx_word' id='word_1_637' title='bbox 1686 1995 1736 2014; x_wconf 85' lang='lat' dir='ltr'><strong>nos</strong></span> 
     </span>
    </p>
   </div>
   <div class='ocr_carea' id='block_1_87' title="bbox 946 2030 1738 2066">
    <p class='ocr_par' dir='ltr' id='par_1_87' title="bbox 946 2030 1738 2066">
     <span class='ocr_line' id='line_1_87' title="bbox 946 2030 1738 2066; baseline 0.001 -9"><span class='ocrx_word' id='word_1_638' title='bbox 946 2031 1097 2057; x_wconf 86' lang='lat' dir='ltr'><strong>deilicantia</strong></span> <span class='ocrx_word' id='word_1_639' title='bbox 1112 2030 1276 2055; x_wconf 79' lang='lat' dir='ltr'><strong>charismata</strong></span> <span class='ocrx_word' id='word_1_640' title='bbox 1302 2032 1457 2057; x_wconf 80' lang='lat' dir='ltr'><strong>communia</strong></span> <span class='ocrx_word' id='word_1_641' title='bbox 1476 2039 1535 2058; x_wconf 87' lang='lat' dir='ltr'><strong>esse</strong></span> <span class='ocrx_word' id='word_1_642' title='bbox 1553 2031 1613 2058; x_wconf 85' lang='lat' dir='ltr'><strong>Filii</strong></span> <span class='ocrx_word' id='word_1_643' title='bbox 1632 2038 1656 2059; x_wconf 89' lang='lat' dir='ltr'><strong>ei</strong></span> <span class='ocrx_word' id='word_1_644' title='bbox 1674 2033 1738 2066; x_wconf 65' lang='lat' dir='ltr'><strong>Spi-</strong></span> 
     </span>
    </p>
   </div>
   <div class='ocr_carea' id='block_1_88' title="bbox 948 2075 1739 2112">
    <p class='ocr_par' dir='ltr' id='par_1_88' title="bbox 948 2075 1739 2112">
     <span class='ocr_line' id='line_1_88' title="bbox 948 2075 1739 2112; baseline 0.004 -9"><span class='ocrx_word' id='word_1_645' title='bbox 948 2077 1014 2103; x_wconf 88' lang='lat' dir='ltr'><strong>ritus</strong></span> <span class='ocrx_word' id='word_1_646' title='bbox 1030 2076 1115 2102; x_wconf 88' lang='lat' dir='ltr'><strong>sancti</strong></span> <span class='ocrx_word' id='word_1_647' title='bbox 1132 2075 1293 2109; x_wconf 81' lang='lat' dir='ltr'><strong>credamus;</strong></span> <span class='ocrx_word' id='word_1_648' title='bbox 1311 2075 1380 2103; x_wconf 85' lang='lat' dir='ltr'><strong>alitis</strong></span> <span class='ocrx_word' id='word_1_649' title='bbox 1393 2084 1487 2104; x_wconf 85' lang='lat' dir='ltr'><strong>rursus</strong></span> <span class='ocrx_word' id='word_1_650' title='bbox 1514 2077 1597 2110; x_wconf 84' lang='lat' dir='ltr'><strong>dicat,</strong></span> <span class='ocrx_word' id='word_1_651' title='bbox 1620 2079 1683 2112; x_wconf 85' lang='lat' dir='ltr'><strong>quia</strong></span> <span class='ocrx_word' id='word_1_652' title='bbox 1710 2082 1739 2106; x_wconf 79' lang='lat' dir='ltr'><strong>et</strong></span> 
     </span>
    </p>
   </div>
   <div class='ocr_carea' id='block_1_89' title="bbox 99 2121 1738 2163">
    <p class='ocr_par' dir='ltr' id='par_1_89' title="bbox 99 2121 1738 2163">
     <span class='ocr_line' id='line_1_89' title="bbox 99 2121 1738 2163; baseline -0.001 -9"><span class='ocrx_word' id='word_1_653' title='bbox 99 2129 235 2162; x_wconf 87' lang='lat' dir='ltr'><strong>liisquain</strong></span> <span class='ocrx_word' id='word_1_654' title='bbox 264 2127 318 2153; x_wconf 88' lang='lat' dir='ltr'><strong>illis</strong></span> <span class='ocrx_word' id='word_1_655' title='bbox 349 2125 471 2157; x_wconf 85' lang='lat' dir='ltr'><strong>credens,</strong></span> <span class='ocrx_word' id='word_1_656' title='bbox 510 2132 571 2158; x_wconf 69' lang='lat' dir='ltr'><strong>qua:</strong></span> <span class='ocrx_word' id='word_1_657' title='bbox 602 2124 700 2151; x_wconf 83' lang='lat' dir='ltr'><strong>exinde</strong></span> <span class='ocrx_word' id='word_1_658' title='bbox 727 2126 893 2153; x_wconf 89' lang='lat' dir='ltr'><strong>concludunt</strong></span> <span class='ocrx_word' id='word_1_659' title='bbox 912 2127 1056 2163; x_wconf 73' lang='lat' dir='ltr'><strong>oproplcr</strong></span> <span class='ocrx_word' id='word_1_660' title='bbox 1073 2122 1174 2154; x_wconf 71' lang='grc' dir='ltr'><strong>Ιιοενοι</strong></span> <span class='ocrx_word' id='word_1_661' title='bbox 1201 2121 1290 2148; x_wconf 62' lang='lat' dir='ltr'><strong>adhuc</strong></span> <span class='ocrx_word' id='word_1_662' title='bbox 1309 2127 1338 2148; x_wconf 83' lang='lat' dir='ltr'><strong>Ut</strong></span> <span class='ocrx_word' id='word_1_663' title='bbox 1368 2123 1558 2156; x_wconf 73' lang='lat' dir='ltr'><strong>intelligamus,</strong></span> <span class='ocrx_word' id='word_1_664' title='bbox 1575 2129 1601 2151; x_wconf 86' lang='lat' dir='ltr'><strong>et</strong></span> <span class='ocrx_word' id='word_1_665' title='bbox 1618 2133 1649 2151; x_wconf 79' lang='lat' dir='ltr'><strong>ex</strong></span> <span class='ocrx_word' id='word_1_666' title='bbox 1677 2125 1738 2160; x_wconf 86' lang='lat' dir='ltr'><strong>ipso</strong></span> 
     </span>
    </p>
   </div>
   <div class='ocr_carea' id='block_1_90' title="bbox 99 2169 898 2207">
    <p class='ocr_par' dir='ltr' id='par_1_90' title="bbox 99 2169 898 2207">
     <span class='ocr_line' id='line_1_90' title="bbox 99 2169 898 2207; baseline -0.001 -8"><span class='ocrx_word' id='word_1_667' title='bbox 99 2174 241 2207; x_wconf 83' lang='lat' dir='ltr'><strong>recipere;</strong></span> <span class='ocrx_word' id='word_1_668' title='bbox 257 2177 283 2198; x_wconf 91' lang='lat' dir='ltr'><strong>et</strong></span> <span class='ocrx_word' id='word_1_669' title='bbox 299 2171 359 2198; x_wconf 84' lang='lat' dir='ltr'><strong>ideo</strong></span> <span class='ocrx_word' id='word_1_670' title='bbox 379 2178 466 2204; x_wconf 86' lang='lat' dir='ltr'><strong>neque</strong></span> <span class='ocrx_word' id='word_1_671' title='bbox 491 2177 539 2205; x_wconf 88' lang='lat' dir='ltr'><strong>per</strong></span> <span class='ocrx_word' id='word_1_672' title='bbox 557 2169 714 2204; x_wconf 89' lang='lat' dir='ltr'><strong>hujustnodi</strong></span> <span class='ocrx_word' id='word_1_673' title='bbox 739 2177 898 2205; x_wconf 85' lang='lat' dir='ltr'><strong>argumenta</strong></span> 
     </span>
    </p>
   </div>
   <div class='ocr_carea' id='block_1_91' title="bbox 99 2218 454 2255">
    <p class='ocr_par' dir='ltr' id='par_1_91' title="bbox 99 2218 454 2255">
     <span class='ocr_line' id='line_1_91' title="bbox 99 2218 454 2255; baseline -0.011 -9"><span class='ocrx_word' id='word_1_674' title='bbox 99 2219 259 2255; x_wconf 77' lang='lat' dir='ltr'><strong>persuaderi</strong></span> <span class='ocrx_word' id='word_1_675' title='bbox 271 2218 337 2244; x_wconf 91' lang='lat' dir='ltr'><strong>mihi</strong></span> <span class='ocrx_word' id='word_1_676' title='bbox 354 2222 454 2251; x_wconf 84' lang='lat' dir='ltr'><strong>potest.</strong></span> 
     </span>
    </p>
   </div>
   <div class='ocr_carea' id='block_1_92' title="bbox 139 2262 898 2299">
    <p class='ocr_par' dir='ltr' id='par_1_92' title="bbox 139 2262 898 2299">
     <span class='ocr_line' id='line_1_92' title="bbox 139 2262 898 2299; baseline -0.007 -7"><span class='ocrx_word' id='word_1_677' title='bbox 139 2266 262 2292; x_wconf 83' lang='lat' dir='ltr'><strong>Eiinduui</strong></span> <span class='ocrx_word' id='word_1_678' title='bbox 280 2265 361 2299; x_wconf 83' lang='lat' dir='ltr'><strong>igitur</strong></span> <span class='ocrx_word' id='word_1_679' title='bbox 377 2264 412 2290; x_wconf 86' lang='lat' dir='ltr'><strong>sit</strong></span> <span class='ocrx_word' id='word_1_680' title='bbox 428 2268 454 2289; x_wconf 89' lang='lat' dir='ltr'><strong>et</strong></span> <span class='ocrx_word' id='word_1_681' title='bbox 470 2262 502 2288; x_wconf 90' lang='lat' dir='ltr'><strong>ad</strong></span> <span class='ocrx_word' id='word_1_682' title='bbox 518 2262 572 2294; x_wconf 83' lang='lat' dir='ltr'><strong>illa,</strong></span> <span class='ocrx_word' id='word_1_683' title='bbox 590 2269 649 2296; x_wconf 63' lang='lat' dir='ltr'><strong>qum</strong></span> <span class='ocrx_word' id='word_1_684' title='bbox 661 2269 693 2288; x_wconf 79' lang='lat' dir='ltr'><strong>ex</strong></span> <span class='ocrx_word' id='word_1_685' title='bbox 719 2262 810 2288; x_wconf 83' lang='lat' dir='ltr'><strong>divina</strong></span> <span class='ocrx_word' id='word_1_686' title='bbox 825 2262 898 2288; x_wconf 86' lang='lat' dir='ltr'><strong>Scri-</strong></span> 
     </span>
    </p>
   </div>
   <div class='ocr_carea' id='block_1_93' title="bbox 102 2308 896 2346">
    <p class='ocr_par' dir='ltr' id='par_1_93' title="bbox 102 2308 896 2346">
     <span class='ocr_line' id='line_1_93' title="bbox 102 2308 896 2346; baseline -0.004 -8"><span class='ocrx_word' id='word_1_687' title='bbox 102 2319 184 2346; x_wconf 86' lang='lat' dir='ltr'><strong>ptura</strong></span> <span class='ocrx_word' id='word_1_688' title='bbox 202 2315 440 2345; x_wconf 84' lang='lat' dir='ltr'><strong>argumentantur.</strong></span> <span class='ocrx_word' id='word_1_689' title='bbox 455 2309 576 2335; x_wconf 81' lang='lat' dir='ltr'><strong>Primum</strong></span> <span class='ocrx_word' id='word_1_690' title='bbox 591 2309 691 2342; x_wconf 85' lang='lat' dir='ltr'><strong>quippe</strong></span> <span class='ocrx_word' id='word_1_691' title='bbox 708 2309 741 2334; x_wconf 86' lang='lat' dir='ltr'><strong>de</strong></span> <span class='ocrx_word' id='word_1_692' title='bbox 764 2308 806 2334; x_wconf 92' lang='lat' dir='ltr'><strong>liis</strong></span> <span class='ocrx_word' id='word_1_693' title='bbox 832 2309 896 2335; x_wconf 88' lang='lat' dir='ltr'><strong>illud</strong></span> 
     </span>
    </p>
   </div>
   <div class='ocr_carea' id='block_1_94' title="bbox 102 2353 897 2389">
    <p class='ocr_par' dir='ltr' id='par_1_94' title="bbox 102 2353 897 2389">
     <span class='ocr_line' id='line_1_94' title="bbox 102 2353 897 2389; baseline -0.005 -5"><span class='ocrx_word' id='word_1_694' title='bbox 102 2358 285 2385; x_wconf 81' lang='lat' dir='ltr'><strong>communiter</strong></span> <span class='ocrx_word' id='word_1_695' title='bbox 295 2355 449 2387; x_wconf 85' lang='lat' dir='ltr'><strong>considero,</strong></span> <span class='ocrx_word' id='word_1_696' title='bbox 461 2355 530 2389; x_wconf 83' lang='lat' dir='ltr'><strong>quod</strong></span> <span class='ocrx_word' id='word_1_697' title='bbox 542 2355 564 2381; x_wconf 89' lang='lat' dir='ltr'><strong>si</strong></span> <span class='ocrx_word' id='word_1_698' title='bbox 575 2359 647 2381; x_wconf 87' lang='lat' dir='ltr'><strong>esset</strong></span> <span class='ocrx_word' id='word_1_699' title='bbox 658 2353 826 2388; x_wconf 75' lang='lat' dir='ltr'><strong>impossibile</strong></span> <span class='ocrx_word' id='word_1_700' title='bbox 838 2357 897 2381; x_wconf 79' lang='lat' dir='ltr'><strong>eui-</strong></span> 
     </span>
    </p>
   </div>
   <div class='ocr_carea' id='block_1_95' title="bbox 103 2399 896 2437">
    <p class='ocr_par' dir='ltr' id='par_1_95' title="bbox 103 2399 896 2437">
     <span class='ocr_line' id='line_1_95' title="bbox 103 2399 896 2437; baseline -0.009 -6"><span class='ocrx_word' id='word_1_701' title='bbox 103 2405 180 2436; x_wconf 78' lang='lat' dir='ltr'><strong>libet,</strong></span> <span class='ocrx_word' id='word_1_702' title='bbox 191 2402 391 2437; x_wconf 87' lang='lat' dir='ltr'><strong>propositorum</strong></span> <span class='ocrx_word' id='word_1_703' title='bbox 410 2408 456 2435; x_wconf 87' lang='lat' dir='ltr'><strong>per</strong></span> <span class='ocrx_word' id='word_1_704' title='bbox 471 2407 518 2427; x_wconf 84' lang='lat' dir='ltr'><strong>eos</strong></span> <span class='ocrx_word' id='word_1_705' title='bbox 531 2399 667 2426; x_wconf 88' lang='lat' dir='ltr'><strong>dictorum</strong></span> <span class='ocrx_word' id='word_1_706' title='bbox 686 2407 796 2426; x_wconf 87' lang='lat' dir='ltr'><strong>sensum</strong></span> <span class='ocrx_word' id='word_1_707' title='bbox 814 2400 896 2425; x_wconf 81' lang='lat' dir='ltr'><strong>alium</strong></span> 
     </span>
    </p>
   </div>
   <div class='ocr_carea' id='block_1_96' title="bbox 104 2444 899 2485">
    <p class='ocr_par' dir='ltr' id='par_1_96' title="bbox 104 2444 899 2485">
     <span class='ocr_line' id='line_1_96' title="bbox 104 2444 899 2485; baseline -0.008 -9"><span class='ocrx_word' id='word_1_708' title='bbox 104 2452 177 2485; x_wconf 87' lang='lat' dir='ltr'><strong>pium</strong></span> <span class='ocrx_word' id='word_1_709' title='bbox 192 2453 218 2475; x_wconf 86' lang='lat' dir='ltr'><strong>et</strong></span> <span class='ocrx_word' id='word_1_710' title='bbox 234 2447 400 2475; x_wconf 79' lang='lat' dir='ltr'><strong>suilicicnter</strong></span> <span class='ocrx_word' id='word_1_711' title='bbox 421 2454 450 2473; x_wconf 90' lang='lat' dir='ltr'><strong>se</strong></span> <span class='ocrx_word' id='word_1_712' title='bbox 465 2446 608 2472; x_wconf 80' lang='lat' dir='ltr'><strong>habentem</strong></span> <span class='ocrx_word' id='word_1_713' title='bbox 636 2449 774 2479; x_wconf 86' lang='lat' dir='ltr'><strong>eoaptare,</strong></span> <span class='ocrx_word' id='word_1_714' title='bbox 804 2444 838 2471; x_wconf 89' lang='lat' dir='ltr'><strong>ita</strong></span> <span class='ocrx_word' id='word_1_715' title='bbox 855 2452 899 2478; x_wconf 83' lang='lat' dir='ltr'><strong>su_</strong></span> 
     </span>
    </p>
   </div>
   <div class='ocr_carea' id='block_1_97' title="bbox 104 2490 897 2525">
    <p class='ocr_par' dir='ltr' id='par_1_97' title="bbox 104 2490 897 2525">
     <span class='ocr_line' id='line_1_97' title="bbox 104 2490 897 2525; baseline -0.01 -2"><span class='ocrx_word' id='word_1_716' title='bbox 104 2496 160 2522; x_wconf 91' lang='lat' dir='ltr'><strong>lum</strong></span> <span class='ocrx_word' id='word_1_717' title='bbox 175 2494 356 2522; x_wconf 87' lang='lat' dir='ltr'><strong>necessarium</strong></span> <span class='ocrx_word' id='word_1_718' title='bbox 369 2495 451 2522; x_wconf 81' lang='lat' dir='ltr'><strong>esset,</strong></span> <span class='ocrx_word' id='word_1_719' title='bbox 465 2491 536 2525; x_wconf 88' lang='lat' dir='ltr'><strong>quod</strong></span> <span class='ocrx_word' id='word_1_720' title='bbox 549 2491 598 2524; x_wconf 87' lang='lat' dir='ltr'><strong>ipsi</strong></span> <span class='ocrx_word' id='word_1_721' title='bbox 613 2497 645 2516; x_wconf 77' lang='lat' dir='ltr'><strong>ex</strong></span> <span class='ocrx_word' id='word_1_722' title='bbox 661 2491 701 2516; x_wconf 88' lang='lat' dir='ltr'><strong>eis</strong></span> <span class='ocrx_word' id='word_1_723' title='bbox 716 2490 897 2523; x_wconf 52' lang='lat' dir='ltr'><strong>concludunt.</strong></span> 
     </span>
    </p>
   </div>
   <div class='ocr_carea' id='block_1_98' title="bbox 104 2534 897 2574">
    <p class='ocr_par' dir='ltr' id='par_1_98' title="bbox 104 2534 897 2574">
     <span class='ocr_line' id='line_1_98' title="bbox 104 2534 897 2574; baseline -0.009 -8"><span class='ocrx_word' id='word_1_724' title='bbox 104 2540 238 2574; x_wconf 74' lang='lat' dir='ltr'><strong>Qut-niam</strong></span> <span class='ocrx_word' id='word_1_725' title='bbox 256 2545 319 2564; x_wconf 87' lang='lat' dir='ltr'><strong>vero</strong></span> <span class='ocrx_word' id='word_1_726' title='bbox 335 2545 388 2564; x_wconf 86' lang='lat' dir='ltr'><strong>non</strong></span> <span class='ocrx_word' id='word_1_727' title='bbox 407 2536 505 2570; x_wconf 78' lang='lat' dir='ltr'><strong>magis,</strong></span> <span class='ocrx_word' id='word_1_728' title='bbox 523 2540 552 2561; x_wconf 92' lang='lat' dir='ltr'><strong>tit</strong></span> <span class='ocrx_word' id='word_1_729' title='bbox 571 2534 622 2568; x_wconf 83' lang='lat' dir='ltr'><strong>ipsi</strong></span> <span class='ocrx_word' id='word_1_730' title='bbox 638 2534 800 2568; x_wconf 86' lang='lat' dir='ltr'><strong>intelligunt,</strong></span> <span class='ocrx_word' id='word_1_731' title='bbox 818 2541 897 2568; x_wconf 85' lang='lat' dir='ltr'><strong>quatit</strong></span> 
     </span>
    </p>
   </div>
   <div class='ocr_carea' id='block_1_99' title="bbox 104 2580 893 2619">
    <p class='ocr_par' dir='ltr' id='par_1_99' title="bbox 104 2580 893 2619">
     <span class='ocr_line' id='line_1_99' title="bbox 104 2580 893 2619; baseline -0.01 -6"><span class='ocrx_word' id='word_1_732' title='bbox 104 2591 134 2614; x_wconf 91' lang='lat' dir='ltr'><strong>ut</strong></span> <span class='ocrx_word' id='word_1_733' title='bbox 149 2586 204 2616; x_wconf 89' lang='lat' dir='ltr'><strong>alii,</strong></span> <span class='ocrx_word' id='word_1_734' title='bbox 221 2588 334 2619; x_wconf 84' lang='lat' dir='ltr'><strong>possunt</strong></span> <span class='ocrx_word' id='word_1_735' title='bbox 351 2583 444 2609; x_wconf 83' lang='lat' dir='ltr'><strong>eadem</strong></span> <span class='ocrx_word' id='word_1_736' title='bbox 466 2580 592 2614; x_wconf 78' lang='lat' dir='ltr'><strong>intelligi.</strong></span> <span class='ocrx_word' id='word_1_737' title='bbox 612 2586 771 2606; x_wconf 87' lang='lat' dir='ltr'><strong>neutrorum</strong></span> <span class='ocrx_word' id='word_1_738' title='bbox 789 2587 893 2606; x_wconf 81' lang='lat' dir='ltr'><strong>sermu-</strong></span> 
     </span>
    </p>
   </div>
   <div class='ocr_carea' id='block_1_100' title="bbox 105 2626 894 2666">
    <p class='ocr_par' dir='ltr' id='par_1_100' title="bbox 105 2626 894 2666">
     <span class='ocr_line' id='line_1_100' title="bbox 105 2626 894 2666; baseline -0.011 -6"><span class='ocrx_word' id='word_1_739' title='bbox 105 2641 154 2660; x_wconf 88' lang='lat' dir='ltr'><strong>ncs</strong></span> <span class='ocrx_word' id='word_1_740' title='bbox 173 2639 268 2666; x_wconf 83' lang='lat' dir='ltr'><strong>cogere</strong></span> <span class='ocrx_word' id='word_1_741' title='bbox 284 2638 326 2658; x_wconf 83' lang='lat' dir='ltr'><strong>me</strong></span> <span class='ocrx_word' id='word_1_742' title='bbox 347 2630 444 2657; x_wconf 76' lang='lat' dir='ltr'><strong>valent.</strong></span> <span class='ocrx_word' id='word_1_743' title='bbox 461 2628 526 2654; x_wconf 86' lang='lat' dir='ltr'><strong>Nam</strong></span> <span class='ocrx_word' id='word_1_744' title='bbox 545 2631 596 2654; x_wconf 86' lang='lat' dir='ltr'><strong>hoc</strong></span> <span class='ocrx_word' id='word_1_745' title='bbox 613 2628 701 2662; x_wconf 82' lang='lat' dir='ltr'><strong>ipsum</strong></span> <span class='ocrx_word' id='word_1_746' title='bbox 735 2627 805 2662; x_wconf 84' lang='lat' dir='ltr'><strong>quod</strong></span> <span class='ocrx_word' id='word_1_747' title='bbox 834 2626 894 2659; x_wconf 90' lang='lat' dir='ltr'><strong>Spi-</strong></span> 
     </span>
    </p>
   </div>
   <div class='ocr_carea' id='block_1_101' title="bbox 105 2674 897 2708">
    <p class='ocr_par' dir='ltr' id='par_1_101' title="bbox 105 2674 897 2708">
     <span class='ocr_line' id='line_1_101' title="bbox 105 2674 897 2708; baseline -0.009 -2"><span class='ocrx_word' id='word_1_748' title='bbox 105 2681 176 2707; x_wconf 90' lang='lat' dir='ltr'><strong>ritus</strong></span> <span class='ocrx_word' id='word_1_749' title='bbox 190 2685 300 2706; x_wconf 85' lang='lat' dir='ltr'><strong>sanclus</strong></span> <span class='ocrx_word' id='word_1_750' title='bbox 330 2677 421 2704; x_wconf 90' lang='lat' dir='ltr'><strong>multis</strong></span> <span class='ocrx_word' id='word_1_751' title='bbox 442 2676 507 2703; x_wconf 90' lang='lat' dir='ltr'><strong>locis</strong></span> <span class='ocrx_word' id='word_1_752' title='bbox 535 2675 682 2708; x_wconf 74' lang='lat' dir='ltr'><strong>Scriptura:</strong></span> <span class='ocrx_word' id='word_1_753' title='bbox 710 2674 808 2700; x_wconf 88' lang='lat' dir='ltr'><strong>dicitur</strong></span> <span class='ocrx_word' id='word_1_754' title='bbox 838 2681 897 2699; x_wconf 70' lang='lat' dir='ltr'><strong>esse</strong></span> 
     </span>
    </p>
   </div>
   <div class='ocr_carea' id='block_1_102' title="bbox 103 2719 896 2760">
    <p class='ocr_par' dir='ltr' id='par_1_102' title="bbox 103 2719 896 2760">
     <span class='ocr_line' id='line_1_102' title="bbox 103 2719 896 2760; baseline -0.01 -8"><span class='ocrx_word' id='word_1_755' title='bbox 103 2726 178 2757; x_wconf 83' lang='lat' dir='ltr'><strong>Filii,</strong></span> <span class='ocrx_word' id='word_1_756' title='bbox 197 2730 305 2760; x_wconf 83' lang='lat' dir='ltr'><strong>propter</strong></span> <span class='ocrx_word' id='word_1_757' title='bbox 322 2725 406 2752; x_wconf 77' lang='lat' dir='ltr'><strong>so&#39;am</strong></span> <span class='ocrx_word' id='word_1_758' title='bbox 421 2730 500 2758; x_wconf 87' lang='lat' dir='ltr'><strong>quant</strong></span> <span class='ocrx_word' id='word_1_759' title='bbox 521 2721 600 2748; x_wconf 85' lang='lat' dir='ltr'><strong>habet</strong></span> <span class='ocrx_word' id='word_1_760' title='bbox 611 2728 673 2746; x_wconf 86' lang='lat' dir='ltr'><strong>euut</strong></span> <span class='ocrx_word' id='word_1_761' title='bbox 690 2727 721 2746; x_wconf 88' lang='lat' dir='ltr'><strong>co</strong></span> <span class='ocrx_word' id='word_1_762' title='bbox 747 2719 896 2745; x_wconf 74' lang='lat' dir='ltr'><strong>secundum</strong></span> 
     </span>
    </p>
   </div>
   <div class='ocr_carea' id='block_1_103' title="bbox 144 2815 639 2850">
    <p class='ocr_par' dir='ltr' id='par_1_103' title="bbox 144 2815 639 2850">
     <span class='ocr_line' id='line_1_103' title="bbox 144 2815 639 2850; baseline -0.006 -7"><span class='ocrx_word' id='word_1_763' title='bbox 144 2816 262 2850; x_wconf 68' lang='lat' dir='ltr'><strong>’liplies</strong></span> <span class='ocrx_word' id='word_1_764' title='bbox 289 2825 326 2848; x_wconf 79' lang='lat' dir='ltr'><strong>vx,</strong></span> <span class='ocrx_word' id='word_1_765' title='bbox 346 2817 387 2842; x_wconf 82' lang='grc' dir='ltr'><strong>Π.</strong></span> <span class='ocrx_word' id='word_1_766' title='bbox 443 2816 452 2830; x_wconf 86' lang='grc'>¹</span> <span class='ocrx_word' id='word_1_767' title='bbox 467 2816 520 2841; x_wconf 63' lang='lat' dir='ltr'><strong>lsa.</strong></span> <span class='ocrx_word' id='word_1_768' title='bbox 541 2822 596 2845; x_wconf 87' lang='lat' dir='ltr'><strong>L\l,</strong></span> <span class='ocrx_word' id='word_1_769' title='bbox 615 2815 639 2840; x_wconf 90' lang='grc' dir='ltr'><strong>Ι.</strong></span> 
     </span>
    </p>
   </div>
   <div class='ocr_carea' id='block_1_104' title="bbox 694 2811 920 2839">
    <p class='ocr_par' dir='ltr' id='par_1_104' title="bbox 694 2811 920 2839">
     <span class='ocr_line' id='line_1_104' title="bbox 694 2811 920 2839; baseline -0.004 -2"><span class='ocrx_word' id='word_1_770' title='bbox 694 2815 703 2828; x_wconf 68' lang='grc'>³</span> <span class='ocrx_word' id='word_1_771' title='bbox 718 2812 795 2838; x_wconf 59' lang='lat' dir='ltr'><strong>.loiu.</strong></span> <span class='ocrx_word' id='word_1_772' title='bbox 817 2819 861 2839; x_wconf 65' lang='lat' dir='ltr'><strong>tv.</strong></span> <span class='ocrx_word' id='word_1_773' title='bbox 875 2811 920 2836; x_wconf 65' lang='grc' dir='ltr'><strong>ΞΖ.</strong></span> 
     </span>
    </p>
   </div>
   <div class='ocr_carea' id='block_1_105' title="bbox 950 2167 1738 2206">
    <p class='ocr_par' dir='ltr' id='par_1_105' title="bbox 950 2167 1738 2206">
     <span class='ocr_line' id='line_1_105' title="bbox 950 2167 1738 2206; baseline 0.005 -12"><span class='ocrx_word' id='word_1_774' title='bbox 950 2167 1018 2194; x_wconf 83' lang='lat' dir='ltr'><strong>Filio</strong></span> <span class='ocrx_word' id='word_1_775' title='bbox 1043 2167 1246 2202; x_wconf 77' lang='lat' dir='ltr'><strong>processioneni</strong></span> <span class='ocrx_word' id='word_1_776' title='bbox 1276 2168 1395 2202; x_wconf 85' lang='lat' dir='ltr'><strong>Spiritus</strong></span> <span class='ocrx_word' id='word_1_777' title='bbox 1416 2169 1562 2203; x_wconf 83' lang='lat' dir='ltr'><strong>:eogitans</strong></span> <span class='ocrx_word' id='word_1_778' title='bbox 1584 2179 1645 2205; x_wconf 78' lang='lat' dir='ltr'><strong>ego,</strong></span> <span class='ocrx_word' id='word_1_779' title='bbox 1665 2174 1738 2206; x_wconf 88' lang='lat' dir='ltr'><strong>quod</strong></span> 
     </span>
    </p>
   </div>
   <div class='ocr_carea' id='block_1_106' title="bbox 949 2213 1740 2244">
    <p class='ocr_par' dir='ltr' id='par_1_106' title="bbox 949 2213 1740 2244">
     <span class='ocr_line' id='line_1_106' title="bbox 949 2213 1740 2244; baseline 0.004 -3"><span class='ocrx_word' id='word_1_780' title='bbox 949 2219 975 2241; x_wconf 89' lang='lat' dir='ltr'><strong>et</strong></span> <span class='ocrx_word' id='word_1_781' title='bbox 992 2213 1142 2241; x_wconf 86' lang='lat' dir='ltr'><strong>secundum</strong></span> <span class='ocrx_word' id='word_1_782' title='bbox 1173 2213 1247 2239; x_wconf 88' lang='lat' dir='ltr'><strong>illiitii</strong></span> <span class='ocrx_word' id='word_1_783' title='bbox 1271 2222 1381 2240; x_wconf 84' lang='lat' dir='ltr'><strong>sensum</strong></span> <span class='ocrx_word' id='word_1_784' title='bbox 1413 2220 1515 2241; x_wconf 88' lang='lat' dir='ltr'><strong>tantum</strong></span> <span class='ocrx_word' id='word_1_785' title='bbox 1532 2216 1696 2244; x_wconf 74' lang='lat' dir='ltr'><strong>sufﬁcienter</strong></span> <span class='ocrx_word' id='word_1_786' title='bbox 1710 2225 1740 2244; x_wconf 84' lang='lat' dir='ltr'><strong>se</strong></span> 
     </span>
    </p>
   </div>
   <div class='ocr_carea' id='block_1_107' title="bbox 948 2259 1740 2294">
    <p class='ocr_par' dir='ltr' id='par_1_107' title="bbox 948 2259 1740 2294">
     <span class='ocr_line' id='line_1_107' title="bbox 948 2259 1740 2294; baseline 0.004 -8"><span class='ocrx_word' id='word_1_787' title='bbox 948 2265 1038 2294; x_wconf 67' lang='lat' dir='ltr'><strong>pOSset</strong></span> <span class='ocrx_word' id='word_1_788' title='bbox 1067 2261 1165 2287; x_wconf 85' lang='lat' dir='ltr'><strong>habere</strong></span> <span class='ocrx_word' id='word_1_789' title='bbox 1198 2259 1349 2293; x_wconf 85' lang='lat' dir='ltr'><strong>Scriptura,</strong></span> <span class='ocrx_word' id='word_1_790' title='bbox 1383 2268 1435 2287; x_wconf 77' lang='lat' dir='ltr'><strong>non</strong></span> <span class='ocrx_word' id='word_1_791' title='bbox 1463 2261 1540 2288; x_wconf 87' lang='lat' dir='ltr'><strong>video</strong></span> <span class='ocrx_word' id='word_1_792' title='bbox 1562 2269 1672 2289; x_wconf 84' lang='lat' dir='ltr'><strong>causam</strong></span> <span class='ocrx_word' id='word_1_793' title='bbox 1704 2264 1740 2289; x_wconf 89' lang='lat' dir='ltr'><strong>ob</strong></span> 
     </span>
    </p>
   </div>
   <div class='ocr_carea' id='block_1_108' title="bbox 949 2306 1386 2341">
    <p class='ocr_par' dir='ltr' id='par_1_108' title="bbox 949 2306 1386 2341">
     <span class='ocr_line' id='line_1_108' title="bbox 949 2306 1386 2341; baseline 0 -9"><span class='ocrx_word' id='word_1_794' title='bbox 949 2315 1028 2341; x_wconf 87' lang='lat' dir='ltr'><strong>quam</strong></span> <span class='ocrx_word' id='word_1_795' title='bbox 1050 2307 1135 2339; x_wconf 81' lang='lat' dir='ltr'><strong>magis</strong></span> <span class='ocrx_word' id='word_1_796' title='bbox 1156 2306 1251 2331; x_wconf 56' lang='lat' dir='ltr'><strong>Latino</strong></span> <span class='ocrx_word' id='word_1_797' title='bbox 1267 2306 1386 2332; x_wconf 87' lang='lat' dir='ltr'><strong>credam.</strong></span> 
     </span>
    </p>
   </div>
   <div class='ocr_carea' id='block_1_109' title="bbox 983 2350 1740 2386">
    <p class='ocr_par' dir='ltr' id='par_1_109' title="bbox 983 2350 1740 2386">
     <span class='ocr_line' id='line_1_109' title="bbox 983 2350 1740 2386; baseline 0.003 -9"><span class='ocrx_word' id='word_1_798' title='bbox 983 2351 1045 2377; x_wconf 76' lang='lat' dir='ltr'><strong>lteni</strong></span> <span class='ocrx_word' id='word_1_799' title='bbox 1057 2350 1162 2377; x_wconf 62' lang='lat' dir='ltr'><strong>Pati-ein</strong></span> <span class='ocrx_word' id='word_1_800' title='bbox 1175 2356 1200 2377; x_wconf 86' lang='lat' dir='ltr'><strong>et</strong></span> <span class='ocrx_word' id='word_1_801' title='bbox 1211 2350 1308 2377; x_wconf 84' lang='lat' dir='ltr'><strong>Filium</strong></span> <span class='ocrx_word' id='word_1_802' title='bbox 1320 2359 1403 2377; x_wconf 87' lang='lat' dir='ltr'><strong>iiiitiiii</strong></span> <span class='ocrx_word' id='word_1_803' title='bbox 1413 2359 1472 2378; x_wconf 81' lang='lat' dir='ltr'><strong>esse</strong></span> <span class='ocrx_word' id='word_1_804' title='bbox 1481 2352 1508 2378; x_wconf 90' lang='lat' dir='ltr'><strong>in</strong></span> <span class='ocrx_word' id='word_1_805' title='bbox 1520 2351 1658 2386; x_wconf 81' lang='lat' dir='ltr'><strong>Scriptura</strong></span> <span class='ocrx_word' id='word_1_806' title='bbox 1669 2353 1740 2380; x_wconf 82' lang='lat' dir='ltr'><strong>seri-</strong></span> 
     </span>
    </p>
   </div>
   <div class='ocr_carea' id='block_1_110' title="bbox 950 2397 1738 2430">
    <p class='ocr_par' dir='ltr' id='par_1_110' title="bbox 950 2397 1738 2430">
     <span class='ocr_line' id='line_1_110' title="bbox 950 2397 1738 2430; baseline 0.004 -8"><span class='ocrx_word' id='word_1_807' title='bbox 950 2403 1023 2430; x_wconf 87' lang='lat' dir='ltr'><strong>pttiiu</strong></span> <span class='ocrx_word' id='word_1_808' title='bbox 1043 2401 1094 2428; x_wconf 86' lang='lat' dir='ltr'><strong>est,</strong></span> <span class='ocrx_word' id='word_1_809' title='bbox 1108 2397 1238 2423; x_wconf 84' lang='lat' dir='ltr'><strong>etouuiia</strong></span> <span class='ocrx_word' id='word_1_810' title='bbox 1257 2404 1317 2430; x_wconf 73' lang='lat' dir='ltr'><strong>qua:</strong></span> <span class='ocrx_word' id='word_1_811' title='bbox 1332 2402 1396 2424; x_wconf 85' lang='lat' dir='ltr'><strong>sunt</strong></span> <span class='ocrx_word' id='word_1_812' title='bbox 1422 2397 1519 2428; x_wconf 82' lang='lat' dir='ltr'><strong>l’atris,</strong></span> <span class='ocrx_word' id='word_1_813' title='bbox 1537 2399 1617 2425; x_wconf 88' lang='lat' dir='ltr'><strong>etiam</strong></span> <span class='ocrx_word' id='word_1_814' title='bbox 1634 2403 1660 2425; x_wconf 79' lang='lat' dir='ltr'><strong>et</strong></span> <span class='ocrx_word' id='word_1_815' title='bbox 1677 2399 1738 2425; x_wconf 77' lang='lat' dir='ltr'><strong>Filii</strong></span> 
     </span>
    </p>
   </div>
   <div class='ocr_carea' id='block_1_111' title="bbox 949 2443 1738 2479">
    <p class='ocr_par' dir='ltr' id='par_1_111' title="bbox 949 2443 1738 2479">
     <span class='ocr_line' id='line_1_111' title="bbox 949 2443 1738 2479; baseline 0.004 -11"><span class='ocrx_word' id='word_1_816' title='bbox 949 2449 1020 2468; x_wconf 68' lang='lat' dir='ltr'><strong>esse.</strong></span> <span class='ocrx_word' id='word_1_817' title='bbox 1054 2443 1085 2468; x_wconf 68' lang='lat' dir='ltr'><strong>Et</strong></span> <span class='ocrx_word' id='word_1_818' title='bbox 1101 2450 1132 2468; x_wconf 77' lang='lat' dir='ltr'><strong>ex</strong></span> <span class='ocrx_word' id='word_1_819' title='bbox 1148 2443 1197 2468; x_wconf 89' lang='lat' dir='ltr'><strong>hoc</strong></span> <span class='ocrx_word' id='word_1_820' title='bbox 1223 2443 1390 2469; x_wconf 85' lang='lat' dir='ltr'><strong>concludunt</strong></span> <span class='ocrx_word' id='word_1_821' title='bbox 1423 2444 1460 2470; x_wconf 85' lang='lat' dir='ltr'><strong>illi</strong></span> <span class='ocrx_word' id='word_1_822' title='bbox 1482 2452 1560 2470; x_wconf 88' lang='lat' dir='ltr'><strong>suum</strong></span> <span class='ocrx_word' id='word_1_823' title='bbox 1582 2445 1689 2479; x_wconf 76' lang='lat' dir='ltr'><strong>dogma.</strong></span> <span class='ocrx_word' id='word_1_824' title='bbox 1705 2446 1738 2472; x_wconf 68' lang='lat' dir='ltr'><strong>At</strong></span> 
     </span>
    </p>
   </div>
   <div class='ocr_carea' id='block_1_112' title="bbox 951 2487 1741 2524">
    <p class='ocr_par' dir='ltr' id='par_1_112' title="bbox 951 2487 1741 2524">
     <span class='ocr_line' id='line_1_112' title="bbox 951 2487 1741 2524; baseline 0.006 -12"><span class='ocrx_word' id='word_1_825' title='bbox 951 2495 1014 2513; x_wconf 80' lang='lat' dir='ltr'><strong>\ero</strong></span> <span class='ocrx_word' id='word_1_826' title='bbox 1027 2487 1049 2513; x_wconf 88' lang='lat' dir='ltr'><strong>si</strong></span> <span class='ocrx_word' id='word_1_827' title='bbox 1069 2487 1210 2520; x_wconf 56' lang='lat' dir='ltr'><strong>quisdiiat</strong></span> <span class='ocrx_word' id='word_1_828' title='bbox 1228 2497 1234 2514; x_wconf 90' lang='lat'><strong>:</strong></span> <span class='ocrx_word' id='word_1_829' title='bbox 1251 2488 1273 2515; x_wconf 89' lang='lat'>0</span> <span class='ocrx_word' id='word_1_830' title='bbox 1291 2488 1390 2519; x_wconf 85' lang='lat' dir='ltr'><strong>Latini,</strong></span> <span class='ocrx_word' id='word_1_831' title='bbox 1407 2489 1473 2515; x_wconf 88' lang='lat' dir='ltr'><strong>nihil</strong></span> <span class='ocrx_word' id='word_1_832' title='bbox 1486 2491 1569 2524; x_wconf 81' lang='lat' dir='ltr'><strong>magis</strong></span> <span class='ocrx_word' id='word_1_833' title='bbox 1586 2498 1618 2516; x_wconf 73' lang='lat' dir='ltr'><strong>ex</strong></span> <span class='ocrx_word' id='word_1_834' title='bbox 1638 2491 1679 2517; x_wconf 87' lang='lat' dir='ltr'><strong>liis</strong></span> <span class='ocrx_word' id='word_1_835' title='bbox 1693 2499 1741 2517; x_wconf 86' lang='lat' dir='ltr'><strong>ne-</strong></span> 
     </span>
    </p>
   </div>
   <div class='ocr_carea' id='block_1_113' title="bbox 951 2532 1740 2569">
    <p class='ocr_par' dir='ltr' id='par_1_113' title="bbox 951 2532 1740 2569">
     <span class='ocr_line' id='line_1_113' title="bbox 951 2532 1740 2569; baseline 0.006 -11"><span class='ocrx_word' id='word_1_836' title='bbox 951 2534 1101 2559; x_wconf 76' lang='lat' dir='ltr'><strong>cessarium</strong></span> <span class='ocrx_word' id='word_1_837' title='bbox 1117 2537 1155 2559; x_wconf 83' lang='lat' dir='ltr'><strong>est</strong></span> <span class='ocrx_word' id='word_1_838' title='bbox 1168 2532 1264 2559; x_wconf 79' lang='lat' dir='ltr'><strong>Filium</strong></span> <span class='ocrx_word' id='word_1_839' title='bbox 1282 2535 1444 2567; x_wconf 89' lang='lat' dir='ltr'><strong>principiuiu</strong></span> <span class='ocrx_word' id='word_1_840' title='bbox 1461 2543 1521 2562; x_wconf 80' lang='lat' dir='ltr'><strong>esse</strong></span> <span class='ocrx_word' id='word_1_841' title='bbox 1534 2536 1661 2569; x_wconf 83' lang='lat' dir='ltr'><strong>Spiritus,</strong></span> <span class='ocrx_word' id='word_1_842' title='bbox 1676 2537 1740 2569; x_wconf 82' lang='lat' dir='ltr'><strong>quia</strong></span> 
     </span>
    </p>
   </div>
   <div class='ocr_carea' id='block_1_114' title="bbox 950 2579 1739 2616">
    <p class='ocr_par' dir='ltr' id='par_1_114' title="bbox 950 2579 1739 2616">
     <span class='ocr_line' id='line_1_114' title="bbox 950 2579 1739 2616; baseline 0.003 -10"><span class='ocrx_word' id='word_1_843' title='bbox 950 2580 1030 2606; x_wconf 81' lang='lat' dir='ltr'><strong>ctiam</strong></span> <span class='ocrx_word' id='word_1_844' title='bbox 1047 2587 1079 2605; x_wconf 71' lang='lat' dir='ltr'><strong>ex</strong></span> <span class='ocrx_word' id='word_1_845' title='bbox 1093 2587 1206 2611; x_wconf 85' lang='lat' dir='ltr'><strong>persona</strong></span> <span class='ocrx_word' id='word_1_846' title='bbox 1221 2579 1338 2612; x_wconf 76' lang='lat' dir='ltr'><strong>Spiritus</strong></span> <span class='ocrx_word' id='word_1_847' title='bbox 1358 2581 1444 2607; x_wconf 78' lang='lat' dir='ltr'><strong>sancti</strong></span> <span class='ocrx_word' id='word_1_848' title='bbox 1475 2580 1529 2607; x_wconf 85' lang='lat' dir='ltr'><strong>dici</strong></span> <span class='ocrx_word' id='word_1_849' title='bbox 1557 2587 1647 2615; x_wconf 84' lang='lat' dir='ltr'><strong>posset</strong></span> <span class='ocrx_word' id='word_1_850' title='bbox 1661 2589 1668 2607; x_wconf 84' lang='lat'><strong>:</strong></span> <span class='ocrx_word' id='word_1_851' title='bbox 1683 2581 1739 2616; x_wconf 78' lang='lat' dir='ltr'><strong>Ego</strong></span> 
     </span>
    </p>
   </div>
   <div class='ocr_carea' id='block_1_115' title="bbox 950 2626 1742 2661">
    <p class='ocr_par' dir='ltr' id='par_1_115' title="bbox 950 2626 1742 2661">
     <span class='ocr_line' id='line_1_115' title="bbox 950 2626 1742 2661; baseline 0.003 -10"><span class='ocrx_word' id='word_1_852' title='bbox 950 2626 1109 2659; x_wconf 77' lang='lat' dir='ltr'><strong>etSpii-ator</strong></span> <span class='ocrx_word' id='word_1_853' title='bbox 1132 2633 1215 2650; x_wconf 89' lang='lat' dir='ltr'><strong>untiin</strong></span> <span class='ocrx_word' id='word_1_854' title='bbox 1235 2633 1339 2655; x_wconf 86' lang='lat' dir='ltr'><strong>sumtis,</strong></span> <span class='ocrx_word' id='word_1_855' title='bbox 1354 2631 1380 2651; x_wconf 87' lang='lat' dir='ltr'><strong>ct</strong></span> <span class='ocrx_word' id='word_1_856' title='bbox 1393 2628 1485 2653; x_wconf 83' lang='lat' dir='ltr'><strong>omnia</strong></span> <span class='ocrx_word' id='word_1_857' title='bbox 1508 2635 1676 2661; x_wconf 50' lang='lat' dir='ltr'><strong>quacunque</strong></span> <span class='ocrx_word' id='word_1_858' title='bbox 1694 2628 1742 2653; x_wconf 91' lang='lat' dir='ltr'><strong>lia-</strong></span> 
     </span>
    </p>
   </div>
   <div class='ocr_carea' id='block_1_116' title="bbox 951 2669 1742 2706">
    <p class='ocr_par' dir='ltr' id='par_1_116' title="bbox 951 2669 1742 2706">
     <span class='ocr_line' id='line_1_116' title="bbox 951 2669 1742 2706; baseline 0.003 -9"><span class='ocrx_word' id='word_1_859' title='bbox 951 2673 993 2698; x_wconf 84' lang='lat' dir='ltr'><strong>bct</strong></span> <span class='ocrx_word' id='word_1_860' title='bbox 1008 2671 1132 2704; x_wconf 79' lang='lat' dir='ltr'><strong>Spiralor</strong></span> <span class='ocrx_word' id='word_1_861' title='bbox 1145 2677 1203 2696; x_wconf 74' lang='lat' dir='ltr'><strong>nica</strong></span> <span class='ocrx_word' id='word_1_862' title='bbox 1217 2675 1290 2695; x_wconf 78' lang='lat' dir='ltr'><strong>sunt.</strong></span> <span class='ocrx_word' id='word_1_863' title='bbox 1305 2669 1356 2696; x_wconf 78' lang='lat' dir='ltr'><strong>Si-d</strong></span> <span class='ocrx_word' id='word_1_864' title='bbox 1373 2671 1457 2697; x_wconf 82' lang='lat' dir='ltr'><strong>nihilo</strong></span> <span class='ocrx_word' id='word_1_865' title='bbox 1470 2673 1595 2706; x_wconf 78' lang='lat' dir='ltr'><strong>magiscx</strong></span> <span class='ocrx_word' id='word_1_866' title='bbox 1611 2672 1652 2698; x_wconf 81' lang='lat' dir='ltr'><strong>liis</strong></span> <span class='ocrx_word' id='word_1_867' title='bbox 1663 2672 1742 2699; x_wconf 77' lang='lat' dir='ltr'><strong>Pater</strong></span> 
     </span>
    </p>
   </div>
   <div class='ocr_carea' id='block_1_117' title="bbox 952 2714 1742 2753">
    <p class='ocr_par' dir='ltr' id='par_1_117' title="bbox 952 2714 1742 2753">
     <span class='ocr_line' id='line_1_117' title="bbox 952 2714 1742 2753; baseline 0.004 -11"><span class='ocrx_word' id='word_1_868' title='bbox 952 2722 1022 2744; x_wconf 81' lang='lat' dir='ltr'><strong>esset</strong></span> <span class='ocrx_word' id='word_1_869' title='bbox 1045 2716 1161 2750; x_wconf 85' lang='lat' dir='ltr'><strong>Spiritus</strong></span> <span class='ocrx_word' id='word_1_870' title='bbox 1176 2720 1295 2743; x_wconf 82' lang='lat' dir='ltr'><strong>sanctus.</strong></span> <span class='ocrx_word' id='word_1_871' title='bbox 1311 2714 1379 2750; x_wconf 82' lang='lat' dir='ltr'><strong>Ergo</strong></span> <span class='ocrx_word' id='word_1_872' title='bbox 1396 2717 1418 2742; x_wconf 92' lang='lat' dir='ltr'><strong>si</strong></span> <span class='ocrx_word' id='word_1_873' title='bbox 1432 2717 1493 2750; x_wconf 84' lang='lat' dir='ltr'><strong>quis</strong></span> <span class='ocrx_word' id='word_1_874' title='bbox 1509 2717 1564 2744; x_wconf 74' lang='lat' dir='ltr'><strong>htec</strong></span> <span class='ocrx_word' id='word_1_875' title='bbox 1579 2717 1661 2750; x_wconf 84' lang='lat' dir='ltr'><strong>dicat,</strong></span> <span class='ocrx_word' id='word_1_876' title='bbox 1674 2717 1742 2753; x_wconf 74' lang='lat' dir='ltr'><strong>quid</strong></span> 
     </span>
    </p>
   </div>
  </div>
