1868 3069
150 138 218 171 1387

750 128 943 160 DEMETlllI
963 127 1122 157 CYDONll

1713 118 1782 150 13.33

151 196 236 231 magis
253 194 339 223 Latini
358 192 578 229 persnasibiliora
596 189 710 218 dicent?
723 189 778 223 Ego
798 187 870 214 enim
888 193 939 213 non
957 189 977 216 Α
993 184 1187 215 mihividetur;
1201 189 1263 209 natn
1274 181 1307 208 de
1317 180 1407 208 divina
1422 179 1563 213 Scriptura
1579 183 1633 204 nou
1645 176 1681 202 ita
1699 180 1784 209 pater,

149 241 293 276 perspicio.

186 287 251 314 Item
271 284 546 317 ubidivitApostolus
568 290 575 308 :
595 280 738 306 «Dominus
751 276 940 310 Jesusiulerfi-

151 330 397 358 cietAutichristum
410 329 506 363 spiritu
519 329 572 354 oris
587 326 628 353 sui
640 325 675 357 ‘,I
695 324 790 358 illiipsi
810 322 939 357 Spiritum

151 381 274 403 sanctum
291 376 393 402 dictum
408 383 468 402 esse
481 374 517 400 ibi
529 373 680 401 credentes,
699 371 724 396 id
756 370 844 404 ipsum
875 376 941 396 eon-

151 423 272 450 cludnnt.
289 423 322 448 At
348 422 428 448 etiam
443 421 487 447 hic
502 424 588 454 potest
609 418 670 448 diei,
689 417 817 451 quoniam
835 423 884 442 nos
899 415 941 440 ni-

153 468 188 495 hil
208 468 243 494 ita
263 467 341 493 facile
363 465 502 497 eilicimus,
526 470 605 497 quam
632 462 676 487 illa
699 468 758 494 qua:
779 457 940 485 insum-indo

153 515 242 541 solum
265 513 404 543 fat-imus;
425 511 516 537 volens
538 507 724 543 Apostolusex
747 509 837 532 nostra
853 508 942 530 trans-

153 561 253 587 latione
280 558 444 589 ostendere,
474 563 556 590 quant
585 553 745 580 facillimum
774 555 815 577 est
832 549 941 577 Christo

106 618 108 621 ·
154 605 308 633 interﬁcere
334 602 543 633 Antichristum,
568 605 594 628 et
615 599 716 626 nullam
731 597 835 624 habens
846 595 870 622 ei
886 593 941 620 dif-

157 650 312 681 ﬁcultatem,
329 649 426 683 spiritu
444 647 499 674 oris
516 646 576 679 eius
601 644 669 671 dixit
688 646 839 677 apostatam
858 640 941 667 inter-

157 695 313 726 ﬁciendum,
332 694 443 720 minime
469 691 506 719 ibi
529 690 661 725 Spiritum
677 692 802 715 sanctum
827 683 941 719 intelligi

156 743 261 770 volens.

193 788 254 814 lla-.c
268 794 332 821 ergo
349 785 370 812 si
387 784 448 819 quis
474 782 584 813 dixerit,
608 778 785 807 haesitandum
811 776 878 803 mihi
902 775 943 802 vi-

157 837 236 863 detur
251 834 373 864 omnino,
388 832 430 859 ctti
456 830 541 864 magis
561 827 762 854 concedendum
781 824 828 851 sit.

192 882 258 909 Item
273 879 317 906 ubi
335 879 465 911 scriptum
492 879 533 902 est
557 873 640 900 Deum
662 870 823 898 charitatem
838 875 900 895 esse
921 867 944 900 ⁵,

157 934 183 955 et
199 926 358 954 charitatcm
370 931 402 950 cx
419 922 474 948 Deo
490 929 496 947 :
510 920 547 947 illi
563 919 724 945 charitatem
740 915 792 942 dici
814 913 945 948 Spiritum

157 978 280 1001 sanctum
308 969 494 1004 accipientes,
526 966 598 992 illam
633 962 767 993 videlicet,
788 968 841 995 qua
866 959 946 985 Pater

157 1018 246 1052 diligit
261 1015 370 1046 Filium,
387 1018 414 1041 et
440 1012 524 1038 Filius
540 1010 659 1040 Patrem,
690 1007 868 1035 concludunt,
893 1004 946 1030 alia

157 1050 279 1100 quaedam
295 1069 341 1097 per
357 1060 474 1087 medium
501 1057 641 1086 addentes,
654 1061 686 1080 cx
714 1058 828 1086 utroque
858 1050 946 1084 ipsum

158 1096 316 1146 procedere,
350 1106 415 1133 mihi
435 1104 520 1132 nihile
537 1112 551 1129 n
564 1102 621 1136 agis
638 1108 670 1127 ex
687 1100 728 1126 his
740 1096 946 1133 persuadentes.

158 1155 268 1189 Quare?
282 1154 409 1188 primum,
427 1151 490 1186 quia
512 1156 566 1175 non
590 1146 671 1174 nimis
685 1149 789 1172 certum
805 1147 848 1170 est
858 1146 947 1168 utrum

160 1203 290 1237 Spiritum
306 1203 428 1227 sanctum
447 1197 483 1224 ibi
504 1194 659 1222 intendebat
689 1193 784 1218 beatus
811 1189 947 1218 Joannes;

160 1232 227 1275 nihil
243 1247 313 1273 enim
330 1243 451 1278 impedit,
464 1246 490 1269 et
507 1241 542 1267 ita
566 1245 702 1274 exponere
731 1236 875 1265 dicentem,
904 1232 949 1260 ubi

160 1294 262 1321 dictum
276 1296 339 1319 est:
365 1291 434 1316 Deus
457 1287 575 1315 charitas
604 1290 655 1316 est,
672 1282 708 1310 ibi
723 1283 754 1309 de
783 1282 841 1316 ipso
866 1281 950 1307 Trino

163 1339 217 1365 Deo
230 1338 314 1372 ipsam
330 1335 488 1362 eliaritatem
506 1329 657 1366 praedicari,
674 1329 720 1355 illo
737 1327 826 1357 modo,
843 1333 897 1359 quo
914 1325 951 1352 ait

161 1370 273 1409 sanctus
291 1379 444 1412 Dionysius,
462 1377 543 1404 etiam
564 1374 686 1402 omnium
712 1373 815 1400 enlium
842 1370 951 1397 nomina

162 1435 243 1462 posse
258 1428 291 1453 de
307 1426 360 1452 Deo
373 1423 523 1452 secundum
551 1428 663 1448 causam
685 1417 841 1454 praedicari,
856 1422 881 1443 et
894 1423 950 1442 ma-

163 1475 235 1500 xime
248 1472 419 1499 nobilissima
431 1476 457 1496 et
478 1467 659 1498 divinissinia,
679 1465 758 1493 siculi
773 1468 814 1491 est
840 1462 951 1489 Bonitas

164 1519 235 1551 Vita,
250 1517 436 1547 Pulehritudo,
452 1515 510 1541 Lux
523 1519 548 1541 et
562 1512 681 1543 similia;
698 1511 742 1538 ubi
759 1518 822 1538 vero
835 1509 949 1536 dicitur:

164 1564 291 1592 Charitas
304 1570 335 1590 ex
355 1561 408 1588 Deo
420 1565 474 1592 est,
493 1559 530 1586 iL-i
547 1559 634 1593 ipsum
652 1557 815 1584 charitatum
828 1554 951 1581 alr-sctum

167 1618 220 1644 quo
237 1609 290 1636 Deo
301 1613 327 1635 ct
348 1608 428 1634 nobis
442 1606 558 1633 invicem
593 1604 712 1636 unimur,
733 1610 765 1629 ex
790 1602 848 1636 ipso
871 1601 954 1627 Trnio

168 1656 224 1683 Deo
239 1655 318 1682 nobis
334 1653 388 1681 dici
401 1652 497 1680 adesse
526 1651 573 1678 illo
588 1649 680 1679 modo,
694 1656 748 1683 quo
760 1653 787 1675 et
804 1655 885 1675 omne
906 1646 955 1675 h0-

166 1709 232 1728 num
250 1706 277 1728 et
313 1701 456 1727 honestum
473 1705 504 1724 ex
522 1698 577 1724 Deo
610 1696 688 1723 nobis
703 1703 762 1722 esse
779 1694 906 1720 dicimus.

204 1747 304 1773 Deinde
319 1746 340 1773 si
354 1752 435 1780 quam
459 1743 576 1770 maxime
590 1742 676 1776 ipsum
690 1740 819 1775 Spiritum
833 1744 956 1766 sanctum

166 1792 193 1819 in
212 1791 265 1818 illis
280 1790 402 1818 nominat
417 1789 576 1816 chatilatem
602 1786 763 1821 Apostolus.
791 1789 860 1811 ttnde
876 1791 956 1817 patet,

169 1844 259 1865 utrum
275 1838 346 1864 illam
377 1836 537 1864 charilatem
551 1834 610 1868 ipse
635 1832 771 1866 intelligit,
797 1839 849 1866 qua
880 1830 959 1858 Pater

167 1885 254 1920 diligit
273 1883 382 1915 Filium,
410 1887 436 1909 et
456 1881 541 1909 Filius
559 1880 679 1913 Patrem,
713 1879 760 1907 sed
789 1886 842 1906 non
873 1879 959 1913 magis

169 1931 334 1958 indill'et‘enti
345 1929 471 1961 modo,et
487 1927 581 1960 simili,
595 1927 683 1961 ipsum
694 1927 855 1954 charitatem
869 1926 960 1953 norni-

168 1978 244 2004 navit
259 1985 266 2003 :
285 1976 356 2003 sicut
370 1975 452 2002 etiam
468 1973 553 2001 Filius
571 1973 614 1999 vel
632 1972 723 2004 Pater,
741 1973 782 2006 vel
801 1978 856 2000 tota
876 1971 959 1999 simul

169 2023 300 2053 Trinitas,
328 2020 447 2048 charilas
475 2019 664 2054 momiuatur:
693 2018 921 2053 quemadmodum
936 2026 963 2053 (ιι

171 2068 223 2094 alia
257 2067 421 2094 charismata
450 2064 640 2092 attribuuntur
661 2064 835 2099 singulariter
849 2063 962 2098 Spiritui

172 2117 278 2144 sancto,
295 2119 354 2146 quae
370 2110 438 2137 nihil
470 2111 560 2137 minus
592 2113 619 2137 et
635 2109 684 2137 toti
716 2109 841 2136 Trinitati
870 2111 963 2136 eodem

172 2158 254 2185 modo
268 2162 431 2193 congruunt.
447 2156 580 2184 Caeterum
603 2160 630 2183 et
650 2155 734 2183 Filius
754 2155 885 2190 sapientia
902 2157 965 2190 qui-

991 237 1020 257 ut
1038 231 1155 256 animam
1171 237 1218 262 per
1234 236 1262 256 se
1284 234 1377 254 verum
1395 230 1574 261 qiimrentem,
1593 224 1628 249 ab
1653 221 1728 248 omni
1742 230 1784 247 τιν

991 279 1097 301 moveat
1112 273 1297 308 ambiguitate.
1320 272 1348 300 Si
1374 280 1439 298 vero
1456 278 1470 296 a
1488 277 1566 297 sacra
1585 267 1745 302 Scriptura,
1761 271 1786 292 ct

991 321 1042 347 lide
1060 320 1137 347 nobis
1151 320 1267 352 traditis,
1292 319 1400 354 penitus
1425 318 1593 349 recedentes,
1616 315 1650 342 ad
1671 319 1787 340 natura-

991 366 1042 393 lettt
1060 366 1191 392 rationem
1215 373 1357 392 recurrere
1378 364 1511 394 Velimus;
1543 362 1626 388 miror
1653 360 1676 387 si
1702 367 1787 386 unum

991 413 1075 440 Deum
1095 412 1327 446 simplicissimum
1348 411 1375 437 in
1401 411 1489 436 tribus
1505 407 1633 444 perfectis
1660 407 1789 441 pi-rsmlis

991 467 1039 494 per
1051 459 1135 486 solam
1146 458 1297 486 naturalem
1313 457 1456 487 rationem,
1472 460 1603 489 tanquam
1618 453 1726 487 aliquid
1742 461 1787 479 eo-

991 513 1062 538 rum,
1075 513 1134 540 quae
1147 503 1336 532 mathematice
1351 503 1585 532 demonstrantur,
1602 500 1729 527 invenire
1743 507 1791 533 po—

992 550 1118 577 terimus.

1027 597 1082 630 Age
1099 603 1164 630 ergo
1180 595 1238 622 ﬁdei
1267 595 1372 622 ratione
1403 593 1615 627 complectentes
1646 591 1791 617 videamus

997 648 1058 674 qua:
1074 641 1224 668 necessitas
1251 641 1286 667 sit
1307 645 1334 666 ut
1363 640 1452 667 Patris
1469 643 1496 670 et
1529 638 1590 665 Filii
1611 639 1737 665 charitas
1760 638 1793 663 sit

994 687 1039 714 illo
1055 689 1136 713 modo
1155 687 1272 722 Spiritus
1289 693 1410 714 sanctus.
1426 688 1520 720 Itaque
1546 687 1568 713 si
1581 685 1655 712 idem
1686 685 1794 719 simpli-

994 732 1062 760 citer
1075 738 1118 760 est
1136 732 1208 760 Patri
1221 741 1350 768 generare
1367 733 1476 764 Filium,
1494 737 1520 759 et
1532 732 1648 766 diligere
1666 730 1793 764 Filium;

993 784 1020 804 et
1030 779 1241 812 generatioergo
1254 783 1296 806 est
1311 779 1381 805 idem
1391 779 1552 813 simpliciter
1562 778 1638 812 quod
1656 777 1794 809 charitas,

993 831 1048 857 qua
1057 823 1137 851 Pater
1145 824 1230 858 diligit
1241 823 1349 857 Filium,
1359 830 1384 851 et
1401 832 1445 858 per
1456 831 1640 858 censequcns,
1654 823 1717 857 ipsa
1730 822 1795 849 Filii

997 871 1135 904 generatio
1151 869 1267 903 Spiritus
1286 875 1397 897 sanctus
1413 874 1470 902 est,
1486 870 1556 904 quod
1574 876 1630 896 non
1650 868 1793 896 modicum

1002 914 1157 942 mirandum
1172 921 1223 945 est.
1241 915 1398 942 etmaxime
1424 915 1446 942 si
1466 915 1598 950 genitum,
1628 913 1796 948 principium

997 965 1038 986 est
1050 967 1105 987 sua!
1119 961 1310 995 generationis.
1327 960 1356 988 Si
1377 968 1440 988 vero
1466 961 1538 988 aliud
1552 965 1594 987 est
1611 960 1687 987 Patri
1715 968 1796 996 gene-

998 1006 1057 1032 rare
1074 1004 1184 1038 Filium,
1195 1012 1221 1033 et
1235 1007 1345 1041 diligerc
1366 1006 1406 1033 vel
1425 1006 1688 1041 intelligereipsum,
1703 1006 1794 1032 adhuc

1000 1050 1087 1084 magis
1103 1055 1144 1077 est
1165 1051 1329 1082 mirandum,
1356 1053 1491 1086 quomodo
1515 1052 1658 1086 generatio
1686 1051 1797 1085 quidem

998 1104 1050 1131 qua
1064 1095 1143 1123 Pater
1159 1101 1270 1130 generat
1285 1096 1395 1129 Filium,
1414 1105 1468 1123 non
1484 1097 1627 1124 constituit
1639 1097 1724 1122 aliaat
1738 1104 1798 1130 per-

999 1148 1105 1173 sonam,
1134 1150 1224 1177 neque
1249 1143 1409 1173 intellectio.
1428 1150 1479 1177 qua
1501 1141 1582 1169 Pater
1608 1141 1737 1175 intelligit
1755 1140 1797 1172 Η,

1001 1192 1065 1219 tium
1080 1199 1087 1224 ;
1107 1191 1221 1225 diligere
1238 1198 1303 1218 vero
1319 1191 1407 1225 ipsum
1425 1199 1477 1218 non
1500 1195 1596 1225 potest,
1614 1191 1668 1217 nisi
1690 1189 1797 1216 dilectio

1001 1237 1046 1264 illa
1071 1238 1178 1264 tertiam
1191 1238 1342 1264 constituat
1368 1244 1534 1271 personam:
1556 1241 1583 1263 et
1602 1237 1724 1263 maxime
1737 1243 1795 1262 cum

1002 1282 1036 1308 sit
1051 1282 1184 1316 possibile
1199 1282 1301 1314 dicere,
1316 1283 1388 1316 quod
1414 1281 1535 1316 Spirator
1549 1281 1638 1315 diligit
1656 1286 1685 1308 et
1703 1281 1797 1307 ἱιιιι-Ιὶὶ-

1002 1329 1039 1362 git
1052 1328 1195 1362 Spiritum,
1215 1333 1241 1364 et
1257 1327 1375 1362 Spiritus
1389 1328 1477 1361 diligit
1490 1332 1515 1354 et
1545 1327 1676 1361 intelligit
1692 1327 1796 1353 Patrem

1002 1379 1027 1401 cl
1040 1374 1137 1401 Filium
1161 1382 1167 1400 :
1185 1381 1217 1400 ex
1235 1382 1287 1407 qua
1303 1373 1446 1400 dilectione
1462 1373 1502 1400 vel
1528 1373 1723 1408 intellectione‘
1740 1373 1795 1399 nul-

1003 1423 1029 1445 ta
1059 1420 1111 1446 alia
1125 1419 1303 1446 constituitur
1322 1427 1448 1453 persona.

1038 1465 1102 1492 Item
1127 1466 1257 1492 unitatem
1277 1470 1302 1492 et
1318 1465 1453 1492 adnexum
1477 1465 1564 1492 Patris
1579 1470 1606 1491 et
1623 1464 1687 1491 Filii
1707 1464 1796 1492 dicere

1005 1511 1148 1545 Spiritum,
1169 1512 1205 1537 ita
1223 1517 1251 1538 ut
1266 1520 1296 1538 ex
1321 1519 1436 1545 utroque
1450 1520 1510 1538 esse
1530 1511 1716 1537 Concludatur
1731 1519 1738 1536 :
1754 1518 1796 1538 ne-

1005 1566 1058 1592 que
1079 1558 1134 1592 ipsa
1150 1558 1291 1592 Scriptura
1305 1558 1378 1592 cogit
1395 1566 1447 1588 me,
1464 1562 1490 1584 et
1508 1557 1642 1583 naturalis
1663 1557 1734 1583 ratio
1750 1557 1796 1583 mi-

1006 1605 1032 1631 hi
1054 1605 1140 1638 magis
1166 1604 1311 1638 persuadet
1334 1605 1466 1638 recipere,
1484 1604 1645 1638 priucipiata
1665 1604 1737 1630 uniri
1752 1610 1797 1638 per

1008 1651 1182 1685 principium,
1194 1658 1275 1685 quam
1291 1647 1423 1686 principia
1434 1657 1481 1685 per
1495 1650 1703 1684 principiatum.
1713 1650 1734 1677 A
1746 1658 1796 1684 quo

1006 1697 1080 1723 enim
1098 1697 1181 1723 multa
1206 1697 1307 1723 habent
1328 1703 1398 1727 esse,
1425 1695 1459 1723 ab
1479 1695 1574 1722 eodem
1591 1695 1677 1722 etiam
1703 1695 1797 1723 habere

1009 1751 1104 1776 unum,
1127 1743 1291 1770 rationabile
1306 1742 1373 1769 mihi
1399 1743 1516 1769 videtur.
1531 1743 1627 1770 Dicere
1644 1749 1711 1769 vero
1727 1741 1795 1776 quod

1010 1791 1170 1825 principiata
1186 1790 1286 1816 habent
1297 1797 1329 1816 ex
1343 1789 1483 1823 principiis
1504 1796 1562 1816 esse
1579 1797 1586 1816 :
1605 1789 1738 1823 principia
1757 1796 1796 1814 νιε-

1011 1845 1041 1862 ro
1056 1837 1155 1863 habent
1170 1843 1203 1862 ex
1221 1835 1390 1870 principiatis
1406 1842 1488 1861 unum
1512 1842 1581 1865 esse,
1596 1835 1714 1861 omnino
1733 1833 1795 1860 mini

1010 1882 1116 1909 videtur
1129 1890 1223 1909 carere
1239 1883 1353 1908 ratione.
1372 1881 1400 1908 Si
1415 1888 1478 1909 vero
1497 1886 1539 1908 est
1554 1881 1606 1907 alia
1622 1880 1694 1907 ratio
1710 1880 1741 1907 de
1758 1879 1796 1906 his

1013 1935 1070 1954 mea
1080 1927 1184 1954 ratione
1195 1927 1294 1958 verior,
1305 1934 1386 1961 quam
1398 1933 1448 1961 ego
1463 1934 1535 1953 nunc
1547 1926 1744 1960 noulintclligo,
1759 1930 1797 1951 ta-

1013 1981 1074 2000 men
1099 1973 1221 2008 quandiu
1242 1973 1315 1999 illam
1336 1980 1389 1999 non
1414 1972 1549 2006 intelligo,
1565 1979 1681 1999 necesse
1698 1977 1738 1998 est
1758 1979 1795 1998 rae

1013 2019 1098 2046 teneri
1130 2019 1165 2045 ab
1192 2020 1242 2045 hac
1265 2026 1346 2053 quam
1371 2014 1602 2052 nunc‘intélligo.
1630 2017 1709 2045 Dicta
1738 2018 1794 2052 qui-

1014 2065 1076 2091 dem
1108 2063 1277 2098 Seripturae,
1303 2070 1365 2098 qua:
1391 2062 1534 2097 allegant,
1576 2070 1645 2097 pene
1671 2062 1795 2097 praniicla

1015 2115 1088 2137 sunt.
1115 2109 1168 2143 Ego
1183 2117 1247 2144 vero
1273 2116 1359 2143 neque
1382 2115 1414 2135 ex
1433 2108 1485 2140 his,
1502 2115 1590 2142 neque
1607 2115 1641 2134 ex
1658 2107 1721 2135 aliis
1742 2108 1795 2142 qui-

1018 2158 1176 2190 illst‘unqltc
1195 2163 1306 2189 possum
1321 2155 1353 2181 ad
1367 2154 1418 2182 hoc
1431 2154 1580 2189 intelligere
1596 2154 1794 2182 indubitabilcm

173 2205 233 2232 dem
247 2203 332 2231 Patris
349 2202 528 2234 nominatur“,
545 2194 591 2229 sed
608 2209 661 2229 non
691 2202 726 2228 ita
755 2201 799 2228 illa
830 2202 962 2236 sapientia
980 2197 1001 2225 Β
1016 2202 1128 2227 omnino
1169 2201 1376 2232 necessitatem,
1409 2205 1436 2227 et
1468 2201 1577 2235 penitus
1617 2201 1793 2229 stabilientem

173 2253 226 2280 est,
242 2255 295 2282 qua
313 2247 391 2274 l'ater
408 2246 533 2281 intelligit
556 2245 689 2280 Spiritum
712 2250 849 2278 sanctum,
865 2251 890 2273 et
922 2246 965 2272 hic

175 2294 292 2324 Patrem,
316 2297 345 2318 ut
365 2300 397 2318 ex
425 2293 475 2318 hoc
493 2292 681 2325 concludatur,
705 2292 794 2326 ipsum
821 2291 919 2319 Filium
933 2299 963 2319 ex

174 2338 254 2366 Patre
269 2337 350 2364 simul
373 2342 398 2364 ct
412 2337 513 2372 Spiritu
543 2341 637 2364 sancto
653 2342 810 2371 generatum
827 2344 896 2364 esse.

209 2384 265 2419 Ego
283 2384 384 2417 itaque,
404 2388 433 2409 ut
454 2384 486 2409 ad
503 2388 528 2409 te
543 2383 676 2416 explicem
705 2382 858 2417 passionem
881 2383 964 2411 animi

176 2430 242 2460 mci.
260 2431 344 2455 multo
372 2427 504 2454 diﬂicihus
522 2428 608 2454 habeo
640 2428 673 2453 ad
687 2427 882 2461 recipiendum,
898 2430 970 2463 quod

177 2478 256 2504 Patre
271 2481 297 2502 et
310 2474 378 2501 Filio
397 2474 570 2508 diligentibus
596 2473 712 2500 invicem
743 2481 837 2501 eorum
864 2476 972 2504 dilectio

177 2521 321 2550 constituit
334 2521 447 2547 alteram
466 2526 607 2554 personam
626 2520 713 2553 ipsum
742 2519 873 2555 Spiritum
891 2529 971 2550 sum.

179 2576 248 2601 tum,
272 2575 352 2602 quam
378 2568 410 2593 ad
427 2567 623 2601 recipiendum,
640 2566 711 2600 quod
729 2565 847 2600 Spiritus
864 2572 975 2593 sumtus

178 2614 205 2640 ει
218 2621 252 2641 ex
266 2612 335 2639 Filio
356 2612 484 2645 procedit.
500 2613 535 2638 lle
551 2612 602 2638 hoc
628 2612 700 2639 enim
714 2612 773 2646 ejus
788 2611 910 2638 veritatis
927 2620 974 2638 cu-

179 2659 290 2694 piditate
304 2657 443 2691 cogitanti,
472 2658 553 2685 nulla
569 2658 632 2684 mihi
657 2657 827 2691 suspiciones
859 2657 971 2688 intrant,

180 2713 214 2732 ne
229 2705 297 2732 forte
313 2704 349 2731 sit
361 2711 454 2732 rerum
474 2705 542 2732 illud
562 2704 719 2732 Aristotelis
737 2712 743 2730 :
760 2704 867 2737 Quanto
885 2705 971 2738 magis

181 2751 310 2787 pcrquiro
325 2754 351 2777 et
365 2751 530 2786 cogitatione
558 2751 648 2784 volvo,
676 2754 753 2778 tanto
783 2748 970 2777 incredibilius

236 2845 245 2860 ⁸
261 2845 281 2872 ιι
296 2844 392 2872 Thess.
409 2852 438 2874 ιι.
457 2845 482 2872 8.
539 2844 549 2859 ⁵
564 2842 573 2869 l
587 2842 667 2870 Joan.
686 2850 722 2875 iv,
740 2841 765 2868 8.

1016 2253 1103 2271 meam
1120 2250 1236 2271 tuentem
1255 2252 1348 2271 eorum
1362 2245 1457 2272 adesse
1470 2246 1689 2273 conclusionem.

1052 2291 1145 2318 Restat
1156 2298 1219 2324 ergo
1234 2296 1358 2326 quartum
1373 2299 1457 2325 genus
1472 2291 1571 2323 videre,
1592 2292 1665 2326 quod
1680 2300 1713 2319 ex
1731 2300 1795 2320 eum.

1017 2337 1145 2364 munibus
1167 2337 1325 2364 nationibus
1337 2338 1598 2372 argumentationem
1617 2339 1748 2373 propositi
1762 2340 1793 2366 la-

1017 2383 1062 2409 cit.
1086 2382 1132 2409 lla:
1145 2389 1203 2417 qua:
1218 2382 1347 2409 dicuntur
1361 2389 1519 2409 communes
1539 2383 1674 2414 notiones,
1691 2385 1756 2417 sive,
1770 2390 1794 2412 ut

1019 2428 1159 2455 Aristoteli
1180 2427 1298 2460 videtur,
1316 2428 1351 2455 de
1365 2428 1541 2455 sensibilibus
1561 2436 1610 2463 per
1632 2437 1730 2457 sensus
1752 2431 1795 2457 im-

1022 2475 1178 2510 primuntur
1195 2476 1297 2507 animo,
1321 2474 1389 2512 sire,
1415 2479 1445 2501 ut
1473 2475 1576 2502 Platoni
1597 2475 1715 2509 videtur,
1737 2477 1793 2512 ipsa:

1008 2524 1084 2562 _suut
1101 2520 1252 2559 substantia
1269 2519 1459 2546 intellectualis
1472 2520 1570 2547 anima:
1587 2528 1595 2546 :
1614 2526 1729 2557 utroque
1748 2531 1796 2550 mo-

1023 2566 1058 2593 do
1070 2567 1103 2593 de
1118 2566 1159 2593 his
1175 2565 1255 2593 rebus
1271 2571 1344 2596 sunt,
1359 2574 1473 2601 quarum
1490 2566 1665 2601 intelligendo
1674 2569 1794 2596 dominati

1025 2611 1254 2646 apprehendlmus
1271 2618 1316 2638 eas
1341 2616 1368 2637 et
1391 2613 1538 2646 tangimus,
1564 2617 1591 2639 et
1613 2620 1683 2647 quas
1707 2613 1795 2641 intelli-

1024 2663 1118 2692 gentes
1143 2658 1200 2691 ipsa
1226 2657 1407 2684 intellectione
1433 2658 1690 2691 comprehendimus
1713 2665 1739 2687 et
1751 2661 1795 2688 cir-

1024 2702 1242 2737 cumplectimur.
1268 2701 1385 2729 Proinde
1416 2707 1443 2729 et
1458 2702 1503 2729 illa
1528 2710 1587 2737 qua:
1611 2710 1644 2730 ex
1668 2703 1708 2730 eis
1718 2710 1795 2733 osten-

1023 2750 1134 2782 duntur,
1153 2748 1365 2777 indubitabiliter
1381 2749 1568 2777 demonstrata
1587 2756 1649 2778 esse
1669 2755 1792 2785 putamus.

822 2841 832 2857 ‘
849 2840 856 2867 1
874 2839 938 2867 Cor.
955 2846 975 2872 ι,
988 2839 1033 2865 24.
