1868 3069
96 153 166 186 1ἳ89

673 152 795 183 EPIST.
815 153 864 183 AD
884 151 983 181 BARL
989 150 1136 180 AAMUM.

1650 145 1716 177 1290

87 210 123 235 At
136 216 201 237 vero
213 215 273 244 quae
291 208 328 236 de
343 208 394 236 Deo
415 211 489 240 sunt,
505 214 535 235 ea
550 208 833 242 supersubstantialia,
851 211 878 234 et
891 209 914 239 Α
929 206 1058 240 Quamvis
1090 205 1140 232 etsi
1157 205 1182 232 in
1204 203 1330 231 omnibus
1354 202 1461 230 entibus
1476 202 1614 230 videretur
1635 203 1722 237 major

88 262 173 290 super
187 254 402 290 intelligentiam,
417 258 445 281 et
459 254 743 288 incomprehensibilia
765 262 825 282 esse
836 255 879 281 di-

90 299 183 327 cimus
203 308 210 328 :
228 304 255 327 et
272 299 389 326 maxime
417 307 448 326 ea
467 306 527 334 quae
555 301 587 327 de
606 300 677 327 trino
702 306 878 335 personarum

89 346 234 377 dicuntur,
262 345 364 373 credita
383 345 492 380 quidem
515 352 599 373 sacrm
628 345 774 380 Scriptum
793 346 879 374 tradi-

87 393 175 424 tione,
205 392 342 419 naturales
357 398 421 419 vero
438 395 545 420 nostras
561 392 752 427 intelligentias
775 393 880 428 fugien-

87 438 138 470 tia,
155 444 189 464 eo
203 437 276 472 quod
291 437 381 464 nullus
394 437 517 465 videatur
535 437 560 464 in
577 438 620 464 his
635 445 694 472 quae
709 446 724 465 a
743 438 823 465 nobis
838 438 882 465 in-

86 483 261 518 telliguntur,
274 482 372 510 modus
386 482 528 510 Trinitatis
544 493 550 511 :
567 483 752 511 indifferenter
763 492 810 519 per
822 491 881 511 om-

86 527 135 555 nia
149 535 180 556 se
197 528 300 555 habens
313 527 352 554 illi
366 535 449 562 super
469 528 636 556 intellectum
652 528 793 557 Trinitati.

124 573 194 605 Quis
205 580 269 608 ergo
284 576 327 600 est
338 573 477 601 itatardus
491 578 591 607 mente,
602 578 631 601 ut
645 578 729 609 putet,
738 574 880 609 ltujttsmo-

89 618 118 645 di
134 626 298 647 communes
312 619 448 653 notiones,
460 627 521 654 quae
532 621 746 656 correspondent
763 621 806 649 his
822 629 883 656 qute

84 671 101 690 a
127 665 208 692 nobis
231 664 350 700 perfecte
373 665 572 700 intelliguntur,
590 667 684 701 rebus,
701 676 796 697 omnes
813 670 882 697 sim-

85 709 198 745 pliciter
220 709 302 736 etiam
330 710 396 742 illis,
414 719 476 745 qua:
489 719 571 748 super
584 717 707 741 nostram
728 714 882 750 intelligen-

85 756 156 783 tiam
172 759 248 789 sunt,
265 757 435 791 congruere?
450 758 496 785 ubi
519 766 607 793 neque
621 759 693 794 quod
713 764 777 787 sunt
793 760 820 787 in
835 768 883 788 na-

84 801 226 829 turalibus
241 809 313 834 vere,
327 802 383 836 jam
396 803 477 830 etiam
491 803 692 832 mathematicis
703 806 881 845 conveniunt,

84 847 130 874 vel
142 854 157 874 e
174 854 319 880 converso,
332 856 421 882 neque
433 849 507 884 quod
522 850 705 879 arithmeticis
715 852 756 879 vel
770 852 882 880 musicis

931 253 1100 289 propositio,
1120 251 1208 279 adhuc
1223 254 1336 278 restaret
1361 249 1507 284 ambigere,
1536 253 1627 275 utrum
1658 248 1720 276 illa.

931 307 990 326 rum
1008 303 1050 326 est
1077 297 1305 332 propositionum,
1323 303 1383 330 quae
1406 300 1432 322 et
1457 296 1484 322 in
1510 295 1619 323 entibus
1642 299 1668 322 et
1692 295 1718 321 in

931 344 1150 379 superessentiali
1174 342 1306 370 vetiiicari
1323 347 1446 377 possunl,
1469 349 1504 368 an
1519 349 1583 368 non.
1603 341 1656 368 Sed
1669 340 1722 367 dif.

932 391 982 419 fert
994 391 1102 426 quidem
1121 391 1239 426 Spiritus
1255 389 1434 424 personaliter
1444 396 1457 414 ιι
1470 388 1548 420 Filio,
1563 396 1615 415 non
1629 393 1719 414 tamen

932 437 1081 465 secundum
1106 437 1224 471 aliquem
1243 444 1257 463 a
1276 435 1354 462 nobis
1384 434 1554 469 cognitorum
1569 434 1595 461 in
1609 433 1720 460 entibus

932 484 1087 510 modorum.
1099 483 1131 510 Et
1145 487 1223 509 estne
1233 489 1295 508 vera
1313 481 1357 508 illa
1372 479 1481 507 Patrum
1497 479 1720 515 scntentia,quod

931 530 957 558 in
972 530 1023 557 hac
1033 529 1089 556 vita
1104 528 1272 563 impossibile
1285 533 1326 555 est
1339 527 1468 554 distincte
1482 531 1509 554 et
1532 533 1659 560 expresse
1677 533 1722 552 co-

931 575 1026 609 gnosci
1038 574 1115 606 illud,
1129 581 1183 609 quo
1200 573 1319 608 Spiritus
1335 573 1424 600 diiIert
1440 582 1452 597 ει
1465 563 1559 598 Filio?
1577 579 1628 598 non
1646 571 1720 598 enim

932 618 998 645 illud
1014 619 1066 646 erit
1083 626 1167 646 ausus
1183 619 1281 653 aliquis
1310 619 1412 650 dicere,
1441 617 1511 652 quod
1538 616 1720 644 necessarium

932 670 982 697 est.
998 669 1046 692 aut
1060 665 1123 692 sciri
1140 664 1297 699 hujnsmodi
1313 664 1540 700 diil‘erenliani,et
1553 664 1585 690 ad
1603 663 1720 698 aliquant

933 719 948 738 a
966 711 1046 739 nobis
1072 715 1198 738 notarum
1217 711 1320 743 reduci,
1349 715 1396 737 aut
1415 718 1594 745 nequaquam
1605 717 1676 737 esse.

968 758 1034 785 ltem
1058 761 1085 786 et
1108 758 1187 785 talem
1212 757 1303 785 audivi
1322 757 1523 793 syllogismum,
1540 757 1566 784 in
1585 764 1640 790 quo
1661 761 1722 783 tati-

933 811 1014 839 quam
1036 803 1128 831 minor
1149 804 1300 838 propositio
1317 803 1522 838 supponebatur
1540 811 1547 829 :
1566 794 1635 835 Quia
1652 803 1722 829 sicut

934 857 962 877 se
977 850 1059 877 habet
1072 850 1178 884 spirare
1199 849 1232 877 ad
1249 850 1406 884 procedere,
1426 848 1463 876 ita
1486 855 1516 876 se
1534 848 1615 875 habet
1640 855 1722 882 gene-

86 892 172 919 rebus
190 892 416 927 correspondent,
433 893 490 928 jam
521 894 604 922 etiam
628 896 807 931 geometricas
837 898 879 925 Vel
898 896 918 924 li
935 903 995 923 rare
1007 896 1039 924 ad
1049 896 1336 931 generari.Tanquam
1353 903 1415 923 vero
1423 895 1510 930 major
1519 894 1720 927 assumebatur,

84 938 274 973 perspectivas
289 939 437 973 attingunt.
448 939 533 967 Multo
548 948 613 976 ergo
628 942 717 970 minus
731 943 880 978 putandum

85 988 130 1011 est
145 984 423 1018 supersubstantialia
438 986 539 1013 eisdem
556 988 767 1016 necessitatibus
780 990 881 1018 servire

85 1037 151 1057 cum
177 1030 304 1065 his,quae
326 1031 379 1058 sub
405 1031 584 1067 intelligentia
614 1039 705 1062 nostra
729 1039 801 1062 sunt.
823 1035 881 1063 Non

85 1082 155 1109 ergo
177 1075 363 1102 necessarium
377 1080 430 1109 est,
450 1083 532 1104 omne
545 1077 618 1113 qttod
630 1079 795 1113 praedicatur
808 1080 882 1108 adir-

85 1120 192 1148 mative
204 1121 246 1148 vel
256 1121 379 1156 negative
388 1122 424 1150 de
434 1122 480 1150 illa
491 1130 531 1156 re,
543 1130 605 1159 qum
621 1129 715 1153 nostra
723 1125 881 1162 intelligen-

87 1168 127 1194 tia
139 1168 391 1202 comprehenditur,
402 1169 453 1197 hoc
463 1170 545 1197 etiam
559 1171 592 1199 de
607 1171 653 1199 illa
664 1179 704 1205 re,
717 1180 778 1207 qute
790 1178 881 1202 trans-

86 1214 183 1242 cendit
203 1219 325 1242 nostram
345 1214 563 1250 intelligentiam,
579 1217 706 1245 similiter
727 1219 880 1254 praedicari.

126 1259 197 1295 Ergo
214 1265 262 1287 aut
275 1260 348 1288 nulla
359 1261 517 1296 huiusmodi
532 1264 719 1291 communium
738 1265 880 1292 notionum

87 1313 179 1340 usque
195 1305 228 1333 ad
244 1306 317 1334 illam
331 1307 620 1342 supersubstanlialem
635 1314 662 1337 et
672 1309 882 1346 incomprehen-

88 1352 199 1380 sibilem
215 1353 359 1380 essentiam
376 1354 499 1388 pervenit
515 1363 522 1381 :
537 1359 584 1382 aut
598 1355 694 1391 aliqua:
718 1357 768 1390 ita,
788 1363 815 1384 et
829 1357 880 1385 ali-

88 1405 152 1432 qua:
169 1405 234 1424 non.
247 1397 300 1424 Sed
317 1402 344 1426 et
360 1397 412 1426 hoc
426 1398 533 1426 sufﬁcit.
545 1399 616 1435 Ergo
631 1405 658 1428 et
672 1401 723 1429 hoc
735 1409 879 1435 concesso,

89 1442 218 1478 quoniam
236 1443 326 1478 aliqua
351 1443 515 1472 discretione
530 1447 684 1474 necessaria
711 1454 766 1474 non
792 1447 880 1475 habeo

89 1489 264 1524 conspicere,
283 1496 344 1524 quae
360 1497 455 1517 earum
477 1497 538 1525 quae
549 1491 575 1517 in
591 1492 700 1519 entibus
718 1499 789 1519 verae
816 1497 881 1520 sunt

88 1535 228 1567 notiones,
245 1539 273 1562 et
295 1535 328 1562 ad
354 1536 525 1570 superﬂeiale
541 1541 568 1564 et
589 1537 878 1572 superintelligentiam

89 1580 286 1608 transferenda
298 1585 373 1614 sunt,
384 1585 411 1608 et
418 1589 478 1616 quae
493 1589 548 1609 non
560 1591 568 1616 ;
588 1590 650 1610 cum
658 1584 739 1611 audio
747 1583 834 1611 Latini
845 1592 878 1611 ex

90 1626 248 1662 huiusmodi
267 1627 512 1661 propositionibus,
536 1628 570 1656 de
580 1630 719 1664 propasita
730 1630 879 1663 quaestione

88 1673 410 1709 syllogismum;etiamsi
423 1674 478 1701 sint
496 1675 523 1701 in
540 1675 667 1703 omnibus
686 1676 795 1703 entibus
816 1684 880 1711 pro-

89 1719 241 1753 positiones
261 1726 343 1751 veraa,
358 1724 478 1747 attamen
492 1720 626 1755 nequiens
640 1721 706 1749 satis
723 1722 878 1749 discernere

87 1765 168 1800 cujus
179 1764 287 1799 generis
299 1770 378 1792 sunt:
392 1771 482 1793 utrum
495 1766 568 1794 illius
579 1767 651 1801 quod
662 1775 695 1794 ex
717 1767 825 1795 entibus
844 1767 878 1795 ad

88 1811 316 1846 superessentiale
330 1812 512 1840 conscendere
523 1813 663 1846 valeat,an
677 1820 731 1839 non
743 1821 750 1845 ;
771 1813 878 1848 penitus

89 1856 212 1891 ambigo,
228 1860 256 1882 et
270 1855 365 1883 dubito
382 1858 551 1885 conclusioni
575 1858 732 1893 hujusmodi
755 1859 879 1894 syllogis-

87 1902 127 1930 mi
141 1904 279 1931 assentiri.
302 1903 472 1931 Generaliter
495 1904 603 1939 quidem
634 1904 670 1931 ita
687 1912 702 1932 a
722 1912 764 1932 mc
781 1909 877 1932 osten-

88 1956 150 1977 sum
174 1950 221 1981 sit,
245 1950 280 1977 ob
299 1958 381 1985 quam
399 1958 510 1978 causam
529 1959 576 1986 per
594 1958 689 1978 eorum
705 1952 785 1979 verba
809 1959 878 1978 non-

88 1995 154 2022 dum
185 1995 250 2022 mihi
279 2003 439 2030 persuasum
468 1997 508 2025 eis
534 1997 658 2025 credere.
690 1996 749 2024 Non
764 1998 816 2025 erit
832 2005 878 2033 pe-

85 2040 133 2076 jus
147 2039 216 2068 forte
233 2046 260 2068 et
273 2041 380 2076 aliquos
396 2043 576 2077 particulares
595 2044 768 2080 syllogismos
780 2051 876 2072 eorum

87 2094 273 2114 commemora
279 2095 318 2115 re.

122 2131 222 2159 Audivi
244 2132 392 2167 aliquando
416 2134 549 2168 quosdam
569 2133 680 2163 Latinos
702 2136 740 2163 ita
764 2136 875 2172 syllogi—

87 2181 192 2204 zantes.
210 2176 401 2212 Supponcntes
415 2179 487 2206 enim
508 2184 637 2215 tanquam
655 2181 787 2208 minorem
810 2189 874 2216 pro-

933 941 1002 975 Quia
1024 943 1186 977 generaliter
1202 943 1229 970 in
1253 943 1380 970 omnibus
1395 942 1513 973 entibus.
1531 942 1554 969 si
1571 941 1606 968 sit
1623 946 1651 968 ut
1666 941 1721 976 pri-

934 996 1007 1016 mum
1027 989 1060 1017 ad
1088 989 1249 1022 secundum,
1271 988 1307 1016 ita
1329 990 1439 1016 tertium
1465 989 1499 1016 ad
1525 992 1652 1023 quartum
1670 995 1677 1014 :
1694 991 1722 1015 et

933 1035 1106 1069 permutatim
1117 1035 1241 1070 sumptis,
1250 1039 1290 1062 est
1299 1035 1369 1062 sicut
1380 1035 1497 1070 primum
1506 1034 1538 1061 ad
1552 1034 1672 1067 tertium,
1681 1041 1721 1061 sc-

932 1081 1050 1108 cnndum
1063 1081 1096 1108 ad
1107 1086 1247 1116 quartum.
1263 1081 1293 1108 Et
1308 1090 1339 1110 ex
1354 1082 1396 1109 his
1413 1081 1638 1114 concludebalur,
1647 1080 1720 1115 quod

932 1126 1004 1154 sicut
1019 1133 1048 1154 se
1058 1125 1139 1154 habet
1158 1126 1264 1161 spirare
1279 1127 1311 1153 ad
1327 1133 1467 1162 generare,
1484 1125 1519 1151 ita
1535 1132 1563 1152 se
1578 1125 1658 1151 debet
1672 1125 1721 1150 ha-

932 1171 997 1199 bere
1006 1175 1032 1199 et
1047 1173 1194 1206 procedere
1208 1173 1241 1199 ad
1256 1173 1391 1207 generari.
1407 1172 1508 1206 thuia
1522 1171 1650 1199 dicebant
1663 1169 1705 1204 spi
1718 1186 1721 1189 ι

933 1223 993 1243 rare
1005 1221 1032 1244 et
1044 1224 1175 1252 generare
1189 1218 1382 1245 concurrentia
1393 1217 1474 1244 simul
1485 1217 1512 1244 in
1525 1224 1578 1244 una
1593 1223 1719 1251 persona.

933 1261 1037 1292 scilicet
1046 1263 1137 1296 Patre,
1157 1271 1212 1290 non
1224 1263 1327 1292 faciunt
1340 1263 1518 1291 diﬂ'ercntiam
1537 1262 1719 1296 personalem.

933 1308 992 1336 Non
1016 1317 1081 1344 ergo
1092 1310 1241 1344 procedere
1261 1314 1288 1337 et
1302 1310 1497 1345 generarilipsa
1523 1316 1570 1344 per
1593 1315 1623 1336 se
1639 1308 1719 1335 ἀίσσ-

932 1358 1022 1382 rentes
1035 1354 1151 1382 ellicient
1168 1362 1310 1390 personas.
1327 1356 1360 1383 Et
1378 1357 1414 1383 ita
1427 1355 1508 1382 aliam
1523 1355 1640 1390 aliquam
1657 1361 1720 1388 per-

933 1400 1052 1427 sonalem
1064 1400 1245 1428 differentiam
1262 1401 1380 1436 Spiritus
1401 1401 1433 1428 ad
1449 1400 1547 1427 Filium
1566 1403 1719 1434 quaerentes

931 1449 1070 1479 postremo
1090 1445 1235 1474 veniebant
1248 1445 1282 1472 ad
1298 1445 1528 1477 concludendum,
1549 1449 1576 1471 et
1596 1451 1629 1471 ex
1649 1442 1718 1469 Filio

931 1497 996 1525 ergo
1010 1489 1144 1525 Spiritum
1163 1491 1321 1525 procedere.
1336 1491 1378 1518 Me
1393 1497 1482 1526 neque
1506 1491 1556 1517 hos
1571 1489 1647 1524 sequi
1670 1496 1718 1515 va—

932 1535 1023 1568 lente,
1045 1535 1205 1570 perquirens
1219 1536 1293 1563 enim
1310 1536 1337 1563 in
1359 1542 1403 1562 me
1416 1535 1476 1568 ipso
1491 1535 1563 1562 entia
1575 1553 1583 1566 ,
1598 1533 1719 1560 invenie-

931 1580 992 1607 bam
1007 1580 1033 1607 in
1050 1581 1142 1608 multis
1154 1582 1285 1616 majorem
1298 1580 1632 1615 propositionem'i’alsam,
1646 1580 1717 1606 mul-

931 1626 965 1653 tis
978 1626 1044 1653 visis
1057 1646 1064 1658 ,
1089 1631 1116 1654 et
1139 1626 1166 1654 in
1183 1626 1347 1654 substantiis
1376 1631 1403 1654 et
1419 1627 1446 1653 in
1463 1626 1671 1661 quantitatibus,
1689 1628 1718 1652 et

931 1671 957 1699 in
977 1672 1108 1699 reiativis.
1127 1672 1179 1700 Sed
1196 1673 1312 1708 primam
1336 1672 1497 1707 positionem
1519 1672 1598 1707 primi
1623 1671 1656 1698 ad
1673 1678 1718 1698 sc-

929 1717 1061 1750 cundum,
1078 1718 1227 1745 secundum
1247 1725 1313 1745 vero
1331 1718 1411 1753 primi
1435 1718 1468 1745 ad
1493 1718 1614 1751 tertium,
1630 1722 1657 1744 et
1674 1725 1718 1745 se-

929 1763 1011 1790 cundi
1027 1763 1061 1790 ad
1075 1767 1215 1798 quartum,
1238 1771 1291 1791 non
1316 1764 1489 1791 servantibus
1505 1765 1717 1798 proportionali-

930 1813 1013 1836 tatem
1030 1818 1036 1835 :
1052 1809 1193 1844 quamvis,
1207 1814 1236 1836 ut
1249 1810 1328 1844 paulo
1354 1814 1417 1837 ante
1429 1809 1497 1847 dixi,
1512 1811 1563 1837 etsi
1584 1810 1611 1838 in
1627 1812 1717 1837 omni-

929 1855 979 1882 bus
993 1862 1053 1889 quae
1069 1855 1138 1882 iul‘ra
1154 1860 1270 1883 mentem
1286 1859 1407 1882 nostram
1421 1860 1495 1887 sunt,
1510 1856 1648 1883 videretur
1669 1857 1719 1883 lm-

926 1899 1047 1934 jnsmodi
1060 1908 1122 1928 esse
1134 1908 1227 1928 verum
1247 1909 1253 1927 :
1271 1901 1404 1929 incertum
1422 1902 1512 1929 adhuc
1526 1907 1611 1933 esset,
1625 1907 1717 1930 utrum

928 1952 955 1974 et
964 1947 991 1973 in
1008 1947 1052 1973 illa
1067 1954 1106 1979 re,
1117 1955 1177 1982 quae
1186 1955 1294 1974 omnem
1306 1952 1422 1974 mentem
1434 1947 1551 1978 excellit.
1563 1955 1657 1975 verum
1670 1949 1717 1978 sit.

963 1993 1028 2020 Item
1045 1998 1071 2021 et
1084 1994 1124 2021 sic
1138 1994 1248 2029 quidam
1265 2000 1491 2029 argumentantur
1509 2003 1516 2021 :
1535 1995 1633 2023 Omnia
1653 2000 1717 2023 sunt

927 2040 1083 2067 communia
1107 2040 1197 2067 Patris
1216 2044 1244 2067 et
1267 2040 1339 2072 Filii,
1364 2045 1461 2074 printer
1477 2041 1532 2073 illa,
1550 2042 1650 2076 quibus
1667 2043 1717 2069 ad-

928 2089 1054 2112 versatur
1069 2092 1163 2113 eorum
1189 2086 1260 2113 inter
1276 2093 1305 2114 se
1331 2086 1438 2114 relatio.
1458 2087 1493 2114 At
1519 2095 1584 2114 vero
1611 2089 1718 2122 spiran-

928 2136 981 2158 tem
992 2131 1139 2166 potentiam
1152 2139 1206 2159 non
1220 2132 1382 2159 adversatur
1395 2131 1486 2160 Patris
1501 2133 1534 2159 ad
1549 2132 1659 2165 Filium,
1675 2134 1717 2161 vol

928 2176 989 2204 Filii
1007 2177 1040 2204 ad
1057 2177 1162 2205 Patrem
1181 2178 1293 2211 relatio;
1308 2179 1437 2213 spiratiila
1455 2187 1520 2214 ergo
1535 2181 1654 2214 potentia
1667 2181 1718 2207 Pa-

87 2221 263 2256 positionem,
289 2223 361 2257 quod
382 2223 501 2257 Spiritus
520 2231 631 2252 sanctus
655 2221 765 2252 realiter
786 2226 876 2253 ditl'ert
889 2234 914 2264 D
929 2224 977 2251 tris
993 2229 1019 2251 et
1034 2223 1106 2251 Filii.
1119 2224 1175 2259 Ego
1187 2231 1254 2251 vero
1269 2231 1358 2259 neque
1371 2225 1436 2253 huic
1451 2226 1609 2261 syllogismo
1621 2235 1716 2254 assen-

86 2276 102 2294 a
117 2267 195 2300 Filio,
209 2273 235 2295 et
247 2269 377 2297 addentes
391 2274 518 2304 tanquam
533 2271 675 2305 majorem,
689 2272 761 2306 quod
782 2272 875 2298 omnia

86 2322 149 2350 quae
166 2315 226 2342 sine
241 2315 355 2342 materia
377 2317 412 2343 ab
437 2315 553 2343 invicem
578 2317 717 2350 diﬂ'erunt,
744 2323 791 2345 aut
805 2318 877 2346 sicut

87 2360 225 2387 contraria
241 2360 381 2392 ditrerunt,
399 2365 446 2388 aut
467 2362 538 2389 sicut
562 2363 670 2390 habitus
693 2368 720 2390 et
748 2364 874 2398 privatio,

86 2410 134 2432 aut
156 2405 226 2432 sicut
251 2405 394 2433 ailirmatio
409 2411 436 2434 et
453 2408 571 2443 negatio,
595 2413 640 2435 aut
658 2409 727 2436 sicut
740 2410 850 2437 relativa
869 2419 876 2445 ;

87 2450 187 2478 deinde
209 2451 394 2483 ostendentes,
417 2453 489 2486 quod
507 2454 602 2480 horum
620 2459 675 2481 tres
690 2456 875 2489 praecedentes

88 2495 163 2523 modi
176 2496 228 2523 illis
243 2496 342 2524 divinis
357 2498 482 2532 personis
494 2498 605 2526 minime
615 2507 765 2534 congruere
775 2501 874 2534 valent;

87 2542 290 2570 concludebant
303 2551 379 2577 ergo,
391 2544 463 2578 quod
475 2545 626 2572 secundum
641 2546 753 2572 relativa
768 2551 874 2574 tantum

89 2588 208 2624 Spiritus
227 2594 339 2617 sanctus
356 2595 445 2624 potest
464 2590 594 2626 distingui
609 2599 624 2618 a
640 2591 719 2624 Filio,
738 2596 764 2619 et
777 2593 811 2619 ita
828 2601 874 2627 per

86 2635 209 2662 ordinem
229 2636 417 2668 procedentes,
435 2631 578 2664 venieban't
592 2637 626 2664 ad
643 2638 750 2665 linalem
764 2640 875 2666 conclu-

87 2683 203 2710 sionem.
223 2682 275 2710 Sed
298 2691 340 2710 mc
354 2684 466 2711 minime
483 2691 530 2718 per
552 2685 603 2712 hoc
627 2692 778 2713 moverunt.
804 2686 874 2713 Ven-

89 2734 145 2755 tum
161 2729 232 2756 cnint
250 2730 282 2756 ad
302 2730 413 2764 angelos
435 2735 462 2757 et
484 2731 601 2762 animas,
622 2737 648 2759 et
667 2735 873 2762 mathematicos

87 2783 217 2803 numeros
234 2780 261 2802 et
276 2776 372 2802 horum
388 2777 506 2803 maxime
522 2779 707 2811 superticialcs
717 2785 744 2806 et
760 2781 872 2814 solidos,

88 2822 172 2849 multa
193 2823 244 2850 vidi
261 2829 287 2850 ct
304 2823 363 2849 sine
379 2824 490 2850 materia
509 2832 574 2858 pure
591 2825 736 2859 intellecta,
756 2832 779 2854 et
799 2827 872 2854 nullo

88 2869 276 2903 pra-dictorum
288 2873 405 2904 quatuor
417 2870 558 2897 modorum
567 2870 600 2898 ab
612 2871 728 2899 invicem
743 2873 869 2901 discreta.

255 2923 380 2946 rarttot.
395 2917 451 2946 Gtt.
469 2917 542 2946 ()Ll.

928 2271 996 2303 tior;
1027 2276 1137 2305 propter
1168 2270 1240 2304 quod
1264 2271 1360 2305 utique
1385 2272 1465 2299 habet
1494 2273 1607 2306 vitium;
1642 2275 1716 2309 quod

927 2318 997 2344 enim
1012 2318 1153 2352 qtueritur,
1176 2317 1293 2343 sumitur
1307 2321 1338 2343 ut
1355 2317 1527 2345 manifestum
1542 2327 1549 2350 ;
1570 2319 1595 2345 in
1614 2320 1717 2354 majore

925 2364 997 2390 cnim
1015 2363 1200 2398 propositione
1225 2370 1272 2397 pct‘
1293 2365 1449 2391 communia
1467 2369 1492 2392 et
1509 2365 1561 2392 alia
1582 2367 1661 2394 verba
1677 2368 1717 2393 Iu-

927 2414 1014 2437 tenter
1028 2411 1094 2445 petit
1110 2410 1284 2445 principium.

960 2456 1057 2484 Nullus
1073 2457 1144 2484 enim
1161 2465 1253 2484 eorum
1270 2458 1315 2492 qui
1329 2458 1363 2486 de
1375 2459 1551 2487 conclusione
1563 2460 1714 2495 ambigunt.

926 2503 1057 2537 majorem
1081 2504 1212 2530 concedet
1234 2504 1461 2539 propositionem.
1480 2505 1548 2533 Cum
1573 2507 1646 2533 enim
1668 2507 1714 2534 illa

925 2555 1052 2583 persona,
1080 2556 1139 2583 qua:
1155 2548 1191 2575 ita
1210 2553 1251 2576 est
1267 2554 1297 2576 ut
1311 2556 1327 2581 a_
1351 2550 1427 2578 nullo
1448 2550 1493 2584 sit,
1510 2553 1651 2586 aequaliter
1666 2553 1714 2580 ha-

926 2595 988 2622 beat
1002 2599 1029 2622 et
1051 2603 1183 2630 generare
1200 2600 1227 2622 et
1250 2596 1355 2630 spirare
1376 2605 1383 2624 :
1401 2598 1544 2631 qua-ritur,
1570 2605 1664 2626 utrum
1681 2608 1713 2627 ex

925 2647 1041 2676 utraque
1057 2643 1115 2670 haec.
1134 2643 1243 2677 propria
1266 2647 1330 2670 sunt
1344 2643 1403 2677 ejus
1423 2644 1584 2679 simpliciter
1599 2656 1606 2673 :
1624 2653 1714 2681 nequc

925 2687 1003 2719 Filio,
1022 2695 1109 2723 neque
1134 2688 1238 2723 Spiritu
1257 2696 1287 2715 ea
1303 2689 1478 2717 habentibus.
1505 2691 1546 2717 An
1573 2693 1607 2719 ad
1627 2692 1715 2727 Spiri-

926 2740 980 2760 tum
999 2735 1107 2769 quidem
1123 2736 1231 2770 propria
1249 2740 1312 2762 sunt
1328 2736 1399 2769 eius,
1417 2737 1448 2763 ad
1468 2736 1566 2764 Filium
1583 2746 1648 2765 vero
1660 2747 1713 2766 non

925 2780 1017 2812 ambo,
1033 2781 1080 2807 sed
1097 2783 1184 2808 solum
1202 2789 1344 2816 generare,
1369 2783 1472 2817 spirare
1488 2790 1552 2811 vero
1567 2790 1714 2811 commune

924 2826 1004 2853 habet
1023 2835 1084 2854 cum
1103 2836 1146 2855 co.

959 2873 1014 2901 lloc
1033 2874 1134 2909 itatlur,
1159 2882 1220 2902 cum
1243 2880 1390 2911 qurcralur,
1410 2885 1518 2904 suincrc
1543 2876 1715 2912 simpliciter,

1515 2925 1551 2954 lii
