1868 3069
165 143 228 174 lilii

798 140 983 171 DEMETRII
998 140 1152 172 CYDONII

1723 144 1795 178 1292

159 200 230 233 quod
252 199 332 226 Pater
352 203 482 232 generare
503 196 614 232 quidem
640 196 722 224 habet
739 197 824 230 solus,
842 197 948 232 spirare
963 200 986 228 Α
1000 195 1088 223 adhuc
1106 203 1153 230 per
1168 195 1295 230 generale
1317 196 1476 230 concilium,
1499 197 1572 232 quod
1589 197 1688 230 sciam,
1703 201 1795 227 ratiti-

159 253 224 273 vero
238 252 299 272 cum
317 242 387 270 Filio
406 251 412 270 :
431 243 495 278 quid
507 243 581 270 aliud
601 247 740 278 estquam
758 243 856 278 petitio
870 243 948 278 prin-

160 293 244 326 cipii,
262 291 369 319 etiamsi
397 298 451 318 non
481 295 573 325 aperte
597 295 680 325 ponat
705 290 753 325 qui
780 291 873 324 sumit,
900 290 948 318 sed

159 347 210 374 por
239 338 429 365 rommuniora
450 337 532 364 verba
544 338 668 365 eumdem
680 337 798 365 oceultet
809 345 920 366 sensum
935 338 947 364 τ

193 385 328 412 Csetorum
347 383 411 419 quid
436 383 564 418 prohibet
586 388 788 418 supponentem
808 384 946 416 similiter,

158 431 231 467 quod
246 431 338 458 omnia
354 431 409 457 sint
424 430 579 457 communia
603 429 745 464 spiratOris
762 434 790 456 et
813 430 945 464 Spiritus,

158 482 254 513 prwtcr
270 477 325 507 illa.
343 476 442 510 quibus
457 475 618 502 adversatur
632 482 728 502 eorum
746 476 816 502 inter
828 483 858 502 se
875 475 946 503 rela—

158 525 216 557 tio;
232 531 280 559 per
300 522 399 550 similia
414 521 501 548 media
517 521 681 548 concludere
696 529 702 547 :
722 521 794 556 quod
812 525 839 548 et
859 521 946 556 Spiri—

156 575 202 597 tus
223 574 334 597 sanctus
351 568 457 603 genitor
469 567 532 595 est?
546 568 617 602 Ergo
632 566 703 594 sicut
727 567 789 599 hoc,
809 567 846 595 ita
863 567 945 595 etiam

158 615 223 642 illud
240 614 403 650 paralogism
409 621 439 640 us
455 617 508 640 est.

192 660 258 687 Item
277 660 344 686 alias
360 666 421 687 cum
440 658 608 685 audivissem
624 662 778 686 sumentcm
797 658 945 692 quemdam

158 712 189 733 ut
209 705 396 736 manifestum,
421 705 504 731 Deum
521 703 628 731 Patrem
647 703 799 739 intelligere
821 709 848 731 et
865 704 945 736 velle,

159 757 185 779 ct
198 759 230 780 ex
244 750 421 786 intelligendo
435 750 630 785 producentem
644 749 743 777 Filium
757 758 765 783 ;
779 750 812 777 de
831 750 946 777 volendo

159 804 247 826 autem
264 797 406 832 Spiritum,
423 801 449 823 et
464 803 512 831 per
529 795 653 830 quaedam
675 795 762 822 media
791 795 855 828 alia,
871 803 946 829 qlae-

162 845 279 873 stioncm
298 843 504 871 concludcntem
518 850 524 868 :
538 842 614 869 initio
625 841 734 876 quidem
748 849 816 876 pene
831 841 944 873 credidi,

160 897 290 926 tanquam
306 891 374 917 bene
395 894 466 916 esset
483 889 586 916 dictum
602 897 609 915 :
625 888 706 922 paulo
729 895 793 915 vero
810 892 870 922 post
887 887 946 914 ani-

160 939 345 968 madwrtons,
360 937 435 971 quia,
452 934 590 970 quomodo
606 934 769 970 intelligitet
783 935 842 961 vult
855 934 946 967 Pater,

159 984 255 1011 eodem
277 982 463 1010 indiﬂcrcntcr
476 987 503 1009 ct
519 982 616 1014 Filius,
634 987 662 1009 et
681 981 800 1017 Spiritus
823 986 946 1014 sanctus,

158 1035 185 1057 et
198 1033 253 1056 tota
267 1029 388 1056 Trinitas
404 1029 531 1063 intelligit
542 1033 568 1055 et
584 1028 653 1060 vult,
671 1032 698 1056 et
712 1027 800 1055 nihilo
813 1028 901 1062 magis
912 1035 946 1054 ex

159 1076 199 1104 eis
216 1076 294 1103 aliter
315 1075 413 1107 Filius,
428 1075 471 1102 vel
489 1075 568 1102 aliter
592 1073 711 1110 Spiritus
727 1079 836 1102 emanat
852 1083 859 1102 :
879 1074 946 1101 nihil

160 1122 352 1149 necessarium
369 1121 444 1148 illum
457 1121 558 1148 dixisse
573 1121 676 1155 putavi,
694 1121 739 1148 sed
758 1121 847 1155 potius
862 1120 946 1147 multa

160 1166 379 1194 inconvenientia
413 1167 538 1201 perspexi
571 1168 604 1193 de
638 1165 794 1200 hujusmodi
819 1172 946 1192 sermone

158 1212 284 1240 orientia.

194 1258 291 1285 Causa:
305 1257 427 1292 quidem,
442 1265 491 1292 per
510 1264 580 1292 quas
599 1263 654 1284 non
675 1255 742 1284 mihi
768 1255 875 1283 videtur
900 1263 947 1283 ne-

159 1305 309 1332 ressarium
330 1311 403 1335 esse,
430 1311 478 1339 per
494 1303 576 1330 verba
601 1309 696 1330 eorum
715 1302 780 1330 sciri
805 1302 846 1329 vel
870 1301 943 1328 credl

160 1351 292 1387 Spiritum
311 1351 411 1378 factum
424 1356 450 1378 et
463 1357 496 1377 ea
515 1349 583 1376 Filio
597 1349 756 1384 procedere.
773 1349 814 1375 har.
829 1352 905 1376 sunt.

195 1397 263 1425 Volo
279 1403 368 1424 autem
385 1396 432 1424 tibi
446 1395 600 1426 ostendere.
617 1399 645 1422 et
659 1394 776 1429 qualiter
792 1402 836 1422 me
858 1395 945 1421 habeo

158 1451 221 1478 erga
236 1444 308 1471 dicta
329 1447 484 1471 sanctorum
501 1447 656 1469 nostrortttn
669 1441 789 1473 Patrum,
807 1442 852 1476 qui
868 1441 893 1468 id
906 1442 951 1476 ip--

159 1498 220 1518 sum
239 1492 309 1525 quod
324 1490 401 1517 aiunt
416 1490 504 1517 Latini
519 1491 546 1516 in
561 1490 619 1517 suis
642 1489 752 1523 scriptis
766 1489 871 1517 dicunt.
887 1489 944 1524 Ego

1001 247 1094 270 catum
1110 247 1162 270 est.
1180 241 1251 277 Ergo
1266 242 1374 270 etiamsi
1391 250 1406 270 a
1429 243 1522 270 multis
1543 244 1646 273 sanctis
1661 245 1687 272 id
1701 245 1793 278 ipsum

999 289 1110 322 dicitur,
1127 288 1199 316 nolle
1213 288 1352 322 assentiri,
1370 289 1474 317 nullum
1492 289 1644 324 periculum
1667 291 1736 318 mihi
1749 292 1793 318 vi-

999 337 1076 365 detur
1091 345 1162 365 esse.
1187 336 1281 364 Restat
1306 344 1372 371 ergo
1395 337 1572 365 considerare
1597 338 1791 366 auctoritatem

999 383 1129 410 Romanre
1152 382 1292 414 Ecclesiae.
1315 390 1350 410 ne
1371 383 1556 410 necessarium
1582 383 1629 417 sit,
1657 385 1791 418 quoniam

999 434 1085 456 mater
1099 433 1151 461 est,
1167 433 1195 456 et
1209 428 1294 462 prima
1318 429 1441 456 omnium
1463 427 1659 460 Ecclesiarum,
1677 430 1793 457 credere

998 475 1170 509 simpliciter,
1197 475 1381 509 quodcunque
1399 474 1455 509 ipsa
1477 482 1585 509 semper
1599 476 1633 503 de
1656 475 1712 502 Deo
1725 476 1794 510 dog-

998 522 1122 548 mutilat.

1034 567 1087 595 Sed
1104 568 1136 595 ad
1154 567 1205 594 hoc
1222 567 1315 594 evenit
1332 567 1398 594 mihi
1414 574 1512 594 rursus
1523 566 1660 599 litesitars.
1675 575 1710 594 ne
1722 567 1792 595 forte

999 614 1025 640 in
1041 614 1217 648 dogmatibus
1246 613 1322 646 fidei,
1337 613 1438 648 quibus
1455 613 1542 640 ﬁdelis
1569 613 1603 639 ab
1619 613 1728 644 inﬁdeli
1745 614 1790 640 ὁὶ-

999 660 1156 694 stinguitur,
1186 667 1240 686 non
1258 659 1359 687 idonea
1381 660 1417 687 sit
1440 659 1512 687 illius
1525 659 1653 688 Ecclesia
1669 660 1792 686 auctori-

998 711 1041 734 tas
1057 727 1064 739 ,
1082 706 1130 734 sed
1154 705 1319 740 requirenda
1345 705 1427 733 etiam
1456 705 1619 733 universalis
1645 705 1787 734 Ecclesia.

998 753 1054 780 Hoc
1068 757 1158 779 autem
1171 752 1265 780 dubito
1282 759 1314 779 ex
1329 752 1436 781 multis.

1033 799 1166 829 Primum,
1196 801 1268 833 quod
1285 798 1312 825 in
1332 797 1463 831 Symbolo
1489 797 1552 825 ﬁdei
1578 805 1632 825 non
1669 798 1789 826 dicimus

998 844 1111 872 credere
1123 844 1150 871 in
1159 843 1309 871 Romanam
1325 843 1486 874 Ecclesiam,
1500 844 1547 871 sed
1564 843 1592 871 in
1609 844 1786 871 catholicam.

999 891 1160 924 Quanquam
1186 889 1250 923 quid
1274 889 1417 924 prohibeat
1432 889 1514 916 etiam
1540 888 1605 916 illud
1618 897 1670 917 nos
1686 889 1786 922 dicere,

999 935 1021 963 si
1036 935 1103 962 satis
1117 935 1208 962 esset?

1034 981 1136 1008 Deinde
1151 980 1251 1008 olimin
1265 980 1380 1008 diversis
1393 979 1469 1007 orbis
1481 980 1614 1014 partibus,
1633 988 1700 1009 cum
1717 982 1788 1010 Inui-

997 1032 1032 1054 tae
1044 1031 1111 1054 orta:
1124 1026 1239 1054 fuissent
1256 1027 1376 1054 haereses
1389 1030 1417 1053 et
1428 1027 1605 1061 quaestiones.
1621 1032 1649 1054 et
1663 1027 1699 1055 de
1709 1027 1786 1061 Pilio,

997 1079 1023 1102 et
1042 1074 1075 1101 de
1088 1073 1190 1108 Spiritu
1201 1077 1306 1104 sancto,
1321 1078 1349 1101 et
1368 1074 1401 1100 de
1418 1073 1616 1105 incarnatione.
1637 1082 1692 1101 non
1719 1075 1788 1102 refe-

996 1120 1127 1147 rebantur
1145 1120 1260 1154 qutesita
1287 1119 1321 1146 ad
1336 1118 1486 1146 Romanam
1518 1118 1672 1146 Ecclt-siam
1683 1141 1690 1151 ,
1707 1125 1736 1146 ut
1750 1120 1787 1147 ihi

996 1165 1151 1192 examinata
1175 1169 1202 1192 et
1215 1164 1395 1192 determinata
1415 1164 1544 1192 omnibus
1566 1166 1724 1196 tradantur,
1738 1173 1787 1192 ne-

996 1219 1049 1245 que
1076 1211 1121 1238 alii
1138 1210 1170 1238 ad
1186 1210 1238 1238 hoc
1268 1211 1357 1238 solum
1381 1211 1574 1246 respiciebant,
1588 1212 1781 1246 quidnamilla

997 1257 1116 1285 Ecclesia
1132 1257 1166 1284 de
1184 1257 1224 1284 eis
1251 1257 1484 1288 determinaverit.
1511 1258 1558 1284 sed
1583 1258 1724 1292 generalia
1742 1266 1788 1294 ag-

995 1304 1179 1339 gregabantur
1210 1304 1339 1336 concilia,
1360 1308 1387 1330 et
1406 1304 1490 1331 totius
1520 1304 1652 1332 Ecclesia:
1668 1306 1790 1340 cognitio

995 1350 1165 1378 ctsententia
1181 1350 1217 1378 de
1226 1350 1358 1377 dubitatis
1373 1350 1522 1377 vocabatur
1535 1359 1542 1377 :
1555 1358 1620 1378 cum
1641 1351 1694 1378 hoc
1714 1357 1789 1380 esset

996 1396 1081 1423 multo
1116 1395 1251 1424 diliicilius
1266 1405 1348 1432 quam
1379 1397 1456 1424 illud.
1481 1397 1515 1424 Et
1528 1398 1599 1432 quod
1630 1398 1719 1432 magis
1734 1403 1788 1428 est,

995 1450 1086 1477 neque
1099 1442 1178 1478 jussu
1198 1450 1273 1478 papze
1293 1443 1337 1470 illa
1353 1443 1468 1470 concilia
1487 1444 1721 1479 aggregabantur,
1739 1445 1787 1471 sed

996 1493 1075 1523 prout
1086 1493 1208 1523 apparet,
1222 1492 1249 1515 et
1261 1495 1308 1523 per
1321 1488 1464 1516 chronicas
1475 1494 1501 1516 et
1517 1489 1675 1524 imperiales
1688 1491 1791 1525 episto—

160 1537 267 1572 quidem
278 1536 369 1563 inveni
386 1535 495 1566 multos.
507 1535 553 1569 qui
570 1535 620 1562 hoc
632 1535 751 1568 sapiunt,
767 1535 871 1563 scilicet
882 1543 947 1563 san-
961 1539 983 1568 c
1000 1534 1053 1564 las.
1084 1538 1111 1562 et
1123 1543 1170 1569 per
1189 1535 1367 1562 allocutiones
1394 1536 1515 1569 ipsarum
1539 1536 1739 1570 imperatorum
1754 1539 1788 1565 ad

160 1583 234 1609 ctum
250 1581 444 1614 Augustinum,
461 1584 585 1606 sanctum
603 1579 763 1614 Gregorium
782 1579 947 1615 Nyssenum,

160 1633 283 1655 sanctum
299 1627 429 1663 Cyri'lnm
442 1627 468 1653 in
485 1627 628 1653 dictissuis
645 1627 780 1654 thesauris
803 1632 830 1653 et
847 1627 872 1653 in
889 1627 949 1654 aliis

159 1673 219 1700 suis
255 1672 386 1706 dialogis;
406 1675 530 1698 sanctum
557 1670 735 1698 Athanasium
757 1675 783 1698 et
817 1671 949 1706 quosdam

159 1718 239 1745 alios.
257 1717 308 1744 Sed
322 1717 388 1743 illud
420 1716 538 1743 arbitror
565 1723 608 1742 mc
629 1720 702 1742 recte
727 1715 843 1750 cogitare
855 1735 864 1748 ,
879 1717 949 1750 quod

158 1764 281 1790 omnium
310 1770 371 1797 quae
401 1762 427 1788 hi
443 1761 552 1793 docent,
570 1761 615 1788 illa
635 1765 738 1788 tantum
757 1762 948 1788 necessitatem

159 1810 290 1836 habemus
311 1808 442 1842 recipere,
463 1810 525 1842 qua:
533 1809 572 1834 vel
584 1815 615 1835 ex
634 1808 692 1842 ipsa
702 1814 778 1835 sacra
795 1807 947 1842 Scriptura,

166 1855 337 1890 apertissime
362 1859 388 1881 et
404 1854 661 1882 indubitabilissime
681 1853 885 1887 ostenduntur,
906 1854 946 1881 vel

165 1908 214 1935 per
247 1900 393 1926 coneilimn
420 1899 545 1934 generale
578 1906 707 1933 expresse
737 1899 891 1926 eauniinata
919 1902 948 1926 et

157 1946 337 1974 determinata
365 1946 462 1978 adepta
489 1950 553 1972 sunt
577 1945 752 1976 sententiam,
778 1949 808 1972 ut
832 1945 947 1972 debeant

158 1999 254 2019 omnes
268 1999 299 2018 ea
315 1990 470 2021 Ωιιιιιῖῑιιιΐθι
494 1990 536 2017 vel
555 1990 636 2017 etiam
659 1997 706 2023 per
729 1994 850 2017 nostram
867 1995 946 2017 natu-

157 2038 242 2065 ralem
260 2037 392 2064 rationem
409 2035 476 2063 satis
491 2035 673 2063 demonstrari
688 2036 786 2062 valent.
801 2035 867 2068 Quze
881 2043 946 2064 vero

159 2091 212 2111 non
229 2083 293 2110 talia
309 2086 382 2115 sunt,
403 2090 457 2109 non
475 2082 541 2109 mihi
557 2082 665 2109 videtur
691 2082 812 2109 debitum
834 2090 895 2110 esse
912 2091 943 2111 ea

157 2129 314 2161 admittere,
343 2135 430 2162 neque
448 2127 609 2162 periculum.
628 2134 681 2154 non
698 2127 799 2154 credita
813 2131 839 2154 et
853 2132 944 2163 spreta

158 2175 237 2202 nobis
256 2175 368 2201 inferre.
385 2173 444 2201 Non
461 2174 536 2201 'enim
553 2175 662 2208 penitus
681 2173 756 2201 illius
771 2174 943 2201 auctoritatis

1000 1589 1047 1610 eos
1061 1583 1106 1616 qui
1124 1582 1151 1609 in
1167 1583 1221 1610 illis
1248 1583 1374 1610 conciliis
1399 1588 1489 1616 erant,
1513 1583 1706 1618 imperialibus
1719 1586 1790 1613 cele-

1000 1627 1151 1655 brabantur
1163 1627 1258 1663 jussis.
1272 1627 1300 1655 In
1316 1628 1417 1663 quibus
1436 1628 1568 1662 conciliis,
1587 1629 1650 1656 licet
1663 1631 1783 1664 primum

1000 1675 1088 1702 locum
1099 1683 1167 1710 papa
1179 1675 1327 1707 obtinebat.
1338 1675 1378 1702 vel
1391 1675 1450 1709 ejus
1463 1676 1553 1711 legati,
1565 1680 1655 1704 tamen
1669 1685 1788 1706 canones

999 1726 1027 1748 et
1041 1721 1219 1748 determinata
1235 1721 1362 1756 dogmata
1378 1729 1430 1748 non
1447 1726 1511 1749 sunt
1525 1722 1648 1756 exposita
1665 1723 1788 1757 singula-

1000 1766 1106 1793 ritcrex
1120 1773 1234 1801 persona
1244 1774 1328 1801 papae.
1340 1767 1387 1794 sed
1397 1774 1427 1793 ex
1439 1774 1554 1802 persona
1569 1768 1650 1795 totius
1664 1770 1786 1798 concilii.

1034 1811 1075 1839 Ad
1091 1812 1148 1840 lucc
1174 1813 1254 1846 igitur
1276 1812 1343 1839 mihi
1369 1813 1535 1847 respicienti,
1559 1814 1641 1842 nimis
1657 1823 1786 1843 necessa-

1000 1857 1070 1884 rium
1087 1858 1204 1891 videtur,
1224 1864 1250 1885 et
1267 1858 1293 1885 in
1307 1859 1433 1893 praesenti
1449 1859 1608 1891 qumstione,
1623 1865 1654 1887 ut
1667 1869 1786 1888 concur-

999 1909 1039 1930 rat
1056 1903 1135 1931 simul
1151 1912 1213 1931 cum
1242 1903 1364 1932 Romana
1382 1904 1484 1932 Ecclcsi
1495 1914 1512 1937 ι,
1532 1905 1614 1932 etiam
1631 1907 1718 1935 totius
1735 1908 1785 1936 Ee-

999 1949 1088 1976 clesia:
1117 1951 1266 1977 auctoritas
1291 1954 1372 1984 atque
1391 1951 1521 1985 cognitio.
1535 1951 1677 1985 Siquidem
1693 1957 1721 1979 et
1735 1953 1786 1981 hoc

998 2003 1030 2022 ex
1045 1994 1138 2022 dubito
1148 1996 1318 2023 necessitatis
1330 1996 1382 2023 erit
1397 1996 1575 2023 credendum.
1589 1997 1662 2030 Quid
1682 1999 1784 2033 igitur?

998 2039 1038 2066 Ad
1064 2041 1229 2067 credendum
1257 2048 1290 2068 ne
1316 2048 1348 2068 ex
1380 2041 1449 2068 Filio
1477 2042 1624 2075 procedere
1651 2043 1783 2076 Spiritum

998 2091 1123 2114 sanctum
1150 2086 1213 2113 dico
1229 2094 1272 2113 nne
1287 2086 1424 2120 haesitare,
1440 2095 1472 2114 ex
1489 2087 1549 2115 solo
1559 2095 1624 2115 vero
1648 2088 1733 2117 Patre
1747 2091 1786 2124 ip-

997 2139 1056 2160 sum
1070 2133 1230 2166 procedere,
1257 2133 1330 2167 quod
1354 2133 1431 2159 multi
1443 2133 1549 2165 dicunt,
1574 2135 1696 2163 arbitror
1711 2142 1782 2164 recte

999 2177 1122 2204 dictum?
1143 2177 1255 2204 Multum
1280 2177 1387 2204 delicio.
1407 2178 1459 2205 Sed
1472 2179 1494 2205 si
1507 2184 1597 2214 potest
1611 2181 1678 2214 dici,
1698 2183 1783 2210 multo

158 2220 325 2247 :cstimanms
338 2218 398 2246 illos
412 2226 484 2251 esse,
497 2218 576 2252 cujus
591 2219 735 2253 prophetas
754 2223 780 2245 et
794 2220 941 2259 apostolos,
958 2208 983 2239 D
996 2222 1086 2249 adhuc
1110 2223 1291 2251 dubitabilius
1305 2228 1333 2251 et
1347 2208 1534 2253 incredibilius
1556 2226 1590 2253 ad
1608 2208 1721 2255 hoc'me

159 2270 188 2291 ut
205 2264 367 2299 simpliciter
381 2264 611 2298 quemadmodum
635 2264 700 2297 illis,
722 2264 759 2291 ita
779 2269 806 2291 ct
831 2265 873 2292 his
895 2273 944 2300 per

158 2309 251 2336 munia
272 2308 421 2336 debeamus
446 2315 553 2342 parere.
574 2309 769 2343 Argumentum
787 2314 875 2337 autem
891 2315 943 2344 est,

157 2355 231 2390 quod
247 2354 388 2390 propheta:
403 2353 513 2388 quidem
535 2358 563 2381 ct
581 2355 695 2388 apostoli
712 2355 745 2382 de
760 2355 833 2383 nulla
847 2364 874 2383 re
891 2357 943 2384 sibi

157 2401 306 2428 secundum
330 2408 386 2427 rem
414 2400 499 2434 ipsam
518 2401 654 2427 contraria
679 2401 783 2428 dicunt.
807 2401 873 2430 Post
894 2403 943 2430 hos

158 2455 223 2475 vero
240 2447 364 2473 doctores
380 2446 460 2472 nimis
477 2446 504 2472 in
520 2446 613 2473 multis
628 2451 654 2473 et
670 2454 722 2474 non
741 2447 842 2481 parvis,
859 2454 886 2476 et
897 2456 944 2476 et-

159 2492 284 2526 ponendo
311 2492 493 2526 Scripturam,
512 2496 539 2518 et
562 2492 778 2526 tiogmatisando,
806 2496 943 2523 contraria

159 2539 212 2566 sibi
228 2538 354 2569 invicem,
370 2537 520 2564 secundum
539 2544 596 2575 rem
610 2537 695 2571 ipsam
709 2538 803 2566 dicunt
819 2547 826 2566 :
844 2545 873 2567 ut
885 2540 943 2568 sine

159 2585 283 2620 periculo
300 2585 379 2612 nobis
392 2585 448 2618 jam
466 2585 521 2617 ﬁat,
540 2585 583 2612 cui
608 2584 736 2614 volumus
754 2587 893 2614 assentiri.
907 2587 942 2614 At

156 2640 221 2660 vero
231 2631 362 2666 Spiritum
372 2635 497 2671 sanctum
507 2636 534 2658 et
547 2639 578 2658 ex
597 2631 666 2659 Filio
679 2633 838 2666 procedere,
853 2641 941 2668 neque

157 2686 205 2713 pv-r
221 2677 372 2705 naturalem
399 2683 517 2706 nostram
535 2679 669 2706 rationem
694 2679 941 2713 comprehensibile

158 2725 224 2752 mihi
237 2732 296 2751 ease
309 2724 437 2757 videtur;
456 2733 544 2760 neque
559 2734 591 2752 ex
616 2726 672 2760 ipsa
694 2734 772 2754 sacra
788 2727 940 2761 Scriptura,

156 2770 215 2798 sine
237 2771 310 2798 (nimi
331 2770 508 2806 ambiguitate
532 2772 683 2801 certissime
708 2774 827 2807 ostendi,
854 2782 941 2808 neque

193 2862 201 2876 ⁷
223 2861 300 2890 Joan.
323 2862 426 2893 “.26.

994 2269 1055 2296 beo.

1031 2315 1151 2342 Primum
1177 2317 1249 2343 enim
1276 2324 1324 2351 per
1342 2324 1502 2344 commnnrs
1532 2322 1558 2345 el
1576 2320 1719 2347 naturales
1735 2329 1782 2347 no-

995 2359 1182 2395 tionesipsum
1201 2361 1454 2395 demonstrari,per
1468 2361 1576 2388 easdem
1594 2363 1703 2397 utique,
1715 2373 1781 2398 quas

995 2411 1021 2433 ct
1044 2406 1119 2440 prius
1147 2407 1202 2434 dixi
1236 2414 1346 2439 causas,
1370 2407 1537 2441 impossibile
1567 2408 1633 2434 mihi
1662 2410 1779 2437 videtur.

1001 2450 1103 2477 Deinde
1117 2455 1142 2477 et
1161 2451 1188 2477 in
1199 2455 1253 2477 tota
1271 2458 1350 2478 sacra
1364 2456 1392 2478 et
1407 2452 1498 2479 divina
1513 2453 1655 2486 Scriptura
1671 2454 1776 2481 nullum

995 2496 1133 2523 invenitur
1156 2497 1259 2523 dicioni
1283 2496 1345 2528 tale,
1364 2505 1411 2531 per
1428 2497 1512 2531 quod,
1540 2505 1592 2524 non
1610 2499 1673 2525 dico
1688 2506 1778 2534 aperte

996 2542 1197 2574 demonstrari,
1214 2542 1262 2569 sed
1278 2543 1317 2568 vel
1333 2543 1490 2578 conjectura
1506 2548 1533 2570 et
1542 2544 1700 2578 suspicione
1716 2553 1777 2579 per-

995 2589 1047 2623 cipi
1068 2588 1174 2624 possit,
1191 2588 1262 2623 quod
1281 2596 1315 2615 ex
1331 2588 1390 2616 solo
1420 2587 1500 2616 Patre
1531 2589 1652 2623 Spiritus
1668 2596 1778 2619 sanctus

995 2637 1126 2672 procedit.
1144 2636 1236 2670 Neque
1246 2627 1318 2663 enim
1336 2637 1466 2671 quoniam
1476 2636 1543 2663 dixit
1555 2636 1688 2666 Dominus
1703 2648 1709 2665 :
1727 2638 1776 2671 Qui

996 2691 1011 2708 a
1026 2681 1106 2709 Patre
1129 2681 1282 2716 procedit",
1303 2681 1364 2709 ideo
1388 2682 1478 2709 statim
1502 2683 1591 2716 putari
1606 2683 1699 2714 debet,
1717 2685 1777 2718 quia

996 2737 1050 2755 non
1071 2737 1102 2756 cx
1118 2729 1177 2762 ipso
1205 2735 1314 2763 quoque
1336 2728 1467 2763 procedit.
1483 2729 1628 2756 Assuetum
1645 2730 1717 2756 enim
1737 2735 1777 2757 est

996 2775 1046 2810 ipsi
1076 2775 1220 2808 Salvatori,
1253 2782 1303 2803 sua
1328 2779 1355 2802 et
1371 2774 1459 2802 Patris
1484 2776 1641 2803 communia
1658 2776 1732 2804 Patri
1748 2779 1775 2802 ut
