1868 3069
110 139 179 171 1293

685 134 806 165 EPIST.
829 134 881 163 AD
901 131 1155 163 BARLAAMUM.

1655 129 1722 162 12,34

109 195 259 229 plurimum
284 192 442 225 attribuere,
465 199 518 219 non
541 191 685 218 addentem
709 191 793 218 verbo
808 194 835 217 et
852 195 892 217 se.
910 191 931 219 Α
947 192 1021 215 recte
1038 194 1143 221 sapere,
1165 187 1191 213 in
1214 185 1342 221 Symbolo
1368 189 1458 213 tamen
1476 185 1534 219 ipsa
1556 192 1611 212 non
1626 193 1725 220 posue-

107 241 143 268 Ut
160 241 187 266 in
205 239 283 266 illis:
310 238 401 265 Omnis
424 238 554 272 plantatio
583 245 661 272 quam
690 244 740 263 non
760 236 890 270 plantavit

107 286 192 313 Pater
202 293 274 312 meus
285 284 406 316 calcatis,
415 284 595 311 eradicabimr
604 283 615 299 ⁸
626 292 633 316 ς
649 287 675 310 et
688 292 695 310 :
715 282 799 309 Nemo
809 286 892 316 potest

106 332 197 358 venire
226 329 262 356 ad
285 337 336 362 me,
353 329 404 355 uitii
433 330 515 355 Pater
545 336 617 355 meus
643 328 761 354 attrahat
777 327 891 361 ipsum’.

106 375 250 409 Quamvis,
269 375 331 410 quis
347 383 446 409 negare
470 374 687 410 praesumpserit,
700 378 727 400 et
742 373 832 408 ipsum
848 372 894 399 Fi-

108 423 176 449 lium
202 422 326 456 plantare
354 422 381 448 in
414 421 513 456 pietate
530 420 650 447 tidclium
680 423 794 450 mentes,
818 424 845 445 et
860 417 893 445 ad

107 467 225 494 salutem
248 467 386 494 attrahere
414 466 484 493 eas?
497 466 587 499 Quare
609 469 689 493 restat
706 470 733 491 et
746 464 780 491 de
793 471 894 499 propo-

107 512 162 539 sito
175 512 324 546 ambigere,
345 519 379 539 ne
399 511 469 540 forte
496 511 586 539 simile
612 511 725 543 sitillis,
746 517 805 545 quze
820 509 894 536 Patri

107 557 298 585 attribuuntur
337 558 459 593 quidem,
486 563 550 586 sttnt
585 561 677 585 autem
724 559 786 585 aliis
820 565 896 587 com-

108 605 214 632 munia.
240 603 323 631 Multa
342 604 414 630 enim
437 604 501 631 talia
530 605 558 631 in
585 605 738 639 Evangeliis
753 605 895 640 reperiun-

109 655 156 676 tur
170 658 178 682 ;
190 649 236 676 ubi
250 649 300 676 etsi
319 649 513 684 distinguendo
526 649 657 678 dixisset:
671 650 722 683 Qui
739 658 754 677 a
770 651 828 678 solo
842 650 895 678 Pa-

108 701 151 723 tre
163 696 300 730 procedit:
323 703 413 730 neque
428 696 468 723 sic
485 696 624 723 tolleretur
636 697 748 724 omnino
763 704 894 731 quaerere,

110 748 146 767 ne
159 745 188 767 et
202 747 235 767 ex
249 747 281 767 eo
293 741 434 775 procedat.
464 740 530 768 Nam
550 741 605 768 alio
620 741 682 769 loco
708 743 762 770 ait:
779 742 843 768 litec
856 746 895 768 est

109 787 165 813 uita
181 790 291 817 aeterna.
304 791 333 813 ut
346 791 504 821 cognoscant
519 791 542 814 te
552 787 638 814 solum
662 796 748 814 verum
764 787 847 814 Deum
863 787 895 820 ιο,

108 831 237 865 quamvis
255 837 281 858 et
301 832 359 865 ipse
376 839 455 859 verus
479 831 551 859 Deus
581 833 726 859 exslstens.
753 831 786 859 Et
811 831 894 859 illud:

109 877 196 904 Nemo
214 878 344 912 cognoscit
355 877 453 905 Filium
463 879 514 906 nisi
529 879 610 906 Pater
624 879 657 912 ¹¹,
676 883 714 912 et,
730 879 836 906 Patrem
851 887 896 906 ne-

108 930 153 948 mo
182 923 326 956 cognoscit,
347 922 399 949 nisi
411 922 498 950 Filius
522 923 557 951 ":
581 925 707 959 quamvis
735 930 762 952 et.
791 925 893 959 Spiritu

109 973 207 996 sancto
223 969 349 997 similiter
363 975 553 1004 cognoscente,
566 975 593 997 et
605 971 722 1004 Patrem,
739 976 765 998 et
781 971 892 998 Filium.

108 1013 201 1046 Quare
219 1018 245 1040 et
262 1013 288 1040 in
307 1013 354 1040 illo
370 1014 392 1040 si
409 1014 535 1041 similiter
560 1014 662 1042 dictum
679 1015 788 1048 fuisset,
801 1020 895 1050 posset

108 1060 206 1094 utique
229 1059 340 1094 ambigi,
355 1067 389 1087 ne
399 1060 468 1087 forte
483 1060 572 1095 ipsum
589 1061 643 1087 tale
665 1065 747 1093 esset,
763 1062 814 1089 soli
832 1062 894 1096 qui-

110 1105 174 1132 detn
190 1104 263 1132 Patri
279 1105 453 1139 attributum,
480 1106 566 1134 nihilo
581 1107 672 1135 minus
687 1111 778 1134 autem
792 1111 818 1135 et
833 1107 894 1135 Filii

109 1151 257 1178 exsistens.
271 1151 369 1179 Adhuc
382 1156 472 1179 autem
490 1153 541 1180 etsi
554 1158 646 1187 aperte
663 1152 759 1181 fuisset
773 1154 892 1181 dictum:

110 1199 163 1231 Qui
182 1206 234 1226 non
249 1205 263 1224 a
277 1205 331 1230 me,
349 1199 395 1226 sed
411 1205 426 1225 a
442 1198 522 1226 Patre
545 1199 684 1233 procedit;
698 1205 724 1227 et
737 1200 773 1227 ita
791 1201 827 1227 nil
846 1201 896 1227 nti—

111 1251 165 1272 nus
180 1244 279 1278 ambigi
296 1250 401 1279 posset.
430 1244 511 1272 Multa
528 1245 601 1272 enim
627 1246 812 1283 communium
828 1246 896 1274 dixit

112 1297 202 1325 neque
221 1297 249 1317 se
265 1289 375 1322 habere,
394 1297 485 1325 neque
504 1290 604 1318 facere.
621 1290 679 1318 Mea
694 1292 826 1326 doctrina,
845 1293 894 1325 ait,

112 1343 167 1363 non
185 1340 221 1363 est
237 1344 307 1367 mea,
319 1337 364 1364 sed
379 1336 470 1363 Putris
485 1337 520 1369 ";
535 1341 579 1364 et:
601 1336 661 1364 Non
677 1339 734 1365 veni
746 1338 834 1372 facere
849 1347 896 1366 uo-

111 1384 241 1410 luntatem
261 1391 357 1414 meam,
376 1383 419 1410 sed
431 1383 591 1410 voluntatem
599 1385 656 1419 ejus
670 1385 715 1419 qui
725 1385 796 1411 misit
809 1393 849 1412 me
865 1386 893 1412 ιδ.

113 1426 164 1453 Et:
192 1426 290 1453 Sedere
310 1434 326 1453 α
350 1427 450 1454 dextris
464 1432 487 1454 et
503 1436 517 1454 tl
543 1429 660 1456 sinistris
693 1430 766 1462 meis,
790 1438 840 1456 non
857 1437 895 1457 est

111 1480 198 1499 meum
212 1471 278 1498 dare
291 1472 371 1505 vobis,
383 1474 427 1499 sed
440 1473 479 1499 Itis
494 1473 587 1508 quibus
599 1480 721 1508 paratum
737 1480 775 1502 est
791 1484 806 1502 a
818 1474 896 1502 Patre

113 1526 170 1546 meo
184 1519 223 1550 ”;
239 1524 264 1546 et
279 1527 285 1546 :
300 1518 403 1546 Horam
430 1519 519 1551 illam,
540 1528 621 1555 neque
636 1520 722 1548 Filius
746 1523 828 1554 novit,
845 1523 896 1549 nisi

111 1565 186 1592 solas
202 1564 282 1592 Pater
305 1565 336 1592 ”.
361 1565 451 1598 Quare
465 1566 487 1593 si
510 1566 574 1593 illttd
589 1567 716 1595 similiter
744 1567 842 1596 fuisset
853 1568 896 1596 di-

113 1615 200 1642 ctum,
213 1615 286 1637 esset
299 1610 388 1638 adltuc
414 1611 492 1640 locus
510 1613 664 1648 ambigendi
680 1633 688 1646 ,
706 1622 739 1641 ne
752 1614 820 1641 forte
835 1623 896 1642 cuttt

114 1656 159 1683 itis
172 1663 253 1685 sensu
268 1655 369 1682 dictum
387 1656 481 1685 fuisset
501 1660 625 1693 quamvis
645 1667 801 1687 commune.

152 1702 202 1731 Ubi
221 1705 301 1739 igitur
324 1710 352 1732 et
372 1710 510 1733 assuetum
540 1710 582 1732 est
613 1705 723 1733 Christo
739 1707 897 1734 communia

113 1749 189 1777 Patri
205 1750 365 1782 attribuere,
382 1755 410 1777 et
425 1757 515 1785 neque
530 1751 723 1785 distinguendo
742 1752 811 1780 dixit
825 1761 833 1780 :
845 1753 895 1785 Qui

113 1803 129 1823 a
140 1795 200 1824 solo
217 1795 297 1823 Patre
311 1797 452 1831 procedit;
466 1804 563 1830 neque,
582 1796 660 1830 Quod
677 1805 730 1825 non
742 1806 757 1825 a
777 1799 897 1831 me;du~

114 1841 225 1868 ltitabile
245 1849 356 1876 prorsus
377 1846 403 1869 et
430 1843 588 1878 ambiguum
613 1843 738 1877 elIicitur,
762 1845 896 1878 quontodo

115 1887 185 1915 dixit
203 1887 255 1915 hoc
270 1887 415 1916 Salvator:
432 1892 523 1916 utrum
539 1893 569 1916 ut
581 1889 750 1924 intelligatur
767 1891 791 1918 id
809 1891 896 1920 solius

113 1933 202 1960 Patris
219 1934 357 1968 proprium
373 1941 444 1966 esse,
461 1943 496 1961 att
512 1935 608 1963 volens
626 1943 785 1968 commune,
797 1937 822 1963 id
841 1942 893 1970 est,

112 1979 164 2007 sibi
180 1984 206 2007 et
225 1979 313 2008 Patris
325 1980 439 2014 intelligi
455 1989 460 2006 :
477 1981 708 2015 quemadmodum
727 1987 754 2009 et
769 1982 821 2009 alia
835 1991 896 2017 quae

113 2025 240 2053 similiter
251 2026 285 2052 ab
302 2034 334 2053 eo
349 2026 423 2054 dicta
436 2031 510 2054 sunt.
536 2027 666 2054 Similiter
681 2032 708 2055 et
725 2029 751 2055 in
768 2028 896 2063 Symbolo

113 2072 186 2103 fidei.
201 2073 271 2106 quod
286 2072 425 2101 Nicatnum
441 2073 587 2100 concilium
601 2074 752 2108 inchoavit,
781 2081 807 2103 et
823 2076 896 2104 Con-

112 2119 385 2153 stantinopolitanunt
403 2119 613 2152 consummavit,
629 2120 725 2154 legitur
738 2119 846 2155 quidem
857 2121 894 2149 ita

112 2164 288 2199 simpliciter:
311 2165 363 2197 Qui
378 2172 410 2192 ea:
419 2164 498 2192 Patre
514 2166 641 2198 procedit.
659 2166 711 2193 Sed
729 2171 819 2193 utrum
836 2167 894 2194 ideo

112 2218 165 2238 non
178 2210 352 2242 addiderunt,
368 2217 392 2238 et
409 2219 441 2238 ex
461 2211 544 2244 Filio,
558 2212 689 2246 quoniam
712 2220 799 2246 neque
809 2214 898 2247 sapie-

113 2257 179 2284 bant
194 2257 245 2284 hoc
258 2257 308 2292 ipsi
321 2258 487 2293 synodorum
504 2258 612 2285 illarum
622 2258 727 2291 Patres,
742 2259 897 2287 nullatenus

113 2302 179 2329 mitti
198 2305 302 2330 certum
329 2307 414 2338 patet.

149 2347 271 2375 Primum
295 2348 368 2375 enim
394 2352 492 2384 praeter
505 2357 535 2376 ea
554 2350 760 2385 dogmata,qu:n
776 2351 802 2378 in
819 2350 897 2386 Sym-

113 2393 175 2421 boto
192 2398 268 2424 sunt,
282 2394 366 2420 multa
380 2399 446 2421 sunt
457 2399 484 2422 et
499 2395 552 2422 alia
565 2396 646 2424 nimis
657 2397 809 2425 necessaria
820 2399 853 2425 ad
866 2397 896 2425 ii-

112 2439 173 2467 dem
206 2439 344 2473 dogmata,
372 2444 399 2467 et
426 2440 460 2468 de
478 2439 541 2472 Deo,
565 2447 591 2468 et
608 2442 642 2469 de
664 2444 844 2477 providentia,
862 2444 896 2471 de

111 2483 218 2511 duabus
236 2485 341 2512 naturis
352 2489 378 2512 et
391 2485 576 2514 voluntatibus
592 2491 619 2514 et
636 2488 853 2521 operationibus,
865 2489 898 2516 de

112 2537 164 2557 una
194 2537 320 2564 persona,
348 2531 382 2557 de
408 2532 566 2566 poenitentia
582 2553 588 2565 ,
604 2533 638 2560 de
665 2535 898 2563 sacramentoEu-

111 2576 261 2607 charistite,
274 2577 307 2602 de
327 2584 379 2603 non
396 2584 457 2604 esse
474 2579 715 2612 praeexsistentiam
732 2580 897 2613 animarum,

111 2623 152 2650 vel
169 2623 333 2658 principium
356 2624 536 2652 sultstantiale
552 2625 697 2659 ntalorum,
713 2631 740 2653 et
754 2626 788 2653 de
803 2627 895 2654 multis

111 2669 183 2696 aliis.
610 2673 614 2678 '

144 2715 222 2743 Circa
248 2723 307 2751 quae
327 2716 390 2744 illos
413 2717 523 2751 quidem
549 2718 643 2747 Patres
675 2720 822 2748 verisimile
834 2726 893 2748 erat

145 2809 156 2823 "
174 2807 266 2834 Matth.
285 2816 329 2836 xv.
347 2810 389 2837 15.

109 2843 130 2858 ⁸³
146 2842 222 2869 Joan.
240 2851 274 2875 vt,
294 2844 337 2870 58.

441 2809 452 2825 ’
470 2808 550 2837 1mm.
578 2817 614 2839 vI.
644 2811 688 2838 ιι.

379 2845 399 2859 ¹⁵
415 2844 509 2872 Matth.
524 2853 569 2873 ax.
586 2845 632 2872 25.

739 2811 760 2827 ‘°
779 2810 856 2837 Juan.
873 2819 938 2841 xvtt,
955 2812 982 2838 3.

674 2847 693 2862 ι’
720 2847 814 2874 Matth.
832 2854 906 2878 XM",
924 2847 967 2874 5b".

942 238 1015 260 runt.
1038 232 1128 265 Quare
1137 235 1223 259 restat
1241 231 1388 266 ambigere,
1411 240 1445 259 nc
1469 232 1540 259 forte
1555 238 1581 259 et
1597 233 1647 259 ltoc
1662 232 1724 258 illo—

943 285 1003 306 rum
1017 278 1064 311 sit,
1081 285 1142 312 quae
1157 278 1184 305 in
1201 277 1325 313 symbolo
1340 277 1448 311 quidem
1460 284 1512 304 non
1530 277 1668 308 dicuntur,
1677 278 1728 304 ali-

945 329 984 352 ter
995 331 1059 352 vero
1074 323 1108 351 ab
1121 323 1164 351 his
1172 323 1331 351 creduntur.
1344 323 1503 357 Quanquam
1516 329 1626 350 sanctus
1642 323 1728 351 Atha-

944 371 1050 402 nasius.
1070 375 1098 398 et
1113 377 1226 405 magnus
1247 369 1374 401 Basilius,
1391 374 1417 396 et
1432 370 1514 397 frater
1528 370 1588 404 ejus
1601 390 1609 402 ,
1626 376 1671 405 qut
1685 371 1726 396 di-

944 421 1045 443 cuntur
1064 417 1221 444 interfuisse
1233 417 1370 451 praadictis
1381 416 1515 449 eunt-iliis,
1532 417 1674 444 manifeste
1687 417 1726 443 vi-

944 461 1043 487 dentur
1058 460 1188 495 idipsum,
1204 461 1276 495 quod
1290 461 1380 488 Latini
1398 461 1503 492 dicunt,
1522 462 1667 495 sapientes.
1685 463 1725 488 Att

945 506 1017 533 dicet
1033 506 1133 540 aliquis
1148 510 1277 540 corrupta
1294 513 1354 534 esse
1370 507 1464 532 borum
1484 506 1602 540 scripta?
1617 506 1662 533 sed
1677 513 1727 540 ego

944 557 972 579 et
995 551 1047 579 ltoc
1067 551 1171 579 incerto
1194 551 1356 584 exsistcute,
1383 552 1481 578 merito
1495 551 1588 586 utique
1607 552 1727 587 ambigo.

983 597 1083 625 Deinde
1097 604 1187 632 neque
1209 597 1260 624 hoc
1279 602 1461 624 servaverunt
1474 598 1586 624 omnino
1602 597 1630 624 in
1648 597 1728 632 Synt-

946 644 1018 677 bolo,
1034 649 1063 672 ut
1078 644 1232 670 contmuttia
1252 644 1334 670 trium
1354 651 1532 678 personarum
1546 644 1586 670 vel
1613 644 1728 671 duarqu

946 690 1086 725 assignent
1113 695 1141 718 ut
1160 691 1326 722 communia,
1344 692 1450 725 propria
1466 698 1530 718 vero
1549 691 1607 718 sola
1623 691 1730 718 unicui-

947 744 1000 771 que
1024 736 1187 768 attribuant,
1202 736 1248 763 sed
1268 743 1284 762 e
1303 738 1441 763 contrario
1462 737 1488 762 in
1506 737 1599 764 multis
1618 741 1731 771 propter

947 781 1154 815 compcndiutn,
1183 785 1213 808 ut
1235 781 1350 813 aestimo,
1370 780 1502 808 iecerunt.
1520 781 1587 808 Nam
1602 780 1732 816 Omnipo-

949 831 1008 854 tens
1022 834 1085 854 cum
1110 831 1183 854 esset
1211 834 1369 859 commune,
1386 827 1494 854 Patrem
1514 830 1730 861 omnipotentem

949 873 1082 907 dicentes,
1113 872 1182 900 Filio
1208 873 1250 900 vel
1266 873 1378 906 Spiritui
1396 873 1447 900 hoc
1470 880 1524 900 non
1547 873 1691 901 dederunt.
1712 872 1731 900 E

947 926 1080 947 converso
1095 926 1159 946 vero
1173 919 1206 946 de
1222 918 1339 945 Domino
1354 918 1488 951 fecerunt,
1506 918 1604 945 Filium
1628 924 1655 946 et
1671 919 1732 953 Spi-

946 963 1030 991 ritum
1043 964 1187 991 Dominum
1198 964 1337 992 dicentes:
1358 965 1422 992 item
1443 964 1529 993 factor
1543 965 1651 999 qutdem
1670 972 1732 991 omo

948 1010 1023 1036 ttium
1051 1009 1169 1044 Spiritus
1186 1013 1296 1037 sanctus
1318 1013 1372 1042 est,
1388 1009 1435 1037 sed
1452 1010 1505 1037 hoc
1527 1010 1602 1037 Patri
1621 1015 1647 1037 et
1663 1009 1732 1037 Filio

949 1057 1109 1090 tribuentes,
1134 1057 1167 1085 de
1195 1056 1299 1092 Spiritu
1324 1058 1393 1086 nihil
1420 1059 1517 1086 horum
1547 1059 1683 1088 dixerunt.
1712 1059 1733 1086 E

948 1111 1080 1131 converso
1102 1111 1166 1132 vero
1187 1104 1366 1132 vivificantem
1393 1112 1466 1137 esse,
1483 1109 1510 1132 et
1530 1105 1651 1139 locutum
1672 1113 1733 1133 esse

948 1157 995 1184 per
1012 1150 1171 1184 prophetas,
1181 1158 1241 1177 cum
1252 1155 1344 1178 essent
1354 1151 1519 1183 commttnia,
1533 1159 1586 1178 non
1601 1151 1675 1178 Patri
1692 1152 1731 1179 vel

948 1195 1027 1230 Filio,
1054 1197 1100 1224 Sed
1118 1196 1231 1230 Spiritui
1246 1197 1432 1224 reddiderunt.
1446 1197 1550 1225 Rursus
1565 1205 1626 1225 esse
1639 1198 1730 1226 lumen

948 1242 982 1268 de
996 1242 1108 1274 lumine,
1121 1248 1146 1268 et
1163 1242 1247 1269 Deum
1265 1250 1356 1270 verum
1371 1243 1405 1270 de
1425 1243 1478 1270 Deo
1495 1251 1558 1271 vero
1572 1245 1731 1272 contmunia

949 1292 1013 1315 sunt
1032 1287 1091 1314 Filii
1103 1293 1128 1315 et
1137 1287 1255 1322 Spiritus
1269 1297 1276 1315 :
1292 1289 1328 1315 illi
1342 1297 1406 1316 vero
1416 1290 1449 1317 de
1460 1288 1540 1322 Filio,
1553 1297 1608 1318 non
1624 1291 1658 1318 de
1670 1291 1733 1325 Spi—

949 1333 1002 1360 ritu
1021 1334 1077 1362 hzec
1090 1334 1228 1361 dixerunt.
1246 1334 1313 1367 Quis
1331 1335 1413 1370 igitur
1431 1335 1516 1369 novit,
1536 1336 1609 1370 quod
1626 1344 1678 1364 non
1693 1337 1734 1364 si-

950 1381 1049 1408 militer
1073 1389 1217 1409 commune
1243 1381 1332 1409 Patris
1357 1387 1385 1410 et
1410 1381 1469 1409 Filii
1504 1384 1641 1417 sapientes
1659 1392 1733 1415 esse.

949 1426 1021 1459 quod
1036 1434 1069 1454 ex
1097 1427 1137 1455 eis
1152 1427 1272 1461 Spiritus
1289 1433 1401 1456 sanctus
1418 1429 1551 1463 procedit,
1571 1430 1638 1457 satis
1655 1435 1734 1465 puta-

950 1476 1048 1499 verunt
1067 1472 1117 1499 ltoc
1132 1479 1232 1506 ponere
1249 1473 1276 1499 itt
1296 1473 1396 1501 Patre?
1407 1475 1460 1509 Ego
1470 1476 1542 1502 enittt
1555 1483 1588 1503 ex
1604 1477 1655 1504 hoc
1668 1485 1735 1504 neu-

950 1520 1021 1543 trum
1040 1516 1165 1544 concludi
1190 1517 1347 1552 considero,
1366 1526 1453 1553 neque
1467 1521 1540 1554 quod
1556 1528 1590 1548 ex
1608 1522 1666 1549 solo
1685 1521 1736 1548 Pa-

951 1569 993 1591 tre
1005 1571 1092 1598 neque
1104 1563 1176 1598 quod
1187 1572 1219 1591 ex
1233 1563 1302 1592 Filio
1316 1566 1446 1598 procedit,
1467 1567 1536 1594 sicut
1547 1575 1634 1602 neque
1645 1568 1678 1596 de
1688 1569 1734 1596 illo

951 1610 1076 1640 superius
1101 1616 1315 1638 commemorato
1331 1613 1578 1646 evangelicodicto.

986 1655 1038 1683 Sed
1058 1659 1084 1682 et
1099 1656 1180 1683 nimis
1205 1657 1290 1683 miror
1306 1657 1340 1684 de
1359 1658 1424 1691 illis,
1440 1659 1487 1693 qui
1507 1666 1612 1687 certum
1630 1662 1733 1696 aliquid

950 1707 1048 1737 putant
1060 1710 1089 1730 se
1108 1710 1141 1730 ex
1167 1703 1208 1741 his
1225 1704 1342 1732 haltere:
1362 1705 1396 1732 de
1421 1706 1531 1741 scriptis
1546 1715 1612 1735 vero
1625 1715 1735 1737 sancto-

950 1756 1009 1777 I'Unl
1025 1734 1319 1782 nostrorumﬁ’atrum,
1336 1758 1399 1785 quae
1412 1752 1445 1779 ad
1471 1760 1547 1780 meas
1562 1761 1659 1782 manus
1673 1763 1736 1790 ρετ-

950 1799 1098 1828 venerunt,
1115 1796 1198 1823 trittnt
1214 1796 1269 1823 vidi
1284 1797 1367 1828 dicta,
1385 1805 1446 1832 quae
1473 1799 1600 1827 videtttur
1616 1802 1737 1835 praebere

949 1842 981 1868 ad
997 1841 1162 1876 propositum
1175 1842 1292 1876 aliquant
1308 1842 1493 1871 difﬁcultatem
1509 1853 1515 1872 :
1537 1847 1623 1874 sancti
1639 1847 1735 1883 Diony-

948 1887 981 1914 sii
1002 1887 1180 1923 Areopagitae,
1190 1893 1217 1915 et
1231 1889 1319 1916 sancti
1330 1889 1464 1924 Gregorii.
1476 1895 1506 1917 et
1519 1893 1607 1920 sancti
1622 1891 1736 1921 Joannis

950 1933 1119 1962 Damasceni.
1129 1933 1177 1961 Ubi
1190 1940 1302 1962 sattctus
1318 1935 1427 1969 quidem
1442 1930 1584 1972 Dionysius
1595 1939 1632 1966 ait
1647 1940 1734 1967 solum

949 1988 1007 2008 esse
1016 1980 1115 2008 fontem
1123 1982 1391 2016 supcrsuhstantialis
1402 1982 1512 2011 Deitatis
1521 1984 1638 2013 Patrem.
1648 1986 1735 2015 Tltcoo

950 2026 1026 2061 logtts
1043 2035 1106 2054 vero
1124 2029 1262 2062 geminum
1290 2029 1394 2056 radium
1407 2029 1496 2058 Patris
1507 2032 1631 2060 nominat
1639 2033 1734 2060 Filium

949 2079 975 2101 et
986 2073 1116 2108 Spiritum
1126 2078 1260 2102 sanctum.

985 2121 1168 2148 Damasccnus
1192 2129 1255 2149 vere
1273 2122 1350 2154 dicit,
1366 2123 1439 2157 quod
1458 2123 1578 2157 Spiritus
1600 2132 1651 2152 non
1666 2125 1734 2152 diei-

950 2171 994 2193 tur
1013 2174 1045 2192 ex
1065 2166 1143 2194 Filio.
1159 2167 1196 2194 De
1222 2168 1322 2202 quibus
1345 2169 1409 2196 illud
1437 2170 1554 2204 primum
1579 2171 1735 2203 considero,

952 2213 1022 2247 quod
1038 2213 1088 2240 etsi
1116 2214 1319 2248 apertissimum
1335 2220 1418 2248 esset,
1443 2216 1517 2250 ipsos
1533 2224 1581 2249 per
1595 2217 1652 2245 haec
1662 2218 1735 2245 dicta

951 2266 1056 2292 sapere,
1075 2259 1148 2294 quod
1161 2259 1280 2294 Spiritus
1291 2267 1403 2289 sanctus
1422 2270 1454 2289 ett
1472 2262 1534 2289 solo
1548 2263 1626 2290 Patre
1640 2271 1735 2298 prore-

951 2304 999 2335 dil,
1013 2309 1039 2332 et
1054 2312 1118 2338 non,
1138 2311 1165 2332 et
1175 2313 1206 2332 ex
1214 2305 1305 2339 Filio;
1322 2311 1442 2335 nondum
1463 2308 1514 2336 hoc
1526 2317 1573 2343 per
1588 2310 1734 2336 concilium

950 2350 1074 2384 generale
1089 2358 1216 2386 expresse
1235 2354 1399 2380 examinato
1410 2359 1436 2380 et
1449 2355 1620 2385 ccutirntato.
1632 2355 1734 2382 nullum

950 2400 1022 2424 essu
1044 2399 1289 2431 proptereamdem
1315 2401 1421 2434 utique,
1447 2408 1528 2435 quant
1540 2407 1567 2428 et
1579 2401 1734 2436 priusdixi,

949 2450 1073 2473 causam.
1093 2443 1163 2471 nolle
1178 2446 1292 2473 credere
1305 2446 1474 2481 periculum:
1494 2452 1521 2475 et
1539 2455 1599 2475 cutn
1618 2447 1660 2475 Itis
1674 2447 1733 2481 plu-

950 2488 1025 2516 ribus
1039 2490 1140 2517 sanctis
1155 2493 1324 2520 contrarium
1340 2494 1507 2527 dicentibus,
1523 2499 1552 2522 et
1569 2494 1736 2529 explicanti—

952 2535 1015 2567 btts,
1031 2540 1055 2562 et
1078 2535 1158 2562 latius
1183 2538 1322 2571 proltlcma
1349 2539 1561 2568 discutientibus
1575 2542 1736 2571 .sictttsau-

949 2585 1010 2608 ctus
1026 2581 1206 2616 Augustinus,
1225 2587 1252 2610 ct
1264 2590 1376 2611 sanctus
1388 2584 1667 2622 Cyrillusnnultaqne
1690 2586 1736 2612 ha-

950 2627 1075 2654 bentibus
1093 2627 1125 2654 de
1146 2634 1240 2655 sancta
1253 2629 1392 2663 Scriptura
1414 2631 1498 2663 dicta,
1519 2640 1572 2659 non
1590 2633 1731 2659 min'mam

948 2673 1131 2706 suspicionem
1156 2675 1304 2708 pragltentia
1325 2676 1406 2709 hujus
1429 2678 1575 2711 dogmatis.
1593 2677 1625 2704 Et
1642 2677 1732 2704 aditur.

948 2725 1034 2745 matre
1049 2719 1171 2746 omnium
1197 2721 1393 2752 Ecclesiarum,
1413 2730 1472 2756 quae
1486 2731 1625 2758 nunquam
1651 2730 1732 2757 supe—

1021 2812 1039 2827 ¹¹
1058 2812 1151 2840 Matth.
1168 2821 1206 2846 ιι,
1218 2814 1263 2841 27.

1312 2814 1334 2829 ”
1350 2812 1414 2840 ibid.
1458 2812 1478 2829 ¹³
1503 2812 1581 2840 Joan.
1613 2821 1657 2847 ttt,
1690 2812 1734 2842 18⁸
