1868 3069
156 143 166 175 i
173 143 223 174 3.95

785 140 975 171 DEME’I‘RII
995 141 1152 173 CYDONlI

1708 140 1779 173 1216

153 200 273 227 rioribus
288 197 458 233 temporibus
474 197 644 232 deprehensa
656 202 698 224 est
715 197 835 232 aliquam
851 199 936 226 lizere-
949 204 974 234 Α
989 199 1046 226 Hoc
1062 206 1115 225 non
1131 198 1243 231 dicitur,
1260 203 1287 226 et
1300 218 1309 230 ,
1326 197 1384 226 Hoc
1401 205 1454 226 non
1474 202 1516 226 est
1531 206 1539 232 ;
1556 197 1583 225 in
1599 198 1693 225 multis
1708 200 1780 226 enim

153 247 203 273 sint
219 245 374 277 defendi-re,
390 243 505 277 idipsnm
517 243 680 269 afﬁrmante.
696 243 786 275 Quid?
799 244 889 278 potius
900 244 943 272 his

154 292 242 318 tribus
254 291 418 317 credendum
433 290 496 320 erit.
509 289 594 317 semel
609 290 659 316 hoc
667 289 822 316 dicentibus
834 294 860 317 et
869 289 943 318 Scri-

151 343 293 373 pturarum
303 336 455 364 testimonia
465 335 637 370 hnjusipsius
647 335 757 363 minime
769 336 943 364 habentibus?

191 380 293 409 Deinde
319 381 478 416 huiusmodi
495 381 567 408 dicta
594 381 778 416 penitussunt
799 381 939 416 ambigua.

152 430 185 456 Et
197 433 227 456 ut
244 427 364 463 primum
377 427 411 454 de
423 427 512 462 primo
525 427 629 458 dicam,
646 427 773 461 quoniam
785 427 807 454 si
821 427 940 461 Spiritus

153 480 266 502 sanctus
288 474 407 507 procedit
431 479 458 501 et
488 481 519 501 ex
541 473 620 507 Filio,
635 472 719 501 Filius
738 474 790 501 hoc
812 474 893 501 habet
907 481 940 501 ex

151 520 245 552 Patre,
255 526 282 548 et
293 519 374 547 Pater
387 525 428 547 est
441 519 528 552 Fons,
539 520 586 554 qui
604 527 659 546 non
670 527 702 547 ex
716 519 769 547 alio
783 520 890 552 habeat,
907 524 938 547 ut

153 567 189 594 sit
206 567 290 599 Fons,
305 567 345 593 vel
360 573 392 594 ex
415 567 469 593 alio
481 571 609 594 emanat:
626 565 711 594 Filius
722 573 787 593 vero
813 566 840 592 tit
856 565 938 593 veluti

154 613 221 640 fons
247 614 280 640 de
306 613 390 645 fonte,
420 612 650 647 quemadmodum
674 617 701 639 et
726 611 889 646 principium
906 611 939 638 de

150 659 289 693 principio
298 659 412 691 dicitur,
428 659 564 685 incertum
585 665 699 693 prorsus
732 658 770 690 tit,
784 665 839 692 quo
853 665 936 685 sensu

154 706 205 731 hoc
221 704 291 730 dixit
307 704 351 731 ille
363 710 475 732 sanctus
486 713 493 731 :
506 710 597 731 utrum
614 704 737 738 sapiens,
752 705 815 738 quia
826 712 859 731 ex
878 704 937 731 solo

150 749 239 777 ‘l‘atre
257 751 380 784 procedit
403 750 532 785 Spiritus,
552 757 585 776 an
602 755 628 776 et
646 757 677 776 ex
695 749 762 777 Filio
775 750 881 784 quidem
896 751 936 785 ip-

150 803 215 822 sum
230 797 348 830 sapiens.
367 796 465 824 Dicens
480 803 546 824 vero
563 796 629 823 illud
647 796 770 829 verbum,
785 803 816 822 ae
831 796 854 823 si
864 796 937 823 dice-

153 849 207 877 ret,
221 843 297 870 Solus
311 842 373 869 fons
386 840 660 876 snpersubstantialis
677 841 801 874 Deitatis,
817 842 864 876 qui
881 849 934 868 non

995 245 1138 276 dissonat,
1154 253 1217 272 cum
1242 245 1295 272 sint
1326 245 1410 272 multa
1438 252 1499 279 qua:
1518 252 1571 272 non
1598 245 1782 278 dicuntur,et

994 295 1068 318 sunt.
1086 289 1165 323 Yelnt
1176 291 1197 318 si
1213 290 1275 326 quis
1289 291 1398 323 dixerit,
1414 289 1546 325 Spiritum
1578 296 1706 318 sanctum
1729 298 1781 318 non

994 335 1047 363 diei
1077 336 1103 363 in
1120 335 1280 371 Scriptura:
1297 336 1381 362 Deum
1393 343 1481 363 verum
1509 336 1542 362 de
1554 335 1607 363 Deo
1623 344 1695 364 vero.
1713 336 1784 371 Ergo

993 382 1120 416 quoniam
1153 382 1336 409 Damascenus
1368 389 1423 408 non
1455 381 1544 413 dixit,
1564 382 1637 416 quod
1660 381 1784 416 Spiritus

993 432 1104 454 sanctus
1115 435 1168 454 non
1189 433 1230 455 cst
1258 435 1290 455 ex
1321 427 1398 459 Filio,
1430 427 1566 462 sedquod
1594 435 1651 454 non
1682 428 1784 455 dicitur

991 480 1024 500 ex
1035 472 1116 503 Filio.
1130 474 1262 500 incertum
1273 475 1366 509 utique
1380 478 1421 502 est
1436 474 1499 508 quid
1514 474 1548 501 de
1562 474 1614 501 hoc
1626 475 1781 502 sentiebat:

992 522 1083 545 utrum
1110 524 1213 546 tantum
1245 527 1334 554 neque
1356 524 1429 552 eute,
1441 527 1528 553 neque
1551 520 1643 550 dicto,
1670 527 1705 546 an
1724 526 1784 548 tan-

988 557 1072 598 quaui
1086 572 1139 591 non
1153 564 1235 597 dicto,
1255 569 1282 592 at
1294 569 1366 592 ente.
1396 565 1447 593 Sed
1467 565 1502 592 de
1528 565 1570 592 his
1583 565 1653 593 satis
1671 566 1721 592 sit.

1026 609 1173 639 Videamus
1189 619 1252 647 ergo
1269 618 1296 639 et
1312 612 1476 639 fortissimos
1491 611 1525 638 ad
1540 614 1591 640 hoc
1614 619 1714 639 eorum
1729 611 1781 646 syl-

990 656 1132 691 logismos.
1162 658 1301 692 Exponam
1327 662 1416 685 autem
1444 665 1492 685 eos
1518 665 1572 685 non
1599 665 1660 685 mea
1691 658 1784 685 erudi-

989 704 1073 734 tione.
1082 703 1129 731 sed
1142 709 1169 731 ut
1181 704 1213 731 de
1223 704 1305 731 verbo
1318 705 1350 731 ad
1365 704 1477 731 verbum
1486 711 1533 731 eos
1545 704 1660 738 exponit
1671 704 1781 739 quidam

988 752 1141 775 nostrarum
1158 749 1324 783 sapientum,
1342 749 1368 776 in
1385 756 1435 776 suo
1460 753 1555 777 contra
1586 749 1703 777 Latinos
1728 754 1782 776 tra-

989 798 1076 821 ctatu.
1094 794 1139 821 Ait
1152 795 1226 822 enim
1240 794 1280 822 sic
1295 803 1302 822 :
1321 793 1349 822 Si
1364 794 1484 829 Spiritus
1500 800 1613 823 sanctus
1621 796 1749 831 procedit
1758 802 1784 824 et

987 848 1020 867 ex
1048 839 1128 874 Filio,
1156 846 1185 868 ut
1211 842 1288 868 aiunt
1315 841 1426 874 Latini,
1446 841 1579 877 contingit
1611 843 1782 876 necessario,

147 894 262 917 emanat
284 896 317 916 ex
343 888 400 915 alio
432 887 508 914 fonte
520 907 528 920 ,
544 891 572 914 et
593 894 625 913 ex
643 894 696 921 quo
715 886 786 914 alius
801 886 893 918 habet,
912 892 940 914 ut
954 887 977 917 B
992 892 1039 913 aut
1053 887 1108 914 duo
1121 887 1252 922 principia
1277 894 1339 915 esse
1354 888 1381 914 in
1407 887 1531 916 Deitate:
1548 893 1596 915 aut
1622 887 1736 916 Patrem
1757 896 1783 920 (ιι

153 936 189 963 sit
198 935 272 966 ‘i'ons.
290 934 370 962 Pater
384 937 436 966 est,
455 933 525 968 apud
542 941 622 968 quem
638 937 681 960 est
699 932 770 965 fons,
783 932 878 965 Filius,
894 932 935 960 vi-

149 986 199 1014 tae,
213 981 320 1009 scilicet
345 979 478 1014 Spiritus.
501 979 541 1006 Ad
558 982 703 1012 utrumque
727 978 799 1005 enim
825 985 936 1006 sensum

151 1030 221 1057 satis
237 1037 266 1057 se
281 1032 370 1063 potest
383 1028 484 1054 habere
506 1025 572 1053 illud
586 1025 707 1052 verbum.

190 1074 336 1102 Bursnsde
352 1073 462 1108 gemino
484 1071 571 1099 radio.
595 1070 686 1098 Primo
702 1070 811 1105 quidem
828 1070 936 1098 dubita-

150 1127 199 1149 tur
214 1121 258 1148 ille
271 1127 372 1151 sermo,
392 1119 419 1146 in
443 1126 497 1154 quo
515 1119 568 1145 hoc
581 1118 713 1153 scriptum
727 1122 779 1149 est,
797 1122 888 1144 utrum
901 1117 937 1144 sit

152 1166 304 1201 Theologi,
335 1165 450 1192 multum
487 1164 560 1191 enim
587 1163 672 1190 distat
698 1163 732 1190 ab
760 1163 820 1198 ejus
845 1163 937 1198 stylo:

150 1214 249 1241 deinde
263 1212 330 1239 nihil
346 1211 472 1247 prohibet
499 1214 526 1238 et
540 1214 655 1244 utraque
673 1209 795 1244 intelligi,
813 1214 838 1236 et
852 1209 938 1244 gemi-

151 1268 219 1288 num
251 1259 356 1286 radium
383 1265 444 1285 esse
460 1256 549 1284 Patris
580 1256 678 1283 Filium
691 1261 719 1283 et
731 1256 876 1290 Spiritum,
907 1256 934 1283 in

149 1311 285 1340 quantum
312 1303 431 1339 perfecte
445 1309 473 1330 et
494 1303 576 1330 ambo
593 1310 627 1329 ex
654 1301 735 1328 Patre
750 1301 850 1328 habent
866 1309 937 1329 esse.

152 1353 188 1380 Et
205 1359 302 1380 rursus
320 1350 452 1386 Spiritum
469 1353 496 1376 et
510 1356 541 1376 ex
563 1347 631 1375 Filio
658 1348 815 1383 prooedere,
844 1347 938 1374 eadem

150 1406 208 1426 «illa
222 1403 248 1425 et
258 1396 376 1431 simplici
390 1394 576 1430 processione,
588 1401 640 1429 qua
656 1398 683 1420 et
695 1401 727 1420 ex
743 1392 824 1420 Patre
842 1400 940 1427 proce-

150 1445 204 1476 ‘dit,
223 1452 276 1470 una
291 1443 439 1469 uxsistente
467 1441 494 1468 in
515 1440 594 1468 Patre
609 1443 637 1467 et
659 1439 727 1466 Filio
745 1439 874 1474 spirativa
892 1445 940 1473 po-

152 1490 243 1517 tentia
255 1509 262 1520 .
274 1489 351 1516 nullo
368 1487 502 1519 mirando,
516 1487 541 1514 si
557 1487 583 1514 in
603 1485 754 1513 visibilibus
767 1484 850 1512 radiis
859 1484 940 1518 hujus

151 1534 310 1569 exemplum
338 1539 392 1560 non
420 1532 537 1559 videtur.
564 1530 700 1558 Incertum
718 1537 783 1564 ergo
799 1530 827 1557 [lt
842 1537 873 1557 ex
891 1530 940 1557 hoc

151 1582 250 1611 verbo,
263 1579 393 1614 quidnam
410 1578 456 1613 qni
470 1578 521 1605 hoc
535 1577 615 1608 dixit,
627 1577 660 1604 de
677 1578 817 1611 proposito
834 1576 938 1604 sentie-

155 1627 212 1653 bat.
230 1625 261 1652 Et
277 1625 394 1652 maxime
409 1625 481 1658 quod
497 1624 555 1658 ipse
569 1622 724 1658 Theologus
747 1622 840 1650 dicens
855 1622 887 1649 de
897 1622 941 1649 Fi-

151 1672 202 1704 lio,
228 1671 300 1706 quod
317 1671 391 1698 solus
405 1670 438 1697 de
455 1670 531 1702 solo;
551 1669 584 1696 de
595 1676 648 1704 quo
667 1675 747 1696 nemo
773 1672 832 1696 erat
847 1668 939 1702 suspi-

156 1723 287 1748 caturus,
303 1724 336 1744 ne
355 1716 423 1743 forte
436 1714 585 1742 secundum
610 1714 754 1764 Deita‘etn,
769 1721 822 1741 non
834 1721 866 1740 ex
881 1713 940 1741 solo

153 1766 196 1792 sit
211 1763 300 1791 Patre.
317 1763 355 1790 De
371 1761 473 1797 Spiritu
490 1765 585 1788 sancto
614 1759 748 1795 nusquam
771 1760 828 1787 ait:
844 1759 938 1787 Solum

148 1812 191 1839 de
203 1811 272 1838 solo.
289 1810 331 1836 Ἐκ
348 1816 402 1844 quo
419 1816 470 1835 non
483 1815 594 1843 parvam
612 1806 798 1842 suspicionem
815 1811 938 1840 prastat,

147 1865 191 1884 tne
206 1857 274 1884 ferte
290 1860 316 1884 et
330 1863 364 1883 ex
380 1854 450 1882 Filio
468 1854 566 1881 sentiat
585 1853 684 1887 ipsum.

194 1903 377 1930 Damascenus
392 1909 456 1930 vero
470 1907 538 1936 pene
558 1901 665 1928 videtur
676 1900 735 1927 sola
750 1906 815 1927 voce
839 1899 942 1926 discre—

148 1958 223 1984 tpare
239 1949 337 1980 abhis,
358 1948 404 1982 qui
421 1939 515 1974 dicunt
535 1954 568 1974 ex
593 1946 661 1973 Filio
675 1945 803 1980 Spiritum
816 1951 940 1973 sanetum

157 1995 312 2029 procedere,
328 2002 380 2021 non
390 1998 479 2020 tamen
491 1998 517 2021 et
526 2001 564 2021 re.
576 1994 615 2019 ita
628 2000 658 2019 se
667 1992 767 2019 habere
776 1991 810 2019 ad
823 1991 942 2024 Patrem,

152 2042 255 2070 Filium
273 2045 298 2068 et
321 2040 462 2076 Spiritum,
490 2039 720 2074 quemadmodum
745 2037 779 2064 ad
808 2037 893 2065 solem
913 2044 943 2064 se

158 2090 240 2116 habet
255 2087 348 2114 radius
362 2091 389 2113 et
403 2085 568 2113 illuminatio
581 2093 588 2111 :
605 2092 665 2119 quae
697 2088 812 2118 utraque
832 2083 942 2117 quidem

153 2139 222 2162 sunt
235 2142 268 2161 ex
285 2133 352 2161 sole.
363 2132 415 2160 Per
427 2132 532 2160 radium
549 2137 613 2158 vero
625 2131 704 2157 nobis
716 2129 941 2156 iiluminaliouem

151 2181 226 2208 tradi
240 2181 286 2208 ait.
305 2182 338 2206 At
358 2187 422 2206 vero
438 2179 554 2212 idipsum
577 2184 652 2212 vpene
670 2181 723 2209 est,
749 2180 775 2202 et
791 2175 862 2210 quod
880 2182 942 2203 scn-

990 932 1088 960 Filium
1115 941 1196 960 unam
1231 942 1293 962 esse
1319 939 1444 969 respectu
1471 934 1590 970 Spiritus
1620 943 1780 970 personam.

989 979 1061 1006 Duas
1075 979 1148 1006 enim
1174 979 1276 1007 scimus
1292 979 1459 1008 diﬂerentias
1482 987 1577 1008 eorum
1600 989 1665 1015 qua:
1679 981 1713 1008 de
1727 981 1780 1009 Deo

988 1024 1129 1052 dicuntur.

1023 1071 1083 1098 Alia
1099 1072 1169 1098 enim
1187 1076 1251 1099 sunt
1265 1079 1359 1100 eorum
1373 1073 1564 1100 substantialia
1592 1077 1621 1100 et
1632 1073 1778 1105 naturalia,

989 1124 1165 1151 qua-cunque,
1173 1122 1198 1144 et
1210 1118 1318 1145 divisim
1329 1119 1361 1145 de
1371 1119 1492 1152 qualibet
1503 1126 1620 1154 persona
1630 1119 1781 1153 praedican-

991 1167 1046 1195 tur.
1057 1167 1083 1190 et
1094 1163 1268 1197 singulariter
1292 1164 1372 1190 simul
1392 1164 1425 1191 de
1449 1163 1714 1197 tribus;utbonum,
1737 1172 1778 1192 sa-

989 1210 1067 1243 piens
1080 1214 1105 1236 et
1122 1209 1236 1237 slmilia.
1252 1209 1311 1236 Alia
1328 1214 1393 1237 sunt
1407 1210 1558 1245 personalia
1570 1231 1576 1243 ,
1589 1218 1709 1244 quorum
1725 1211 1778 1238 siu-

989 1255 1081 1288 gulum
1102 1260 1148 1283 aut
1163 1256 1194 1283 de
1207 1263 1260 1283 una
1274 1256 1330 1282 sola
1349 1263 1464 1290 persona
1482 1256 1669 1290 praedicatur,
1685 1261 1732 1283 aut
1755 1257 1777 1284 si

990 1301 1156 1335 praedicatur
1187 1301 1296 1329 divisim
1320 1303 1353 1329 de
1382 1301 1515 1336 pluribus,
1538 1302 1711 1336 impossibile
1740 1307 1777 1329 ta-

990 1356 1050 1376 men
1071 1353 1130 1381 est,
1143 1348 1226 1376 simul
1242 1348 1416 1383 singulariter
1438 1348 1472 1375 de
1491 1348 1595 1376 eisdem
1626 1348 1775 1383 pradicari.

991 1391 1027 1419 Ut
1040 1400 1166 1420 emanare
1180 1400 1213 1419 ex
1226 1392 1290 1424 alio,
1306 1400 1367 1419 cum
1389 1392 1423 1419 sit
1445 1392 1598 1427 personale,
1614 1393 1777 1427 praedicatur

993 1443 1020 1466 et
1032 1438 1063 1464 de
1078 1438 1158 1471 Filio,
1175 1443 1202 1466 et
1215 1439 1247 1466 de
1267 1438 1370 1473 Spiritu
1387 1448 1394 1470 ;
1409 1443 1436 1465 et
1453 1442 1495 1465 est
1521 1437 1606 1465 Filius
1633 1445 1775 1470 emanans,

991 1489 1019 1512 et
1055 1483 1172 1518 Spiritus
1192 1492 1344 1517 emanans;
1370 1492 1424 1512 non
1448 1489 1537 1511 tamen
1568 1484 1596 1511 hi
1623 1485 1678 1511 duo
1707 1492 1776 1511 unus

991 1538 1123 1558 emanans
1144 1536 1195 1563 est,
1213 1530 1259 1558 sed
1289 1531 1343 1558 duo
1359 1534 1529 1558 emanantes.
1541 1529 1611 1557 Vere
1630 1530 1705 1557 enim
1726 1530 1778 1557 im-

993 1577 1124 1612 possibile
1147 1582 1198 1607 est,
1218 1584 1297 1603 unam
1326 1576 1498 1611 personalem
1525 1575 1722 1610 proprietatem
1745 1576 1777 1603 de

992 1624 1098 1651 duabus
1126 1623 1272 1658 personis.
1293 1622 1401 1650 etiamsi
1426 1622 1481 1650 sint
1503 1621 1626 1656 ejusdem
1651 1622 1779 1650 substan-

993 1667 1046 1699 tiae,
1061 1667 1235 1702 singulariter
1252 1666 1404 1701 praedicari.

1027 1715 1157 1748 Quamvis
1172 1715 1244 1742 enim
1265 1715 1348 1749 aliqui
1360 1714 1415 1742 duo
1428 1714 1498 1742 idem
1525 1714 1652 1747 audiunt,
1681 1714 1723 1742 vel
1739 1714 1778 1741 ri-

991 1762 1065 1795 dent,
1087 1762 1127 1790 vel
1143 1762 1308 1796 intelligunt,
1335 1762 1377 1789 vel
1395 1761 1500 1793 volunt,
1526 1761 1568 1788 vel
1592 1761 1777 1796 quodcunque

992 1812 1094 1842 agunt:
1115 1811 1269 1834 nontamen
1288 1813 1434 1841 possumus
1452 1806 1627 1841 dicere,qnod
1647 1813 1720 1833 unus
1733 1813 1779 1832 au-

992 1852 1079 1881 diens.
1093 1851 1134 1879 vel
1154 1851 1260 1885 videns,
1281 1851 1324 1878 vel
1349 1851 1512 1885 intelligens,
1537 1851 1579 1878 vel
1601 1851 1698 1883 volens
1719 1856 1776 1884 est,

992 1899 1038 1925 sed
1054 1898 1120 1924 duo.
1139 1896 1209 1932 Ergo
1229 1897 1359 1932 quoniam
1377 1904 1440 1925 esse
1466 1896 1631 1931 principium
1651 1896 1778 1931 Spiritus,

992 1948 1020 1971 et
1035 1944 1139 1978 spirare
1163 1943 1308 1978 Spiritum,
1334 1950 1388 1970 non
1413 1947 1455 1971 est
1474 1943 1702 1971 ‘substantialium
1719 1950 1778 1978 pro-

992 1989 1150 2024 prietatum,
1173 1989 1220 2017 sed
1235 1989 1507 2024 personalium;non
1527 1989 1599 2016 enim
1617 1989 1778 2024 pra-dicatur

993 2036 1026 2061 de
1051 2033 1167 2069 Spiritu,
1193 2034 1338 2069 siquidem,
1366 2039 1395 2062 ut
1421 2034 1472 2070 ipsi
1497 2035 1584 2068 aiunt,
1608 2039 1637 2061 et
1663 2034 1698 2062 de
1713 2034 1777 2062 Filio

993 2082 1175 2116 praedicatur:
1203 2081 1390 2109 necessarium
1416 2087 1468 2114 est,
1498 2081 1590 2108 dicere
1619 2081 1728 2108 Patrem
1754 2086 1778 2108 et

993 2127 1091 2155 Filium
1121 2128 1190 2155 duos
1223 2128 1382 2162 spiratores,
1415 2132 1442 2154 et
1475 2127 1528 2154 duo
1559 2127 1695 2162 principia
1721 2134 1777 2154 esse

991 2173 1112 2208 Spiritus
1132 2174 1231 2201 sancti.
1245 2173 1323 2206 Quod
1340 2180 1390 2208 pro
1411 2178 1486 2201 certo
1510 2173 1705 2200 inconveniens
1730 2177 1776 2199 est.

157 2229 238 2260 tiunt,
258 2231 286 2254 et
306 2234 339 2254 ex
357 2225 426 2253 Filio
442 2225 573 2259 Spiritum
601 2227 726 2251 sanctum
751 2229 812 2250 esse
838 2221 944 2262 dicunt._
959 2228 979 2255 ο
1030 2220 1058 2248 Si
1075 2227 1138 2248 vero
1153 2220 1220 2247 dicit
1232 2219 1342 2254 aliquis,
1369 2219 1497 2254 quoniam
1516 2226 1568 2245 uno
1581 2222 1608 2245 et
1624 2218 1740 2253 simplici
1754 2223 1778 2244 et

158 2275 235 2301 Sicut
254 2274 327 2300 enim
346 2272 439 2298 radius
453 2271 534 2298 simul
547 2270 667 2304 procedit
677 2269 711 2297 de
727 2269 796 2302 sole,
822 2273 849 2296 et
865 2275 943 2295 acce-

157 2320 197 2354 pit
207 2327 239 2345 ex
255 2326 298 2350 eo,
315 2321 345 2344 ut
367 2317 502 2344 emitteret
532 2315 757 2343 illuminationcm
773 2323 780 2343 :
807 2314 843 2341 ita
858 2318 885 2341 et
901 2314 944 2340 Fi-

150 2367 221 2398 dius,
243 2370 271 2393 ut
289 2365 376 2396 aiunt,
395 2363 475 2391 simul
493 2368 572 2390 natus
588 2367 630 2389 est
652 2370 683 2389 ex
698 2361 791 2394 Patre,
805 2366 831 2388 et
846 2361 945 2394 accipit

159 2411 194 2438 ab
205 2417 238 2438 eo
258 2409 363 2444 spirare
383 2408 527 2442 Spiritum.
546 2406 576 2433 Et
594 2407 666 2434 sicut
683 2406 740 2433 sive
755 2406 862 2433 dicatur
883 2405 944 2432 illu-

155 2457 274 2485 minutio
285 2457 342 2490 ipsa
357 2460 384 2483 et
395 2463 428 2482 ex
446 2455 501 2482 sole
520 2462 590 2485 esse,
607 2458 634 2480 et
658 2459 691 2479 ex
709 2452 797 2485 radio,
825 2452 883 2480 sive
910 2460 943 2479 ex

157 2503 215 2531 sole
230 2510 276 2536 per
294 2501 412 2533 radium,
422 2508 474 2527 non
489 2504 617 2533 tanquam
630 2505 661 2524 ex
670 2497 777 2524 duobus
791 2497 944 2532 principiis,

157 2549 216 2576 sole
224 2553 250 2575 et
258 2546 517 2579 radio,illuminatio
534 2552 594 2572 esse
610 2544 720 2577 dicitur,
735 2543 770 2570 ita
783 2548 809 2570 et
822 2543 873 2577 ipsi
894 2543 945 2569 mi-

156 2594 232 2621 nime
243 2594 320 2621 aiunt
337 2597 464 2626 tanquam
476 2599 508 2619 ex
534 2591 641 2619 duobus
659 2590 799 2625 principiis
813 2588 944 2623 Spiritum

158 2639 440 2673 sanetum-procedere
456 2645 489 2665 ex
504 2637 581 2665 Putre
595 2635 738 2671 Filioque;
753 2635 799 2663 sed
816 2639 943 2669 tanquam

159 2694 192 2714 ex
211 2693 274 2712 uno.
286 2685 378 2717 Quare
392 2684 523 2712 eteadem
535 2691 605 2719 pene
619 2683 726 2710 videtur
743 2682 846 2709 Sentire
861 2680 904 2707 his
919 2685 946 2707 et

159 2732 355 2758 Damasccnns.

196 2778 231 2804 At
246 2778 304 2804 sine
324 2777 376 2804 hoc
396 2777 463 2804 radii
482 2782 509 2804 et
528 2774 734 2803 illuminationis
759 2773 894 2808 exemplo,
907 2773 947 2800 di-

158 2830 234 2852 cnun
252 2825 318 2851 illud
336 2832 382 2858 por
398 2832 437 2856 se,
465 2831 519 2858 quo
535 2823 602 2850 dicit
615 2831 622 2849 :
636 2821 754 2856 Spiritus
779 2827 832 2847 non
847 2819 946 2846 dicitur

159 2877 193 2897 ex
207 2870 283 2904 Filio,
299 2870 456 2905 ambiguum
472 2875 521 2897 cst.
535 2869 596 2896 Non
612 2867 683 2895 enim
702 2866 773 2893 idem
787 2869 829 2894 est
843 2865 944 2898 dicere,

994 2268 1087 2292 eodem
1103 2266 1183 2292 modo
1210 2273 1242 2292 ex
1271 2269 1386 2299 utroque
1402 2264 1535 2298 procedit,
1564 2263 1626 2290 ideo
1642 2271 1714 2290 unus
1739 2268 1777 2290 est

995 2311 1155 2345 simpliciter
1173 2311 1292 2345 spirator
1307 2310 1426 2344 Spiritus
1437 2310 1525 2338 sancti
1542 2310 1623 2338 Pater
1636 2315 1664 2337 et
1672 2310 1775 2338 ’Filius:

995 2356 1042 2383 ille
1071 2355 1226 2382 necessario
1252 2355 1348 2382 incidit
1372 2355 1399 2382 in
1426 2355 1543 2382 alterum
1574 2355 1776 2382 inconveniens.

997 2402 1033 2429 De
1050 2401 1151 2436 quibus
1170 2402 1242 2428 enim
1266 2409 1318 2428 una
1335 2409 1450 2428 numero
1465 2401 1617 2435 personalis
1633 2402 1778 2436 proprietas

995 2456 1042 2476 seu
1054 2447 1209 2475 ditl‘erentia
1224 2447 1399 2482 singulariter
1415 2447 1579 2481 praedicatur
1593 2467 1600 2480 ,
1617 2448 1664 2474 illa
1691 2448 1778 2482 utique

995 2495 1146 2522 secundum
1173 2501 1256 2520 unam
1284 2500 1399 2521 numero
1430 2493 1653 2528 pradicationem
1689 2495 1776 2520 eadem

996 2547 1109 2568 numero
1128 2545 1202 2567 sunt.
1218 2539 1331 2572 Quare?
1348 2539 1413 2574 quia
1435 2539 1594 2573 spiratorem
1614 2547 1678 2566 esse
1691 2547 1778 2574 perso-

997 2586 1066 2614 nalis
1087 2590 1128 2614 est
1156 2586 1309 2620 proprietas
1338 2592 1386 2612 seu
1412 2585 1574 2615 diil‘erentia.
1601 2592 1778 2621 aggregantur

997 2633 1077 2660 Pater
1091 2637 1117 2660 et
1136 2632 1222 2660 Filius
1237 2632 1388 2659 secundum
1400 2632 1426 2658 id
1443 2632 1529 2666 ipsum
1544 2632 1617 2666 quod
1632 2638 1696 2658 sunt
1711 2639 1775 2659 unus

998 2678 1120 2713 Spirator
1135 2678 1168 2705 ad
1184 2685 1264 2704 unam
1281 2684 1438 2712 personam.
1460 2677 1537 2704 Pater
1565 2685 1630 2711 ergo
1659 2682 1686 2704 et
1702 2677 1779 2704 Filius

998 2727 1024 2752 in
1045 2730 1176 2760 quantum
1200 2725 1236 2751 ad
1258 2724 1374 2751 invicem
1399 2723 1564 2756 referuntur,
1581 2724 1642 2752 dua:
1664 2732 1779 2760 person:

997 2776 1070 2800 sunt.
1099 2772 1150 2799 Per
1167 2771 1192 2798 id
1209 2778 1273 2798 vero
1299 2770 1372 2806 quod
1395 2777 1466 2797 unus
1493 2770 1610 2804 spirator
1637 2776 1713 2803 sunt,
1732 2778 1778 2798 una

997 2826 1113 2854 persona
1125 2823 1199 2844 sui“.

1035 2864 1063 2891 Si
1079 2872 1143 2892 vero
1160 2864 1226 2892 dicit
1243 2863 1356 2899 aliquis,
1372 2863 1444 2899 quod
1466 2863 1536 2892 sicut
1553 2862 1634 2890 Pater
1662 2870 1687 2890 ct
1704 2863 1778 2891 Filius
