1868 3069
105 142 175 176 ῙΞἿἹ

697 141 819 172 EPIST.
840 141 890 170 AD
907 140 1161 174 BARLAAMUM.

1662 141 1730 173 1293
1739 146 1746 150 ”

104 211 178 232 unus
207 203 278 231 Deus
303 206 386 232 estet
408 209 478 231 unus
501 206 629 234 aeternus,
648 199 685 228 ita
706 205 733 228 et
752 207 822 227 unus
851 203 892 227 est
907 201 928 229 A
945 199 1028 228 Deum
1043 203 1210 236 superiorem
1219 203 1300 230 etiam
1309 210 1367 230 esse
1388 202 1525 238 pra‘dictis
1535 198 1640 229 duabus
1655 207 1731 227 com-

103 250 225 283 spirator
235 249 352 283 Spiritus
368 249 454 277 sancti
468 257 474 276 :
493 247 717 282 respondebitur,
735 246 806 281 quod
819 246 890 273 sicut

104 294 191 322 Deum
204 303 275 326 esse,
283 299 310 322 et
319 299 450 322 aeternum
464 301 523 321 esse
532 298 559 320 et
569 292 621 320 alia
630 292 819 320 substantialis
829 292 887 319 sitt-

101 341 241 376 gnlariter
255 341 288 368 de
304 340 384 368 Patre
396 345 423 368 et
437 340 506 367 Filio
519 339 676 374 praedicata,
690 343 889 374 repraesentant

101 395 200 415 eorum
215 395 297 415 unam
315 387 495 415 substantiam
510 390 537 414 et
552 386 701 413 essentiam
715 394 723 413 :
738 386 825 420 magis
840 393 890 412 au-

105 438 160 460 tem
177 441 225 468 per
239 433 266 460 id
283 433 354 468 quod
370 440 464 460 eorum
495 436 538 460 est
555 431 725 465 simpliciter,
743 435 770 459 et
785 439 892 459 summe

103 486 160 506 una
176 479 327 507 substantia
341 487 350 509 ;
362 478 496 514 contingit
516 483 543 506 et
555 480 613 506 haec
632 478 822 506 substantialia
836 479 892 505 sin-

100 524 237 560 gula'iter
259 525 292 551 de
313 525 353 552 eis
365 524 517 559 praedicari,
546 524 583 551 ita
595 528 622 551 et
635 531 696 552 esse
708 523 890 558 spiratorem;

103 576 170 596 cum
201 569 237 596 sit
256 569 408 601 personalis
437 570 589 604 proprietas
616 576 663 596 seu
688 568 842 596 diﬂ‘erentia
866 573 893 596 et

103 615 289 649 singulariter
306 615 470 649 praedicetur
485 615 519 642 de
532 614 612 642 Patre
626 619 653 642 et
669 614 750 646 Filio,
766 615 893 649 aSSigna-

104 661 146 687 bit
163 668 258 688 eorum
281 668 364 688 unam
388 668 450 689 esse
477 660 627 689 secundum
656 660 707 688 hoc
736 668 890 694 personam.

103 707 192 742 Magis
206 712 296 734 autem
311 715 345 734 ex
360 715 403 740 eo,
422 707 494 742 quod
509 711 583 735 esset
609 706 759 734 secundum
788 707 892 741 spirare

103 760 204 780 eorum
217 760 271 780 una
289 760 405 788 persona
418 772 427 785 ,
447 753 617 788 contingeret
641 753 693 780 hoc
718 753 892 787 singulariter

104 799 140 825 de
157 799 198 826 eis
224 799 376 834 pradicari.
403 798 432 826 Si
450 806 514 826 vero
529 799 582 826 hoc
601 799 769 833 impossibile
793 803 844 832 est,
866 804 893 826 et

104 844 173 872 illud
189 853 222 872 ex
236 853 291 880 quo
305 850 394 873 ortum
410 845 463 873 hoc
477 850 519 873 est
533 845 714 879 impossibile.

141 889 202 917 Hoc
214 895 260 918 .est
279 890 351 917 illius
367 896 567 925 argumentum,
583 891 655 925 quod
671 891 748 918 multi
770 892 847 919 aiunt
864 892 892 920 in

106 936 182 964 nullo
215 936 329 964 deiicere
354 936 392 971 (Ι)
410 936 443 964 ad
470 936 660 964 necessitatem
686 945 702 964 a
728 939 892 972 geometrica

105 983 351 1010 demonstratione.
365 981 464 1009 Totum
479 989 544 1010 vero
574 982 658 1009 robur
671 982 729 1017 ejus
745 984 842 1017 pendet
859 991 893 1011 ex

105 1029 215 1056 duabus
228 1029 422 1057 communibus
453 1028 613 1056 notionibus
628 1037 635 1056 :
655 1036 707 1056 una
736 1036 798 1064 quae
815 1031 893 1064 ponit

106 1075 278 1111 impossibile
301 1082 374 1108 esse,
400 1082 483 1102 unam
503 1074 674 1109 personalem
701 1075 894 1110 proprietatem

106 1121 142 1149 de
154 1122 261 1149 duabus
283 1122 407 1156 personis
431 1120 606 1154 singulariter
622 1121 773 1155 praedicari.
803 1122 894 1150 Altera

105 1173 174 1194 vero
191 1174 251 1200 quae
270 1166 364 1198 sumit,
378 1166 412 1193 de
427 1166 526 1200 quibus
542 1173 595 1193 una
616 1174 730 1194 numero
745 1168 894 1202 personalis

107 1212 260 1246 proprietas
277 1212 449 1247 singulariter
467 1211 631 1246 praedicatur
643 1232 651 1245 ,
669 1212 713 1239 illa
742 1214 893 1241 secundum

106 1257 179 1285 idem
197 1257 292 1285 eadem
307 1265 367 1285 esse
386 1264 511 1285 numero.
539 1257 572 1285 Et
601 1265 663 1285 vere
687 1258 710 1286 si
726 1258 824 1286 scirem
845 1267 894 1294 pro

105 1307 194 1335 certo,
212 1303 262 1331 bas
273 1303 399 1331 notiones
413 1310 575 1331 communes
589 1310 668 1332 veras
688 1311 749 1332 esse
763 1309 790 1332 et
806 1305 831 1332 in
847 1313 895 1333 su-

106 1349 329 1384 persubstanliali
346 1349 476 1381 essentia,
499 1350 648 1384 reciperem
679 1350 771 1385 utique
785 1355 811 1378 et
828 1359 895 1379 con-

106 1393 270 1421 clusionem.
287 1393 340 1421 Sed
364 1401 414 1429 ego
435 1394 486 1421 hoc
513 1394 594 1422 nimis
623 1394 729 1430 ignoro.
747 1396 779 1423 Et
801 1397 894 1424 eadem

106 1439 175 1467 mihi
192 1440 322 1467 eveniunt
338 1440 474 1472 haesitare,
490 1448 550 1476 qua:
575 1441 608 1468 ad
635 1441 794 1470 Latinorum
810 1444 894 1478 syllo-

106 1486 210 1521 gismos
232 1486 357 1521 superius
384 1486 552 1516 dubitabam.
569 1486 636 1514 Nam
656 1489 706 1517 etsi
731 1491 896 1519 concedatur

944 248 1073 275 munibus
1082 248 1249 276 potionibus.
1270 248 1328 276 lloc
1340 249 1404 276 mihi
1424 249 1509 276 multo
1527 248 1612 275 tutius
1626 251 1652 274 et
1668 246 1731 273 reli-

945 294 1049 328 giosius
1064 295 1184 324 videtur.

979 339 1126 367 Videamus
1141 341 1262 375 si'placet
1270 346 1296 368 et
1308 340 1379 367 aliud
1393 339 1512 374 ejusdem
1528 341 1728 373 argumentum.

946 386 1092 420 Quoniam,
1112 388 1159 419 ait,
1174 387 1254 414 Pater
1268 391 1294 414 et
1320 386 1405 413 Filius
1419 390 1482 413 sunt
1500 391 1526 413 et
1543 393 1637 415 unum,
1666 387 1731 410 sunt

942 438 969 460 et
983 433 1047 460 duo.
1066 434 1119 461 Aut
1135 433 1255 468 procedit
1280 433 1399 468 Spiritus
1421 440 1453 460 ex
1468 432 1546 459 Patre
1564 436 1591 459 et
1604 430 1686 463 Filio,
1703 430 1729 455 iu

943 485 1077 514 qttantum
1107 487 1190 506 unum
1216 483 1290 512 sunt,
1307 484 1353 506 aut
1378 479 1404 506 in
1429 482 1559 512 quantum
1583 478 1637 505 duo
1650 480 1730 508 sunt;

943 525 990 552 sed
1004 525 1026 552 si
1036 526 1063 552 in
1075 530 1209 560 quantum
1220 526 1274 553 duo
1283 529 1357 558 sunt,
1371 530 1450 552 erunt
1461 525 1522 551 duae
1542 523 1732 558 processiones

943 575 972 598 et
982 571 1036 598 duo
1056 571 1207 606 principia;
1229 571 1251 598 si
1267 578 1331 598 vero
1345 571 1372 598 in
1397 574 1529 605 quantum
1552 576 1636 596 unum
1656 572 1729 599 sunt,

943 616 1074 650 quoniam
1090 616 1141 643 hoc
1156 624 1240 643 unum
1250 621 1291 642 est
1306 616 1459 644 substantia
1476 620 1503 642 et
1520 619 1617 642 natura
1631 619 1657 641 et
1671 613 1732 640 Dci-

945 664 997 692 tas,
1014 659 1094 688 Pater
1108 669 1172 695 ergo
1195 667 1222 688 et
1247 661 1343 694 Filius,
1367 669 1415 696 per
1440 662 1466 688 id
1489 662 1560 696 quod
1589 668 1641 687 una
1669 664 1733 687 sunt

944 707 1100 734 substantia
1130 712 1157 734 et
1174 711 1272 735 natura
1297 712 1325 735 et
1342 708 1443 739 Deitas,
1463 708 1567 741 spirant
1589 707 1731 742 Spiritum.

944 752 979 779 At
992 759 1057 779 vero
1082 753 1232 780 secundum
1257 754 1282 781 id
1309 753 1380 789 quod
1407 754 1512 788 spirant
1536 752 1679 787 Spiritum,
1705 756 1732 779 et

945 798 1076 826 diﬂ‘erunt
1090 799 1124 826 ab
1149 807 1193 826 eo.
1217 800 1298 827 Pater
1321 807 1386 835 ergo
1413 805 1440 827 et
1466 799 1552 826 Filius
1578 799 1731 826 secundum

946 853 1040 876 uuam,
1066 853 1147 880 quam
1174 847 1276 874 habent
1301 847 1484 875 substantiam
1511 851 1538 874 et
1550 851 1688 873 'naturam
1706 850 1733 873 et

944 890 1091 924 Deitatem,
1112 891 1270 919 dill‘erunta
1296 891 1410 926 Spiritu.
1438 891 1497 918 Non
1523 898 1588 926 ergo
1613 891 1733 925 Spiritus

944 936 1065 969 ejusdem
1082 941 1124 964 est
1138 938 1250 964 omnino
1266 945 1328 966 cum
1351 937 1429 965 Patre
1445 942 1473 965 et.
1486 937 1554 964 Filio
1568 937 1731 964 substantiae

944 986 971 1009 et
988 988 1090 1010 natura:
1100 986 1126 1009 et
1140 983 1268 1016 Deitatis;
1284 983 1357 1018 quod
1381 987 1477 1010 contra
1506 983 1586 1009 tidem
1611 986 1732 1009 nostram

944 1032 997 1056 est.
1013 1027 1059 1055 Est
1071 1033 1160 1056 autem
1174 1029 1219 1056 hic
1233 1029 1442 1064 paralogismus,
1459 1036 1507 1063 per
1521 1029 1547 1055 id
1563 1028 1637 1062 quod
1651 1027 1734 1054 sumit

945 1073 1119 1108 simpliciter,
1135 1074 1207 1108 quod
1224 1074 1375 1102 secundum
1402 1074 1466 1109 quid
1483 1073 1655 1101 conceditur.
1683 1072 1734 1099 La-

946 1119 994 1146 tini
1010 1120 1082 1147 enim
1102 1127 1189 1155 neque
1209 1127 1259 1155 per
1277 1121 1303 1148 id
1318 1121 1390 1156 quod
1407 1121 1464 1148 duo
1479 1125 1542 1148 sunt
1558 1120 1637 1147 Pater
1650 1124 1677 1146 et
1691 1118 1735 1146 Fi-

945 1165 1011 1197 lius,
1030 1166 1107 1192 aiunt
1123 1173 1154 1193 ex
1179 1166 1245 1200 ipsis
1260 1166 1406 1201 procedere
1427 1166 1570 1200 Spiritum,
1587 1172 1674 1200 neque
1690 1172 1734 1192 se-

945 1211 1065 1239 cundum
1080 1212 1153 1247 quod
1166 1212 1330 1247 simpliciter
1340 1220 1424 1239 unum
1437 1216 1513 1244 sunt,
1524 1212 1572 1239 sed
1584 1210 1734 1239 secundum

945 1257 972 1284 id
982 1258 1054 1292 quod
1064 1258 1166 1293 aliquid
1179 1266 1263 1285 unum
1275 1262 1348 1291 sunt,
1359 1258 1462 1286 scilicet
1479 1258 1628 1285 secundum
1640 1264 1734 1288 unam,

945 1312 1026 1340 quam
1045 1305 1146 1332 habent
1165 1305 1324 1341 spirativam
1353 1305 1514 1339 potentiam.
1534 1303 1605 1337 Quid
1631 1302 1735 1338 igitur!

945 1352 988 1379 llli
1006 1352 1156 1380 secundum
1181 1351 1282 1387 aliquid
1300 1350 1474 1379 concedunt:
1492 1351 1544 1378 iste
1574 1349 1735 1384 simpliciter

946 1406 1057 1426 sumens
1069 1399 1282 1434 paralogismum
1308 1398 1383 1425 fecit.
1410 1396 1458 1424 Est
1471 1401 1561 1425 autem
1573 1396 1696 1431 ejusdem
1708 1400 1737 1423 et

947 1443 1001 1472 tale
1016 1448 1218 1479 argumentum.

982 1489 1050 1521 Nos,
1067 1489 1115 1522 ait,
1129 1489 1228 1516 Filium
1242 1493 1268 1516 et
1284 1489 1415 1524 Spiritum
1437 1497 1452 1516 a
1469 1488 1526 1516 solo
1549 1488 1629 1515 Patre
1644 1488 1735 1515 diceu~

106 1534 134 1561 in
155 1533 198 1560 his
212 1533 376 1568 rebus,qu:e
392 1533 443 1560 sub
461 1539 552 1561 mente
573 1538 666 1562 nostra
687 1539 761 1568 sunt,
772 1543 888 1570 quarum
903 1533 925 1561 ϐ
942 1539 981 1562 tes
997 1534 1096 1562 habere
1109 1535 1267 1567 essentiam,
1295 1535 1369 1570 quod
1396 1542 1442 1569 per
1461 1534 1552 1561 omnia
1575 1534 1648 1560 entia
1672 1541 1737 1561 con-

106 1579 233 1606 videlicet
248 1578 422 1612 lntclligendo
434 1579 618 1612 dominamur,
633 1585 661 1608 et
673 1588 741 1615 quas
757 1583 893 1616 tangimus

106 1631 135 1654 et
159 1625 427 1660 comprehendimus.
451 1632 531 1653 veras
547 1633 609 1653 esse
625 1627 713 1654 dictas
735 1635 893 1656 communes

107 1672 248 1704 notiones,
262 1671 336 1706 quod
350 1670 432 1698 etiam
458 1671 546 1706 ipsum
564 1671 662 1700 multas
680 1678 768 1707 potest
793 1673 893 1701 habere

107 1716 350 1748 contradictiones,
378 1724 438 1750 qua:
462 1716 613 1744 necessitas
634 1721 686 1749 est,
715 1721 744 1744 ut
769 1717 850 1745 etiam
866 1718 894 1746 in

107 1761 288 1790 dissimilibus
303 1767 330 1789 et
345 1761 424 1789 aliter
450 1769 479 1789 se
503 1761 666 1789 habentibus
690 1762 771 1790 rebus
801 1768 829 1790 et
845 1771 895 1792 no-

108 1814 182 1836 stras
195 1807 316 1836 inlirmas
331 1807 520 1843 intelligentias
535 1807 666 1836 inﬁnitics
675 1805 779 1836 intibite
789 1809 895 1845 fugien-

109 1853 205 1884 tibus,
226 1856 254 1880 et
282 1852 341 1880 ideo
370 1852 689 1886 incomprehensibilihus
719 1858 745 1881 et
769 1856 894 1890 superin-

111 1899 294 1934 telllgibilibus
310 1899 409 1926 eadem
427 1899 483 1926 sint
499 1900 591 1927 verae?
615 1899 644 1928 Si
671 1901 744 1928 enim
767 1910 831 1930 vere
850 1911 895 1930 su-

109 1945 202 1980 perius
224 1944 395 1976 dicebamus,
421 1952 475 1971 non
504 1953 600 1973 omnes
625 1946 652 1973 in
680 1947 790 1975 entibus
816 1956 895 1977 veras

110 1997 271 2018 communes
283 1990 420 2022 notiones,
435 1996 461 2017 et
475 1998 561 2025 usque
578 1991 610 2018 ad
631 1992 895 2027 supersubstantiale

109 2044 190 2072 posse
206 2035 411 2064 conscendere:
428 2036 499 2062 unde
524 2044 574 2070 pro
603 2042 677 2064 certo
691 2038 821 2073 sciemus,
840 2040 896 2068 limc

109 2090 227 2118 quarum
241 2089 316 2114 sunt,
336 2086 428 2109 utrum
451 2089 558 2114 earum,
577 2090 638 2117 quae
654 2091 740 2118 usque
757 2085 822 2113 illuc
846 2094 895 2114 ex-

110 2128 269 2158 tenduntur,
283 2135 316 2154 an
332 2127 409 2154 noni
426 2125 519 2162 Neque
542 2128 615 2154 enim
631 2128 658 2156 in
686 2129 760 2156 notis
779 2130 859 2158 rebus
880 2139 895 2158 a

111 2174 191 2202 nobis
205 2172 377 2208 reperiuntur
390 2172 442 2199 alia
457 2171 523 2204 duo,
541 2179 602 2205 quae
617 2180 665 2207 per
688 2174 780 2201 omnia
806 2175 842 2202 ita
866 2184 896 2203 se

110 2221 212 2248 habent
233 2220 304 2247 inter
322 2227 362 2251 se,
391 2219 463 2246 sicut
495 2217 532 2245 ibi
554 2218 633 2246 Pater
657 2223 684 2246 et
710 2219 796 2247 Filius
823 2221 895 2249 inter

108 2275 171 2295 sese
195 2267 306 2294 habent.
323 2265 453 2293 Fortasse
480 2264 553 2292 enim
568 2269 595 2292 et
625 2273 696 2292 unus
711 2270 753 2293 est
777 2266 895 2302 spirator

109 2313 227 2348 Spiritus
252 2311 340 2339 sancti
368 2310 449 2338 Pater
468 2315 495 2338 ct
524 2310 620 2343 Filius,
639 2315 666 2338 et.
684 2311 787 2338 Deitate
804 2317 895 2340 trans-

107 2358 255 2386 scendente
271 2359 352 2385 etiam
381 2359 448 2386 duas
462 2357 550 2386 dictas
577 2365 737 2385 communes
757 2359 895 2393 notiones,

108 2404 184 2432 nullo
195 2404 275 2432 modo
300 2404 432 2438 contingit
448 2411 529 2431 unam
547 2410 691 2438 personam
709 2410 770 2431 esse
785 2402 895 2431 Patrem

107 2455 136 2478 et
151 2449 248 2477 Filium
262 2453 388 2485 respectu
397 2449 526 2484 Spiritus.
542 2449 575 2476 Et
593 2449 709 2484 qualiter
725 2456 778 2475 non
789 2450 897 2477 contin-

109 2497 148 2532 git
162 2496 223 2528 hoc,
238 2495 342 2522 nullum
357 2495 519 2523 miraculum
543 2499 584 2523 est
601 2502 652 2522 nos
681 2495 807 2530 ignorare
828 2495 894 2522 illud

108 2550 162 2577 quo
178 2542 319 2577 processio
331 2550 346 2569 a
359 2541 535 2576 generatione
549 2541 735 2576 distinguitur.
750 2541 813 2568 lteiu
829 2550 891 2569 cum

108 2588 294 2615 necessarium
309 2587 354 2620 sit,
377 2591 424 2614 aut
437 2587 591 2614 credentem
608 2591 634 2614 ct
651 2587 677 2613 in
698 2586 798 2613 divinis
814 2591 893 2614 Veras

107 2641 168 2661 esse
185 2633 326 2667 praedictas
350 2640 511 2660 communes
536 2633 672 2664 notiones,
697 2632 828 2666 deceptos
844 2641 893 2665 pu—

108 2683 176 2710 tare,
190 2682 218 2705 et
230 2683 354 2706 sanctum
371 2677 563 2712 Augustinum,
577 2682 603 2704 et
616 2682 737 2704 ~anctutn
750 2677 892 2712 Cyrillum,

106 2730 133 2751 et
145 2724 224 2756 alios,
240 2725 285 2759 qui
301 2723 443 2750 manifeste
460 2723 552 2749 dicunt
567 2723 697 2757 Spiritum
716 2727 839 2750 sani-tum
864 2728 891 2750 et

105 2778 138 2798 ex
159 2769 226 2797 Filio
247 2769 414 2804 procedere:
431 2774 476 2795 aut
501 2769 543 2795 his
568 2768 762 2796 assentientem
781 2769 891 2796 credere

143 2861 182 2896 (Ι)
198 2860 308 2889 Scilit‘cl
329 2865 406 2893 puga:
420 2857 593 2885 Grmcaniczc.
608 2858 688 2886 CAMS

944 1581 1063 1609 vincitur
1090 1588 1186 1608 verum
1212 1588 1273 1609 esse
1316 1581 1442 1608 dicimus.
1462 1581 1491 1606 ln
1519 1580 1645 1607 omnibus
1662 1580 1735 1607 enim

945 1627 1035 1654 unitas
1047 1626 1186 1654 dualitatis
1196 1631 1238 1654 est
1255 1626 1430 1662 principium.
1449 1626 1488 1653 llli
1517 1633 1580 1652 vero
1605 1625 1734 1660 Spiritum

945 1679 978 1699 ex
999 1672 1080 1699 Patre
1095 1677 1122 1699 et
1138 1672 1207 1699 Filio
1229 1679 1289 1700 esse
1304 1672 1440 1704 dicentes,
1457 1672 1550 1699 omnia
1577 1672 1648 1698 entia
1668 1679 1735 1698 con-

945 1717 1106 1745 tradicentia
1127 1718 1239 1745 habent.
1251 1718 1388 1753 Nusquam
1398 1717 1470 1745 enim
1480 1718 1594 1745 dualitas
1605 1721 1647 1744 est
1660 1716 1737 1751 prin—

945 1764 1044 1799 cipium
1054 1763 1212 1792 uuitatis.ln
1224 1764 1265 1791 his
1276 1764 1390 1798 primum
1399 1764 1508 1798 quidem
1519 1763 1734 1790 videturnumeri

945 1809 1122 1844 superticialis
1137 1809 1170 1837 ab
1185 1809 1288 1837 unitate
1301 1816 1474 1843 progressum
1494 1809 1663 1842 conspicere,
1682 1816 1734 1834 non

947 1860 1035 1883 tamen
1051 1860 1079 1883 et
1093 1855 1200 1883 lincalis
1214 1855 1321 1882 numeri
1345 1861 1523 1890 progressum
1541 1872 1547 1880 .
1559 1853 1587 1880 ln
1602 1854 1648 1880 illo
1662 1854 1734 1880 enim

945 1902 1000 1928 duo
1015 1901 1171 1928 immediate
1183 1909 1215 1929 ex
1232 1908 1287 1928 uno
1303 1900 1513 1935 progrediuntur
1527 1908 1533 1926 :
1550 1899 1575 1926 in
1597 1899 1648 1926 hoc
1671 1906 1735 1926 vero

946 1952 973 1975 et
992 1948 1045 1975 duo
1057 1956 1089 1975 ex
1109 1955 1163 1975 uno
1178 1947 1329 1982 procedunt.
1339 1968 1346 1980 ,
1360 1951 1387 1975 et
1401 1946 1479 1974 tertia
1493 1946 1584 1973 unitas
1597 1953 1630 1973 ex
1647 1946 1735 1980 prima

946 1998 973 2021 et
997 1993 1117 2021 secunda
1129 1993 1259 2028 procedit.

981 2038 1034 2067 Sed
1050 2046 1101 2073 ego
1118 2047 1205 2073 neque
1235 2043 1346 2073 propter
1368 2038 1529 2073 phantasma
1556 2036 1736 2072 superficialis

947 2085 1065 2118 numeri,
1087 2092 1119 2112 ex
1140 2084 1198 2112 solo
1227 2084 1308 2111 Patre
1336 2084 1426 2111 dicam
1450 2083 1582 2118 Spiritum
1610 2087 1734 2110 sanctum

947 2131 1110 2166 procedere;
1126 2137 1214 2164 neque
1242 2133 1354 2164 propter
1369 2129 1530 2164 phantasma
1558 2129 1663 2156 linealis
1683 2137 1736 2155 nu-

948 2176 1028 2208 meri,
1047 2180 1074 2202 et
1087 2183 1119 2202 ex
1135 2174 1206 2202 Filio
1222 2174 1373 2202 aliirmabo.
1389 2173 1482 2208 Neque
1494 2175 1566 2201 enim
1585 2178 1675 2201 tutum
1690 2181 1739 2201 ne-

949 2229 1002 2256 que
1018 2221 1176 2256 religiosum
1204 2225 1281 2256 puto,
1301 2220 1459 2255 hujusmodi
1475 2221 1578 2248 nostris
1604 2219 1738 2255 imagina-

949 2266 1068 2294 tionibus
1078 2271 1206 2301 tanquam
1219 2266 1320 2301 regulis
1329 2266 1354 2292 in
1364 2266 1673 2300 supersubstamialihus
1687 2266 1735 2294 uti.

984 2314 1086 2341 Deinde
1103 2313 1193 2341 Latini
1221 2321 1273 2340 non
1301 2313 1376 2340 aiunt
1393 2313 1551 2340 dualitatcm
1571 2312 1736 2348 principium

950 2365 1010 2386 csse
1025 2355 1158 2392 unitatis;
1174 2360 1221 2386 sed
1237 2358 1343 2386 Patrem
1361 2363 1389 2386 et
1415 2358 1526 2392 Filium,
1552 2367 1600 2394 per
1622 2359 1648 2385 id
1664 2359 1736 2393 quod

951 2404 1054 2439 aliquid
1069 2412 1154 2432 unum
1167 2405 1276 2438 habent,
1294 2413 1378 2432 unum
1391 2412 1451 2433 esse
1477 2405 1651 2439 principium,
1681 2413 1735 2431 non

950 2450 1006 2477 duo
1035 2451 1128 2477 unius.
1152 2450 1190 2478 De
1219 2451 1386 2486 syllogismis
1409 2451 1520 2485 quidem
1549 2451 1656 2479 illorum
1679 2451 1736 2478 haec

949 2494 1024 2522 dicta
1038 2494 1186 2522 sulliciant.
1203 2495 1234 2522 lli
1245 2496 1318 2523 enim
1333 2501 1398 2523 sunt
1415 2504 1508 2523 eorum
1522 2504 1593 2531 quos
1607 2496 1673 2529 vidi,
1691 2497 1736 2531 qui

949 2540 1076 2567 videnlur
1087 2549 1147 2568 esse
1161 2541 1316 2570 fortissimi.
1333 2542 1430 2576 Cogito
1442 2547 1532 2569 autem
1549 2548 1575 2570 et
1587 2543 1643 2570 ita:
1660 2543 1736 2575 Quo-

947 2586 1018 2612 niam
1049 2586 1181 2621 Spiritum
1204 2595 1218 2614 a
1247 2588 1306 2615 solo
1339 2587 1419 2615 Patre
1454 2589 1617 2623 procedere,
1650 2596 1738 2623 neque

950 2631 1081 2658 sensibile
1097 2636 1150 2662 est.
1165 2636 1192 2658 ut
1213 2633 1299 2666 possit
1315 2632 1362 2667 'per
1378 2640 1488 2660 scusqu
1505 2635 1607 2670 percipi
1621 2654 1628 2666 ,
1649 2642 1738 2669 neque

946 2677 1080 2709 naturale,
1092 2678 1131 2705 vel
1144 2678 1244 2713 aliquid
1257 2679 1481 2713 contingentium,
1495 2685 1523 2705 ut
1534 2681 1619 2714 possit
1633 2688 1664 2707 ea
1677 2688 1738 2715 qua:

944 2723 1053 2757 proprie
1061 2723 1160 2750 dicitur
1168 2723 1294 2758 opinione
1306 2727 1332 2750 et
1340 2723 1533 2756 imaginatione
1543 2725 1737 2760 cognosci,scd

944 2772 985 2796 cst
1001 2775 1081 2803 super
1095 2775 1206 2797 sensqu
1223 2774 1250 2797 ct
1261 2770 1456 2804 sempiternum
1480 2772 1682 2800 :nccessarium
1694 2775 1738 2801 est
