1868 3069
141 156 208 189 1293

695 158 892 188 BARLAAMI
913 157 961 188 DE
983 158 1202 189 SEMINARIA

1723 161 1734 193 1
1739 163 1788 194 30)

140 220 169 241 ut
189 214 226 242 sit
250 218 322 242 recte
347 214 371 241 ei
400 213 673 246 asseuliendunnaut
694 215 806 243 scientia
825 220 872 242 aut
885 215 935 242 [ide
950 217 972 245 Α
989 220 1016 243 et
1033 217 1205 251 perquirens,
1222 221 1313 244 utrum
1329 218 1427 246 falsum
1446 221 1593 254 exlistens,
1612 223 1725 259 majoris
1738 225 1774 252 sit

140 262 192 289 hoc
214 260 313 288 facere.
341 260 394 288 Sed
420 269 470 296 ego
499 265 596 296 putare
620 263 672 289 iioc
701 269 762 289 esse
790 262 886 289 scibile
906 267 933 290 et

140 307 352 335 dcnionstrabile
381 314 406 335 et
432 309 624 336 communibus
647 310 749 337 nostris
773 309 931 338 nationibus

139 354 398 389 comprclicnsiliile,
414 356 540 383 .careutis
567 356 679 383 scientia
714 357 833 384 arbitror
859 364 930 384 esse.

141 400 234 428 Restat
258 401 352 435 itaque
368 402 444 429 ﬁdes.

178 447 213 474 At
228 455 295 474 vero
309 447 353 474 illa
368 449 463 475 talium
481 449 639 483 dogmatum
656 449 773 478 dicimus
791 457 842 477 nos
858 455 931 478 recte

140 494 264 525 credere.
284 502 345 528 quin
375 495 484 523 dicente
502 496 594 531 aliquo
625 496 760 531 ingentem
784 498 931 525 auctorita-

142 547 206 568 tem.
221 541 348 574 habente,
366 546 393 568 et
411 542 456 569 cui
474 543 585 571 credere
600 543 711 579 quidem
729 549 770 572 est
792 545 929 575 salutare,

142 595 197 615 non
214 587 328 615 credere
346 595 409 614 vero
424 589 622 623 periculosum,
644 598 694 618 nos
710 592 866 626 recipimus.
881 591 930 619 Cui

142 633 228 668 igitur
246 633 292 660 tali
311 641 360 668 ego
379 635 494 661 credens
508 642 564 662 non
592 640 694 663 temere
723 637 788 664 mihi
818 637 931 664 videbor

142 680 194 706 hoc
215 679 305 706 facere
316 680 328 706 ἲ
339 687 461 708 sacraene
485 680 656 716 Scriptum?
670 688 697 709 at
713 683 781 710 nihil
797 684 851 711 tale
872 684 930 718 ipsa

142 725 276 759 loquitur.
296 726 336 752 Au
353 726 526 761 generalibus
541 727 665 755 conciliis
679 728 731 755 hoc
747 728 933 757 determinan-

142 772 216 799 tibus
232 776 259 798 ct
270 771 521 806 dogmatizantibus
533 773 544 799 τ
556 773 603 801 sed
619 781 709 809 neque
726 775 787 802 hoc.
805 775 845 802 An
858 775 929 802 mul-

143 819 179 846 tis
212 819 316 845 sanctis
345 821 507 854 exponendo
539 827 646 848 sacram
679 820 847 856 Scripturam
879 822 931 850 hoc

142 869 234 900 aperte
244 869 268 892 et
286 873 334 899 per
346 866 430 892 multa
443 866 624 898 tradentibus,
645 871 672 894 et
687 874 721 894 ex
743 867 787 894 illa
807 869 857 895 hoc
880 867 930 894 ha-

144 911 209 938 bere
225 911 438 938 asserentibusi
452 916 480 938 et
499 913 639 946 quomodo
670 914 722 941 hoc
747 913 833 948 possit
855 913 932 941 dici?

142 964 176 984 tiu
209 960 350 992 postremo
380 957 458 984 matri
487 955 698 986 Ecelesia'rum?
729 965 757 986 at
779 965 845 987 vero
873 960 932 988 haec

142 1004 309 1031 contrarium
326 1003 403 1031 dicit.
422 1003 517 1032 Nonne
531 1011 596 1039 ergo
613 1013 728 1033 summa:
751 1006 803 1033 erit
818 1006 933 1033 demen-

143 1050 189 1077 tiae
204 1050 295 1077 dicere
321 1050 430 1085 quidem
449 1051 562 1079 credere
589 1051 692 1086 aliquid
725 1052 758 1079 de
791 1051 856 1084 Deo,
878 1060 932 1079 non

143 1096 244 1124 habere
261 1103 351 1124 autem
363 1097 513 1132 assignare,
532 1098 575 1126 cui
594 1099 708 1126 credens
724 1103 797 1126 recte
813 1099 864 1126 lioc
885 1099 932 1125 ad-

144 1143 237 1170 mittit.
255 1143 297 1170 An
315 1144 387 1172 dicet
404 1145 513 1180 aliquis,
544 1145 616 1180 quod
635 1145 771 1180 reliquum
791 1151 846 1178 est,
867 1146 932 1172 illu-

144 1190 295 1218 minatione
306 1191 425 1226 quadam
449 1191 556 1218 occulta
586 1196 612 1219 et
635 1192 727 1219 divina
747 1199 776 1219 se
801 1191 852 1219 hoc
868 1199 932 1218 sen-

143 1237 212 1264 sisse
223 1237 236 1264 τ
254 1237 300 1264 sed
318 1244 368 1271 ego
389 1238 510 1264 nondum
523 1238 593 1265 lianc
607 1238 722 1272 adeptus
737 1245 810 1266 sum.

181 1283 270 1311 Habes
285 1288 312 1310 et
330 1289 439 1317 causas,
465 1291 514 1318 per
529 1292 599 1319 quas
626 1292 714 1319 neque
731 1286 932 1318 necessarium,

145 1335 234 1363 neque
263 1333 363 1362 tutum,
382 1337 473 1364 neque
501 1331 619 1365 alicujus
649 1331 801 1366 prudentia:
828 1332 935 1359 aestimo

145 1381 217 1407 esse,
232 1379 258 1402 et
271 1374 425 1410 hujusmodi
440 1377 568 1403 assentiri
583 1376 713 1412 dogmati.
726 1377 860 1410 Quoniam
872 1384 936 1404 vero

144 1421 271 1455 superius
279 1421 335 1448 dixi
347 1440 354 1452 ,
369 1422 458 1449 adhuc
470 1421 657 1450 incredibilius
669 1423 749 1450 mead
761 1423 813 1451 hoc
824 1423 934 1454 habere.

145 1472 228 1500 quam
244 1467 276 1493 ad
293 1466 357 1493 illud
375 1467 446 1501 quod
458 1466 548 1494 Latini
564 1467 673 1500 dicunt,
692 1467 753 1496 volo
770 1469 818 1496 tibi
827 1472 856 1496 et
864 1468 936 1496 hanc

145 1511 366 1545 eompassionem
384 1512 539 1539 ostendere.

182 1555 305 1583 Primum
321 1556 429 1592 quidem
443 1557 521 1585 video
534 1558 648 1593 majoris
665 1565 724 1586 esse
738 1559 871 1591 audaciae,
887 1566 936 1586 ne-

984 264 1110 298 periculi,
1135 264 1245 292 invenio
1262 265 1360 300 dogma
1381 265 1542 295 Latinorum
1562 268 1649 296 multo
1675 270 1770 297 tutius.

984 309 1040 337 Hoc
1053 310 1126 337 enim
1138 311 1247 338 etiamsi
1259 311 1295 338 sit
1305 312 1415 344 falsum,
1425 317 1514 341 tamen
1529 315 1650 342 additibi
1666 316 1770 351 aliquid

984 355 1058 383 vriut
1077 355 1131 384 Deo
1146 356 1269 392 dignum,
1290 357 1358 385 nihil
1376 358 1532 386 adimendo.
1557 358 1674 395 Spiritui
1699 362 1773 388 enim

984 402 1052 429 nihil
1062 402 1195 431 detrahit.
1211 402 1269 431 Non
1287 404 1359 431 enim
1373 412 1406 432 ex
1422 405 1475 432 hoc
1486 406 1601 434 minoris
1616 407 1774 441 dignitatis,

983 457 1064 484 quam
1079 449 1165 478 Filius
1180 450 1219 478 iit.
1232 450 1375 480 Filiovero
1388 452 1456 480 nihil
1467 453 1609 486 auferens,
1622 463 1675 482 nec
1687 455 1773 488 Patri,

983 496 1017 522 de
1032 496 1074 524 liis
1088 504 1148 531 quae
1163 497 1254 530 habet,
1278 498 1438 532 detrahens,
1455 500 1542 532 addit,
1562 501 1636 536 quod
1655 509 1711 529 non
1729 510 1775 530 εο-

983 541 1039 569 lum
1063 542 1120 576 ipse
1135 543 1254 578 perfecte
1269 549 1310 571 est
1321 545 1450 579 spirator,
1467 553 1562 574 verum
1579 549 1666 574 etiam
1684 549 1774 582 spira-

982 591 1070 615 toreni
1086 590 1190 624 genuit.
1209 589 1274 618 Illud
1288 599 1364 623 vero,
1378 594 1450 627 quod
1463 592 1547 621 Graeci
1563 594 1673 626 dicunt,
1689 595 1775 629 siqui-

982 634 1042 661 dem
1056 634 1153 662 l’alsum
1163 640 1214 669 est,
1229 644 1315 672 papa,
1325 646 1405 672 quam
1418 647 1515 673 magna
1525 640 1698 674 blasphemia
1712 646 1753 668 est
1765 642 1772 668 !

983 679 1085 706 addens
1095 680 1206 714 quidem
1226 682 1304 714 iiibil,
1318 683 1467 712 detrahens
1485 691 1562 718 vero,
1576 684 1648 712 Filio
1661 686 1774 720 quidem

982 725 1088 760 spirare
1104 725 1246 760 Spiritum,
1264 727 1336 755 Patri
1362 737 1427 757 vero
1448 737 1579 766 generare
1595 731 1773 766 spiratorem.

982 771 1016 800 Et
1028 778 1069 800 est
1077 772 1218 806 sinille,ut
1233 775 1254 802 si
1265 775 1375 810 quidam
1389 775 1537 811 Scripturie
1551 777 1688 805 addentes
1710 785 1773 813 erga

982 820 1194 855 quatriduauum
1223 820 1357 848 Lazarum
1378 821 1484 849 Domini
1509 823 1677 851 miraculum
1701 832 1775 851 unus

946 887 967 916 Β
981 867 1096 900 diceret,
1112 876 1164 895 non
1173 868 1274 896 obiisse
1285 867 1372 902 illum,
1384 869 1431 896 sed
1443 868 1613 903 passionem,
1623 870 1773 904 quamdam

983 914 1056 942 circa
1072 921 1119 942 cor
1129 914 1154 942 ei
1169 914 1311 946 accidisse,
1320 919 1347 942 et
1358 915 1445 942 visum
1457 922 1517 943 esse
1529 916 1614 948 mori,
1626 916 1774 943 Dominum

983 967 1048 987 vero
1057 964 1156 995 quarto
1169 960 1222 992 die,
1235 960 1366 994 passione
1381 961 1426 988 illa
1436 960 1525 995 ipsum
1540 961 1692 995 liberasse;
1703 961 1774 989 alius

983 1014 1080 1034 rursus
1095 1006 1197 1034 diceret
1218 1007 1328 1040 triginta
1343 1007 1450 1034 dierum
1463 1014 1617 1040 mortuum,
1631 1008 1674 1035 vel
1685 1008 1774 1035 adhuc

985 1053 1068 1086 ultra,
1081 1053 1276 1080 resuscitatum
1289 1052 1374 1080 fuisse
1389 1061 1404 1080 a
1419 1053 1544 1081 Domino.
1560 1054 1687 1089 Utraque
1703 1055 1773 1082 enim

984 1099 1054 1126 falsa
1067 1102 1171 1126 essent.
1187 1098 1240 1126 Sed
1252 1106 1336 1126 unum
1351 1098 1482 1132 detrahit,
1493 1100 1565 1127 aliud
1579 1100 1657 1127 addit
1668 1100 1707 1127 illi
1725 1101 1774 1128 uii-

984 1145 1091 1177 racuio,
1109 1150 1137 1172 ut
1154 1152 1207 1172 non
1221 1145 1257 1172 sit
1270 1145 1375 1180 aequale
1387 1150 1540 1180 peccaturo.

1019 1191 1229 1225 Conscquenter
1244 1198 1341 1232 rursus
1364 1192 1536 1225 perquirens,
1562 1196 1658 1219 ultum
1676 1192 1772 1219 falsum

985 1238 1123 1265 exsistens
1151 1237 1374 1264 rationabiliores
1391 1237 1479 1271 possit
1497 1237 1598 1264 habere
1617 1238 1646 1264 in
1673 1238 1775 1272 judicio

985 1283 1179 1312 excusationes
1196 1304 1203 1316 ,
1224 1283 1334 1310 invenio
1350 1283 1467 1310 multum
1488 1283 1633 1311 interesse.
1664 1283 1776 1310 Latinus

986 1337 1063 1363 vero,
1084 1329 1218 1361 siquidem
1234 1329 1332 1356 falsum
1349 1329 1427 1361 dicit;
1441 1329 1580 1357 reddendo
1591 1329 1678 1364 hujus
1695 1330 1777 1357 ratio-

987 1384 1060 1408 nem,
1082 1376 1166 1403 multa
1183 1375 1281 1410 poterit
1301 1376 1401 1403 habere
1415 1375 1486 1403 bona
1513 1375 1636 1411 rciugia:
1655 1376 1730 1411 quod
1750 1376 1775 1403 ili

986 1419 1078 1446 divina
1092 1418 1234 1453 Scriptura
1245 1419 1327 1446 multa
1338 1418 1465 1451 fuissent,
1475 1426 1536 1453 quae
1549 1419 1717 1446 videbantur
1726 1419 1776 1446 hoc

988 1464 1162 1498 concludere,
1185 1469 1212 1492 et
1230 1465 1289 1499 ipse
1302 1465 1432 1492 voluisset
1458 1468 1618 1492 reverenter
1637 1466 1672 1491 ad
1690 1467 1775 1500 ipsam

988 1519 1018 1538 se
1040 1511 1160 1538 habere:
1180 1511 1252 1546 quod
1273 1518 1306 1538 ex
1333 1511 1395 1542 iide,
1412 1510 1482 1543 zelo,
1509 1511 1666 1542 devotione,
1685 1518 1777 1538 amore

991 1558 1024 1585 ad
1051 1558 1140 1591 ipsum
1170 1545 1319 1584 Dominum
1344 1557 1472 1584 credebat
1497 1557 1630 1585 adversus
1659 1566 1723 1585 eum
1751 1565 1778 1585 se

147 1611 213 1638 gare
229 1611 283 1630 non
298 1604 448 1638 pret-edere
463 1609 490 1630 et
501 1612 533 1631 ex
548 1591 617 1631 Filio
629 1604 775 1639 Spiritum,
791 1612 873 1640 quam
887 1613 936 1640 op—
950 1591 971 1620 (ἶ
988 1603 1190 1638 hiasphcmare,
1212 1602 1264 1630 nisi
1290 1603 1413 1630 crederet
1426 1610 1459 1630 ex
1478 1603 1538 1637 ipso
1554 1602 1688 1637 Spiritum
1716 1610 1777 1630 san-

147 1649 279 1683 positum.
302 1650 405 1677 Sancto
414 1650 488 1677 enim
503 1649 632 1686 Dionysio
648 1651 765 1683 dicente,
782 1651 808 1678 in
824 1651 884 1685 ipso
898 1650 936 1678 De

147 1696 244 1722 divinis
256 1695 422 1722 nominibus:
434 1703 488 1723 non
500 1696 655 1724 audendum
669 1697 787 1724 totaliter
799 1697 832 1724 de
843 1701 937 1724 sancta

148 1741 282 1769 Trinitate
301 1741 453 1777 intelligere
478 1743 579 1777 aliquid
605 1744 645 1770 vel
663 1743 767 1776 dicere,
785 1748 882 1778 praeter
904 1750 937 1771 ea

147 1796 209 1824 qute
224 1788 356 1816 divinitus
374 1789 453 1816 nobis
474 1796 521 1823 per
539 1789 596 1823 ipsa
619 1796 750 1823 expressa
766 1793 829 1817 sunt
845 1796 938 1816 saera-

149 1835 254 1862 tissima
270 1835 377 1869 eloquia
396 1844 403 1862 :
423 1835 460 1862 illi
474 1835 521 1870 qui
537 1835 632 1862 dicunt
648 1842 662 1861 a
676 1833 825 1870 soloji’atre
841 1842 939 1869 proce-

149 1882 214 1908 dire
230 1880 362 1916 Spiritum
381 1886 519 1913 saucium,
534 1881 655 1909 audaciae
682 1881 764 1916 hujus
783 1881 877 1916 utique
900 1880 938 1908 rei

149 1929 224 1957 sunt.
247 1927 326 1960 Quod
352 1927 425 1954 enim
443 1934 491 1962 per
506 1927 693 1954 sacratissima
704 1926 811 1961 eloquia
830 1926 939 1953 ostendi

150 1977 264 2004 minimc
281 1977 378 2009 potest,
390 1973 443 2000 hoc
452 1972 511 1999 ausi
523 1978 586 1999 sunt
599 1972 650 2007 ipsi
662 1973 695 2000 de
710 1971 765 1999 Deo
777 1972 939 2007 intelligere.

187 2019 276 2049 Latini
291 2027 357 2046 vero
371 2019 462 2046 multis
480 2019 506 2045 in
525 2026 603 2046 sacra
622 2017 763 2053 Scriptura
779 2017 862 2045 dit-tis
885 2024 939 2044 non

151 2074 262 2105 parvam
278 2065 463 2100 suspicionem
480 2064 686 2100 praestantibus,
700 2068 726 2092 et
743 2071 777 2091 ex
794 2063 863 2090 Filio
879 2063 942 2098 Spi-

153 2116 235 2142 iituin
252 2117 379 2141 sanctum
403 2113 562 2145 procedere,
582 2110 633 2145 ipsi
650 2115 680 2137 ut
695 2110 787 2141 credo,
803 2113 941 2144 putantes,

153 2170 185 2189 ex
211 2162 265 2189 illis
284 2161 336 2188 hoc
366 2157 527 2194 signiﬁcari,
546 2163 610 2192 erga
635 2163 740 2184 sacram
770 2154 940 2190 Scripturam

153 2207 306 2236 reverentia
317 2211 343 2233 et
355 2204 495 2240 religione,
505 2207 533 2230 et
547 2202 662 2230 volendo
670 2202 703 2229 ad
716 2202 801 2236 ipsatn
814 2201 943 2228 obedien-

987 1654 1062 1676 ctuui
1078 1649 1226 1684 procedere
1238 1656 1245 1675 :
1256 1649 1330 1684 quod
1344 1649 1423 1676 mulli
1437 1653 1609 1680 sanctorum,
1621 1649 1670 1683 qui
1682 1649 1709 1676 in
1721 1649 1778 1683 ipso

987 1694 1073 1729 iudici
1093 1695 1263 1728 placuerunt,
1287 1696 1338 1722 hoc
1354 1700 1448 1729 aperte
1471 1699 1498 1723 et
1516 1703 1564 1730 per
1584 1695 1671 1722 multa
1691 1695 1776 1721 tradi-

988 1742 1112 1774 dissent;
1130 1742 1202 1776 quod
1220 1747 1307 1769 mater
1329 1741 1510 1769 Ecclesiarum
1529 1750 1638 1777 semper
1660 1743 1715 1770 hoc
1728 1743 1774 1769 do-

989 1788 1103 1816 cuisset.
1124 1788 1157 1815 Et
1175 1795 1240 1815 vero
1263 1789 1308 1822 qui
1327 1788 1440 1816 alterius
1463 1789 1549 1824 partis
1570 1794 1623 1820 est,
1643 1789 1777 1825 siquidem

990 1839 1075 1867 errat,
1092 1841 1181 1868 neque
1200 1834 1304 1868 aliquid
1329 1835 1426 1862 horum
1445 1836 1596 1862 convenire
1611 1836 1645 1862 ad
1665 1843 1778 1863 excusa-

988 1881 1092 1908 tionem
1111 1880 1251 1914 injudlt'lo
1268 1880 1395 1908 invenio:
1415 1889 1504 1916 neque
1519 1882 1604 1915 aliud,
1617 1881 1693 1908 utita
1708 1881 1779 1908 dica-

992 1930 1048 1957 tur,
1063 1925 1212 1959 quidquam
1232 1926 1339 1951 rzitione
1353 1925 1478 1961 dignum.

1026 1969 1093 1997 item
1107 1971 1238 2005 quoniam
1253 1971 1378 1998 homines
1391 1971 1474 1998 multa
1491 1976 1585 1999 contra
1594 1980 1626 1999 ea
1643 1981 1706 2005 qua!
1723 1973 1779 2007 opi-

992 2019 1094 2042 nantur
1111 2022 1145 2041 ex
1166 2015 1255 2049 aliqua
1280 2016 1468 2048 contentione,
1486 2017 1528 2043 vel
1555 2017 1598 2044 sui
1617 2025 1722 2050 amore,
1742 2018 1779 2045 vel

992 2061 1044 2089 alia
1060 2061 1178 2096 quadam
1194 2061 1322 2095 passione
1338 2061 1444 2093 dicunt,
1460 2062 1625 2097 perquirens
1638 2071 1778 2098 ego.quos

992 2107 1079 2141 magis
1094 2107 1239 2135 verisimile
1250 2112 1293 2134 est
1307 2115 1323 2134 a
1340 2107 1473 2143 principio
1490 2117 1521 2135 ex
1537 2109 1630 2144 aliqua
1653 2111 1703 2136 tali
1719 2118 1778 2145 pas-

993 2154 1070 2180 sione
1081 2158 1236 2180 commotos
1245 2153 1353 2180 dicere:
1367 2157 1458 2180 utrum
1470 2153 1591 2187 Latinos,
1605 2157 1679 2189 quod
1692 2163 1723 2183 ex
1740 2155 1779 2183 Fi-

994 2199 1042 2231 lio,
1059 2206 1093 2226 an
1105 2198 1225 2231 Graecas,
1242 2199 1315 2234 quod
1332 2199 1444 2227 haeresis
1458 2205 1485 2227 et
1497 2208 1574 2227 error
1594 2202 1648 2229 hoc
1664 2208 1725 2235 est;
1739 2202 1778 2228 in-

140 2259 195 2282 ~ter
213 2262 243 2282 se
268 2254 377 2283 habere,
399 2252 450 2278 hoc
468 2249 612 2284 recipiunt.
631 2248 722 2282 Quaic
749 2248 864 2276 multum
888 2248 942 2274 dif-
959 2262 982 2290 ο
996 2245 1076 2272 venio
1093 2252 1188 2271 rursus
1199 2245 1323 2271 eamdem
1347 2244 1539 2273 tiiiTcrenliam.
1557 2246 1587 2273 ln
1600 2247 1695 2274 inuitis
1710 2249 1776 2275 enim

155 2299 207 2326 iert
223 2299 274 2326 hoc
297 2298 330 2325 ab
345 2297 401 2324 illo.
416 2295 524 2322 Nullius
534 2294 617 2328 enim,
632 2295 672 2322 vel
688 2294 808 2321 minium
821 2293 943 2320 audacia:

156 2345 263 2373 videtur
275 2351 346 2371 esse.
797 2363 813 2384 ρ

192 2391 257 2419 Item
276 2398 329 2418 non
346 2387 494 2416 mediocris
519 2391 545 2414 et
568 2386 688 2414 audacia:
703 2393 730 2414 et
753 2387 944 2421 praesumptio-

157 2440 200 2466 nis
215 2437 311 2474 procul
329 2436 413 2463 dubio
430 2440 482 2467 cst,
493 2435 519 2461 in
535 2433 707 2468 dogmatibus
721 2433 755 2461 dc
764 2441 871 2461 summa
883 2433 944 2460 Tri-

159 2486 252 2515 iiitale,
270 2491 346 2511 suam
362 2481 546 2516 cognitionem
561 2485 719 2509 sanctorum
738 2485 765 2507 ct
783 2487 944 2514 magnorum

158 2531 300 2557 doctorum
330 2527 478 2563 cognitioni
502 2526 789 2563 pr:epoucre.AtVi-ro
808 2527 854 2561 qui
881 2526 947 2553 dicit

159 2585 191 2603 ex
212 2575 271 2602 solo
283 2573 364 2601 Patre
380 2573 526 2608 procedere
544 2573 677 2609 Spiritum
693 2577 831 2605 sanctum,
852 2571 946 2599 multis

159 2629 186 2649 Ct
203 2621 308 2658 magnis
325 2619 440 2650 sanctis,
457 2624 482 2646 ct
493 2620 627 2655 praecipue
636 2624 731 2646 sancto
743 2618 908 2654 Augustino,
920 2623 948 2646 et

161 2672 257 2694 sancto
278 2666 392 2702 Cyrillo,
419 2666 466 2701 qui
490 2666 570 2693 latius
595 2671 622 2694 et
646 2665 766 2701 apertius
791 2665 946 2700 oppositum

162 2716 271 2746 docent,
285 2721 315 2739 se
332 2712 421 2748 ipsum
439 2712 596 2740 necessario
615 2718 692 2747 putat
706 2711 903 2747 sapientiorem
920 2716 948 2738 et

163 2760 372 2795 icligiosioreiii.
391 2760 413 2786 A
429 2759 533 2787 Latinis
549 2767 613 2786 vero
625 2759 694 2786 nihil
711 2758 867 2794 Iiujusuiodi
885 2764 948 2792 pec-

162 2812 251 2840 catur,
263 2807 336 2834 iiullo
348 2812 503 2834 sanctorum
515 2815 528 2833 a
539 2806 596 2834 solo
610 2805 689 2833 l‘atrc
700 2805 848 2840 procede-ie
857 2808 949 2838 aperte

164 2859 189 2880 ct
208 2853 425 2882 indubitabiliter
439 2854 574 2882 tradente.

201 2901 301 2929 Uciiide
311 2910 466 2937 supponens
480 2901 507 2928 in
525 2907 565 2935 pa.
575 2905 600 2927 te
611 2905 755 2933 utrumque
768 2898 865 2925 falsum
877 2905 948 2929 csse,

996 2291 1040 2319 his
1055 2292 1158 2318 nostris
1168 2291 1285 2319 subditis
1295 2292 1335 2318 illi
1351 2291 1490 2325 Ect-lesite,
1502 2297 1528 2320 et
1539 2293 1634 2321 multis
1651 2294 1696 2321 hic
1711 2295 1778 2321 a'sti-

996 2336 1095 2363 mando
1109 2343 1137 2363 se
1152 2344 1168 2363 a
1185 2336 1336 2371 majoribus
1352 2337 1481 2372 iujuriani
1498 2338 1552 2372 pati
1572 2338 1605 2365 ad
1631 2339 1719 2373 ipsam
1741 2348 1779 2366 re-

996 2382 1175 2418 fugientibus,
1184 2382 1285 2418 illaque
1294 2384 1580 2411 excominunicationc
1591 2390 1618 2411 et
1630 2385 1780 2418 aliisjussis

997 2436 1024 2456 ct
1037 2430 1111 2456 omni
1129 2430 1210 2457 modo
1225 2437 1361 2460 coercere,
1383 2430 1427 2458 hic
1443 2431 1560 2465 majores
1571 2431 1606 2458 ab
1623 2431 1725 2465 injuria
1741 2440 1781 2458 co-

999 2482 1096 2504 nante:
1114 2477 1214 2509 ethoc,
1230 2481 1259 2503 ut
1269 2477 1418 2504 verisimile
1430 2481 1481 2509 est,
1497 2478 1539 2505 his
1551 2486 1605 2505 non
1620 2486 1718 2513 parum
1729 2479 1781 2505 dis-

999 2524 1125 2559 plicente,
1136 2524 1195 2551 istis
1205 2524 1315 2558 quidem
1328 2531 1359 2550 ex
1371 2523 1540 2551 diiIamando
1551 2524 1624 2551 illam
1636 2523 1781 2553 Ecrlrsiam

1000 2570 1026 2596 iii
1039 2569 1210 2603 dogmatibus
1230 2576 1354 2604 peccare,
1372 2576 1482 2604 suaeque
1503 2570 1555 2596 hoc
1583 2570 1780 2605 persuadendo,

1000 2617 1141 2643 videbatur
1167 2617 1298 2644 advenire
1320 2624 1417 2652 magna
1441 2617 1574 2643 malorum
1594 2617 1721 2644 liberatio
1738 2627 1744 2644 :
1759 2622 1782 2644 et

1001 2663 1127 2690 videlicet
1141 2664 1234 2691 omnia
1246 2664 1398 2691 secundum
1429 2664 1631 2698 bent-placitum
1651 2671 1732 2691 suum
1749 2664 1783 2690 ia-

1000 2710 1135 2738 rieiitibus
1152 2711 1243 2737 nullus
1259 2710 1292 2737 de
1301 2714 1400 2737 cietero
1416 2717 1557 2737 recurrere
1568 2710 1645 2741 velit.
1655 2714 1738 2744 atque
1748 2709 1783 2737 illi

1002 2757 1201 2784 rationabiliter
1213 2757 1356 2784 videantur
1377 2757 1462 2791 jussis
1480 2764 1555 2791 papae
1578 2756 1650 2784 nolle
1668 2756 1782 2784 obedire.

1037 2803 1131 2837 Itaque
1146 2802 1306 2837 imperatori
1324 2803 1375 2829 lioc
1395 2802 1530 2838 provenit,
1546 2802 1619 2837 quod
1636 2803 1715 2837 prius
1735 2810 1782 2829 non

1002 2850 1131 2880 habebat;
1158 2850 1327 2884 patriarchas
1345 2849 1509 2876 conﬁrmare
1525 2854 1552 2876 et
1571 2856 1737 2884 proponere,
1760 2853 1784 2875 et

1004 2897 1105 2923 titillari:
1126 2897 1240 2931 relinqui
1259 2895 1419 2929 Ecclesium,
1436 2904 1496 2930 qua:
1512 2895 1601 2923 valeat
1619 2895 1672 2930 ipsi
1687 2894 1714 2922 iii
1739 2893 1782 2922 ali-
