1868 3069
114 147 181 180 1301

799 151 877 181 PRO
898 149 1061 181 LATINIS.

1670 144 1738 176 1302

111 214 168 241 quo
184 205 323 234 resistere.
340 207 392 242 Ipsi
408 214 471 234 vero
487 207 648 242 patriarchae
659 214 734 234 nova:
751 207 854 240 Romte,
869 211 899 234 ut
914 209 935 236 Α
952 206 1003 235 hoc
1015 207 1166 238 adﬁrmans.
1181 207 1402 235 contradicentes
1420 212 1517 233 omnes
1534 212 1582 238 pro
1600 203 1738 231 ha-reticis

112 251 282 279 universalis
297 251 495 284 nominaretur,
511 258 537 279 et
550 260 604 279 non
621 251 758 280 secundus
771 255 832 285 post
843 251 898 286 pri-

111 304 202 329 mum,
218 298 265 325 sed
287 297 346 332 ipse
362 298 464 331 primus
482 298 508 324 in
524 297 646 325 Ecclesia
664 305 677 324 a
696 298 899 325 consecratori-

111 343 165 370 bus
180 343 341 370 aestimetur.
354 343 486 370 Neutrum
502 344 574 370 enim
591 343 689 370 horum
703 348 766 370 ante
779 342 900 370 scltisma

112 394 184 416 erat.
207 389 314 417 Latinis
335 397 400 417 vero
422 398 454 417 ex
470 390 596 422 dicendo,
620 397 652 416 ex
673 389 741 416 Filio
767 388 900 422 Spiritum

111 440 240 463 sanctum
265 436 414 470 procedere
425 455 433 468 ,
449 443 538 471 neque
550 435 706 469 aliquorum
722 434 857 461 malorttm
870 433 903 459 li-

111 481 233 513 beratio,
251 489 339 516 neque
356 489 409 508 non
420 481 594 515 praesentium
606 481 740 508 bonorum
755 479 902 514 acquisitio

111 527 272 554 accedebat.
290 527 379 560 Quare
393 534 426 554 ex
440 527 568 562 passione
579 535 592 553 a
605 526 738 562 principio
750 531 902 554 commotos

112 572 206 598 dicere
224 572 310 606 magis
327 571 430 599 Grecis
455 579 536 607 quam
557 572 664 599 Latinis
692 572 799 598 videtur
822 578 904 605 posse

113 617 286 651 contingere.

152 662 190 689 Ex
207 662 251 689 his
264 663 349 697 igitur
367 667 394 690 et
412 663 524 696 talibus,
544 663 607 691 licet
623 662 743 690 nondum
757 662 846 690 visum
862 667 904 689 est

112 707 182 734 mihi
207 708 285 735 fidem
301 709 432 737 adhibere
461 709 618 737 Latinorum
650 709 781 742 dogmati,
813 713 903 734 tamen

113 753 204 780 multo
217 754 327 782 videtur
348 755 415 781 mihi
435 754 627 782 rationabilius
642 762 714 786 esse,
739 762 791 781 non
816 753 902 784 credi,

114 801 190 835 quod
202 799 288 828 Graeci
301 800 407 834 dicunt,
418 808 500 836 quam
511 801 587 828 illud.
598 801 687 828 Tuum
699 800 732 828 de
742 804 841 827 caetero
856 799 902 831 sit,

114 845 190 880 quod
210 846 282 873 etin
308 847 442 881 principio
468 851 598 881 precatus
621 854 694 878 sum,
718 850 745 874 te
770 845 850 872 nobis
875 844 902 871 in

114 892 229 927 scriptis
246 893 369 920 revelare
384 900 412 920 et
437 892 593 927 signiﬁcare
617 893 697 924 velle,
715 891 845 927 quidnam
862 895 904 918 est
919 879 939 906 Β

115 938 195 971 illud,
211 939 283 972 quod
301 938 350 966 tibi
366 940 512 973 persuasit,
525 943 552 966 et
561 946 591 966 ex
606 938 677 966 Filio
691 938 824 973 Spiritum
838 944 902 965 san—

114 987 191 1010 ctum
203 983 359 1018 procedere.
376 991 426 1018 pro
435 987 512 1011 curto
522 984 632 1011 credere
646 1003 652 1015 ,
666 987 693 1010 et
708 991 740 1011 ex
752 983 805 1010 hoc
818 981 904 1010 haere-

114 1028 187 1056 ticos
201 1033 228 1056 et
240 1029 430 1058 seltismaticos
442 1037 502 1062 eos,
518 1031 564 1065 qul
582 1036 637 1057 non
655 1029 706 1057 hoc
718 1029 839 1068 sapiunt,
853 1036 905 1056 nec

115 1074 282 1102 conﬁtentur
304 1079 412 1110 putare.
439 1076 528 1103 Amici
554 1082 650 1103 omnes
670 1074 791 1102 salutant
808 1079 845 1101 te.
872 1072 905 1101 Et

115 1121 233 1156 epistola
253 1123 303 1149 hac
322 1122 390 1150 lecta
408 1129 500 1150 coram
526 1123 579 1154 eis,
598 1122 693 1150 eadem
710 1125 737 1148 et
754 1121 806 1156 ipsi
822 1120 904 1148 haesi-

116 1172 188 1200 tare,
208 1172 234 1195 et
250 1172 302 1196 ate
317 1173 409 1203 petere
427 1175 456 1196 se
471 1169 574 1197 dicunt.

116 1235 240 1270 Epistolis
260 1236 364 1273 Domini
388 1238 536 1270 Barlaami,
552 1239 664 1272 episcopi
683 1236 850 1273 Cyrae-emis,
870 1245 903 1264 aa

153 1272 271 1299 eumdem
286 1272 448 1299 Demetrium
463 1272 732 1305 Thessalonicensem,
746 1272 906 1307 respondens

154 1307 301 1338 adpetita;
317 1311 439 1334 hortatur
455 1316 515 1335 eum
542 1309 576 1335 ad
597 1309 719 1335 unionem
740 1312 839 1335 sancta:
854 1307 906 1334 lio-

155 1349 241 1369 πωπω
257 1342 394 1370 Ειειεεὶιε.

154 1395 221 1424 Cum
246 1398 426 1434 accepissem,
450 1407 466 1427 ο
486 1401 604 1428 amicum
624 1400 690 1428 mihl
709 1404 803 1435 caput,
830 1403 906 1427 tuam

118 1443 265 1478 ingenuam
284 1449 310 1473 et
328 1446 516 1474 admirandam
531 1452 557 1474 et
582 1446 791 1475 disertissimam
808 1446 908 1481 episto-

118 1491 186 1524 lam,
203 1493 384 1528 Iegissemqne
400 1497 427 1520 et
439 1494 643 1525 intellexissem,
660 1498 689 1521 ut
701 1493 831 1526 arbitror,
846 1499 907 1529 qua:

118 1539 147 1567 in
163 1546 193 1566 ea
209 1543 284 1572 sunt,
300 1540 336 1567 ita
353 1539 399 1567 tibi
413 1540 446 1567 ad
458 1539 624 1576 interrogata
638 1539 802 1574 respondeo.

155 1584 211 1619 Ego
228 1593 316 1620 neque
333 1586 408 1620 prius
431 1586 563 1618 sciebam,
585 1591 675 1614 utrum
694 1593 707 1613 a
732 1585 792 1613 solo
822 1584 906 1613 Patre

120 1631 242 1665 procedit
256 1630 375 1666 Spirittts
389 1636 512 1665 sanctus,
536 1640 624 1667 neque
645 1640 718 1659 nunc
729 1633 848 1659 arbitror
864 1639 907 1660 me

119 1677 202 1704 Scire.
227 1676 296 1704 Puto
315 1677 387 1704 cnim
407 1670 569 1713 hujusmodi
590 1678 730 1713 problema
747 1682 775 1716 et
792 1685 864 1705 nunc
880 1682 908 1705 et

121 1728 198 1754 tunc,
213 1723 443 1757 quemadmodum
455 1728 481 1750 et
499 1728 526 1751 tu
539 1724 565 1750 in
576 1723 692 1758 epistola
708 1723 810 1758 optime
818 1724 908 1752 dicere

119 1769 187 1796 mihi
203 1768 311 1802 videris,
328 1777 411 1804 super
421 1777 528 1797 omnem
545 1778 607 1798 esse
622 1770 771 1797 humanam
785 1775 810 1797 et
820 1771 909 1798 scien-

120 1816 186 1842 tiam
200 1819 226 1841 ct
244 1821 371 1846 mentem,
384 1821 408 1844 et
422 1816 578 1843 methodum
591 1822 618 1843 et
631 1816 906 1845 demonstrationem.

122 1861 175 1888 Sed
188 1865 215 1888 et
227 1861 303 1896 prius
321 1862 477 1893 credebam,
494 1863 566 1896 quod
581 1869 596 1889 a
612 1863 669 1889 solo
686 1863 777 1895 Patre,
796 1868 822 1890 et
836 1871 908 1891 nunc

121 1915 219 1934 rursus
236 1908 328 1940 credo,
343 1907 414 1943 quod
430 1909 512 1936 etiam
528 1916 561 1935 ex
574 1907 652 1936 Filio.
666 1906 777 1937 Recessi
794 1917 860 1937 vero
876 1917 908 1936 ex

121 1954 167 1981 illa
183 1955 341 1982 credulitate
351 1963 398 1990 per
411 1955 519 1982 easdem
537 1963 636 1982 causas
647 1959 673 1982 et
684 1955 793 1983 easdem
807 1955 910 1990 cogita-

122 2001 221 2031 tiones,
235 2009 282 2035 per
295 2009 363 2035 quas
382 2006 409 2028 et
423 2006 451 2028 tu
467 2009 513 2036 per
523 2001 606 2028 multa
620 2001 763 2028 ostendisti
779 2001 805 2028 in
816 2004 908 2028 eadem

122 2048 248 2082 epistola,
258 2054 311 2074 non
323 2047 422 2074 debere
436 2052 461 2074 te
473 2047 584 2074 credere
595 2047 693 2081 putasti
706 2046 760 2079 his,
770 2047 815 2081 qui
828 2054 842 2073 a
852 2047 911 2074 solo

124 2094 203 2120 Patre
214 2093 325 2126 dicunt;
337 2093 383 2120 sed
394 2092 480 2120 multo
490 2092 704 2120 incredibiliures
714 2092 764 2120 hos
776 2092 836 2120 aliis
848 2100 910 2121 esse

124 2139 224 2167 debere
239 2138 386 2166 discernis.

159 2184 226 2218 Quae
240 2189 331 2212 autem
349 2192 392 2212 me
406 2184 439 2212 ad
451 2184 565 2212 ﬁrmiter
577 2184 743 2212 Credendum
756 2189 782 2213 et
797 2192 830 2212 ex
839 2183 909 2212 Filio

931 254 933 256 ’
952 254 1046 281 haberi
1069 254 1174 282 statuit.
1192 253 1259 286 lloc,
1276 254 1399 288 inquam.
1420 252 1453 279 ab
1469 250 1543 278 omni
1559 249 1738 284 ambiguitate

952 307 1108 332 remanens,
1125 304 1210 326 totum
1220 298 1284 326 facit
1295 299 1374 332 huius
1385 298 1530 332 dogmatis.
1547 297 1588 324 Ab
1599 297 1650 324 hac
1664 297 1737 323 enim

951 345 1067 381 synodo,
1084 351 1110 372 et
1125 346 1241 373 habente
1255 351 1281 373 et
1300 345 1425 377 faciente,
1443 351 1615 379 quaecunque
1630 347 1740 376 oporte—

954 396 994 418 rct
1004 391 1107 418 habere
1119 396 1145 418 et
1157 388 1246 419 facere
1260 390 1413 426 generalem
1425 390 1569 425 synodum,
1582 389 1739 416 examinato

951 438 1179 470 etdeterminato,
1191 442 1218 465 ct
1234 445 1267 465 ex
1280 437 1352 464 Filio
1369 437 1517 471 procedere
1529 436 1659 470 Spiritum
1676 442 1741 461 sart-

953 489 1041 510 ctum:
1056 483 1102 519 qui
1117 484 1169 511 hoc
1184 491 1238 510 non
1257 484 1367 518 recipit,
1380 488 1510 517 tanquam
1528 483 1580 517 iam
1599 481 1741 508 catholica:

953 530 1083 557 Ecclesiae
1099 530 1291 557 auctoritatem
1305 536 1332 557 ct
1347 530 1443 564 dogma
1465 534 1652 562 contemnens.
1666 527 1740 562 jnsle

953 577 1046 611 utique
1056 581 1082 603 et
1095 576 1392 610 meritoschismaticus
1400 582 1427 602 et
1435 573 1741 602 baereticushabehitur.

954 622 985 650 Et
997 624 1088 654 credo,
1103 624 1174 657 quod
1192 623 1214 650 si
1225 622 1325 650 fuisses
1340 623 1372 649 de
1385 623 1435 649 hac
1445 622 1550 657 synodo
1565 621 1741 652 informatus,

954 678 1007 697 non
1020 670 1108 697 adhuc
1125 669 1264 697 videretur
1277 670 1324 696 tibi
1342 676 1394 695 non
1406 667 1591 695 necessarium
1609 674 1679 697 esse,
1690 666 1743 692 hoc

955 715 1076 746 recipere
1095 716 1203 749 dogma.
1218 713 1249 740 Et
1259 721 1332 741 nunc
1346 714 1456 748 quidem
1474 712 1628 739 transmitto
1641 711 1688 737 tibi
1702 711 1743 735 dr-

956 760 1179 787 terminationem
1197 759 1276 792 hujus
1292 759 1399 794 synodi,
1416 758 1444 784 itt
1458 757 1510 784 ﬁne
1532 756 1655 791 epistolae
1674 754 1743 782 scri-

956 813 1045 841 ptam.
1063 805 1241 833 Postmodunt
1256 811 1331 838 vero,
1358 804 1381 831 si
1399 805 1468 831 Deus
1491 803 1621 835 voluerit,
1638 802 1741 828 mittant

956 852 1005 880 tibi
1021 856 1048 879 et
1063 852 1145 886 hujus
1159 856 1239 878 acta:
1257 859 1289 878 ex
1302 850 1402 885 quibus
1415 848 1486 877 seire
1502 848 1613 884 poteris.
1627 852 1653 874 et
1670 855 1713 880 qm
1725 845 1741 871 d

955 897 1090 933 generalis
1103 897 1194 928 fuerit,
1210 901 1237 923 ct
1257 896 1328 929 quod
1346 895 1412 922 nihil
1430 902 1537 925 eorum,
1552 901 1611 928 qua:
1627 892 1743 919 debebat

955 945 1056 971 habere
1073 948 1101 971 et
1121 943 1222 975 facere,
1238 942 1340 969 omisit.

992 989 1028 1016 De
1039 988 1210 1023 expositione
1223 995 1288 1016 vero
1300 986 1493 1014 nonnullorum
1512 985 1647 1012 dictorum
1667 983 1742 1011 Scri-

956 1039 1053 1070 ptum,
1067 1043 1099 1063 ex
1120 1035 1219 1070 quibus
1236 1034 1322 1061 Latini
1344 1041 1424 1061 suum
1445 1032 1612 1060 concludunt
1634 1033 1743 1067 dogma,

955 1082 989 1109 de
1004 1081 1104 1116 quibus
1114 1081 1220 1114 dixisti,
1236 1084 1346 1116 propter
1364 1079 1437 1114 quod
1454 1082 1568 1113 possunt
1584 1078 1684 1105 habere
1695 1079 1746 1104 du-

957 1129 1028 1164 plam
1045 1128 1254 1163 expositionem,
1272 1132 1297 1154 te
1312 1125 1451 1160 ambigere
1467 1129 1494 1152 et
1515 1132 1568 1151 non
1586 1124 1686 1151 habere
1700 1125 1744 1150 cui

956 1173 1043 1210 magis
1064 1173 1224 1201 assentiaris
1237 1194 1244 1206 ,
1262 1176 1338 1207 potes
1358 1172 1455 1206 utique
1479 1176 1505 1199 et
1522 1170 1588 1198 illud
1614 1170 1744 1204 cogitare,

957 1221 1029 1256 quod
1045 1220 1083 1248 illi
1094 1220 1216 1256 quidem,
1228 1219 1275 1254 qui
1289 1223 1430 1254 exponunt
1447 1218 1517 1253 ipsn,
1535 1217 1571 1244 ita
1586 1221 1617 1244 ut
1633 1217 1745 1243 conclu—

957 1268 1021 1295 dant
1032 1272 1058 1295 et
1067 1275 1099 1295 ex
1112 1266 1180 1294 Filio
1191 1266 1324 1300 Spiritum
1335 1264 1493 1300 procedere,
1505 1263 1590 1291 divini
1599 1263 1650 1290 viri
1661 1267 1743 1289 sunt:

958 1317 1072 1340 sanctus
1087 1311 1213 1339 videlicet
1229 1310 1299 1338 inter
1316 1310 1383 1337 alios
1399 1309 1569 1344 Augustinus
1584 1313 1611 1336 et
1631 1312 1745 1335 sanctus

957 1359 1086 1396 Cyrillus.
1105 1358 1180 1386 Alios
1194 1357 1266 1385 enim
1281 1356 1442 1383 Latinorum
1461 1360 1630 1388 sanctorum,
1645 1354 1691 1389 qui
1707 1355 1745 1381 si-

958 1405 1060 1433 militer
1077 1405 1171 1432 eadem
1196 1407 1392 1438 exposuerunt,
1410 1402 1516 1429 omitto.
1543 1400 1651 1428 Videris
1670 1401 1742 1428 enim

958 1459 1005 1479 eos
1018 1449 1131 1478 minime
1145 1449 1294 1476 invenisse.
1312 1448 1352 1474 llli
1369 1455 1434 1474 vero
1450 1448 1497 1482 qni
1513 1447 1608 1474 eadem
1620 1446 1677 1480 ipsa
1695 1445 1745 1472 ali-

959 1501 999 1524 ter
1013 1499 1163 1530 exponunt.
1176 1494 1305 1522 addentes
1315 1494 1340 1520 id
1356 1494 1455 1527 ipsum,
1468 1492 1580 1519 minime
1593 1499 1671 1526 posse
1685 1498 1746 1518 esse

920 1543 943 1576 α
960 1542 1043 1570 alium
1064 1541 1223 1569 eorumdcm
1242 1545 1339 1575 praeter
1356 1539 1429 1566 hunc
1453 1538 1633 1569 intellectum,
1657 1536 1745 1564 Graeci

959 1594 1044 1617 sunt:
1061 1588 1107 1624 qui
1126 1592 1186 1622 post
1201 1587 1320 1615 scltisma
1335 1585 1439 1613 Latinis
1451 1585 1652 1612 contradicunt.
1673 1583 1747 1615 Quo-

959 1635 1033 1662 niam
1061 1634 1233 1668 antiquiores
1260 1632 1357 1666 Grzaci,
1382 1633 1428 1667 qui
1453 1632 1580 1659 similiter
1608 1628 1747 1658 modernis

958 1679 1061 1708 Graecis
1080 1680 1174 1707 eadem
1196 1682 1346 1713 exponunt,
1364 1679 1440 1705 nullo
1465 1678 1545 1705 modo
1565 1676 1680 1707 addunt,
1698 1676 1748 1702 im-

959 1724 1090 1760 poasibile
1118 1723 1277 1751 eorumdem
1304 1728 1330 1751 et
1352 1724 1435 1750 alium
1456 1730 1518 1751 esse
1544 1730 1667 1750 sensum.
1687 1721 1747 1749 Scis

959 1771 1070 1807 quippe,
1087 1770 1160 1805 quod
1178 1769 1261 1797 nimis
1281 1770 1307 1796 in
1323 1769 1416 1797 multis
1437 1773 1526 1804 potest
1552 1768 1624 1800 ﬁeri,
1638 1775 1747 1795 eorum-

959 1816 1022 1845 dem
1033 1816 1157 1844 diversos
1166 1823 1227 1843 esse
1243 1815 1406 1845 intellectus.
1423 1823 1476 1842 tton
1489 1820 1671 1850 repugnantes
1682 1814 1746 1845 sibi,

959 1866 986 1891 et
999 1870 1052 1890 non
1068 1870 1163 1890 omnes
1172 1862 1206 1889 ab
1218 1861 1346 1890 omnibus
1361 1861 1479 1896 aperiri,
1494 1861 1538 1888 sed
1550 1860 1618 1887 alios
1630 1859 1664 1886 ah
1674 1859 1745 1886 aliis.

959 1909 1060 1942 Quales
1075 1912 1138 1936 sunt
1150 1912 1333 1943 repugnantes
1343 1907 1543 1940 intellectus,et
1557 1911 1585 1933 tu
1602 1906 1746 1933 ostendisti

960 1956 986 1983 in
1002 1954 1123 1990 pluribus
1139 1954 1219 1982 dictis
1235 1957 1262 1981 et
1274 1954 1360 1989 magis
1376 1955 1409 1981 ad
1422 1952 1637 1982 concludendam
1654 1961 1747 1989 ncces-

961 2001 1041 2029 sariis
1055 2009 1088 2028 ex
1101 2001 1140 2028 eis
1156 2000 1316 2028 Latinorum
1332 1999 1547 2027 conclusionem.
1564 1998 1747 2025 Admittentes

960 2048 1031 2075 enim
1049 2047 1138 2074 Latini
1157 2047 1305 2082 integre,et
1321 2046 1409 2079 illum,
1421 2053 1502 2081 quem
1521 2045 1624 2077 dixisti,
1638 2053 1747 2072 eorum-

961 2093 1021 2121 dem
1035 2100 1116 2127 posse
1132 2092 1189 2119 ﬁeri
1201 2093 1284 2119 alium
1297 2099 1419 2124 sensutn,
1435 2091 1471 2118 ita
1487 2099 1566 2118 suum
1582 2091 1745 2118 habuerunt.

959 2139 1050 2172 Quare
1059 2146 1120 2165 cum
1130 2138 1218 2166 sancti
1229 2142 1255 2165 et
1265 2138 1336 2165 beati
1345 2138 1405 2169 viri.
1417 2137 1461 2171 qui
1474 2143 1587 2171 utroque
1603 2138 1684 2164 modo
1698 2138 1747 2164 ltu~

957 2182 1077 2219 jnsntodi
1093 2182 1167 2210 dicta
1183 2183 1348 2218 intelligunt,
1359 2189 1385 2211 et
1397 2191 1430 2211 ex
1440 2183 1665 2217 Filio‘procetlcre
1686 2183 1747 2218 Spi-

125 2231 272 2266 procedere
288 2228 419 2265 Spiritum
432 2234 557 2258 sanctum
568 2230 776 2262 duxerunt,tria
791 2230 910 2258 maxime
924 2225 948 2255 1)
962 2231 1043 2257 ritutn
1055 2234 1180 2257 sanctum
1201 2237 1233 2257 ex
1252 2230 1319 2264 ipsis
1341 2230 1505 2257 concludunt
1518 2251 1525 2263 ,
1539 2238 1591 2256 non
1605 2231 1671 2257 tales
1682 2238 1747 2258 vero

123 2282 199 2305 sunt.
224 2277 346 2310 Quorum
361 2277 415 2304 duo
429 2281 456 2304 et
469 2278 496 2304 in
518 2282 563 2304 tua
579 2277 693 2312 epistola
712 2277 908 2304 continentur:

123 2322 240 2356 scilicet,
255 2323 326 2358 quod
339 2323 417 2350 multi
436 2328 591 2351 nostrorum
605 2322 729 2355 PatrumI
746 2327 771 2350 et
783 2330 908 2357 magnam

121 2367 277 2402 opinionem
309 2368 480 2401 habentium,
506 2375 612 2395 sacram
634 2373 660 2395 et
678 2367 798 2394 divinam
822 2375 909 2402 expo—

123 2414 212 2440 uendo
228 2412 410 2448 Scripturam,
425 2422 457 2441 ex
476 2421 532 2448 ipsa
546 2414 623 2441 aiunt
641 2421 670 2440 se
686 2413 867 2445 intellexisse,
882 2417 910 2440 et

121 2466 153 2485 ex
171 2457 239 2486 Filio
255 2458 387 2494 Spirittttn
403 2463 526 2486 sanctum
537 2459 696 2493 procedere.
713 2459 746 2486 Et
759 2459 821 2486 ideo
833 2467 911 2494 aper-

123 2503 229 2531 tissime
251 2509 278 2531 et
299 2512 347 2539 per
363 2505 449 2532 multa
469 2505 496 2532 in
522 2505 581 2533 suis
594 2505 706 2540 scriptis
731 2504 783 2531 hoc
798 2505 909 2537 docent,

123 2548 204 2576 sicuti
220 2553 333 2578 sanctus
349 2551 528 2584 Augustinus,
545 2557 657 2579 sanctus
672 2550 801 2586 Cyrillus.
819 2550 850 2578 Et
868 2548 909 2578 se-

123 2595 243 2622 cundum
268 2596 339 2630 quod
361 2597 444 2624 etiam
466 2596 587 2624 Romana
605 2597 736 2628 Ecclesia,
749 2605 809 2631 qum
824 2602 851 2624 et
866 2598 908 2624 di-

122 2641 228 2675 gnitate
241 2645 268 2668 et
277 2641 408 2675 dominio,
418 2647 444 2670 et
458 2650 522 2677 erga
535 2643 702 2677 Scripturam
713 2643 836 2679 diligenti
849 2648 909 2670 snt-

122 2687 168 2713 dio
182 2692 293 2722 superat
307 2696 481 2722 omnes,qu:n
494 2696 602 2724 semper
616 2694 687 2716 ret-ta
705 2689 826 2717 defendit
843 2690 910 2725 dog-

125 2735 206 2765 mata,
223 2732 342 2767 idipsum
355 2741 369 2760 a
385 2733 519 2768 principio
535 2734 614 2761 ducet
628 2739 655 2762 et
672 2739 755 2762 tenet.
773 2734 820 2763 llis
837 2736 910 2763 enim

124 2777 244 2810 duobus,
260 2786 276 2805 ο
296 2779 394 2810 amice,
411 2779 522 2806 tertium
541 2781 677 2813 additum,
699 2782 771 2816 quod
787 2786 815 2809 ιιι
836 2782 911 2809 vide-

125 2823 162 2850 ris
173 2823 262 2851 adhuc
276 2824 399 2859 ignorare
409 2844 416 2856 ,
430 2825 492 2859 quia
510 2825 591 2852 etimit
607 2827 735 2860 getierale
751 2828 896 2854 concilium

124 2869 158 2895 de
176 2869 270 2897 eodem
293 2870 353 2905 ipso
372 2871 537 2899 celebtalunt
556 2876 597 2899 est
614 2873 640 2899 in
658 2872 816 2908 Lugtlunis:
835 2875 907 2908 quod

961 2275 1072 2308 sintilli,
1087 2276 1134 2311 qui
1147 2281 1227 2310 prout
1238 2276 1341 2308 volunt.
1350 2278 1444 2304 eadem
1459 2276 1652 2312 intelligentes,
1671 2277 1746 2305 illum

962 2329 1086 2354 sensum,
1102 2329 1150 2356 per
1170 2329 1252 2356 quem
1269 2322 1409 2356 processio
1426 2322 1548 2357 Spiritus
1567 2323 1653 2349 sancti
1673 2327 1698 2350 et
1715 2331 1748 2349 ex

961 2366 1031 2395 Filio
1046 2367 1233 2400 concluditur,
1257 2373 1376 2403 negant:
1394 2376 1448 2395 non
1464 2368 1596 2396 debemus
1613 2368 1747 2403 tequalcm

962 2414 1086 2448 utrisque
1102 2413 1182 2442 ﬁdem
1197 2413 1336 2441 adhibere.
1357 2413 1518 2448 Quanquam
1543 2413 1615 2441 illaut
1643 2421 1690 2447 per
1707 2415 1748 2440 in—
1782 2443 1786 2446 ,

961 2458 1145 2487 snﬂlationem
1161 2459 1281 2494 Spiritus
1292 2459 1479 2493 donationem,
1491 2460 1514 2487 si
1529 2467 1624 2494 parum
1634 2459 1750 2494 diligen-

961 2506 1017 2533 tius
1032 2504 1235 2537 considerabis,
1251 2505 1373 2533 invenies
1393 2507 1543 2534 Secundum
1560 2506 1672 2534 Latinos
1688 2514 1752 2534 sen-

962 2559 1022 2578 sum
1038 2550 1138 2583 solum,
1155 2556 1182 2579 et
1197 2550 1311 2578 minime
1331 2551 1426 2585 alium,
1451 2560 1536 2590 posse,
1555 2552 1657 2579 habere
1672 2560 1678 2578 :
1698 2552 1750 2579 nisi

961 2597 1024 2629 quis
1038 2597 1152 2623 omnino
1168 2601 1261 2624 coacte
1277 2601 1305 2624 et
1317 2596 1465 2632 sophistice
1479 2598 1597 2633 idipsum
1613 2605 1750 2633 exponere

962 2641 1090 2669 voluerit.

996 2688 1114 2716 Attende
1128 2688 1200 2716 enim
1212 2687 1260 2715 ita.
1273 2687 1379 2721 Dixisti,
1393 2688 1473 2716 aliter
1483 2695 1651 2724 exponentes
1660 2690 1752 2718 dicere

962 2734 1030 2763 velle
1045 2742 1079 2762 ex
1091 2735 1142 2762 hoc
1158 2734 1328 2770 Scripturam
1345 2742 1395 2762 nos
1411 2734 1574 2769 intelligere,
1594 2736 1667 2770 quod
1690 2735 1751 2772 Spi-

962 2781 1032 2808 ritus
1049 2788 1103 2808 non
1120 2785 1162 2808 est
1179 2781 1267 2815 major
1283 2780 1362 2814 Filio,
1379 2784 1406 2808 et
1418 2780 1490 2815 quod
1508 2781 1662 2808 deiﬁcantia
1684 2783 1752 2809 cha-

964 2828 1075 2854 rismata
1104 2827 1260 2854 communia
1277 2831 1342 2854 sunt
1356 2833 1382 2854 et
1396 2826 1455 2853 Filii
1472 2831 1498 2853 et
1507 2826 1637 2860 Spiritus.
1657 2827 1691 2853 At
1704 2835 1752 2855 ve-

963 2881 993 2900 ro
1020 2874 1052 2901 ad
1084 2874 1141 2901 lucc
1173 2873 1348 2910 intelligenda
1374 2874 1415 2902 vel
1442 2872 1576 2901 credenda
1601 2873 1753 2902 sulliciebat
