1868 3069
157 126 225 157 ιεξοπ

712 127 910 156 BARLAAMI
931 127 980 158 DE
998 125 1214 169 SEMINARIA

1703 126 1775 159 1304

156 185 261 210 tantum
275 182 367 210 dicere
386 192 392 210 :
406 183 521 217 Accipite
537 183 667 217 Spiritum
682 189 819 216 sanctum;
853 183 940 211 insuf-
951 183 978 214 Λ
991 183 1055 215 mis,
1073 183 1114 210 eis
1126 182 1268 210 auferatur
1283 191 1290 209 :
1308 186 1335 211 et
1346 182 1389 211 his
1400 182 1447 218 qui
1474 184 1539 210 sunt
1551 181 1639 210 adhuc
1649 182 1682 210 ad
1694 182 1773 211 fidem

155 227 220 254 ﬂare
236 235 298 254 vero
315 228 381 254 nihil
401 228 434 255 ad
449 229 603 263 hujusmodi
620 236 731 255 sensum
749 227 863 256 confert.
888 227 939 255 Ne-

154 281 207 307 quc
220 273 291 300 enim
308 273 365 307 ipsa
383 272 502 308 Spiritus
520 274 684 306 substantia,
703 281 791 308 neque
808 272 938 308 ejusipsa

154 318 240 351 gratia
255 323 313 346 erat
330 318 374 346 ille
384 319 565 353 corporaliter
591 320 624 346 de
649 324 745 347 sancto
776 327 823 347 ore
845 319 938 347 exiens

155 365 245 397 natus,
265 373 352 400 neque
367 366 482 403 apostoli
510 367 688 395 absorbentes
710 366 797 400 illum,
822 366 937 401 gratiam

154 416 328 444 acceperunt,
345 419 407 437 cum
422 412 500 439 aliter
529 420 581 439 non
612 418 731 447 possent.
763 412 833 445 Quid
856 413 939 448 igitur

155 456 262 485 volebat
276 457 327 484 sibi
342 457 489 486 iusutllatio
505 457 548 485 illa
559 458 714 493 ‘lsiquidem
728 463 755 486 et
766 459 871 486 dicente
879 459 938 493 ipso

154 506 259 529 tantum
274 510 281 529 :
295 503 420 537 Accipite,
440 504 490 535 vel,
509 505 541 530 do
557 505 628 531 vobis
654 504 784 538 Spiritum
801 510 935 537 sanctum,

155 548 234 575 habet
244 548 317 583 quod
330 548 488 577 Graecorum
502 550 560 578 vult
578 550 730 585 expositio?
745 558 778 577 an
791 554 875 580 certe.
907 554 938 577 ut

153 594 314 622 aitsanctus
329 595 511 629 Augustinus,
543 596 773 630 quemadmodum
786 596 813 623 in
842 596 936 624 multis

154 640 294 674 Scriptura
313 640 347 668 de
368 641 534 669 sensibilitcr
547 647 573 669 et
593 642 619 668 in
635 647 756 677 tempore
787 643 829 670 vel
857 642 937 670 factis

153 685 194 711 vel
209 685 300 715 dictis,
316 685 421 713 reducit
438 693 487 714 nos
505 687 537 714 ad
553 687 767 723 intelligibilium
782 693 808 715 et
833 689 935 723 sempi-

154 735 292 758 ternorum
304 732 571 770 contemplationem,
598 733 635 761 ita
650 737 677 760 et
693 733 802 768 signum
811 733 855 761 hic
886 734 936 760 ali-

152 776 225 809 quod
243 777 294 804 hoc
311 777 425 811 praebuit
436 777 574 809 Salvator.
590 779 722 806 reducens
753 785 803 805 nos
815 785 848 805 ex
876 778 936 813 ipso

153 822 185 848 ad
207 822 406 857 intelligendam
423 823 465 850 vel
480 823 643 851 credendam
659 823 868 859 intelligibilem,
879 831 935 851 ma—

153 868 194 904 gis
209 874 299 895 autem
316 877 398 903 super
416 870 635 904 intelligentiam,
653 876 680 897 et
692 877 724 897 ex
737 878 766 897 se
795 871 838 898 sui
867 877 936 898 con—
952 856 973 886 Β

153 914 342 942 substantialis
360 915 478 950 Spiritus
505 916 731 948 processionem?
747 915 817 951 Ergo
831 915 854 943 si
884 916 937 943 hoc

154 960 326 987 solummodo
354 960 519 987 rationabile
553 965 594 987 est
620 960 747 996 intelligi,
775 960 937 987 rationabile

153 1010 228 1032 certe
247 1013 356 1040 quoque
373 1006 485 1033 credere
503 1011 555 1033 est.

190 1051 226 1078 De
239 1051 403 1086 syllogismis
418 1059 481 1079 Vero
492 1051 613 1086 ipsorum
638 1056 666 1079 et
677 1051 856 1087 argumentis,
877 1059 937 1087 qua:

154 1098 206 1127 ais.
221 1105 275 1124 non
293 1097 327 1125 de
338 1098 504 1126 necessitate
519 1098 681 1125 concludere
695 1098 874 1133 propositum,
891 1105 938 1126 ne-

154 1151 207 1177 que
219 1150 296 1177 posse
309 1143 406 1170 anima:
417 1143 583 1178 inquisitirte
598 1144 631 1170 ad
644 1144 752 1174 plenum
763 1142 935 1176 satisfacere;

154 1195 209 1214 non
225 1187 296 1214 enim
322 1187 373 1214 hoc
404 1187 570 1215 mirandum.
587 1188 646 1215 Scis
674 1189 784 1223 quippe,
815 1188 887 1223 quod
910 1189 937 1215 in

155 1233 258 1266 multis,
275 1240 338 1260 vera
355 1233 531 1260 conclusione
560 1233 719 1264 exsistente.
738 1233 828 1267 .nimis
856 1241 938 1268 prave

154 1277 188 1304 avl
204 1285 261 1304 eam
278 1285 419 1305 sermones
447 1278 523 1309 ﬁant,
535 1286 589 1304 non
617 1285 726 1312 semper
745 1285 778 1305 ex
803 1278 938 1313 imperitia

154 1322 302 1349 dicentium
321 1323 371 1349 hoc
381 1322 555 1357 contingente
566 1344 572 1354 ,
589 1323 635 1350 sed
647 1323 794 1358 aliquando
812 1331 845 1350 ex
875 1324 936 1358 ipsa

155 1368 297 1401 propositae
313 1367 348 1394 rei
367 1372 475 1400 natura,
488 1374 543 1394 non
552 1367 708 1395 abundante
719 1368 878 1396 melioribus
892 1372 936 1396 at-

154 1422 208 1447 que
224 1413 386 1441 fortioribus
403 1413 587 1441 sermonibus.
605 1413 759 1448 Aliquando
774 1422 840 1442 vero
865 1415 938 1442 arbi-

155 1464 244 1487 trante
259 1460 318 1495 ipso
330 1461 447 1493 dicente,
463 1467 513 1495 per
540 1459 697 1494 huiusmodi
721 1468 864 1489 sermones
889 1468 938 1488 au-

154 1506 291 1533 dientibus
310 1506 428 1533 maxime
459 1505 617 1540 persuaderi
652 1514 741 1540 posse.
763 1507 839 1542 Sarpe
865 1508 937 1534 enim
952 1523 974 1553 α

155 1552 287 1586 contingit
300 1559 331 1578 ea
347 1559 395 1586 per
410 1559 470 1586 qua:
480 1552 542 1579 aliis
556 1553 746 1586 persuadetur,
775 1553 846 1587 apud
868 1553 938 1582 alios

155 1599 268 1626 ridicula
286 1598 385 1633 putari.
404 1597 470 1624 ltcm
489 1606 575 1633 neque
595 1605 643 1632 per
655 1605 714 1633 quin
745 1599 872 1634 cuiquam
899 1603 941 1627 est

156 1652 316 1680 persuasum
334 1644 447 1679 aliquid,
462 1652 510 1679 per
523 1645 616 1671 eadem
629 1652 736 1678 semper
753 1645 817 1672 aliis
826 1653 939 1679 persua-

155 1691 212 1718 deri
228 1691 324 1718 nititur
339 1699 346 1722 ;
361 1691 407 1718 sed
421 1697 473 1725 qua
490 1691 566 1725 sequi
582 1698 630 1718 eos
643 1692 770 1722 aestimat,
795 1691 845 1718 hac
857 1692 940 1718 etdu-

155 1745 217 1765 cere
229 1741 322 1765 tentat.
339 1737 376 1764 lta
391 1737 473 1772 igitur
484 1742 512 1764 et
539 1736 649 1764 Latinos
686 1737 740 1764 noli
773 1742 870 1772 putare
897 1737 940 1765 his

158 1783 322 1820 syllogismis
335 1788 360 1811 et
374 1783 544 1818 argumentis
570 1783 712 1810 credentes
741 1788 844 1816 tenere,
866 1783 939 1818 quod

158 1831 268 1863 dicunt;
279 1830 329 1866 ipsi
344 1830 416 1858 enim
435 1829 487 1856 hoc
501 1829 616 1856 credunt
631 1837 663 1856 ex
681 1829 768 1856 tribus
782 1829 847 1861 illis,
878 1829 941 1864 qui-

159 1879 209 1904 bus
224 1877 278 1904 dixi
307 1881 332 1904 et
355 1883 398 1903 me
414 1875 440 1903 id
466 1875 556 1910 ipsum
583 1875 695 1902 credere
711 1884 718 1902 :
732 1883 761 1903 re
777 1883 840 1902 vero
867 1875 942 1904 exsi-

157 1927 246 1951 stente
260 1930 343 1958 super
355 1922 501 1954 rationem,
514 1925 542 1949 et
558 1921 651 1949 multis
668 1921 824 1951 nolentibus
838 1929 871 1948 os
899 1922 941 1948 di-

157 1980 165 1995 ε
176 1970 211 1998 tis
228 1969 315 1997 tribus
331 1968 457 1996 similiter
476 1968 525 1995 hoc
539 1969 662 2000 credere,
681 1968 728 1995 sed
744 1968 834 2002 potius
857 1975 940 2002 argu-

158 2017 258 2044 mentis
277 2021 305 2043 et
329 2014 494 2050 syllogismis
525 2014 651 2042 humanis
669 2021 696 2042 et
712 2015 766 2042 Deo
798 2014 941 2049 condignis

158 2062 313 2098 oppositum
323 2061 466 2089 ostendere
479 2061 644 2088 conantibus
661 2070 667 2088 :
682 2061 734 2095 ipsi
751 2061 892 2095 cupientes
906 2060 940 2087 ad

158 2110 250 2136 sehos
263 2111 432 2140 convertere,
452 2113 512 2141 quas
537 2106 631 2141 utique
640 2106 761 2140 cogitant
778 2112 885 2140 semper
908 2105 943 2132 de

158 2155 296 2190 proposito
312 2153 516 2181 accommodata
533 2159 604 2183 esse,
621 2152 654 2179 ad
670 2151 833 2179 refellendos
847 2158 940 2178 eorum

992 229 1168 261 inﬁrmiores,
1185 229 1316 256 auxilium
1328 229 1463 264 quoddam
1477 233 1634 263 praestetur,
1658 236 1692 256 ne
1715 235 1775 257 mo-

990 280 1104 303 veantur
1116 283 1164 310 per
1178 275 1282 302 similes
1296 275 1478 310 syllogismos.
1490 274 1627 302 Caeterum
1644 275 1669 302 si
1680 282 1773 303 omnes

989 321 1124 348 sentirent
1146 321 1184 348 ita
1212 320 1372 356 dispositos,
1387 324 1416 347 ut
1431 328 1481 355 ego
1495 325 1521 348 te
1537 328 1570 348 ex
1584 325 1630 348 tua
1659 320 1772 355 epistola

990 367 1079 400 video,
1098 374 1153 395 non
1166 367 1259 402 utique
1288 366 1389 395 talibus
1419 371 1561 395 uterentur
1586 366 1772 394 sermonibus.

989 413 1106 441 Attende
1119 417 1209 440 autem
1223 418 1250 440 et
1264 413 1314 440 sic.

1024 459 1095 487 Ecce
1109 459 1227 486 humana
1240 463 1331 487 mente
1357 459 1515 487 ratiocinari
1536 459 1571 486 de
1601 459 1647 486 illa
1675 466 1714 490 re,
1740 459 1773 486 de

988 512 1042 540 qua
1055 505 1095 532 ait
1108 509 1220 532 sanctus
1231 504 1388 539 Dionysius,
1405 504 1490 539 magis
1501 504 1636 531 verilicari
1651 504 1771 531 omnium

987 557 1048 584 quas
1057 549 1187 582 dicimus,
1203 548 1769 584 quaequeintelligimus,negationesquam

987 594 1179 622 adirmationes
1195 614 1202 627 ,
1224 601 1369 622 commune
1379 594 1435 629 jam
1453 599 1496 622 est
1506 598 1533 621 et
1557 593 1721 621 Latinorum
1745 597 1771 620 et

987 638 1141 673 oppositum
1155 638 1359 666 defendentium
1391 637 1567 666 Graecorum.
1594 637 1678 665 Fides
1711 645 1772 664 vero

987 692 1159 720 nequaquam
1174 685 1330 712 communis
1341 688 1383 712 est
1396 692 1403 717 ;
1420 684 1468 712 sed
1492 683 1584 711 Latini
1598 683 1711 718 quidem
1726 683 1772 709 ha-

988 731 1053 758 bent
1069 731 1211 765 assignare
1235 738 1296 765 qua:
1313 730 1366 757 dixi
1386 730 1448 762 tria,
1480 730 1627 757 maximam
1650 729 1770 756 habentia

987 777 1176 804 auctoritatem
1190 781 1218 803 et
1233 777 1391 811 dignitatem
1409 780 1437 804 et
1463 775 1680 810 magnitudinem
1693 777 1725 802 ad
1741 774 1771 801 ilo

987 823 1046 850 dem
1064 823 1182 858 :quibus
1198 822 1290 857 utique
1301 822 1427 858 religiose
1439 822 1584 850 credentes
1599 821 1679 849 aiunt
1692 821 1773 856 Spiri-

989 873 1044 896 tum
1061 873 1185 896 sanctum
1196 872 1264 896 etex
1277 867 1347 895 Filio
1362 868 1520 903 procedere.
1532 867 1571 895 llli
1584 874 1650 894 vero
1662 867 1710 901 qui
1737 866 1773 893 di-

990 919 1056 943 cunt
1069 922 1102 942 ex
1118 914 1198 942 Patre
1213 918 1319 942 tantum
1335 914 1481 948 procedere
1495 913 1630 948 Spiritum
1647 916 1771 940 sanctum

990 963 1022 990 ad
1039 962 1108 990 nihil
1127 962 1179 989 tale
1196 970 1225 990 se
1238 961 1368 989 reducere
1383 962 1482 989 valent.
1496 961 1587 994 Quare
1603 959 1771 996 syllogismis

989 1008 1119 1036 omnibus
1129 1007 1355 1042 circumscriptis,
1373 1006 1479 1035 Latinis
1506 1006 1619 1042 quidem
1651 1009 1771 1034 remanet

990 1054 1057 1082 fides
1073 1062 1080 1080 :
1094 1054 1136 1081 his
1154 1061 1218 1082 vero
1230 1057 1257 1081 et
1269 1053 1334 1081 fides
1347 1058 1374 1081 et
1385 1053 1517 1088 obligatio
1541 1053 1633 1080 ablata
1648 1056 1703 1080 est.
1725 1051 1771 1079 Ne-

990 1107 1043 1135 que
1060 1104 1138 1135 putes
1151 1099 1264 1127 Latinos
1281 1100 1423 1127 credentes
1436 1099 1566 1134 Spiritum
1581 1107 1613 1126 ex
1634 1098 1707 1126 Filio
1715 1105 1773 1133 pro

990 1146 1098 1176 cedere,
1114 1145 1236 1179 ejusdem
1251 1144 1368 1180 Spiritus
1380 1145 1585 1179 processionem
1596 1144 1640 1171 vel
1658 1143 1770 1172 similem

991 1195 1088 1225 putare
1098 1190 1158 1217 Filii
1179 1190 1365 1223 generationi,
1392 1189 1434 1217 vel
1461 1188 1631 1216 diﬂ'erentem
1651 1188 1771 1224 quidem,

991 1235 1080 1270 aliqua
1093 1242 1158 1262 vero
1171 1235 1279 1269 penitus
1295 1239 1358 1261 nota
1375 1233 1544 1265 diderentia,
1563 1233 1677 1260 differre
1692 1241 1708 1260 a
1731 1239 1772 1267 ge-

990 1281 1132 1308 neratione
1152 1280 1224 1308 Filii.
1240 1279 1273 1306 Et
1290 1280 1316 1306 in
1335 1281 1388 1307 hoc
1398 1279 1471 1307 enim
1481 1279 1611 1314 'idipsum
1628 1286 1694 1306 cum
1714 1286 1773 1306 san-

990 1327 1042 1355 ctis
1058 1326 1160 1354 nostris
1182 1326 1311 1353 Patribus
1326 1330 1354 1353 et
1369 1325 1420 1360 ipsi
1432 1324 1569 1352 credunt:
1594 1329 1624 1351 ut
1637 1331 1696 1359 quo
1723 1323 1773 1351 dif-

990 1372 1081 1401 ferunt
1096 1371 1132 1399 ibi
1149 1371 1288 1407 generatio
1307 1375 1334 1398 et
1347 1369 1502 1405 processio,
1535 1376 1589 1396 non
1616 1368 1773 1396 omnimodo

990 1423 1083 1446 notum
1103 1424 1164 1445 esse
1179 1416 1347 1444 hominibus.
1364 1416 1393 1444 Si
1409 1423 1476 1443 vero
1495 1415 1522 1442 in
1539 1415 1773 1449 disputationibus

990 1464 1024 1492 ad
1037 1464 1158 1495 Graecos,
1175 1469 1205 1491 ut
1223 1467 1252 1490 tu
1265 1463 1306 1490 ais
1322 1463 1349 1490 in
1362 1463 1485 1498 epistola,
1501 1469 1555 1489 non
1580 1461 1716 1488 videntur
1726 1461 1774 1488 hoc

991 1517 1110 1542 servare,
1128 1509 1198 1537 scito
1210 1509 1262 1536 hoc
1274 1516 1322 1536 eos
1338 1508 1439 1540 facere,
1471 1509 1543 1536 sicut
1556 1512 1583 1535 et
1598 1507 1652 1542 ipsi
1682 1505 1774 1534 Patres

991 1556 1071 1583 vestri
1087 1554 1272 1589 faciuntzqui
1292 1553 1415 1581 dicentes
1444 1553 1537 1590 multis
1558 1553 1638 1583 locis,
1671 1551 1774 1578 nullum

991 1608 1052 1628 esse
1062 1599 1228 1636 exemplum,
1246 1600 1288 1627 vel
1308 1599 1335 1627 in
1356 1599 1541 1631 sensibilibus,
1559 1598 1600 1626 vel
1614 1598 1643 1625 in
1675 1597 1773 1625 intelli-

991 1647 1119 1682 gibilihus
1138 1653 1252 1674 summa:
1268 1645 1411 1673 Trinitatis
1419 1649 1634 1686 sacramentum,
1652 1644 1688 1671 ad
1705 1642 1774 1670 mul-

990 1698 1016 1720 ta
1033 1692 1258 1720 condescendunt
1272 1692 1407 1726 exempla.
1421 1691 1460 1719 Ita
1476 1696 1502 1718 et
1517 1691 1567 1718 hos
1596 1690 1718 1717 aliorum
1734 1689 1774 1716 in-

990 1738 1137 1765 credulitas
1152 1741 1180 1764 et
1197 1737 1342 1764 infirmitas
1354 1742 1461 1768 evocat,
1488 1737 1520 1764 ad
1548 1735 1773 1763 condescenden-

990 1784 1054 1811 dum
1071 1783 1103 1810 ad
1119 1783 1225 1818 aliquas
1241 1787 1319 1810 notas
1339 1781 1545 1814 similitudines,
1566 1786 1682 1815 propter
1707 1787 1774 1814 quas

990 1829 1117 1856 videntur
1129 1828 1285 1856 discernere
1297 1827 1500 1862 proccssionem
1529 1834 1545 1853 a
1574 1826 1774 1860 generatione:

992 1879 1020 1902 ut
1038 1882 1071 1902 ex
1081 1874 1123 1901 his
1135 1873 1168 1901 ad
1185 1873 1401 1905 conclusionem,
1418 1880 1499 1907 quam
1515 1871 1567 1898 (ide
1582 1875 1724 1906 oporteret
1740 1876 1777 1898 te-

991 1920 1061 1951 neri,
1081 1919 1256 1954 perveniatur
1274 1929 1281 1946 :
1301 1926 1355 1946 non
1371 1922 1501 1954 putantes
1513 1917 1678 1950 absurdum,
1692 1917 1716 1944 si
1730 1924 1776 1944 eos

991 1966 1037 2000 qui
1054 1973 1100 1999 per
1120 1964 1281 1999 simpliciter
1296 1965 1419 1991 sanativa
1438 1963 1531 1991 curari
1541 1971 1595 1990 non
1614 1962 1721 1992 valent.
1731 1970 1776 1998 per

991 2011 1053 2038 aliis
1064 2011 1160 2038 nociva
1174 2011 1248 2045 ipsos
1275 2009 1308 2037 ad
1335 2010 1479 2037 sanitatem
1506 2009 1611 2044 possint
1633 2015 1776 2037 revocare.

993 2057 1045 2084 Sed
1058 2057 1091 2084 de
1103 2057 1146 2084 his
1161 2057 1270 2091 quidem
1287 2056 1364 2084 satis.

1027 2104 1218 2132 Necessarium
1231 2108 1321 2130 autem
1352 2101 1472 2130 arbitror
1482 2101 1571 2128 adhuc
1601 2104 1628 2127 et
1643 2099 1712 2127 illud
1733 2099 1779 2127 tibi

992 2151 1143 2181 ostendere,
1160 2149 1233 2184 quod
1249 2149 1313 2176 licet
1329 2148 1380 2175 tria
1397 2147 1451 2175 dixi
1461 2147 1588 2180 superius
1617 2153 1690 2177 esse,
1719 2153 1779 2181 quas

158 2202 340 2237 syllogismos,
356 2206 381 2228 et
395 2200 461 2234 ipsis
475 2199 594 2226 fortasse
623 2198 845 2233 persuadendum
873 2197 942 2225 reci-
958 2192 979 2220 Ι)
994 2200 1141 2232 coegerunt
1157 2203 1200 2223 me
1208 2195 1319 2223 credere
1335 2198 1362 2222 et
1376 2201 1409 2222 ex
1427 2193 1495 2220 Filio
1506 2193 1639 2226 Spiritum
1653 2197 1780 2220 sanctum

159 2254 233 2281 pere,
243 2245 314 2280 quod
327 2245 467 2280 qumritur,
482 2243 538 2271 haec
551 2244 682 2270 etdicunt
698 2251 705 2270 :
724 2243 847 2275 minime,
858 2247 887 2269 ut
901 2242 943 2269 di—

160 2293 197 2321 xi.
213 2298 260 2326 per
275 2290 367 2317 eadem
392 2289 442 2323 ipsi
471 2288 542 2315 idem
573 2288 736 2322 credentes,
761 2288 807 2315 sed
829 2291 942 2323 propter

159 2338 275 2364 aliorum
292 2334 517 2365 incredulitatem,
534 2342 565 2362 ac
582 2341 629 2369 per
639 2335 743 2362 similes
768 2334 942 2370 syllogismos

159 2382 414 2412 contradictionem,
432 2378 586 2409 huiusmodi
613 2384 748 2414 cogunlur
774 2380 812 2406 uti
837 2387 942 2414 sermo-

161 2429 252 2460 nibus,
267 2435 314 2462 per
333 2433 403 2461 quos
415 2432 467 2451 non
479 2429 520 2451 est
536 2425 697 2452 incredibile
709 2428 736 2452 et
760 2425 853 2452 multis
880 2432 942 2460 per-

160 2474 280 2502 suaderi.

195 2521 285 2549 Cansa
301 2523 342 2546 est
357 2517 438 2552 igitur
456 2516 524 2550 ejus,
553 2515 623 2550 quod
636 2517 669 2542 ad
688 2520 796 2542 acutum
809 2519 835 2542 et
868 2516 944 2542 inre-

161 2568 318 2604 stigativum
335 2571 387 2593 tua:
403 2562 549 2590 Deiformis
566 2563 662 2589 animae
684 2561 835 2589 defectuosi
851 2561 946 2588 viden-

161 2622 206 2644 tur
217 2622 312 2642 eorum
341 2610 503 2647 syllogismi,
531 2609 684 2637 sublimitas
703 2608 848 2644 proposita:
869 2615 944 2642 quaa-

161 2661 271 2692 slionis,
283 2657 449 2686 efficaciores
459 2663 513 2683 non
535 2655 690 2690 suscipiens
711 2654 896 2690 syllogismos:
918 2659 946 2680 et

162 2708 233 2742 quod
251 2714 299 2734 eos
313 2704 419 2732 faciunt
432 2703 464 2730 ad
481 2703 622 2733 habitum,
639 2702 676 2729 uti
695 2701 864 2736 coniectant,
890 2707 944 2727 non

162 2753 344 2783 credentium,
362 2755 389 2779 ct
401 2758 447 2786 per
461 2749 564 2778 similes
582 2748 752 2784 syllogismos
788 2747 944 2781 oppositum

163 2800 371 2830 defendentium
389 2796 556 2826 :utctiamsi
571 2802 626 2822 non
644 2795 676 2821 ad
691 2794 802 2829 plenum
819 2793 857 2819 eis
885 2800 947 2826 per-

162 2848 305 2878 suadetur,
317 2852 434 2874 attamen
454 2844 570 2872 multum
585 2839 721 2869 conlidere
739 2839 797 2866 suis
817 2838 944 2881 syllogis-

996 2243 1155 2279 procedere,
1172 2242 1224 2269 hoc
1235 2246 1288 2274 est,
1306 2240 1407 2268 multos
1431 2246 1591 2274 magnorum
1619 2244 1781 2265 sanctorum

998 2290 1051 2317 hoc
1061 2287 1232 2323 apertissime
1254 2286 1370 2318 tradere,
1385 2290 1500 2312 matrem
1519 2285 1706 2312 Ecclesiarum
1732 2284 1782 2311 hoc

997 2341 1104 2369 semper
1118 2334 1220 2365 dicere,
1232 2340 1279 2368 per
1302 2331 1429 2366 generale
1443 2331 1525 2358 etiam
1551 2330 1703 2357 concilium
1733 2330 1782 2356 hoc

997 2379 1263 2410 fuissealiirmatum.
1288 2382 1380 2405 tamen
1412 2377 1550 2412 quodlibet
1574 2375 1686 2408 horum,
1726 2375 1783 2402 sine

997 2427 1057 2454 aliis
1074 2433 1120 2461 per
1135 2432 1164 2453 se
1179 2425 1232 2451 vim
1249 2432 1302 2452 non
1324 2423 1438 2456 habens,
1455 2422 1557 2459 reliqua
1574 2422 1630 2449 duo
1656 2421 1783 2456 opposita

1000 2473 1067 2500 satis
1080 2479 1109 2499 se
1124 2471 1222 2498 habere
1255 2470 1410 2502 considero,
1438 2473 1467 2495 ut
1493 2464 1612 2502 idipsum
1640 2468 1782 2495 credatur.

998 2517 1031 2544 Et
1043 2521 1070 2544 tu
1081 2515 1126 2551 qui
1138 2515 1227 2543 adhuc
1242 2514 1342 2542 videris
1355 2514 1490 2548 ignorare,
1508 2518 1600 2539 utrum
1621 2511 1656 2539 de
1671 2513 1724 2540 hoc
1747 2512 1784 2539 fa-

1000 2569 1073 2591 ctum
1086 2562 1184 2589 fuisset
1195 2561 1321 2596 generale
1336 2559 1492 2589 concilium,
1521 2559 1543 2585 si
1570 2558 1694 2585 volueris
1725 2563 1783 2585 tuas

1001 2611 1027 2636 in
1042 2608 1154 2644 epistola
1180 2606 1357 2642 cogitationes
1374 2606 1444 2633 inter
1455 2612 1483 2632 se
1505 2604 1676 2637 conjungens
1692 2604 1786 2630 adver-

1003 2658 1070 2683 tere.
1083 2652 1147 2687 quid
1164 2659 1195 2679 ex
1208 2651 1274 2686 ipsis
1307 2650 1465 2677 necessario
1490 2647 1633 2682 contingit,
1663 2648 1786 2676 invenies

1003 2698 1080 2725 valde
1094 2697 1289 2728 necessarium,
1305 2701 1333 2723 et
1350 2703 1382 2723 ex
1395 2695 1453 2723 sola
1478 2695 1642 2721 auctoritate
1675 2698 1787 2721 sancto-

1003 2751 1155 2778 rum,quos
1184 2743 1289 2775 dixisti,
1309 2742 1348 2769 vel
1363 2749 1395 2768 ex
1411 2741 1466 2769 sola
1500 2739 1628 2767 Ecclesia:
1656 2739 1786 2766 Romana:

1004 2794 1029 2816 tu
1046 2789 1164 2822 Credere,
1181 2788 1254 2823 quod
1273 2787 1356 2815 etiam
1378 2795 1409 2813 ex
1423 2785 1492 2813 Filio
1524 2784 1648 2820 Spiritus
1672 2790 1785 2813 sanctus

1002 2835 1134 2870 procedit.
1150 2835 1266 2862 Advorte
1282 2838 1370 2861 autem
1384 2832 1435 2860 sic.
