1868 3069
89 139 162 173 1305

80 244 214 277 ponendo
223 243 343 271 divinam
354 244 523 280 Scripturam
553 246 698 275 tradidisse
712 254 760 281 per
778 247 876 279 multa,

82 288 159 323 quod
168 289 250 316 etiam
269 297 301 317 ex
316 290 396 318 Filio.
407 291 474 319 Item
499 291 604 326 dixisti,
620 293 694 328 quod
723 292 806 327 hujus
827 300 878 327 op-

83 335 220 369 positum,
240 335 345 364 scilicet
364 345 398 365 ex
408 338 468 365 solo
486 337 577 372 Patre,
592 346 681 373 neque
694 339 802 366 ratione
827 345 877 373 po-

84 386 127 408 tes
139 381 305 416 intelligere,
318 390 409 418 neque
439 384 472 416 die
485 391 564 412 sacra
593 384 736 419 Scriptura
763 384 879 412 conclu-

84 426 152 454 dere
169 432 216 455 :et
230 428 302 462 quod
315 429 407 457 nescis
422 430 492 457 ullos
515 435 628 459 sanctos
643 431 697 458 hoc
707 435 801 466 aperte
823 434 879 458 tra-

82 472 200 505 didisse,
217 474 258 501 vel
273 475 399 508 generale
412 476 557 504 concilium
572 477 624 504 hoc
634 477 844 510 determinasse,
852 481 880 504 et

82 519 161 555 quod
177 519 232 548 scis
249 525 365 548 matrem
378 521 565 550 Ecclesiarum
581 523 694 550 minime
709 523 763 551 hoc
774 522 878 551 dicere.

121 567 157 594 At
172 574 237 595 vero
255 568 277 595 si
295 568 361 603 quid
379 569 413 596 de
426 569 481 597 Deo
510 569 589 597 multi
606 574 634 597 et
655 569 746 605 magni
778 569 879 604 sancti,

82 613 249 647 exponendo
267 613 386 641 divinam
400 614 570 650 Scripturam
585 615 693 648 dicunt,
724 616 805 651 cujus
829 623 880 651 op-

84 661 207 696 positum
237 668 272 688 ex
296 661 356 695 ipsa
381 660 524 696 Scriptura
546 661 713 694 ostenditur,
727 669 818 698 neque
834 670 882 697 per

83 707 224 735 rationem
255 707 473 741 demonstratur,
487 716 574 743 neque
604 716 652 744 per
668 712 778 737 sanctos
789 713 883 744 aperte

86 753 226 784 traditur,
250 759 339 789 neque
364 761 413 788 per
438 754 566 788 generale
600 754 747 782 concilium
791 754 883 782 deter-

84 800 230 833 minatur,
247 807 336 835 neque
372 807 421 835 per
457 804 573 828 matrem
610 800 797 832 Ecclesiarum
831 801 883 828 do-

84 850 166 873 cetur
183 854 190 873 :
209 845 262 873 hoc
290 845 364 873 credi
390 845 474 874 nimis
491 847 679 875 necessarium
706 851 759 875 est.
772 847 800 875 Si
818 855 884 876 vero

85 892 140 919 hoc
170 892 288 928 ambigis
304 897 331 920 et
351 892 472 926 dubitas,
488 897 580 921 utrum
603 894 640 922 sit
664 894 878 924 necessarium;

84 938 135 966 sed
162 938 228 966 illud
253 938 367 966 minime
392 938 544 972 dubitabis,
564 939 624 968 sine
651 940 775 975 periculo
803 940 881 975 peni-

86 987 132 1010 tus
158 984 231 1018 quod
256 983 311 1012 tale
330 988 486 1019 est,posse
514 985 598 1017 credi,
628 985 652 1014 si
684 985 795 1021 quidem
824 994 881 1014 non

86 1029 200 1057 dubitas
214 1029 242 1057 in
257 1031 361 1058 sanctis
376 1038 439 1059 esse
452 1038 500 1059 eos
515 1031 562 1066 qui
572 1032 624 1060 hoc
635 1032 882 1066 crediderunt,do-

87 1081 216 1110 cuerunt,
230 1081 257 1104 et
274 1078 409 1112 scriptura
429 1078 609 1106 tradiderunt.
639 1078 710 1114 Ergo
739 1087 801 1109 cum
829 1079 882 1108 hoc

88 1123 126 1151 sit
138 1124 198 1151 sine
213 1124 349 1159 periculo,
365 1125 429 1152 vide
441 1125 522 1159 quale
539 1125 576 1153 sit
604 1126 708 1159 dicere,
743 1126 817 1162 quod
848 1134 881 1153 ex

87 1169 150 1197 solo
166 1169 246 1197 Patre
270 1170 403 1204 procedit.
419 1171 466 1199 Ais
496 1171 582 1205 enim,
612 1172 685 1206 quod
717 1172 770 1200 hoc
793 1179 883 1206 neque

88 1216 254 1249 auctoritas,
268 1223 358 1252 neque
372 1217 570 1247 demonstratio
596 1218 737 1254 compellit
752 1224 778 1247 te
813 1219 883 1247 reci-

89 1266 213 1297 pere,et
227 1262 304 1290 multi
324 1270 488 1298 magnorum
510 1269 672 1293 sanctorum
701 1272 765 1293 cum
795 1268 883 1292 matre

90 1308 278 1337 Ecclesiarum
300 1313 394 1344 aperte
424 1311 582 1345 oppositum
613 1311 723 1340 docent.
753 1311 824 1346 Ergo
851 1318 884 1339 ex

90 1354 210 1382 volando
226 1355 276 1382 hoc
292 1359 396 1388 tenere,
414 1357 537 1392 suspicio
556 1365 619 1385 mox
635 1357 728 1393 aliqua
767 1358 883 1392 periculi

91 1401 238 1429 conllatur.
251 1400 322 1436 Ergo
332 1409 394 1429 cum
413 1403 465 1430 hoc
480 1403 516 1431 sit
526 1411 577 1438 pro
591 1408 668 1431 certo
684 1404 883 1439 periculosum,

92 1447 161 1476 illud
179 1456 246 1476 vero
261 1449 373 1476 omnino
385 1449 445 1477 sine
462 1449 605 1484 periculo,
626 1449 742 1484 duaeque
766 1450 822 1477 sint
837 1457 885 1477 so-

93 1493 125 1521 lae
141 1499 233 1529 partes
244 1494 376 1522 Ecclesiae
395 1504 402 1522 :
417 1502 471 1522 una
488 1502 549 1529 qum
568 1498 656 1527 tenet,
670 1495 744 1529 quod
772 1495 883 1530 penitus

93 1544 136 1569 est
151 1540 212 1568 sine
227 1540 367 1575 periculo:
384 1541 438 1568 alia
450 1548 515 1568 vero
534 1541 608 1576 quod
629 1541 778 1569 manifeste
811 1542 885 1575 peri-

94 1588 220 1616 cuIOSum
237 1592 391 1623 est;atque
403 1588 458 1616 alia
481 1588 605 1617 Ecclesia
637 1596 691 1616 non
709 1589 746 1617 sit
773 1589 889 1617 collecta

95 1641 130 1662 ex
161 1633 261 1661 talibus
288 1633 470 1667 hominibus,
487 1634 596 1669 qualem
632 1639 661 1663 tu
689 1635 779 1663 adhuc
808 1635 849 1663 ais
867 1640 891 1663 te

96 1685 170 1714 esse,
182 1684 309 1707 neutrum
344 1685 530 1708 extremorum
564 1682 719 1715 tenens;in
749 1682 891 1710 omnibus—

96 1733 161 1761 que,
183 1727 289 1753 caeteris
305 1726 429 1761 paribus,
445 1726 601 1761 eligendum
613 1728 649 1756 sit
675 1729 776 1764 magis,
816 1728 891 1762 quod

98 1771 159 1799 sine
174 1772 296 1806 periculo
306 1777 357 1805 est,
376 1781 458 1808 quam
474 1773 548 1807 quod
564 1774 750 1807 periculosum
770 1783 778 1802 ι
796 1781 889 1802 nonne

95 1818 153 1853 jam
171 1825 203 1845 ex
217 1817 271 1846 tuis
295 1819 510 1854 cogitationibus
537 1819 614 1847 vides
641 1819 782 1854 concludi,
810 1820 892 1847 nimis

99 1863 287 1892 necessarium
305 1871 378 1895 esse,
390 1865 495 1893 Latinis
505 1866 602 1893 eadem
616 1866 685 1893 velle
702 1867 735 1893 de
751 1866 892 1901 proposito

100 1917 210 1946 sapere,
227 1911 323 1939 eodem
342 1918 407 1939 vero
419 1913 516 1945 modo;
529 1911 588 1939 visa
599 1912 728 1940 similiter
761 1912 894 1940 Romamn

103 1957 234 1984 Ecclesiae
244 1957 410 1984 auctoritate
430 1964 479 1992 per
496 1957 596 1985 similia
628 1958 718 1986 media
739 1959 891 1990 transiens.

99 2003 247 2038 pervenias
270 2003 482 2031 necessario‘ad
509 2003 636 2031 eamdem
660 2003 894 2032 conclusionem?

100 2048 193 2082 Quare
207 2048 317 2076 etiamsi
334 2049 455 2076 nondum
469 2048 567 2076 fuisset
583 2048 686 2077 iactum
719 2049 752 2076 de
776 2049 828 2077 hoc
848 2057 894 2085 ge-

101 2094 196 2122 nerale
211 2094 370 2126 concilium,
387 2099 477 2122 tamen
494 2095 683 2122 necessarium
696 2100 739 2123 est
769 2095 893 2130 recipere

101 2140 176 2175 quod
195 2139 315 2174 Spiritus
330 2145 444 2168 sanctus
457 2148 490 2168 ex
509 2139 589 2168 Patre
603 2140 729 2176 Filioque
745 2141 870 2175 procedit
884 2147 891 2166 :

101 2190 130 2214 et
145 2187 198 2213 hoc
214 2191 356 2218 negantes.
375 2193 549 2221 nequaquam
577 2191 705 2221 tanquam
719 2192 823 2221 partem
842 2186 893 2214 Ec-

102 2232 205 2263 clesiae,
223 2232 270 2259 sed
288 2236 420 2267 tanquam
432 2232 545 2260 omnino
566 2232 707 2260 abscissos
720 2233 755 2260 ab
770 2232 894 2261 Ecclesia

102 2283 132 2306 et
146 2279 180 2306 ad
193 2278 325 2305 rationem
340 2278 510 2306 schismatici
534 2278 666 2306 cadentes
683 2284 788 2312 putare.
825 2278 897 2312 Quid

103 2329 213 2358 autem,
232 2325 256 2352 si
270 2324 442 2357 ostendatur,
458 2324 531 2359 quod
550 2324 631 2359 primi
644 2324 755 2352 illorum
781 2324 893 2352 Graeco-

104 2378 179 2404 rum,
194 2369 243 2406 qui
262 2378 291 2398 se
306 2374 506 2406 separaverunt
518 2378 531 2397 a
545 2370 705 2398 Latinorum
722 2371 897 2399 communio-

105 2425 152 2450 ne,
169 2423 223 2443 non
238 2417 354 2449 ratione,
368 2417 414 2444 sed
431 2416 550 2451 quadam
564 2416 748 2444 irrationabili
767 2417 896 2451 passione

106 2463 159 2490 hoc
174 2462 247 2497 passi
263 2463 350 2490 sunt?
363 2470 452 2490 nonne
467 2467 494 2490 et
510 2463 548 2490 ita
570 2463 739 2497 patefactum
763 2465 828 2497 erit,
845 2465 896 2492 hos

105 2516 168 2537 esse
184 2509 396 2537 schismaticos?
411 2514 439 2536 at
455 2517 521 2537 vero
537 2509 605 2537 nihil
623 2510 658 2537 ita
682 2514 809 2546 apertum
838 2511 897 2538 ﬁeri

107 2560 209 2589 potest.
230 2554 412 2582 Considerare
424 2555 497 2583 enim
510 2556 547 2583 ita
559 2561 678 2592 oportet,
694 2556 727 2584 ad
737 2557 896 2584 evitandum

108 2600 312 2628 rationabiliter
326 2602 423 2628 matris
441 2600 630 2630 Eeclesiarum
662 2603 899 2636 communionem,

108 2649 164 2674 duo
180 2647 321 2682 oportebit
340 2649 496 2675 necessario
508 2655 655 2676 occurrere
674 2658 681 2676 :
703 2656 800 2682 unum,
833 2653 899 2677 tunc

110 2693 238 2728 primitus
252 2694 390 2734 incepisse
404 2694 558 2722 Romanam
572 2695 724 2723 Ecclesiam
751 2695 853 2731 aliquid
868 2696 901 2723 de

110 2740 286 2774 dogmatibus
297 2741 359 2767 ﬁdei
372 2748 467 2775 sapere
481 2746 508 2768 et
520 2740 718 2775 dogmatizare,
739 2741 811 2776 quod
823 2743 900 2777 prius

112 2792 202 2819 neque
219 2786 346 2819 docebat,
365 2794 452 2820 neque
465 2787 609 2815 sentiebat.
640 2787 796 2815 Secundum
814 2795 855 2816 est
868 2789 901 2816 il-

113 2831 171 2863 lud,
185 2830 293 2858 noviter
307 2831 524 2867 dogmatizatum
551 2832 586 2858 ita
602 2839 631 2859 se
647 2833 747 2860 habere
776 2835 901 2869 opposite

112 2883 140 2904 et
154 2882 337 2913 repugnanter
357 2877 460 2914 aliquid
480 2885 575 2907 eorum
606 2885 668 2913 quae
693 2880 734 2907 vel
754 2881 781 2908 in
815 2888 893 2909 sacra

768 143 847 175 PRO
861 143 1028 175 LATINIS.

120 196 218 224 Dixisti
233 201 259 224 te
273 204 344 226 scire
359 198 461 227 multos
477 207 642 236 magnorum
651 205 809 229 sanctorum
825 208 875 228 ex-
891 203 915 232 Α
930 203 1072 238 Scriptura
1087 207 1180 238 aperte
1194 203 1337 236 dicuntur,
1352 202 1395 230 vel
1412 203 1440 230 in
1459 201 1638 238 generalibus
1649 209 1719 229 con-

1651 143 1720 176 1306

927 249 1000 277 ciliis
1016 256 1148 284 expresse
1159 248 1341 276 determinata
1354 253 1428 281 sunt,
1441 254 1472 276 ut
1504 256 1566 276 cum
1590 248 1643 276 hoc
1669 248 1718 280 sit,

928 296 1006 323 nullo
1022 295 1106 323 modo
1119 295 1206 330 possit
1221 295 1285 322 illud
1301 302 1362 323 esse
1380 299 1427 322 :et
1441 302 1503 322 cum
1516 294 1584 322 illud
1600 295 1648 328 sit,
1664 293 1719 321 mi-

928 342 1003 369 nime
1024 342 1076 370 hoc
1094 341 1185 369 locum
1195 341 1306 369 habeat.
1333 340 1616 368 Rationabilissimum
1643 340 1718 367 enim

928 391 1002 416 esset
1016 395 1030 414 a
1045 387 1110 415 talia
1125 387 1374 423 dogmatisantibus
1388 386 1482 414 dividi.
1511 385 1611 413 Neutro
1645 385 1718 412 enim

929 434 1028 461 horum
1044 433 1229 468 contingente,
1251 431 1442 460 irrationabile
1459 430 1527 458 velle
1543 430 1656 458 omnino
1677 430 1720 458 di-

930 479 986 508 vidi
998 480 1174 514 relinquitur.
1189 480 1224 507 M
1235 486 1300 506 vero
1312 483 1442 506 neutrum
1451 479 1547 505 horum
1563 477 1590 503 in
1602 475 1718 503 exordio

930 525 1090 553 schismatis
1105 525 1232 552 Ecclesiae
1248 524 1378 552 Romanae
1392 523 1516 558 contigit.
1526 521 1594 549 Nam
1607 521 1642 548 de
1657 527 1721 554 pro-

930 570 1056 598 cessione
1066 574 1093 598 et
1109 577 1142 597 ex
1160 568 1230 597 Filio
1248 570 1368 604 Spiritus
1381 569 1482 599 sancti,
1492 566 1581 595 sancti
1597 566 1648 598 illi,
1661 564 1722 599 qui-

932 616 984 644 bus
998 615 1122 644 Ecclesia
1137 615 1262 643 Romana
1279 623 1345 643 mox
1359 615 1486 648 credens,
1504 614 1562 641 hoc
1583 617 1667 645 tenet,
1680 611 1725 638 ia-

933 662 969 691 cti
984 667 1049 690 sunt
1059 667 1122 690 ante
1137 662 1296 689 inchoatum
1316 662 1448 694 schisma,
1461 660 1507 688 alii
1526 657 1723 696 trecentis,alii

932 708 1153 744 quadringentis,
1165 708 1212 735 alii
1227 715 1293 736 vero
1306 712 1334 735 et
1350 707 1507 743 quingentis
1523 706 1614 734 annis.
1630 705 1661 732 Et
1694 708 1724 731 ut

933 763 1017 783 unum
1035 763 1091 790 prae
1104 755 1234 783 omnibus
1246 755 1349 786 dicam,
1367 754 1415 790 qui
1430 761 1484 781 non
1495 751 1665 783 transitorie,
1677 750 1724 778 sed

933 801 967 829 de
977 801 1073 829 eodem
1090 801 1150 836 ipso
1163 801 1352 836 principaliter
1366 801 1494 836 loquens,
1510 798 1686 834 apertissime
1698 797 1725 824 id

934 848 1025 880 docet,
1050 855 1193 885 magnum,
1209 847 1528 883 inquam,Augustinum
1543 867 1550 879 ,
1579 846 1622 873 hic
1652 844 1726 871 circa

935 899 1057 930 tempora
1073 894 1223 923 Theodosii
1240 894 1330 929 Magni
1353 894 1465 926 claruit,
1485 899 1574 920 annos
1594 890 1727 919 videlicet

932 948 998 970 ante
1012 942 1135 972 schisma
1151 947 1178 969 et
1190 942 1264 969 ultra
1285 939 1452 976 quingentos
1466 949 1473 967 :
1487 939 1566 974 cujus
1597 945 1630 965 ex
1661 942 1728 965 tunc

931 989 1054 1017 Ecclesia
1070 988 1165 1023 utique
1177 988 1301 1015 Romana
1322 988 1424 1027 scripta
1442 985 1551 1018 habuit,
1575 992 1638 1013 cum
1651 987 1727 1012 esset

932 1035 1056 1069 ejusdem
1068 1035 1179 1070 lingua),
1188 1038 1216 1062 et
1226 1035 1354 1069 dogmata
1369 1036 1530 1061 veneratur.

967 1081 1074 1109 Atvero
1087 1081 1179 1108 dicere
1186 1084 1211 1107 et
1220 1087 1252 1107 ex
1261 1079 1341 1112 Filio,
1351 1079 1418 1106 nihil
1426 1077 1582 1113 oppositum
1593 1079 1635 1103 est
1647 1074 1679 1102 ad
1687 1073 1730 1102 di-

934 1126 1048 1154 cendum
1061 1134 1093 1154 ex
1103 1127 1193 1155 Patre.
1204 1124 1264 1152 N0n
1272 1125 1345 1153 enim
1354 1125 1377 1152 si
1387 1124 1508 1159 procedit
1516 1127 1542 1150 et
1552 1121 1668 1152 exFilio,
1678 1120 1732 1147 tol-

933 1173 1000 1201 litur
1009 1172 1156 1208 procedere
1167 1176 1193 1200 et
1201 1179 1234 1199 ex
1246 1171 1344 1205 Patre;
1357 1171 1404 1199 sed
1413 1171 1503 1205 potius
1517 1169 1563 1196 illo
1576 1168 1651 1203 prius
1663 1174 1732 1193 con-

933 1227 1024 1251 cesso,
1032 1223 1059 1246 et
1069 1226 1101 1246 ex
1114 1217 1348 1253 Patreprocedere
1358 1216 1512 1244 necessario
1522 1212 1731 1250 sequitur.Qu.'e

934 1273 1001 1294 vero
1013 1265 1050 1292 ita
1060 1273 1089 1293 se
1099 1264 1200 1293 habent
1215 1265 1286 1291 inter
1296 1271 1337 1296 se,
1347 1262 1526 1297 repugnantia
1533 1268 1586 1288 non
1597 1265 1671 1288 sunt.
1681 1258 1730 1285 Er-

935 1302 969 1346 go
977 1310 1103 1338 etdivina
1119 1309 1261 1344 Scriptura
1277 1316 1353 1344 prius
1366 1308 1488 1339 dicente,
1503 1314 1536 1334 ex
1545 1305 1625 1332 Patre
1635 1311 1732 1339 prece-

935 1358 1000 1385 dere
1009 1356 1140 1391 Spiritum
1153 1360 1279 1384 sanctum
1294 1365 1301 1388 ;
1321 1360 1349 1382 et
1363 1355 1537 1389 postmodum
1549 1350 1733 1380 conciliisidi—

935 1411 1016 1439 psum
1025 1402 1192 1435 dicentibus,
1202 1401 1324 1429 Ecclesia
1336 1400 1457 1428 Romana
1467 1399 1561 1427 dicens
1570 1403 1597 1426 et
1606 1405 1638 1425 ex
1649 1396 1731 1429 Filio,

937 1456 990 1476 non
1006 1448 1174 1483 dogmatizat
1188 1447 1291 1482 aliquid
1309 1446 1365 1474 illis
1375 1452 1547 1481 repugnans,
1565 1449 1592 1472 et
1613 1443 1684 1471 dicta
1700 1443 1733 1469 il-

937 1495 1026 1523 lorum
1048 1494 1221 1526 interimens,
1247 1493 1294 1521 sed
1313 1492 1405 1527 potius
1422 1492 1490 1524 tale,
1515 1499 1571 1526 quo
1587 1496 1732 1522 concesso,

899 1542 922 1572 C.
945 1541 1010 1568 illud
1026 1539 1184 1568 necessario
1199 1538 1352 1566 confertur.
1369 1537 1437 1565 Nam
1454 1537 1542 1565 sicubi
1569 1537 1659 1563 adhuc
1688 1535 1733 1562 di-

942 1591 1016 1615 ctum
1043 1594 1099 1614 non
1125 1585 1233 1618 fuisset,
1257 1585 1331 1620 quod
1349 1584 1468 1619 Spiritus
1480 1583 1604 1619 procedit
1622 1590 1655 1610 ex
1682 1582 1735 1610 Pa-

942 1638 994 1666 tre,
1025 1638 1053 1661 et
1078 1633 1237 1660 crederetur
1260 1631 1390 1659 Ecclesiae
1419 1630 1562 1662 Romanae,
1590 1629 1664 1664 quod
1700 1636 1733 1656 ex

942 1678 1013 1705 Filio
1047 1677 1169 1712 procedit
1197 1685 1204 1704 :
1229 1684 1262 1703 ex
1292 1677 1344 1703 hoc
1384 1676 1478 1710 utique
1519 1674 1736 1702 concluderetur

943 1723 1099 1751 necessario
1127 1723 1204 1749 illud.
1222 1721 1289 1749 Nam
1322 1721 1345 1749 si
1370 1721 1494 1756 procedit
1513 1727 1547 1747 ex
1575 1719 1657 1751 Filio,
1689 1719 1736 1754 qui

942 1770 1034 1797 omnia
1061 1776 1122 1804 qua:
1148 1769 1230 1796 habet
1246 1776 1279 1796 ex
1305 1768 1385 1795 Patre
1417 1767 1512 1798 habet,
1532 1766 1656 1801 procedit
1670 1772 1737 1798 ergo

951 1821 979 1844 et
1007 1823 1041 1843 ex
1073 1815 1162 1842 Patre.
1188 1814 1279 1847 Quare
1308 1821 1364 1840 non
1394 1813 1527 1840 tolluntur
1551 1819 1584 1838 ex
1596 1811 1658 1843 hoc,
1675 1818 1737 1845 qua:

943 1863 1021 1899 prius
1052 1862 1245 1894 credebantur,
1288 1860 1335 1888 sed
1361 1860 1453 1895 adhpc
1492 1858 1580 1892 magis
1604 1857 1738 1884 roboran-

944 1914 999 1938 tur.
1021 1907 1093 1943 Ergo
1124 1907 1148 1935 si
1169 1907 1196 1934 in
1224 1906 1362 1941 principio
1391 1904 1563 1937 schismatis,
1591 1903 1660 1930 nihil
1685 1910 1738 1930 no-

943 1964 1008 1984 vum
1031 1955 1072 1983 vel
1091 1961 1249 1990 repugnans
1274 1953 1357 1981 alicui
1379 1959 1476 1979 eorum
1488 1971 1496 1984 ,
1513 1958 1574 1986 quae
1590 1958 1605 1978 a
1620 1954 1675 1977 tota
1688 1949 1739 1976 Ec-

944 2003 1028 2030 clesia
1043 1999 1429 2034 credebantur,dogmatizare
1447 1998 1528 2032 coepit
1546 1996 1669 2024 Ecclesia
1681 1995 1737 2022 lto-

944 2056 1025 2076 mana
1039 2068 1047 2081 ,
1069 2047 1208 2081 quomodo
1222 2054 1277 2073 non
1290 2045 1403 2073 omnino
1417 2048 1494 2071 extra
1508 2043 1647 2070 rationem
1676 2042 1738 2075 ejus

945 2095 984 2122 illi
996 2094 1152 2122 reiutarunt
1166 2093 1404 2123 communionem,
1419 2090 1462 2118 vel
1476 2089 1616 2125 quomodo
1635 2096 1690 2115 non
1703 2095 1739 2115 ex

945 2141 1036 2176 aliqua
1052 2140 1171 2168 elatione
1185 2143 1212 2167 et
1224 2138 1363 2174 superbia,
1376 2137 1418 2165 vel
1433 2136 1584 2164 ambitione
1600 2139 1628 2162 et
1644 2135 1737 2162 avari-

946 2189 994 2220 tia,
1008 2187 1051 2215 vel
1064 2186 1109 2214 tali
1128 2186 1221 2220 aliqua
1237 2185 1365 2220 passione
1380 2183 1431 2218 ipsi
1444 2183 1494 2210 hoc
1505 2182 1578 2217 passi
1593 2187 1658 2209 sunt
1669 2181 1681 2208 ?
1691 2188 1740 2208 ne-

910 2220 932 2248 D
950 2243 1005 2271 que
1023 2235 1107 2263 ,eniln
1141 2234 1220 2267 illud,
1233 2233 1308 2267 quod
1327 2232 1475 2259 multorum
1492 2233 1545 2261 est,
1559 2230 1618 2267 dici
1634 2233 1735 2263 potest,

948 2283 1024 2317 quod
1038 2281 1172 2316 synodico
1189 2287 1299 2307 canone
1317 2278 1491 2314 prohibente,
1504 2276 1626 2304 adimere
1636 2276 1739 2311 aliquid

948 2328 991 2355 vel
1007 2327 1107 2355 addere
1123 2326 1185 2354 lidei
1203 2324 1344 2361 Symbolo,
1360 2324 1400 2351 illi
1416 2324 1451 2351 ab
1467 2331 1534 2350 ausa
1564 2322 1665 2357 aliquid
1691 2322 1740 2350 ad-

944 2374 1011 2401 dere
1040 2372 1139 2399 mcrito
1158 2371 1359 2399 discesserunt.

983 2419 1104 2447 Primum
1117 2417 1191 2446 enim
1201 2417 1294 2445 nullus
1309 2417 1371 2444 talis
1382 2423 1470 2444 canon
1486 2415 1513 2443 in
1542 2414 1668 2444 conciliis
1698 2413 1741 2440 in-

948 2466 1067 2494 venitur.
1080 2465 1184 2493 Deinde
1203 2471 1258 2491 non
1274 2468 1339 2491 ante
1365 2463 1499 2494 schisma,
1515 2469 1569 2489 non
1601 2461 1629 2489 in
1657 2460 1740 2495 hujus

949 2511 1095 2546 principio,
1111 2518 1164 2538 non
1179 2510 1261 2544 paulo
1278 2513 1351 2543 post,
1365 2509 1415 2537 sed
1427 2508 1523 2536 multis
1533 2513 1596 2543 post
1610 2507 1665 2535 hoc
1688 2514 1740 2533 au-

951 2558 1004 2591 nis,
1022 2557 1143 2584 Ecclesia
1158 2555 1294 2588 Romana,
1310 2562 1372 2582 cum
1388 2562 1436 2590 per
1461 2554 1561 2582 multas
1575 2555 1650 2589 prius
1669 2553 1742 2586 lcga-

949 2605 1037 2632 tiones
1052 2604 1085 2631 de
1112 2603 1207 2631 eodem
1237 2603 1347 2630 Graecos
1372 2602 1563 2629 admonuisset
1585 2606 1613 2629 et
1632 2602 1739 2629 hortata

949 2651 1047 2678 fuisset
1060 2657 1074 2677 a
1093 2649 1244 2677 deterrimo
1259 2649 1407 2676 schismate
1418 2647 1570 2681 discedere,
1585 2653 1615 2676 ut
1625 2656 1678 2675 non
1693 2648 1741 2674 lia-

950 2697 1010 2724 buit
1024 2696 1195 2727 obedientes,
1211 2695 1329 2730 denique
1339 2693 1487 2721 concilium
1504 2701 1587 2728 super
1613 2693 1663 2721 hoc
1687 2692 1740 2720 sibi

950 2743 1140 2772 obedientibus
1170 2742 1303 2770 celebrari
1335 2740 1450 2772 iaciens,
1479 2739 1533 2767 hoc
1557 2741 1584 2766 in
1610 2739 1741 2774 Symbolo

951 2798 1005 2817 non
1024 2789 1163 2816 immerito
1184 2788 1298 2815 addidit.
1314 2786 1449 2820 Quoniam
1468 2785 1491 2812 si
1507 2784 1636 2812 similiter
1663 2789 1739 2811 tanta

950 2836 1169 2864 Christianorum
1183 2842 1249 2870 gens
1261 2837 1386 2869 negasset
1410 2839 1464 2859 non
1482 2839 1542 2858 esse
1556 2829 1654 2857 Filium
1679 2838 1739 2857 om-

951 2883 1183 2917 nipotentem,ch
1197 2882 1392 2913 viviﬁcantem,
1412 2882 1439 2906 ct
1453 2877 1545 2905 multa:
1574 2877 1742 2904 adderentur
