  <div class='ocr_page' id='page_1' title='image "/cluster/home/n/w/nwhite01/storage/ocr_20150623/151/njp.32101077773198/737.png"; bbox 0 0 1868 3069; ppageno 0'>
   <div class='ocr_carea' id='block_1_1' title="bbox 165 137 235 170">
    <p class='ocr_par' dir='ltr' id='par_1_1' title="bbox 165 137 235 170">
     <span class='ocr_line' id='line_1_1' title="bbox 165 137 235 170; baseline 0 0"><span class='ocrx_word' id='word_1_1' title='bbox 165 137 235 170; x_wconf 78' lang='grc'><strong>1307</strong></span> 
     </span>
    </p>
   </div>
   <div class='ocr_carea' id='block_1_2' title="bbox 714 144 1221 177">
    <p class='ocr_par' dir='ltr' id='par_1_2' title="bbox 714 144 1221 177">
     <span class='ocr_line' id='line_1_2' title="bbox 714 144 1221 177; baseline 0.004 -4"><span class='ocrx_word' id='word_1_2' title='bbox 714 144 839 174; x_wconf 83' lang='lat' dir='ltr'><strong>BARLA</strong></span> <span class='ocrx_word' id='word_1_3' title='bbox 846 144 917 175; x_wconf 79' lang='grc' dir='ltr'><strong>ΑΜῙ</strong></span> <span class='ocrx_word' id='word_1_4' title='bbox 936 145 986 176; x_wconf 83' lang='lat' dir='ltr'><strong>DF.</strong></span> <span class='ocrx_word' id='word_1_5' title='bbox 1006 145 1082 177; x_wconf 80' lang='lat' dir='ltr'><strong>SEM</strong></span> <span class='ocrx_word' id='word_1_6' title='bbox 1088 145 1221 177; x_wconf 84' lang='lat' dir='ltr'><strong>INARIA</strong></span> 
     </span>
    </p>
   </div>
   <div class='ocr_carea' id='block_1_3' title="bbox 1733 147 1802 179">
    <p class='ocr_par' dir='ltr' id='par_1_3' title="bbox 1733 147 1802 179">
     <span class='ocr_line' id='line_1_3' title="bbox 1733 147 1802 179; baseline -0.014 0"><span class='ocrx_word' id='word_1_7' title='bbox 1733 147 1802 179; x_wconf 82' lang='lat'><strong>1308</strong></span> 
     </span>
    </p>
   </div>
   <div class='ocr_carea' id='block_1_4' title="bbox 126 197 1800 241">
    <p class='ocr_par' dir='ltr' id='par_1_4' title="bbox 126 197 1800 241">
     <span class='ocr_line' id='line_1_4' title="bbox 126 197 1800 241; baseline 0.004 -17"><span class='ocrx_word' id='word_1_8' title='bbox 126 204 130 207; x_wconf 86' lang='lat'>&#39;</span> <span class='ocrx_word' id='word_1_9' title='bbox 164 197 285 232; x_wconf 87' lang='lat' dir='ltr'><strong>quotidie</strong></span> <span class='ocrx_word' id='word_1_10' title='bbox 296 197 361 226; x_wconf 82' lang='lat' dir='ltr'><strong>huic</strong></span> <span class='ocrx_word' id='word_1_11' title='bbox 375 197 492 233; x_wconf 66' lang='lat' dir='ltr'><strong>haeresi;</strong></span> <span class='ocrx_word' id='word_1_12' title='bbox 506 204 580 228; x_wconf 88' lang='lat' dir='ltr'><strong>certe</strong></span> <span class='ocrx_word' id='word_1_13' title='bbox 605 209 658 229; x_wconf 91' lang='lat' dir='ltr'><strong>non</strong></span> <span class='ocrx_word' id='word_1_14' title='bbox 671 208 778 231; x_wconf 85' lang='lat' dir='ltr'><strong>careret</strong></span> <span class='ocrx_word' id='word_1_15' title='bbox 787 204 906 236; x_wconf 84' lang='lat' dir='ltr'><strong>ratione,</strong></span> <span class='ocrx_word' id='word_1_16' title='bbox 933 205 955 232; x_wconf 84' lang='lat' dir='ltr'><strong>si</strong></span> <span class='ocrx_word' id='word_1_17' title='bbox 974 207 996 235; x_wconf 79' lang='grc' dir='ltr'><strong>Α</strong></span> <span class='ocrx_word' id='word_1_18' title='bbox 1012 205 1126 238; x_wconf 81' lang='lat' dir='ltr'><strong>tollitur,</strong></span> <span class='ocrx_word' id='word_1_19' title='bbox 1143 205 1185 233; x_wconf 84' lang='lat' dir='ltr'><strong>vel</strong></span> <span class='ocrx_word' id='word_1_20' title='bbox 1204 213 1299 233; x_wconf 90' lang='lat' dir='ltr'><strong>eorum</strong></span> <span class='ocrx_word' id='word_1_21' title='bbox 1312 213 1373 241; x_wconf 75' lang='lat' dir='ltr'><strong>quze</strong></span> <span class='ocrx_word' id='word_1_22' title='bbox 1390 205 1418 233; x_wconf 93' lang='lat' dir='ltr'><strong>in</strong></span> <span class='ocrx_word' id='word_1_23' title='bbox 1433 204 1581 241; x_wconf 75' lang='lat' dir='ltr'><strong>Evangelia</strong></span> <span class='ocrx_word' id='word_1_24' title='bbox 1609 205 1800 236; x_wconf 87' lang='lat' dir='ltr'><strong>continentur,</strong></span> 
     </span>
    </p>
   </div>
   <div class='ocr_carea' id='block_1_5' title="bbox 124 244 953 279">
    <p class='ocr_par' dir='ltr' id='par_1_5' title="bbox 124 244 953 279">
     <span class='ocr_line' id='line_1_5' title="bbox 124 244 953 279; baseline 0.007 -6"><span class='ocrx_word' id='word_1_25' title='bbox 124 268 127 273; x_wconf 92' lang='lat'>.</span> <span class='ocrx_word' id='word_1_26' title='bbox 165 244 199 271; x_wconf 87' lang='lat' dir='ltr'><strong>de</strong></span> <span class='ocrx_word' id='word_1_27' title='bbox 212 244 264 271; x_wconf 86' lang='lat' dir='ltr'><strong>hoc</strong></span> <span class='ocrx_word' id='word_1_28' title='bbox 276 245 335 272; x_wconf 76' lang='lat' dir='ltr'><strong>sani</strong></span> <span class='ocrx_word' id='word_1_29' title='bbox 355 245 504 274; x_wconf 75' lang='lat' dir='ltr'><strong>Christiani</strong></span> <span class='ocrx_word' id='word_1_30' title='bbox 518 248 552 274; x_wconf 91' lang='lat' dir='ltr'><strong>ad</strong></span> <span class='ocrx_word' id='word_1_31' title='bbox 569 248 748 277; x_wconf 84' lang='lat' dir='ltr'><strong>refellendam</strong></span> <span class='ocrx_word' id='word_1_32' title='bbox 783 251 909 279; x_wconf 65' lang='lat' dir='ltr'><strong>haeresim</strong></span> <span class='ocrx_word' id='word_1_33' title='bbox 927 251 953 279; x_wconf 92' lang='lat' dir='ltr'><strong>in</strong></span> 
     </span>
    </p>
   </div>
   <div class='ocr_carea' id='block_1_6' title="bbox 166 289 954 330">
    <p class='ocr_par' dir='ltr' id='par_1_6' title="bbox 166 289 954 330">
     <span class='ocr_line' id='line_1_6' title="bbox 166 289 954 330; baseline 0.013 -14"><span class='ocrx_word' id='word_1_34' title='bbox 166 289 334 325; x_wconf 80' lang='lat' dir='ltr'><strong>Symboloid</strong></span> <span class='ocrx_word' id='word_1_35' title='bbox 349 298 492 326; x_wconf 81' lang='lat' dir='ltr'><strong>ponerent.</strong></span> <span class='ocrx_word' id='word_1_36' title='bbox 507 292 584 321; x_wconf 87' lang='lat' dir='ltr'><strong>Nulla</strong></span> <span class='ocrx_word' id='word_1_37' title='bbox 597 295 690 330; x_wconf 86' lang='lat' dir='ltr'><strong>itaque</strong></span> <span class='ocrx_word' id='word_1_38' title='bbox 714 299 885 330; x_wconf 62' lang='lat' dir='ltr'><strong>precedente</strong></span> <span class='ocrx_word' id='word_1_39' title='bbox 912 305 954 325; x_wconf 78' lang='lat' dir='ltr'><strong>ra~</strong></span> 
     </span>
    </p>
   </div>
   <div class='ocr_carea' id='block_1_7' title="bbox 167 336 955 375">
    <p class='ocr_par' dir='ltr' id='par_1_7' title="bbox 167 336 955 375">
     <span class='ocr_line' id='line_1_7' title="bbox 167 336 955 375; baseline 0.014 -13"><span class='ocrx_word' id='word_1_40' title='bbox 167 336 264 363; x_wconf 82' lang='lat' dir='ltr'><strong>tionali</strong></span> <span class='ocrx_word' id='word_1_41' title='bbox 277 344 372 370; x_wconf 86' lang='lat' dir='ltr'><strong>causa,</strong></span> <span class='ocrx_word' id='word_1_42' title='bbox 389 338 425 366; x_wconf 88' lang='lat' dir='ltr'><strong>ob</strong></span> <span class='ocrx_word' id='word_1_43' title='bbox 439 347 523 373; x_wconf 85' lang='lat' dir='ltr'><strong>quam</strong></span> <span class='ocrx_word' id='word_1_44' title='bbox 539 340 621 375; x_wconf 88' lang='lat' dir='ltr'><strong>primi</strong></span> <span class='ocrx_word' id='word_1_45' title='bbox 633 341 672 370; x_wconf 87' lang='lat' dir='ltr'><strong>illi</strong></span> <span class='ocrx_word' id='word_1_46' title='bbox 685 349 700 369; x_wconf 74' lang='grc' dir='ltr'><strong>ει</strong></span> <span class='ocrx_word' id='word_1_47' title='bbox 714 347 803 371; x_wconf 81' lang='lat' dir='ltr'><strong>matre</strong></span> <span class='ocrx_word' id='word_1_48' title='bbox 816 344 955 372; x_wconf 86' lang='lat' dir='ltr'><strong>Ecclesia-</strong></span> 
     </span>
    </p>
   </div>
   <div class='ocr_carea' id='block_1_8' title="bbox 165 389 956 424">
    <p class='ocr_par' dir='ltr' id='par_1_8' title="bbox 165 389 956 424">
     <span class='ocr_line' id='line_1_8' title="bbox 165 389 956 424; baseline 0.014 -16"><span class='ocrx_word' id='word_1_49' title='bbox 165 389 226 409; x_wconf 89' lang='lat' dir='ltr'><strong>rum</strong></span> <span class='ocrx_word' id='word_1_50' title='bbox 240 389 270 410; x_wconf 87' lang='lat' dir='ltr'><strong>se</strong></span> <span class='ocrx_word' id='word_1_51' title='bbox 287 390 503 418; x_wconf 74' lang='lat' dir='ltr'><strong>segregaverunt</strong></span> <span class='ocrx_word' id='word_1_52' title='bbox 519 405 526 418; x_wconf 93' lang='lat'><strong>,</strong></span> <span class='ocrx_word' id='word_1_53' title='bbox 545 391 650 414; x_wconf 88' lang='lat' dir='ltr'><strong>certum</strong></span> <span class='ocrx_word' id='word_1_54' title='bbox 660 392 712 421; x_wconf 85' lang='lat' dir='ltr'><strong>est,</strong></span> <span class='ocrx_word' id='word_1_55' title='bbox 742 389 815 424; x_wconf 90' lang='lat' dir='ltr'><strong>quod</strong></span> <span class='ocrx_word' id='word_1_56' title='bbox 832 394 859 417; x_wconf 89' lang='lat' dir='ltr'><strong>et</strong></span> <span class='ocrx_word' id='word_1_57' title='bbox 875 391 914 418; x_wconf 89' lang='lat' dir='ltr'><strong>illi</strong></span> <span class='ocrx_word' id='word_1_58' title='bbox 928 396 956 419; x_wconf 85' lang='lat' dir='ltr'><strong>et</strong></span> 
     </span>
    </p>
   </div>
   <div class='ocr_carea' id='block_1_9' title="bbox 165 429 956 468">
    <p class='ocr_par' dir='ltr' id='par_1_9' title="bbox 165 429 956 468">
     <span class='ocr_line' id='line_1_9' title="bbox 165 429 956 468; baseline 0.014 -14"><span class='ocrx_word' id='word_1_59' title='bbox 165 434 263 456; x_wconf 87' lang='lat' dir='ltr'><strong>omnes</strong></span> <span class='ocrx_word' id='word_1_60' title='bbox 281 429 330 463; x_wconf 92' lang='lat' dir='ltr'><strong>qui</strong></span> <span class='ocrx_word' id='word_1_61' title='bbox 345 430 407 458; x_wconf 84' lang='lat' dir='ltr'><strong>illos</strong></span> <span class='ocrx_word' id='word_1_62' title='bbox 419 431 506 459; x_wconf 85' lang='lat' dir='ltr'><strong>secuti</strong></span> <span class='ocrx_word' id='word_1_63' title='bbox 527 437 602 465; x_wconf 88' lang='lat' dir='ltr'><strong>sunt,</strong></span> <span class='ocrx_word' id='word_1_64' title='bbox 613 435 709 468; x_wconf 85' lang='lat' dir='ltr'><strong>procul</strong></span> <span class='ocrx_word' id='word_1_65' title='bbox 722 435 806 463; x_wconf 89' lang='lat' dir='ltr'><strong>dubio</strong></span> <span class='ocrx_word' id='word_1_66' title='bbox 821 437 956 464; x_wconf 85' lang='lat' dir='ltr'><strong>schisma-</strong></span> 
     </span>
    </p>
   </div>
   <div class='ocr_carea' id='block_1_10' title="bbox 166 473 956 515">
    <p class='ocr_par' dir='ltr' id='par_1_10' title="bbox 166 473 956 515">
     <span class='ocr_line' id='line_1_10' title="bbox 166 473 956 515; baseline 0.013 -14"><span class='ocrx_word' id='word_1_67' title='bbox 166 473 211 502; x_wconf 88' lang='lat' dir='ltr'><strong>tici</strong></span> <span class='ocrx_word' id='word_1_68' title='bbox 226 480 301 502; x_wconf 85' lang='lat' dir='ltr'><strong>sunt.</strong></span> <span class='ocrx_word' id='word_1_69' title='bbox 319 475 414 504; x_wconf 87' lang='lat' dir='ltr'><strong>Nullos</strong></span> <span class='ocrx_word' id='word_1_70' title='bbox 426 478 497 505; x_wconf 90' lang='lat' dir='ltr'><strong>enim</strong></span> <span class='ocrx_word' id='word_1_71' title='bbox 515 480 584 507; x_wconf 85' lang='lat' dir='ltr'><strong>alios</strong></span> <span class='ocrx_word' id='word_1_72' title='bbox 609 481 776 515; x_wconf 81' lang='lat' dir='ltr'><strong>appellamus</strong></span> <span class='ocrx_word' id='word_1_73' title='bbox 802 483 956 511; x_wconf 87' lang='lat' dir='ltr'><strong>schismati-</strong></span> 
     </span>
    </p>
   </div>
   <div class='ocr_carea' id='block_1_11' title="bbox 165 522 953 562">
    <p class='ocr_par' dir='ltr' id='par_1_11' title="bbox 165 522 953 562">
     <span class='ocr_line' id='line_1_11' title="bbox 165 522 953 562; baseline 0.014 -16"><span class='ocrx_word' id='word_1_74' title='bbox 165 528 222 552; x_wconf 78' lang='lat' dir='ltr'><strong>eos,</strong></span> <span class='ocrx_word' id='word_1_75' title='bbox 234 522 360 550; x_wconf 87' lang='lat' dir='ltr'><strong>nisiillos</strong></span> <span class='ocrx_word' id='word_1_76' title='bbox 372 524 419 559; x_wconf 91' lang='lat' dir='ltr'><strong>qui</strong></span> <span class='ocrx_word' id='word_1_77' title='bbox 435 525 676 560; x_wconf 83' lang='lat' dir='ltr'><strong>principalioribus</strong></span> <span class='ocrx_word' id='word_1_78' title='bbox 693 532 720 554; x_wconf 90' lang='lat' dir='ltr'><strong>et</strong></span> <span class='ocrx_word' id='word_1_79' title='bbox 735 528 912 562; x_wconf 75' lang='lat' dir='ltr'><strong>dignioribus</strong></span> <span class='ocrx_word' id='word_1_80' title='bbox 924 531 953 557; x_wconf 91' lang='lat' dir='ltr'><strong>in</strong></span> 
     </span>
    </p>
   </div>
   <div class='ocr_carea' id='block_1_12' title="bbox 166 564 956 607">
    <p class='ocr_par' dir='ltr' id='par_1_12' title="bbox 166 564 956 607">
     <span class='ocr_line' id='line_1_12' title="bbox 166 564 956 607; baseline 0.013 -15"><span class='ocrx_word' id='word_1_81' title='bbox 166 564 286 594; x_wconf 82' lang='lat' dir='ltr'><strong>Ecclesia</strong></span> <span class='ocrx_word' id='word_1_82' title='bbox 300 568 553 603; x_wconf 72' lang='lat' dir='ltr'><strong>dogmatizantibus</strong></span> <span class='ocrx_word' id='word_1_83' title='bbox 564 572 692 606; x_wconf 85' lang='lat' dir='ltr'><strong>opposite</strong></span> <span class='ocrx_word' id='word_1_84' title='bbox 704 581 733 600; x_wconf 85' lang='lat' dir='ltr'><strong>se</strong></span> <span class='ocrx_word' id='word_1_85' title='bbox 750 573 894 607; x_wconf 74' lang='lat' dir='ltr'><strong>habentes,</strong></span> <span class='ocrx_word' id='word_1_86' title='bbox 922 575 956 602; x_wconf 86' lang='lat' dir='ltr'><strong>ad</strong></span> 
     </span>
    </p>
   </div>
   <div class='ocr_carea' id='block_1_13' title="bbox 166 612 957 655">
    <p class='ocr_par' dir='ltr' id='par_1_13' title="bbox 166 612 957 655">
     <span class='ocr_line' id='line_1_13' title="bbox 166 612 957 655; baseline 0.014 -18"><span class='ocrx_word' id='word_1_87' title='bbox 166 612 271 647; x_wconf 82' lang='lat' dir='ltr'><strong>aliquid</strong></span> <span class='ocrx_word' id='word_1_88' title='bbox 292 621 387 642; x_wconf 88' lang='lat' dir='ltr'><strong>eorum</strong></span> <span class='ocrx_word' id='word_1_89' title='bbox 405 623 466 650; x_wconf 63' lang='lat' dir='ltr'><strong>quas</strong></span> <span class='ocrx_word' id='word_1_90' title='bbox 478 617 520 644; x_wconf 91' lang='lat' dir='ltr'><strong>vel</strong></span> <span class='ocrx_word' id='word_1_91' title='bbox 533 618 560 644; x_wconf 89' lang='lat' dir='ltr'><strong>in</strong></span> <span class='ocrx_word' id='word_1_92' title='bbox 589 626 668 646; x_wconf 86' lang='lat' dir='ltr'><strong>sacra</strong></span> <span class='ocrx_word' id='word_1_93' title='bbox 696 619 839 655; x_wconf 74' lang='lat' dir='ltr'><strong>Scriptura</strong></span> <span class='ocrx_word' id='word_1_94' title='bbox 862 625 957 655; x_wconf 84' lang='lat' dir='ltr'><strong>aperte</strong></span> 
     </span>
    </p>
   </div>
   <div class='ocr_carea' id='block_1_14' title="bbox 166 656 957 700">
    <p class='ocr_par' dir='ltr' id='par_1_14' title="bbox 166 656 957 700">
     <span class='ocr_line' id='line_1_14' title="bbox 166 656 957 700; baseline 0.015 -18"><span class='ocrx_word' id='word_1_95' title='bbox 166 656 307 691; x_wconf 83' lang='lat' dir='ltr'><strong>dicuntur,</strong></span> <span class='ocrx_word' id='word_1_96' title='bbox 327 660 369 687; x_wconf 85' lang='lat' dir='ltr'><strong>vel</strong></span> <span class='ocrx_word' id='word_1_97' title='bbox 384 661 411 688; x_wconf 94' lang='lat' dir='ltr'><strong>in</strong></span> <span class='ocrx_word' id='word_1_98' title='bbox 432 663 606 696; x_wconf 75' lang='lat' dir='ltr'><strong>generalibus</strong></span> <span class='ocrx_word' id='word_1_99' title='bbox 621 665 747 692; x_wconf 82' lang='lat' dir='ltr'><strong>conciliis</strong></span> <span class='ocrx_word' id='word_1_100' title='bbox 763 672 894 700; x_wconf 75' lang='lat' dir='ltr'><strong>expresse</strong></span> <span class='ocrx_word' id='word_1_101' title='bbox 910 666 957 693; x_wconf 86' lang='lat' dir='ltr'><strong>de-</strong></span> 
     </span>
    </p>
   </div>
   <div class='ocr_carea' id='block_1_15' title="bbox 168 703 958 740">
    <p class='ocr_par' dir='ltr' id='par_1_15' title="bbox 168 703 958 740">
     <span class='ocr_line' id='line_1_15' title="bbox 168 703 958 740; baseline 0.013 -10"><span class='ocrx_word' id='word_1_102' title='bbox 168 703 313 732; x_wconf 84' lang='lat' dir='ltr'><strong>terminata</strong></span> <span class='ocrx_word' id='word_1_103' title='bbox 325 713 400 738; x_wconf 84' lang='lat' dir='ltr'><strong>sunt,</strong></span> <span class='ocrx_word' id='word_1_104' title='bbox 410 707 452 735; x_wconf 90' lang='lat' dir='ltr'><strong>vel</strong></span> <span class='ocrx_word' id='word_1_105' title='bbox 470 716 485 735; x_wconf 92' lang='lat' dir='ltr'><strong>a</strong></span> <span class='ocrx_word' id='word_1_106' title='bbox 499 714 554 737; x_wconf 87' lang='lat' dir='ltr'><strong>tota</strong></span> <span class='ocrx_word' id='word_1_107' title='bbox 570 710 690 738; x_wconf 81' lang='lat' dir='ltr'><strong>Ecclesia</strong></span> <span class='ocrx_word' id='word_1_108' title='bbox 703 712 887 739; x_wconf 77' lang='lat' dir='ltr'><strong>communiter</strong></span> <span class='ocrx_word' id='word_1_109' title='bbox 898 719 958 740; x_wconf 88' lang='lat' dir='ltr'><strong>cre-</strong></span> 
     </span>
    </p>
   </div>
   <div class='ocr_carea' id='block_1_16' title="bbox 166 749 956 792">
    <p class='ocr_par' dir='ltr' id='par_1_16' title="bbox 166 749 956 792">
     <span class='ocr_line' id='line_1_16' title="bbox 166 749 956 792; baseline 0.015 -17"><span class='ocrx_word' id='word_1_110' title='bbox 166 749 280 782; x_wconf 80' lang='lat' dir='ltr'><strong>duntur,</strong></span> <span class='ocrx_word' id='word_1_111' title='bbox 297 759 311 777; x_wconf 82' lang='lat' dir='ltr'><strong>a</strong></span> <span class='ocrx_word' id='word_1_112' title='bbox 342 753 431 781; x_wconf 88' lang='lat' dir='ltr'><strong>debita</strong></span> <span class='ocrx_word' id='word_1_113' title='bbox 455 754 509 782; x_wconf 81' lang='lat' dir='ltr'><strong>illis</strong></span> <span class='ocrx_word' id='word_1_114' title='bbox 531 757 671 784; x_wconf 80' lang='lat' dir='ltr'><strong>credentia</strong></span> <span class='ocrx_word' id='word_1_115' title='bbox 693 763 721 785; x_wconf 78' lang='lat' dir='ltr'><strong>et</strong></span> <span class='ocrx_word' id='word_1_116' title='bbox 748 759 956 792; x_wconf 82' lang='lat' dir='ltr'><strong>communione,</strong></span> 
     </span>
    </p>
   </div>
   <div class='ocr_carea' id='block_1_17' title="bbox 167 799 958 839">
    <p class='ocr_par' dir='ltr' id='par_1_17' title="bbox 167 799 958 839">
     <span class='ocr_line' id='line_1_17' title="bbox 167 799 958 839; baseline 0.015 -17"><span class='ocrx_word' id='word_1_117' title='bbox 167 800 279 830; x_wconf 76' lang='lat' dir='ltr'><strong>propter</strong></span> <span class='ocrx_word' id='word_1_118' title='bbox 289 799 435 831; x_wconf 82' lang='lat' dir='ltr'><strong>quamdam</strong></span> <span class='ocrx_word' id='word_1_119' title='bbox 454 801 535 828; x_wconf 84' lang='lat' dir='ltr'><strong>aliam</strong></span> <span class='ocrx_word' id='word_1_120' title='bbox 551 803 707 837; x_wconf 85' lang='lat' dir='ltr'><strong>passionem</strong></span> <span class='ocrx_word' id='word_1_121' title='bbox 724 805 881 839; x_wconf 87' lang='lat' dir='ltr'><strong>discedunt,</strong></span> <span class='ocrx_word' id='word_1_122' title='bbox 899 807 958 834; x_wconf 87' lang='lat' dir='ltr'><strong>sive</strong></span> 
     </span>
    </p>
   </div>
   <div class='ocr_carea' id='block_1_18' title="bbox 1006 251 1800 289">
    <p class='ocr_par' dir='ltr' id='par_1_18' title="bbox 1006 251 1800 289">
     <span class='ocr_line' id='line_1_18' title="bbox 1006 251 1800 289; baseline -0.001 -10"><span class='ocrx_word' id='word_1_123' title='bbox 1006 253 1048 279; x_wconf 92' lang='lat' dir='ltr'><strong>vel</strong></span> <span class='ocrx_word' id='word_1_124' title='bbox 1066 260 1161 280; x_wconf 85' lang='lat' dir='ltr'><strong>eorum</strong></span> <span class='ocrx_word' id='word_1_125' title='bbox 1179 261 1240 288; x_wconf 66' lang='lat' dir='ltr'><strong>qua:</strong></span> <span class='ocrx_word' id='word_1_126' title='bbox 1253 253 1280 280; x_wconf 93' lang='lat' dir='ltr'><strong>in</strong></span> <span class='ocrx_word' id='word_1_127' title='bbox 1296 258 1352 281; x_wconf 69' lang='lat' dir='ltr'><strong>toto</strong></span> <span class='ocrx_word' id='word_1_128' title='bbox 1366 253 1492 289; x_wconf 85' lang='lat' dir='ltr'><strong>symbolo</strong></span> <span class='ocrx_word' id='word_1_129' title='bbox 1519 253 1663 283; x_wconf 88' lang='lat' dir='ltr'><strong>dicuntur,</strong></span> <span class='ocrx_word' id='word_1_130' title='bbox 1682 251 1723 278; x_wconf 90' lang='lat' dir='ltr'><strong>vel</strong></span> <span class='ocrx_word' id='word_1_131' title='bbox 1751 258 1800 278; x_wconf 80' lang='lat' dir='ltr'><strong>eo-</strong></span> 
     </span>
    </p>
   </div>
   <div class='ocr_carea' id='block_1_19' title="bbox 1006 299 1799 333">
    <p class='ocr_par' dir='ltr' id='par_1_19' title="bbox 1006 299 1799 333">
     <span class='ocr_line' id='line_1_19' title="bbox 1006 299 1799 333; baseline 0 -7"><span class='ocrx_word' id='word_1_132' title='bbox 1006 306 1078 331; x_wconf 86' lang='lat' dir='ltr'><strong>rum,</strong></span> <span class='ocrx_word' id='word_1_133' title='bbox 1095 306 1155 333; x_wconf 78' lang='lat' dir='ltr'><strong>quae</strong></span> <span class='ocrx_word' id='word_1_134' title='bbox 1171 306 1219 333; x_wconf 89' lang='lat' dir='ltr'><strong>per</strong></span> <span class='ocrx_word' id='word_1_135' title='bbox 1236 299 1345 333; x_wconf 80' lang='lat' dir='ltr'><strong>aliquod</strong></span> <span class='ocrx_word' id='word_1_136' title='bbox 1360 303 1462 333; x_wconf 82' lang='lat' dir='ltr'><strong>septem</strong></span> <span class='ocrx_word' id='word_1_137' title='bbox 1475 299 1658 326; x_wconf 90' lang='lat' dir='ltr'><strong>conciliorum</strong></span> <span class='ocrx_word' id='word_1_138' title='bbox 1673 305 1799 332; x_wconf 75' lang='lat' dir='ltr'><strong>expresse</strong></span> 
     </span>
    </p>
   </div>
   <div class='ocr_carea' id='block_1_20' title="bbox 1006 344 1797 380">
    <p class='ocr_par' dir='ltr' id='par_1_20' title="bbox 1006 344 1797 380">
     <span class='ocr_line' id='line_1_20' title="bbox 1006 344 1797 380; baseline -0.003 -7"><span class='ocrx_word' id='word_1_139' title='bbox 1006 346 1187 373; x_wconf 86' lang='lat' dir='ltr'><strong>determinata</strong></span> <span class='ocrx_word' id='word_1_140' title='bbox 1201 351 1275 374; x_wconf 87' lang='lat' dir='ltr'><strong>sunt.</strong></span> <span class='ocrx_word' id='word_1_141' title='bbox 1296 346 1386 379; x_wconf 86' lang='lat' dir='ltr'><strong>Quare</strong></span> <span class='ocrx_word' id='word_1_142' title='bbox 1399 349 1425 373; x_wconf 90' lang='lat' dir='ltr'><strong>et</strong></span> <span class='ocrx_word' id='word_1_143' title='bbox 1445 345 1582 380; x_wconf 90' lang='lat' dir='ltr'><strong>quomodo</strong></span> <span class='ocrx_word' id='word_1_144' title='bbox 1597 344 1717 380; x_wconf 81' lang='lat' dir='ltr'><strong>idipsum</strong></span> <span class='ocrx_word' id='word_1_145' title='bbox 1746 353 1797 372; x_wconf 90' lang='lat' dir='ltr'><strong>non</strong></span> 
     </span>
    </p>
   </div>
   <div class='ocr_carea' id='block_1_21' title="bbox 1006 390 1796 426">
    <p class='ocr_par' dir='ltr' id='par_1_21' title="bbox 1006 390 1796 426">
     <span class='ocr_line' id='line_1_21' title="bbox 1006 390 1796 426; baseline -0.003 -7"><span class='ocrx_word' id='word_1_146' title='bbox 1006 392 1218 419; x_wconf 84' lang='lat' dir='ltr'><strong>concluderetur</strong></span> <span class='ocrx_word' id='word_1_147' title='bbox 1237 399 1285 426; x_wconf 87' lang='lat' dir='ltr'><strong>per</strong></span> <span class='ocrx_word' id='word_1_148' title='bbox 1302 392 1393 426; x_wconf 80' lang='lat' dir='ltr'><strong>aliqua</strong></span> <span class='ocrx_word' id='word_1_149' title='bbox 1423 399 1508 419; x_wconf 67' lang='lat' dir='ltr'><strong>sacrae</strong></span> <span class='ocrx_word' id='word_1_150' title='bbox 1536 391 1686 425; x_wconf 64' lang='lat' dir='ltr'><strong>Scriptura</strong></span> <span class='ocrx_word' id='word_1_151' title='bbox 1716 390 1796 422; x_wconf 89' lang='lat' dir='ltr'><strong>dicta,</strong></span> 
     </span>
    </p>
   </div>
   <div class='ocr_carea' id='block_1_22' title="bbox 1006 437 1796 473">
    <p class='ocr_par' dir='ltr' id='par_1_22' title="bbox 1006 437 1796 473">
     <span class='ocr_line' id='line_1_22' title="bbox 1006 437 1796 473; baseline -0.003 -8"><span class='ocrx_word' id='word_1_152' title='bbox 1006 443 1096 472; x_wconf 86' lang='lat' dir='ltr'><strong>neque</strong></span> <span class='ocrx_word' id='word_1_153' title='bbox 1116 446 1164 472; x_wconf 90' lang='lat' dir='ltr'><strong>per</strong></span> <span class='ocrx_word' id='word_1_154' title='bbox 1179 443 1288 466; x_wconf 85' lang='lat' dir='ltr'><strong>sanctos</strong></span> <span class='ocrx_word' id='word_1_155' title='bbox 1297 438 1405 473; x_wconf 87' lang='lat' dir='ltr'><strong>aliquos</strong></span> <span class='ocrx_word' id='word_1_156' title='bbox 1418 437 1572 465; x_wconf 89' lang='lat' dir='ltr'><strong>traderetur</strong></span> <span class='ocrx_word' id='word_1_157' title='bbox 1588 445 1595 464; x_wconf 88' lang='lat'><strong>:</strong></span> <span class='ocrx_word' id='word_1_158' title='bbox 1612 437 1796 471; x_wconf 83' lang='lat' dir='ltr'><strong>sedquoniam</strong></span> 
     </span>
    </p>
   </div>
   <div class='ocr_carea' id='block_1_23' title="bbox 1007 483 1795 519">
    <p class='ocr_par' dir='ltr' id='par_1_23' title="bbox 1007 483 1795 519">
     <span class='ocr_line' id='line_1_23' title="bbox 1007 483 1795 519; baseline -0.004 -7"><span class='ocrx_word' id='word_1_159' title='bbox 1007 491 1103 512; x_wconf 90' lang='lat' dir='ltr'><strong>eorum</strong></span> <span class='ocrx_word' id='word_1_160' title='bbox 1121 491 1181 519; x_wconf 76' lang='lat' dir='ltr'><strong>quae</strong></span> <span class='ocrx_word' id='word_1_161' title='bbox 1201 484 1229 511; x_wconf 93' lang='lat' dir='ltr'><strong>in</strong></span> <span class='ocrx_word' id='word_1_162' title='bbox 1244 484 1394 519; x_wconf 74' lang='lat' dir='ltr'><strong>Evangelio</strong></span> <span class='ocrx_word' id='word_1_163' title='bbox 1407 484 1450 511; x_wconf 84' lang='lat' dir='ltr'><strong>vel</strong></span> <span class='ocrx_word' id='word_1_164' title='bbox 1462 485 1490 511; x_wconf 93' lang='lat' dir='ltr'><strong>in</strong></span> <span class='ocrx_word' id='word_1_165' title='bbox 1508 483 1636 511; x_wconf 80' lang='lat' dir='ltr'><strong>conciliis</strong></span> <span class='ocrx_word' id='word_1_166' title='bbox 1650 487 1727 513; x_wconf 84' lang='lat' dir='ltr'><strong>sunt.</strong></span> <span class='ocrx_word' id='word_1_167' title='bbox 1745 490 1795 509; x_wconf 89' lang='lat' dir='ltr'><strong>non</strong></span> 
     </span>
    </p>
   </div>
   <div class='ocr_carea' id='block_1_24' title="bbox 1007 525 1797 564">
    <p class='ocr_par' dir='ltr' id='par_1_24' title="bbox 1007 525 1797 564">
     <span class='ocr_line' id='line_1_24' title="bbox 1007 525 1797 564; baseline -0.005 -6"><span class='ocrx_word' id='word_1_168' title='bbox 1007 529 1123 558; x_wconf 78' lang='lat' dir='ltr'><strong>destruit</strong></span> <span class='ocrx_word' id='word_1_169' title='bbox 1136 529 1284 564; x_wconf 86' lang='lat' dir='ltr'><strong>quidquam</strong></span> <span class='ocrx_word' id='word_1_170' title='bbox 1300 530 1352 556; x_wconf 92' lang='lat' dir='ltr'><strong>hoc</strong></span> <span class='ocrx_word' id='word_1_171' title='bbox 1361 529 1458 564; x_wconf 77' lang='lat' dir='ltr'><strong>dogma</strong></span> <span class='ocrx_word' id='word_1_172' title='bbox 1479 536 1487 556; x_wconf 85' lang='lat'><strong>:</strong></span> <span class='ocrx_word' id='word_1_173' title='bbox 1519 533 1593 556; x_wconf 84' lang='lat' dir='ltr'><strong>certe</strong></span> <span class='ocrx_word' id='word_1_174' title='bbox 1608 525 1735 555; x_wconf 72' lang='lat' dir='ltr'><strong>Romana</strong></span> <span class='ocrx_word' id='word_1_175' title='bbox 1748 527 1797 554; x_wconf 80' lang='lat' dir='ltr'><strong>Ec-</strong></span> 
     </span>
    </p>
   </div>
   <div class='ocr_carea' id='block_1_25' title="bbox 1007 574 1797 611">
    <p class='ocr_par' dir='ltr' id='par_1_25' title="bbox 1007 574 1797 611">
     <span class='ocr_line' id='line_1_25' title="bbox 1007 574 1797 611; baseline -0.005 -7"><span class='ocrx_word' id='word_1_176' title='bbox 1007 576 1091 604; x_wconf 86' lang='lat' dir='ltr'><strong>clesia</strong></span> <span class='ocrx_word' id='word_1_177' title='bbox 1111 576 1162 603; x_wconf 81' lang='lat' dir='ltr'><strong>hoc</strong></span> <span class='ocrx_word' id='word_1_178' title='bbox 1176 575 1285 609; x_wconf 85' lang='lat' dir='ltr'><strong>dicens,</strong></span> <span class='ocrx_word' id='word_1_179' title='bbox 1296 583 1385 610; x_wconf 90' lang='lat' dir='ltr'><strong>neque</strong></span> <span class='ocrx_word' id='word_1_180' title='bbox 1399 576 1425 604; x_wconf 94' lang='lat' dir='ltr'><strong>in</strong></span> <span class='ocrx_word' id='word_1_181' title='bbox 1440 575 1630 611; x_wconf 80' lang='lat' dir='ltr'><strong>Evangelium,</strong></span> <span class='ocrx_word' id='word_1_182' title='bbox 1659 581 1747 609; x_wconf 85' lang='lat' dir='ltr'><strong>neque</strong></span> <span class='ocrx_word' id='word_1_183' title='bbox 1770 574 1797 601; x_wconf 87' lang='lat' dir='ltr'><strong>in</strong></span> 
     </span>
    </p>
   </div>
   <div class='ocr_carea' id='block_1_26' title="bbox 1008 619 1797 658">
    <p class='ocr_par' dir='ltr' id='par_1_26' title="bbox 1008 619 1797 658">
     <span class='ocr_line' id='line_1_26' title="bbox 1008 619 1797 658; baseline -0.004 -9"><span class='ocrx_word' id='word_1_184' title='bbox 1008 622 1125 650; x_wconf 79' lang='lat' dir='ltr'><strong>concilia</strong></span> <span class='ocrx_word' id='word_1_185' title='bbox 1141 627 1246 657; x_wconf 87' lang='lat' dir='ltr'><strong>peccat.</strong></span> <span class='ocrx_word' id='word_1_186' title='bbox 1264 621 1313 650; x_wconf 85' lang='lat' dir='ltr'><strong>His</strong></span> <span class='ocrx_word' id='word_1_187' title='bbox 1330 630 1396 658; x_wconf 77' lang='lat' dir='ltr'><strong>ergo</strong></span> <span class='ocrx_word' id='word_1_188' title='bbox 1419 623 1465 657; x_wconf 88' lang='lat' dir='ltr'><strong>qui</strong></span> <span class='ocrx_word' id='word_1_189' title='bbox 1479 630 1493 649; x_wconf 89' lang='lat' dir='ltr'><strong>a</strong></span> <span class='ocrx_word' id='word_1_190' title='bbox 1508 621 1708 649; x_wconf 90' lang='lat' dir='ltr'><strong>communione</strong></span> <span class='ocrx_word' id='word_1_191' title='bbox 1740 619 1797 654; x_wconf 79' lang='lat' dir='ltr'><strong>ejus</strong></span> 
     </span>
    </p>
   </div>
   <div class='ocr_carea' id='block_1_27' title="bbox 1009 663 1798 698">
    <p class='ocr_par' dir='ltr' id='par_1_27' title="bbox 1009 663 1798 698">
     <span class='ocr_line' id='line_1_27' title="bbox 1009 663 1798 698; baseline -0.005 -4"><span class='ocrx_word' id='word_1_192' title='bbox 1009 663 1106 695; x_wconf 81' lang='lat' dir='ltr'><strong>matris</strong></span> <span class='ocrx_word' id='word_1_193' title='bbox 1119 667 1276 695; x_wconf 77' lang='lat' dir='ltr'><strong>exsistentis</strong></span> <span class='ocrx_word' id='word_1_194' title='bbox 1291 668 1446 698; x_wconf 87' lang='lat' dir='ltr'><strong>discedunt,</strong></span> <span class='ocrx_word' id='word_1_195' title='bbox 1461 666 1535 694; x_wconf 88' lang='lat' dir='ltr'><strong>nulla</strong></span> <span class='ocrx_word' id='word_1_196' title='bbox 1562 666 1606 693; x_wconf 79' lang='lat' dir='ltr'><strong>vel</strong></span> <span class='ocrx_word' id='word_1_197' title='bbox 1625 673 1659 692; x_wconf 86' lang='lat' dir='ltr'><strong>ex</strong></span> <span class='ocrx_word' id='word_1_198' title='bbox 1676 664 1798 697; x_wconf 76' lang='lat' dir='ltr'><strong>Evange-</strong></span> 
     </span>
    </p>
   </div>
   <div class='ocr_carea' id='block_1_28' title="bbox 1008 708 1798 745">
    <p class='ocr_par' dir='ltr' id='par_1_28' title="bbox 1008 708 1798 745">
     <span class='ocr_line' id='line_1_28' title="bbox 1008 708 1798 745; baseline -0.005 -6"><span class='ocrx_word' id='word_1_199' title='bbox 1008 712 1057 745; x_wconf 91' lang='lat' dir='ltr'><strong>lio,</strong></span> <span class='ocrx_word' id='word_1_200' title='bbox 1072 712 1112 739; x_wconf 79' lang='lat' dir='ltr'><strong>vel</strong></span> <span class='ocrx_word' id='word_1_201' title='bbox 1129 719 1163 739; x_wconf 80' lang='lat' dir='ltr'><strong>ex</strong></span> <span class='ocrx_word' id='word_1_202' title='bbox 1174 713 1299 740; x_wconf 89' lang='lat' dir='ltr'><strong>conciliis</strong></span> <span class='ocrx_word' id='word_1_203' title='bbox 1316 712 1458 740; x_wconf 78' lang='lat' dir='ltr'><strong>excusatio</strong></span> <span class='ocrx_word' id='word_1_204' title='bbox 1469 711 1550 745; x_wconf 89' lang='lat' dir='ltr'><strong>hujus</strong></span> <span class='ocrx_word' id='word_1_205' title='bbox 1562 710 1729 745; x_wconf 82' lang='lat' dir='ltr'><strong>acquiritur.</strong></span> <span class='ocrx_word' id='word_1_206' title='bbox 1748 708 1798 736; x_wconf 83' lang='lat' dir='ltr'><strong>Nc-</strong></span> 
     </span>
    </p>
   </div>
   <div class='ocr_carea' id='block_1_29' title="bbox 1009 756 1797 792">
    <p class='ocr_par' dir='ltr' id='par_1_29' title="bbox 1009 756 1797 792">
     <span class='ocr_line' id='line_1_29' title="bbox 1009 756 1797 792; baseline -0.003 -9"><span class='ocrx_word' id='word_1_207' title='bbox 1009 764 1062 791; x_wconf 91' lang='lat' dir='ltr'><strong>que</strong></span> <span class='ocrx_word' id='word_1_208' title='bbox 1072 764 1138 792; x_wconf 77' lang='lat' dir='ltr'><strong>ergo</strong></span> <span class='ocrx_word' id='word_1_209' title='bbox 1153 757 1262 785; x_wconf 77' lang='lat' dir='ltr'><strong>aliunde</strong></span> <span class='ocrx_word' id='word_1_210' title='bbox 1282 757 1461 791; x_wconf 87' lang='lat' dir='ltr'><strong>proveniente</strong></span> <span class='ocrx_word' id='word_1_211' title='bbox 1475 757 1515 784; x_wconf 86' lang='lat' dir='ltr'><strong>eis</strong></span> <span class='ocrx_word' id='word_1_212' title='bbox 1538 756 1592 783; x_wconf 85' lang='lat' dir='ltr'><strong>alia</strong></span> <span class='ocrx_word' id='word_1_213' title='bbox 1619 756 1797 784; x_wconf 76' lang='lat' dir='ltr'><strong>excusatione</strong></span> 
     </span>
    </p>
   </div>
   <div class='ocr_carea' id='block_1_30' title="bbox 1010 802 1796 835">
    <p class='ocr_par' dir='ltr' id='par_1_30' title="bbox 1010 802 1796 835">
     <span class='ocr_line' id='line_1_30' title="bbox 1010 802 1796 835; baseline -0.005 -4"><span class='ocrx_word' id='word_1_214' title='bbox 1010 803 1196 832; x_wconf 84' lang='lat' dir='ltr'><strong>necessarium</strong></span> <span class='ocrx_word' id='word_1_215' title='bbox 1227 808 1280 835; x_wconf 86' lang='lat' dir='ltr'><strong>est,</strong></span> <span class='ocrx_word' id='word_1_216' title='bbox 1309 802 1503 831; x_wconf 86' lang='lat' dir='ltr'><strong>schismaticos</strong></span> <span class='ocrx_word' id='word_1_217' title='bbox 1529 802 1605 835; x_wconf 83' lang='lat' dir='ltr'><strong>ipsos</strong></span> <span class='ocrx_word' id='word_1_218' title='bbox 1622 808 1698 832; x_wconf 85' lang='lat' dir='ltr'><strong>esse,</strong></span> <span class='ocrx_word' id='word_1_219' title='bbox 1728 806 1754 827; x_wconf 82' lang='lat' dir='ltr'><strong>et</strong></span> <span class='ocrx_word' id='word_1_220' title='bbox 1784 808 1796 827; x_wconf 86' lang='lat' dir='ltr'><strong>a</strong></span> 
     </span>
    </p>
   </div>
   <div class='ocr_carea' id='block_1_31' title="bbox 167 843 1797 890">
    <p class='ocr_par' dir='ltr' id='par_1_31' title="bbox 167 843 1797 890">
     <span class='ocr_line' id='line_1_31' title="bbox 167 843 1797 890; baseline 0.004 -22"><span class='ocrx_word' id='word_1_221' title='bbox 167 843 317 887; x_wconf 76' lang='lat' dir='ltr'><strong>multisive</strong></span> <span class='ocrx_word' id='word_1_222' title='bbox 329 846 408 879; x_wconf 84' lang='lat' dir='ltr'><strong>pauci</strong></span> <span class='ocrx_word' id='word_1_223' title='bbox 423 847 478 874; x_wconf 87' lang='lat' dir='ltr'><strong>sint</strong></span> <span class='ocrx_word' id='word_1_224' title='bbox 491 856 498 880; x_wconf 85' lang='lat'><strong>;</strong></span> <span class='ocrx_word' id='word_1_225' title='bbox 513 848 581 875; x_wconf 87' lang='lat' dir='ltr'><strong>nihil</strong></span> <span class='ocrx_word' id='word_1_226' title='bbox 601 849 674 876; x_wconf 89' lang='lat' dir='ltr'><strong>enim</strong></span> <span class='ocrx_word' id='word_1_227' title='bbox 688 850 812 882; x_wconf 87' lang='lat' dir='ltr'><strong>interest,</strong></span> <span class='ocrx_word' id='word_1_228' title='bbox 823 852 953 886; x_wconf 88' lang='lat' dir='ltr'><strong>quoniam</strong></span> <span class='ocrx_word' id='word_1_229' title='bbox 970 859 993 890; x_wconf 76' lang='grc' dir='ltr'>Β</span> <span class='ocrx_word' id='word_1_230' title='bbox 1008 850 1141 878; x_wconf 86' lang='lat' dir='ltr'><strong>catholica</strong></span> <span class='ocrx_word' id='word_1_231' title='bbox 1156 850 1289 878; x_wconf 83' lang='lat' dir='ltr'><strong>cecidisse</strong></span> <span class='ocrx_word' id='word_1_232' title='bbox 1306 850 1439 877; x_wconf 73' lang='lat' dir='ltr'><strong>Ecclesia.</strong></span> <span class='ocrx_word' id='word_1_233' title='bbox 1458 849 1512 877; x_wconf 84' lang='lat' dir='ltr'><strong>Sed</strong></span> <span class='ocrx_word' id='word_1_234' title='bbox 1539 853 1570 876; x_wconf 90' lang='lat' dir='ltr'><strong>ut</strong></span> <span class='ocrx_word' id='word_1_235' title='bbox 1595 848 1797 883; x_wconf 85' lang='lat' dir='ltr'><strong>apertissimum</strong></span> 
     </span>
    </p>
   </div>
   <div class='ocr_carea' id='block_1_32' title="bbox 167 890 958 932">
    <p class='ocr_par' dir='ltr' id='par_1_32' title="bbox 167 890 958 932">
     <span class='ocr_line' id='line_1_32' title="bbox 167 890 958 932; baseline 0.016 -18"><span class='ocrx_word' id='word_1_236' title='bbox 167 896 221 916; x_wconf 91' lang='lat' dir='ltr'><strong>non</strong></span> <span class='ocrx_word' id='word_1_237' title='bbox 235 890 409 919; x_wconf 87' lang='lat' dir='ltr'><strong>multitudine</strong></span> <span class='ocrx_word' id='word_1_238' title='bbox 422 897 449 920; x_wconf 82' lang='lat' dir='ltr'><strong>et</strong></span> <span class='ocrx_word' id='word_1_239' title='bbox 460 895 609 928; x_wconf 83' lang='lat' dir='ltr'><strong>paucitate,</strong></span> <span class='ocrx_word' id='word_1_240' title='bbox 627 896 674 923; x_wconf 85' lang='lat' dir='ltr'><strong>scd</strong></span> <span class='ocrx_word' id='word_1_241' title='bbox 689 898 820 932; x_wconf 76' lang='lat' dir='ltr'><strong>prtedicta</strong></span> <span class='ocrx_word' id='word_1_242' title='bbox 850 899 958 928; x_wconf 77' lang='lat' dir='ltr'><strong>ratione</strong></span> 
     </span>
    </p>
   </div>
   <div class='ocr_carea' id='block_1_33' title="bbox 166 935 958 980">
    <p class='ocr_par' dir='ltr' id='par_1_33' title="bbox 166 935 958 980">
     <span class='ocr_line' id='line_1_33' title="bbox 166 935 958 980; baseline 0.016 -19"><span class='ocrx_word' id='word_1_243' title='bbox 166 935 358 965; x_wconf 79' lang='lat' dir='ltr'><strong>schismaticus</strong></span> <span class='ocrx_word' id='word_1_244' title='bbox 385 943 510 972; x_wconf 84' lang='lat' dir='ltr'><strong>notatur,</strong></span> <span class='ocrx_word' id='word_1_245' title='bbox 523 943 654 975; x_wconf 87' lang='lat' dir='ltr'><strong>quoniam</strong></span> <span class='ocrx_word' id='word_1_246' title='bbox 691 947 718 970; x_wconf 89' lang='lat' dir='ltr'><strong>et</strong></span> <span class='ocrx_word' id='word_1_247' title='bbox 733 944 760 971; x_wconf 91' lang='lat' dir='ltr'><strong>hi</strong></span> <span class='ocrx_word' id='word_1_248' title='bbox 786 945 958 980; x_wconf 87' lang='lat' dir='ltr'><strong>complentes</strong></span> 
     </span>
    </p>
   </div>
   <div class='ocr_carea' id='block_1_34' title="bbox 164 980 959 1027">
    <p class='ocr_par' dir='ltr' id='par_1_34' title="bbox 164 980 959 1027">
     <span class='ocr_line' id='line_1_34' title="bbox 164 980 959 1027; baseline 0.014 -20"><span class='ocrx_word' id='word_1_249' title='bbox 164 980 237 1015; x_wconf 87' lang='lat' dir='ltr'><strong>jure,</strong></span> <span class='ocrx_word' id='word_1_250' title='bbox 258 986 284 1010; x_wconf 88' lang='lat' dir='ltr'><strong>et</strong></span> <span class='ocrx_word' id='word_1_251' title='bbox 302 983 354 1011; x_wconf 92' lang='lat' dir='ltr'><strong>hoc</strong></span> <span class='ocrx_word' id='word_1_252' title='bbox 365 985 476 1012; x_wconf 89' lang='lat' dir='ltr'><strong>nomine</strong></span> <span class='ocrx_word' id='word_1_253' title='bbox 494 987 569 1021; x_wconf 71' lang='lat' dir='ltr'><strong>digni</strong></span> <span class='ocrx_word' id='word_1_254' title='bbox 588 988 674 1015; x_wconf 86' lang='lat' dir='ltr'><strong>habiti</strong></span> <span class='ocrx_word' id='word_1_255' title='bbox 694 994 786 1017; x_wconf 91' lang='lat' dir='ltr'><strong>erunt.</strong></span> <span class='ocrx_word' id='word_1_256' title='bbox 803 990 858 1017; x_wconf 81' lang='lat' dir='ltr'><strong>Aut</strong></span> <span class='ocrx_word' id='word_1_257' title='bbox 876 991 959 1027; x_wconf 77' lang='lat' dir='ltr'><strong>igitur</strong></span> 
     </span>
    </p>
   </div>
   <div class='ocr_carea' id='block_1_35' title="bbox 167 1029 957 1071">
    <p class='ocr_par' dir='ltr' id='par_1_35' title="bbox 167 1029 957 1071">
     <span class='ocr_line' id='line_1_35' title="bbox 167 1029 957 1071; baseline 0.015 -18"><span class='ocrx_word' id='word_1_258' title='bbox 167 1029 323 1061; x_wconf 85' lang='lat' dir='ltr'><strong>ostendant,</strong></span> <span class='ocrx_word' id='word_1_259' title='bbox 342 1031 407 1064; x_wconf 89' lang='lat' dir='ltr'><strong>quid</strong></span> <span class='ocrx_word' id='word_1_260' title='bbox 426 1031 533 1060; x_wconf 82' lang='lat' dir='ltr'><strong>Latinis</strong></span> <span class='ocrx_word' id='word_1_261' title='bbox 563 1033 722 1062; x_wconf 79' lang='lat' dir='ltr'><strong>dicentibus</strong></span> <span class='ocrx_word' id='word_1_262' title='bbox 754 1037 894 1071; x_wconf 73' lang='lat' dir='ltr'><strong>contingit</strong></span> <span class='ocrx_word' id='word_1_263' title='bbox 925 1043 957 1065; x_wconf 80' lang='lat' dir='ltr'><strong>ex</strong></span> 
     </span>
    </p>
   </div>
   <div class='ocr_carea' id='block_1_36' title="bbox 168 1075 957 1116">
    <p class='ocr_par' dir='ltr' id='par_1_36' title="bbox 168 1075 957 1116">
     <span class='ocr_line' id='line_1_36' title="bbox 168 1075 957 1116; baseline 0.015 -17"><span class='ocrx_word' id='word_1_264' title='bbox 168 1080 294 1101; x_wconf 85' lang='lat' dir='ltr'><strong>sermone</strong></span> <span class='ocrx_word' id='word_1_265' title='bbox 316 1075 448 1110; x_wconf 85' lang='lat' dir='ltr'><strong>ipsorum,</strong></span> <span class='ocrx_word' id='word_1_266' title='bbox 484 1080 644 1108; x_wconf 85' lang='lat' dir='ltr'><strong>necessario</strong></span> <span class='ocrx_word' id='word_1_267' title='bbox 670 1081 803 1116; x_wconf 90' lang='lat' dir='ltr'><strong>Spiritum</strong></span> <span class='ocrx_word' id='word_1_268' title='bbox 829 1089 957 1111; x_wconf 85' lang='lat' dir='ltr'><strong>sanctum</strong></span> 
     </span>
    </p>
   </div>
   <div class='ocr_carea' id='block_1_37' title="bbox 168 1123 955 1165">
    <p class='ocr_par' dir='ltr' id='par_1_37' title="bbox 168 1123 955 1165">
     <span class='ocr_line' id='line_1_37' title="bbox 168 1123 955 1165; baseline 0.018 -20"><span class='ocrx_word' id='word_1_269' title='bbox 168 1126 221 1146; x_wconf 93' lang='lat' dir='ltr'><strong>non</strong></span> <span class='ocrx_word' id='word_1_270' title='bbox 238 1123 385 1154; x_wconf 83' lang='lat' dir='ltr'><strong>procedere</strong></span> <span class='ocrx_word' id='word_1_271' title='bbox 401 1131 434 1150; x_wconf 84' lang='lat' dir='ltr'><strong>ex</strong></span> <span class='ocrx_word' id='word_1_272' title='bbox 451 1123 544 1157; x_wconf 81' lang='lat' dir='ltr'><strong>Patre.</strong></span> <span class='ocrx_word' id='word_1_273' title='bbox 556 1131 586 1153; x_wconf 88' lang='lat' dir='ltr'><strong>ttt</strong></span> <span class='ocrx_word' id='word_1_274' title='bbox 603 1127 639 1154; x_wconf 88' lang='lat' dir='ltr'><strong>ita</strong></span> <span class='ocrx_word' id='word_1_275' title='bbox 653 1128 776 1160; x_wconf 78' lang='lat' dir='ltr'><strong>tollatur.</strong></span> <span class='ocrx_word' id='word_1_276' title='bbox 795 1134 824 1157; x_wconf 91' lang='lat' dir='ltr'><strong>et</strong></span> <span class='ocrx_word' id='word_1_277' title='bbox 837 1131 910 1165; x_wconf 90' lang='lat' dir='ltr'><strong>quod</strong></span> <span class='ocrx_word' id='word_1_278' title='bbox 927 1131 955 1158; x_wconf 93' lang='lat' dir='ltr'><strong>in</strong></span> 
     </span>
    </p>
   </div>
   <div class='ocr_carea' id='block_1_38' title="bbox 169 1165 958 1208">
    <p class='ocr_par' dir='ltr' id='par_1_38' title="bbox 169 1165 958 1208">
     <span class='ocr_line' id='line_1_38' title="bbox 169 1165 958 1208; baseline 0.018 -17"><span class='ocrx_word' id='word_1_279' title='bbox 169 1165 309 1200; x_wconf 86' lang='lat' dir='ltr'><strong>Symbolo,</strong></span> <span class='ocrx_word' id='word_1_280' title='bbox 320 1173 348 1195; x_wconf 92' lang='lat' dir='ltr'><strong>et</strong></span> <span class='ocrx_word' id='word_1_281' title='bbox 363 1171 436 1204; x_wconf 89' lang='lat' dir='ltr'><strong>quod</strong></span> <span class='ocrx_word' id='word_1_282' title='bbox 454 1170 482 1198; x_wconf 89' lang='lat' dir='ltr'><strong>in</strong></span> <span class='ocrx_word' id='word_1_283' title='bbox 506 1170 782 1208; x_wconf 51' lang='lat' dir='ltr'><strong>Evangelio&#39;dicitur,</strong></span> <span class='ocrx_word' id='word_1_284' title='bbox 812 1180 840 1203; x_wconf 83' lang='lat' dir='ltr'><strong>et</strong></span> <span class='ocrx_word' id='word_1_285' title='bbox 857 1183 871 1204; x_wconf 86' lang='lat' dir='ltr'><strong>a</strong></span> <span class='ocrx_word' id='word_1_286' title='bbox 901 1181 958 1205; x_wconf 88' lang='lat' dir='ltr'><strong>tota</strong></span> 
     </span>
    </p>
   </div>
   <div class='ocr_carea' id='block_1_39' title="bbox 168 1210 958 1257">
    <p class='ocr_par' dir='ltr' id='par_1_39' title="bbox 168 1210 958 1257">
     <span class='ocr_line' id='line_1_39' title="bbox 168 1210 958 1257; baseline 0.016 -19"><span class='ocrx_word' id='word_1_287' title='bbox 168 1210 292 1241; x_wconf 78' lang='lat' dir='ltr'><strong>Ecclesia</strong></span> <span class='ocrx_word' id='word_1_288' title='bbox 323 1217 464 1250; x_wconf 86' lang='lat' dir='ltr'><strong>creditur;</strong></span> <span class='ocrx_word' id='word_1_289' title='bbox 497 1224 544 1245; x_wconf 87' lang='lat' dir='ltr'><strong>aut</strong></span> <span class='ocrx_word' id='word_1_290' title='bbox 559 1219 583 1246; x_wconf 90' lang='lat' dir='ltr'><strong>si</strong></span> <span class='ocrx_word' id='word_1_291' title='bbox 618 1220 671 1248; x_wconf 91' lang='lat' dir='ltr'><strong>hoc</strong></span> <span class='ocrx_word' id='word_1_292' title='bbox 699 1221 871 1256; x_wconf 87' lang='lat' dir='ltr'><strong>impossibile</strong></span> <span class='ocrx_word' id='word_1_293' title='bbox 904 1227 958 1257; x_wconf 78' lang='lat' dir='ltr'><strong>est,</strong></span> 
     </span>
    </p>
   </div>
   <div class='ocr_carea' id='block_1_40' title="bbox 168 1258 959 1305">
    <p class='ocr_par' dir='ltr' id='par_1_40' title="bbox 168 1258 959 1305">
     <span class='ocr_line' id='line_1_40' title="bbox 168 1258 959 1305; baseline 0.015 -20"><span class='ocrx_word' id='word_1_294' title='bbox 168 1258 258 1287; x_wconf 79' lang='lat' dir='ltr'><strong>sciant</strong></span> <span class='ocrx_word' id='word_1_295' title='bbox 271 1267 302 1288; x_wconf 89' lang='lat' dir='ltr'><strong>se</strong></span> <span class='ocrx_word' id='word_1_296' title='bbox 318 1266 396 1289; x_wconf 79' lang='lat' dir='ltr'><strong>extra</strong></span> <span class='ocrx_word' id='word_1_297' title='bbox 413 1265 579 1292; x_wconf 80' lang='lat' dir='ltr'><strong>catholicam</strong></span> <span class='ocrx_word' id='word_1_298' title='bbox 588 1265 740 1295; x_wconf 76' lang='lat' dir='ltr'><strong>Ecclesium</strong></span> <span class='ocrx_word' id='word_1_299' title='bbox 752 1275 825 1300; x_wconf 84' lang='lat' dir='ltr'><strong>esse.</strong></span> <span class='ocrx_word' id='word_1_300' title='bbox 838 1273 866 1296; x_wconf 87' lang='lat' dir='ltr'><strong>et</strong></span> <span class='ocrx_word' id='word_1_301' title='bbox 880 1269 959 1305; x_wconf 81' lang='lat' dir='ltr'><strong>nullo</strong></span> 
     </span>
    </p>
   </div>
   <div class='ocr_carea' id='block_1_41' title="bbox 168 1307 710 1337">
    <p class='ocr_par' dir='ltr' id='par_1_41' title="bbox 168 1307 710 1337">
     <span class='ocr_line' id='line_1_41' title="bbox 168 1307 710 1337; baseline 0.017 -6"><span class='ocrx_word' id='word_1_302' title='bbox 168 1311 184 1331; x_wconf 82' lang='lat' dir='ltr'><strong>a</strong></span> <span class='ocrx_word' id='word_1_303' title='bbox 196 1307 381 1336; x_wconf 81' lang='lat' dir='ltr'><strong>schismaticis</strong></span> <span class='ocrx_word' id='word_1_304' title='bbox 395 1309 514 1337; x_wconf 70' lang='lat' dir='ltr'><strong>differre.</strong></span> <span class='ocrx_word' id='word_1_305' title='bbox 708 1308 710 1311; x_wconf 67' lang='grc'><em>’</em></span> 
     </span>
    </p>
   </div>
   <div class='ocr_carea' id='block_1_42' title="bbox 202 1351 959 1396">
    <p class='ocr_par' dir='ltr' id='par_1_42' title="bbox 202 1351 959 1396">
     <span class='ocr_line' id='line_1_42' title="bbox 202 1351 959 1396; baseline 0.015 -18"><span class='ocrx_word' id='word_1_306' title='bbox 202 1351 337 1384; x_wconf 84' lang='lat' dir='ltr'><strong>Quoniam</strong></span> <span class='ocrx_word' id='word_1_307' title='bbox 353 1362 417 1382; x_wconf 89' lang='lat' dir='ltr'><strong>vero</strong></span> <span class='ocrx_word' id='word_1_308' title='bbox 443 1355 494 1390; x_wconf 84' lang='lat' dir='ltr'><strong>ipsi</strong></span> <span class='ocrx_word' id='word_1_309' title='bbox 510 1358 631 1393; x_wconf 84' lang='lat' dir='ltr'><strong>undique</strong></span> <span class='ocrx_word' id='word_1_310' title='bbox 645 1360 792 1394; x_wconf 78' lang='lat' dir='ltr'><strong>coarctati,</strong></span> <span class='ocrx_word' id='word_1_311' title='bbox 816 1366 959 1396; x_wconf 86' lang='lat' dir='ltr'><strong>postremo</strong></span> 
     </span>
    </p>
   </div>
   <div class='ocr_carea' id='block_1_43' title="bbox 169 1401 959 1442">
    <p class='ocr_par' dir='ltr' id='par_1_43' title="bbox 169 1401 959 1442">
     <span class='ocr_line' id='line_1_43' title="bbox 169 1401 959 1442; baseline 0.013 -14"><span class='ocrx_word' id='word_1_312' title='bbox 169 1401 202 1428; x_wconf 91' lang='lat' dir='ltr'><strong>ad</strong></span> <span class='ocrx_word' id='word_1_313' title='bbox 217 1401 395 1438; x_wconf 78' lang='lat' dir='ltr'><strong>Evangelium</strong></span> <span class='ocrx_word' id='word_1_314' title='bbox 407 1410 434 1432; x_wconf 91' lang='lat' dir='ltr'><strong>et</strong></span> <span class='ocrx_word' id='word_1_315' title='bbox 445 1405 479 1433; x_wconf 90' lang='lat' dir='ltr'><strong>ad</strong></span> <span class='ocrx_word' id='word_1_316' title='bbox 501 1412 605 1441; x_wconf 84' lang='lat' dir='ltr'><strong>septem</strong></span> <span class='ocrx_word' id='word_1_317' title='bbox 623 1409 761 1442; x_wconf 80' lang='lat' dir='ltr'><strong>generalia</strong></span> <span class='ocrx_word' id='word_1_318' title='bbox 775 1409 891 1437; x_wconf 87' lang='lat' dir='ltr'><strong>concilia</strong></span> <span class='ocrx_word' id='word_1_319' title='bbox 919 1416 959 1437; x_wconf 85' lang='lat' dir='ltr'><strong>re-</strong></span> 
     </span>
    </p>
   </div>
   <div class='ocr_carea' id='block_1_44' title="bbox 167 1447 960 1484">
    <p class='ocr_par' dir='ltr' id='par_1_44' title="bbox 167 1447 960 1484">
     <span class='ocr_line' id='line_1_44' title="bbox 167 1447 960 1484; baseline 0.015 -12"><span class='ocrx_word' id='word_1_320' title='bbox 167 1447 316 1482; x_wconf 70' lang='lat' dir='ltr'><strong>fugientes,</strong></span> <span class='ocrx_word' id='word_1_321' title='bbox 332 1455 432 1484; x_wconf 78' lang='lat' dir='ltr'><strong>putant</strong></span> <span class='ocrx_word' id='word_1_322' title='bbox 448 1459 481 1479; x_wconf 83' lang='lat' dir='ltr'><strong>ex</strong></span> <span class='ocrx_word' id='word_1_323' title='bbox 498 1453 552 1481; x_wconf 92' lang='lat' dir='ltr'><strong>illis</strong></span> <span class='ocrx_word' id='word_1_324' title='bbox 572 1455 782 1482; x_wconf 84' lang='lat' dir='ltr'><strong>excusationem</strong></span> <span class='ocrx_word' id='word_1_325' title='bbox 799 1456 960 1484; x_wconf 86' lang='lat' dir='ltr'><strong>schismatis</strong></span> 
     </span>
    </p>
   </div>
   <div class='ocr_carea' id='block_1_45' title="bbox 167 1493 959 1536">
    <p class='ocr_par' dir='ltr' id='par_1_45' title="bbox 167 1493 959 1536">
     <span class='ocr_line' id='line_1_45' title="bbox 167 1493 959 1536; baseline 0.015 -17"><span class='ocrx_word' id='word_1_326' title='bbox 167 1493 219 1520; x_wconf 87' lang='lat' dir='ltr'><strong>sibi</strong></span> <span class='ocrx_word' id='word_1_327' title='bbox 233 1495 375 1523; x_wconf 88' lang='lat' dir='ltr'><strong>invenire:</strong></span> <span class='ocrx_word' id='word_1_328' title='bbox 402 1497 549 1525; x_wconf 91' lang='lat' dir='ltr'><strong>dicendum</strong></span> <span class='ocrx_word' id='word_1_329' title='bbox 576 1503 619 1527; x_wconf 87' lang='lat' dir='ltr'><strong>est</strong></span> <span class='ocrx_word' id='word_1_330' title='bbox 639 1501 673 1527; x_wconf 89' lang='lat' dir='ltr'><strong>ad</strong></span> <span class='ocrx_word' id='word_1_331' title='bbox 695 1508 762 1529; x_wconf 88' lang='lat' dir='ltr'><strong>eos:</strong></span> <span class='ocrx_word' id='word_1_332' title='bbox 788 1501 816 1528; x_wconf 89' lang='lat' dir='ltr'><strong>Si</strong></span> <span class='ocrx_word' id='word_1_333' title='bbox 834 1502 959 1536; x_wconf 90' lang='lat' dir='ltr'><strong>quidem,</strong></span> 
     </span>
    </p>
   </div>
   <div class='ocr_carea' id='block_1_46' title="bbox 1009 895 1799 932">
    <p class='ocr_par' dir='ltr' id='par_1_46' title="bbox 1009 895 1799 932">
     <span class='ocr_line' id='line_1_46' title="bbox 1009 895 1799 932; baseline -0.004 -8"><span class='ocrx_word' id='word_1_334' title='bbox 1009 897 1035 924; x_wconf 90' lang='lat' dir='ltr'><strong>id</strong></span> <span class='ocrx_word' id='word_1_335' title='bbox 1053 897 1110 930; x_wconf 83' lang='lat' dir='ltr'><strong>liat,</strong></span> <span class='ocrx_word' id='word_1_336' title='bbox 1127 898 1260 932; x_wconf 70' lang='lat' dir='ltr'><strong>ponenda:</strong></span> <span class='ocrx_word' id='word_1_337' title='bbox 1271 901 1337 924; x_wconf 88' lang='lat' dir='ltr'><strong>sunt</strong></span> <span class='ocrx_word' id='word_1_338' title='bbox 1349 897 1427 931; x_wconf 82' lang='lat' dir='ltr'><strong>juxta</strong></span> <span class='ocrx_word' id='word_1_339' title='bbox 1445 903 1475 923; x_wconf 86' lang='lat' dir='ltr'><strong>se</strong></span> <span class='ocrx_word' id='word_1_340' title='bbox 1487 895 1685 930; x_wconf 76' lang='lat' dir='ltr'><strong>cogitationes,</strong></span> <span class='ocrx_word' id='word_1_341' title='bbox 1697 900 1724 922; x_wconf 89' lang='lat' dir='ltr'><strong>et</strong></span> <span class='ocrx_word' id='word_1_342' title='bbox 1748 901 1799 921; x_wconf 84' lang='lat' dir='ltr'><strong>scr-</strong></span> 
     </span>
    </p>
   </div>
   <div class='ocr_carea' id='block_1_47' title="bbox 1010 943 1391 972">
    <p class='ocr_par' dir='ltr' id='par_1_47' title="bbox 1010 943 1391 972">
     <span class='ocr_line' id='line_1_47' title="bbox 1010 943 1391 972; baseline 0.003 -2"><span class='ocrx_word' id='word_1_343' title='bbox 1010 951 1055 970; x_wconf 93' lang='lat' dir='ltr'><strong>mo</strong></span> <span class='ocrx_word' id='word_1_344' title='bbox 1066 944 1102 971; x_wconf 88' lang='lat' dir='ltr'><strong>ita</strong></span> <span class='ocrx_word' id='word_1_345' title='bbox 1114 944 1149 971; x_wconf 89' lang='lat' dir='ltr'><strong>sit</strong></span> <span class='ocrx_word' id='word_1_346' title='bbox 1161 943 1369 972; x_wconf 88' lang='lat' dir='ltr'><strong>concludendus</strong></span> <span class='ocrx_word' id='word_1_347' title='bbox 1384 951 1391 971; x_wconf 90' lang='lat'><strong>:</strong></span> 
     </span>
    </p>
   </div>
   <div class='ocr_carea' id='block_1_48' title="bbox 1046 988 1801 1024">
    <p class='ocr_par' dir='ltr' id='par_1_48' title="bbox 1046 988 1801 1024">
     <span class='ocr_line' id='line_1_48' title="bbox 1046 988 1801 1024; baseline -0.005 -8"><span class='ocrx_word' id='word_1_348' title='bbox 1046 988 1167 1016; x_wconf 85' lang='lat' dir='ltr'><strong>Peccans</strong></span> <span class='ocrx_word' id='word_1_349' title='bbox 1183 993 1228 1016; x_wconf 85' lang='lat' dir='ltr'><strong>est</strong></span> <span class='ocrx_word' id='word_1_350' title='bbox 1243 989 1316 1016; x_wconf 87' lang='lat' dir='ltr'><strong>circa</strong></span> <span class='ocrx_word' id='word_1_351' title='bbox 1333 989 1442 1024; x_wconf 87' lang='lat' dir='ltr'><strong>pietatis</strong></span> <span class='ocrx_word' id='word_1_352' title='bbox 1460 988 1600 1024; x_wconf 79' lang='lat' dir='ltr'><strong>dogmata,</strong></span> <span class='ocrx_word' id='word_1_353' title='bbox 1620 995 1707 1022; x_wconf 85' lang='lat' dir='ltr'><strong>quem</strong></span> <span class='ocrx_word' id='word_1_354' title='bbox 1720 991 1801 1021; x_wconf 80' lang='lat' dir='ltr'><strong>etpa-</strong></span> 
     </span>
    </p>
   </div>
   <div class='ocr_carea' id='block_1_49' title="bbox 1009 1033 1801 1070">
    <p class='ocr_par' dir='ltr' id='par_1_49' title="bbox 1009 1033 1801 1070">
     <span class='ocr_line' id='line_1_49' title="bbox 1009 1033 1801 1070; baseline -0.003 -8"><span class='ocrx_word' id='word_1_355' title='bbox 1009 1035 1235 1070; x_wconf 74' lang='lat' dir='ltr'><strong>radogmatistam</strong></span> <span class='ocrx_word' id='word_1_356' title='bbox 1248 1039 1274 1062; x_wconf 91' lang='lat' dir='ltr'><strong>et</strong></span> <span class='ocrx_word' id='word_1_357' title='bbox 1290 1036 1448 1062; x_wconf 63' lang='lat' dir='ltr'><strong>haereticum</strong></span> <span class='ocrx_word' id='word_1_358' title='bbox 1469 1042 1619 1068; x_wconf 83' lang='lat' dir='ltr'><strong>vocamus;</strong></span> <span class='ocrx_word' id='word_1_359' title='bbox 1649 1034 1699 1069; x_wconf 87' lang='lat' dir='ltr'><strong>qui</strong></span> <span class='ocrx_word' id='word_1_360' title='bbox 1734 1033 1801 1068; x_wconf 87' lang='lat' dir='ltr'><strong>sapit</strong></span> 
     </span>
    </p>
   </div>
   <div class='ocr_carea' id='block_1_50' title="bbox 1010 1080 1800 1117">
    <p class='ocr_par' dir='ltr' id='par_1_50' title="bbox 1010 1080 1800 1117">
     <span class='ocr_line' id='line_1_50' title="bbox 1010 1080 1800 1117; baseline -0.003 -7"><span class='ocrx_word' id='word_1_361' title='bbox 1010 1087 1038 1110; x_wconf 87' lang='lat' dir='ltr'><strong>et</strong></span> <span class='ocrx_word' id='word_1_362' title='bbox 1065 1084 1146 1110; x_wconf 78' lang='lat' dir='ltr'><strong>docet</strong></span> <span class='ocrx_word' id='word_1_363' title='bbox 1173 1082 1276 1117; x_wconf 86' lang='lat' dir='ltr'><strong>aliquid</strong></span> <span class='ocrx_word' id='word_1_364' title='bbox 1289 1081 1327 1109; x_wconf 90' lang='lat' dir='ltr'><strong>ita</strong></span> <span class='ocrx_word' id='word_1_365' title='bbox 1340 1082 1464 1117; x_wconf 86' lang='lat' dir='ltr'><strong>opposite</strong></span> <span class='ocrx_word' id='word_1_366' title='bbox 1482 1090 1512 1110; x_wconf 89' lang='lat' dir='ltr'><strong>se</strong></span> <span class='ocrx_word' id='word_1_367' title='bbox 1528 1082 1632 1110; x_wconf 81' lang='lat' dir='ltr'><strong>habens</strong></span> <span class='ocrx_word' id='word_1_368' title='bbox 1651 1081 1687 1109; x_wconf 90' lang='lat' dir='ltr'><strong>ad</strong></span> <span class='ocrx_word' id='word_1_369' title='bbox 1702 1080 1800 1116; x_wconf 85' lang='lat' dir='ltr'><strong>aliquid</strong></span> 
     </span>
    </p>
   </div>
   <div class='ocr_carea' id='block_1_51' title="bbox 1009 1126 1800 1163">
    <p class='ocr_par' dir='ltr' id='par_1_51' title="bbox 1009 1126 1800 1163">
     <span class='ocr_line' id='line_1_51' title="bbox 1009 1126 1800 1163; baseline -0.005 -6"><span class='ocrx_word' id='word_1_370' title='bbox 1009 1136 1104 1157; x_wconf 88' lang='lat' dir='ltr'><strong>eorum</strong></span> <span class='ocrx_word' id='word_1_371' title='bbox 1135 1135 1197 1162; x_wconf 65' lang='lat' dir='ltr'><strong>quae</strong></span> <span class='ocrx_word' id='word_1_372' title='bbox 1224 1128 1266 1156; x_wconf 91' lang='lat' dir='ltr'><strong>vel</strong></span> <span class='ocrx_word' id='word_1_373' title='bbox 1295 1129 1323 1155; x_wconf 95' lang='lat' dir='ltr'><strong>in</strong></span> <span class='ocrx_word' id='word_1_374' title='bbox 1350 1135 1428 1156; x_wconf 85' lang='lat' dir='ltr'><strong>sacra</strong></span> <span class='ocrx_word' id='word_1_375' title='bbox 1463 1127 1605 1162; x_wconf 88' lang='lat' dir='ltr'><strong>Scriptura</strong></span> <span class='ocrx_word' id='word_1_376' title='bbox 1633 1132 1730 1163; x_wconf 84' lang='lat' dir='ltr'><strong>aperte</strong></span> <span class='ocrx_word' id='word_1_377' title='bbox 1762 1126 1800 1154; x_wconf 92' lang='lat' dir='ltr'><strong>di-</strong></span> 
     </span>
    </p>
   </div>
   <div class='ocr_carea' id='block_1_52' title="bbox 1009 1173 1798 1210">
    <p class='ocr_par' dir='ltr' id='par_1_52' title="bbox 1009 1173 1798 1210">
     <span class='ocr_line' id='line_1_52' title="bbox 1009 1173 1798 1210; baseline -0.003 -8"><span class='ocrx_word' id='word_1_378' title='bbox 1009 1181 1120 1207; x_wconf 86' lang='lat' dir='ltr'><strong>cuntur,</strong></span> <span class='ocrx_word' id='word_1_379' title='bbox 1138 1174 1180 1202; x_wconf 90' lang='lat' dir='ltr'><strong>vel</strong></span> <span class='ocrx_word' id='word_1_380' title='bbox 1212 1182 1260 1210; x_wconf 87' lang='lat' dir='ltr'><strong>per</strong></span> <span class='ocrx_word' id='word_1_381' title='bbox 1280 1175 1391 1210; x_wconf 91' lang='lat' dir='ltr'><strong>aliquod</strong></span> <span class='ocrx_word' id='word_1_382' title='bbox 1420 1175 1589 1210; x_wconf 75' lang='lat' dir='ltr'><strong>generalium</strong></span> <span class='ocrx_word' id='word_1_383' title='bbox 1620 1173 1798 1202; x_wconf 86' lang='lat' dir='ltr'><strong>conciliorum</strong></span> 
     </span>
    </p>
   </div>
   <div class='ocr_carea' id='block_1_53' title="bbox 1011 1219 1800 1255">
    <p class='ocr_par' dir='ltr' id='par_1_53' title="bbox 1011 1219 1800 1255">
     <span class='ocr_line' id='line_1_53' title="bbox 1011 1219 1800 1255; baseline -0.003 -7"><span class='ocrx_word' id='word_1_384' title='bbox 1011 1219 1330 1255; x_wconf 82' lang='lat' dir='ltr'><strong>expressedeterminala</strong></span> <span class='ocrx_word' id='word_1_385' title='bbox 1346 1226 1421 1252; x_wconf 88' lang='lat' dir='ltr'><strong>sunt,</strong></span> <span class='ocrx_word' id='word_1_386' title='bbox 1450 1225 1479 1247; x_wconf 88' lang='lat' dir='ltr'><strong>ut</strong></span> <span class='ocrx_word' id='word_1_387' title='bbox 1491 1227 1552 1248; x_wconf 87' lang='lat' dir='ltr'><strong>cum</strong></span> <span class='ocrx_word' id='word_1_388' title='bbox 1579 1220 1633 1247; x_wconf 89' lang='lat' dir='ltr'><strong>hoc</strong></span> <span class='ocrx_word' id='word_1_389' title='bbox 1661 1220 1709 1251; x_wconf 92' lang='lat' dir='ltr'><strong>sit,</strong></span> <span class='ocrx_word' id='word_1_390' title='bbox 1739 1219 1800 1246; x_wconf 88' lang='lat' dir='ltr'><strong>illud</strong></span> 
     </span>
    </p>
   </div>
   <div class='ocr_carea' id='block_1_54' title="bbox 1010 1267 1803 1306">
    <p class='ocr_par' dir='ltr' id='par_1_54' title="bbox 1010 1267 1803 1306">
     <span class='ocr_line' id='line_1_54' title="bbox 1010 1267 1803 1306; baseline 0 -13"><span class='ocrx_word' id='word_1_391' title='bbox 1010 1267 1133 1300; x_wconf 82' lang='lat' dir='ltr'><strong>tollatur,</strong></span> <span class='ocrx_word' id='word_1_392' title='bbox 1148 1271 1175 1294; x_wconf 92' lang='lat' dir='ltr'><strong>et</strong></span> <span class='ocrx_word' id='word_1_393' title='bbox 1204 1267 1269 1294; x_wconf 88' lang='lat' dir='ltr'><strong>illud</strong></span> <span class='ocrx_word' id='word_1_394' title='bbox 1287 1275 1350 1295; x_wconf 91' lang='lat' dir='ltr'><strong>cum</strong></span> <span class='ocrx_word' id='word_1_395' title='bbox 1361 1267 1408 1301; x_wconf 86' lang='lat' dir='ltr'><strong>sit,</strong></span> <span class='ocrx_word' id='word_1_396' title='bbox 1423 1267 1474 1294; x_wconf 90' lang='lat' dir='ltr'><strong>hoc</strong></span> <span class='ocrx_word' id='word_1_397' title='bbox 1487 1274 1542 1294; x_wconf 88' lang='lat' dir='ltr'><strong>non</strong></span> <span class='ocrx_word' id='word_1_398' title='bbox 1559 1267 1649 1301; x_wconf 84' lang='lat' dir='ltr'><strong>possit</strong></span> <span class='ocrx_word' id='word_1_399' title='bbox 1663 1274 1738 1306; x_wconf 47' lang='lat' dir='ltr'><strong>esse‘</strong></span> <span class='ocrx_word' id='word_1_400' title='bbox 1771 1267 1803 1293; x_wconf 82' lang='lat' dir='ltr'><strong>At</strong></span> 
     </span>
    </p>
   </div>
   <div class='ocr_carea' id='block_1_55' title="bbox 1011 1312 1800 1348">
    <p class='ocr_par' dir='ltr' id='par_1_55' title="bbox 1011 1312 1800 1348">
     <span class='ocr_line' id='line_1_55' title="bbox 1011 1312 1800 1348; baseline -0.001 -8"><span class='ocrx_word' id='word_1_401' title='bbox 1011 1321 1076 1341; x_wconf 87' lang='lat' dir='ltr'><strong>vero</strong></span> <span class='ocrx_word' id='word_1_402' title='bbox 1095 1314 1217 1342; x_wconf 84' lang='lat' dir='ltr'><strong>Ecclesia</strong></span> <span class='ocrx_word' id='word_1_403' title='bbox 1244 1313 1370 1341; x_wconf 80' lang='lat' dir='ltr'><strong>Romana</strong></span> <span class='ocrx_word' id='word_1_404' title='bbox 1388 1313 1456 1341; x_wconf 89' lang='lat' dir='ltr'><strong>nihil</strong></span> <span class='ocrx_word' id='word_1_405' title='bbox 1473 1313 1630 1348; x_wconf 87' lang='lat' dir='ltr'><strong>hujustnodi</strong></span> <span class='ocrx_word' id='word_1_406' title='bbox 1662 1313 1735 1348; x_wconf 85' lang='lat' dir='ltr'><strong>sapit</strong></span> <span class='ocrx_word' id='word_1_407' title='bbox 1760 1312 1800 1339; x_wconf 85' lang='lat' dir='ltr'><strong>vel</strong></span> 
     </span>
    </p>
   </div>
   <div class='ocr_carea' id='block_1_56' title="bbox 1011 1357 1798 1394">
    <p class='ocr_par' dir='ltr' id='par_1_56' title="bbox 1011 1357 1798 1394">
     <span class='ocr_line' id='line_1_56' title="bbox 1011 1357 1798 1394; baseline -0.001 -9"><span class='ocrx_word' id='word_1_408' title='bbox 1011 1358 1101 1386; x_wconf 90' lang='lat' dir='ltr'><strong>docet.</strong></span> <span class='ocrx_word' id='word_1_409' title='bbox 1122 1357 1181 1386; x_wconf 85' lang='lat' dir='ltr'><strong>Non</strong></span> <span class='ocrx_word' id='word_1_410' title='bbox 1196 1367 1262 1394; x_wconf 76' lang='lat' dir='ltr'><strong>ergo</strong></span> <span class='ocrx_word' id='word_1_411' title='bbox 1291 1359 1366 1386; x_wconf 86' lang='lat' dir='ltr'><strong>circa</strong></span> <span class='ocrx_word' id='word_1_412' title='bbox 1391 1358 1503 1393; x_wconf 86' lang='lat' dir='ltr'><strong>pietatis</strong></span> <span class='ocrx_word' id='word_1_413' title='bbox 1531 1358 1661 1393; x_wconf 78' lang='lat' dir='ltr'><strong>dogmata</strong></span> <span class='ocrx_word' id='word_1_414' title='bbox 1698 1361 1798 1392; x_wconf 83' lang='lat' dir='ltr'><strong>peccat.</strong></span> 
     </span>
    </p>
   </div>
   <div class='ocr_carea' id='block_1_57' title="bbox 1010 1404 1799 1440">
    <p class='ocr_par' dir='ltr' id='par_1_57' title="bbox 1010 1404 1799 1440">
     <span class='ocr_line' id='line_1_57' title="bbox 1010 1404 1799 1440; baseline -0.001 -8"><span class='ocrx_word' id='word_1_415' title='bbox 1010 1404 1102 1438; x_wconf 82' lang='lat' dir='ltr'><strong>Quare</strong></span> <span class='ocrx_word' id='word_1_416' title='bbox 1113 1412 1199 1440; x_wconf 85' lang='lat' dir='ltr'><strong>neque</strong></span> <span class='ocrx_word' id='word_1_417' title='bbox 1212 1405 1459 1440; x_wconf 77' lang='lat' dir='ltr'><strong>paradogmatizat,</strong></span> <span class='ocrx_word' id='word_1_418' title='bbox 1478 1412 1567 1440; x_wconf 87' lang='lat' dir='ltr'><strong>neque</strong></span> <span class='ocrx_word' id='word_1_419' title='bbox 1596 1404 1721 1440; x_wconf 78' lang='lat' dir='ltr'><strong>aliquam</strong></span> <span class='ocrx_word' id='word_1_420' title='bbox 1749 1405 1799 1431; x_wconf 67' lang='lat' dir='ltr'><strong>ha-</strong></span> 
     </span>
    </p>
   </div>
   <div class='ocr_carea' id='block_1_58' title="bbox 1011 1450 1800 1485">
    <p class='ocr_par' dir='ltr' id='par_1_58' title="bbox 1011 1450 1800 1485">
     <span class='ocr_line' id='line_1_58' title="bbox 1011 1450 1800 1485; baseline -0.004 -6"><span class='ocrx_word' id='word_1_421' title='bbox 1011 1453 1096 1479; x_wconf 87' lang='lat' dir='ltr'><strong>resim</strong></span> <span class='ocrx_word' id='word_1_422' title='bbox 1113 1452 1239 1484; x_wconf 87' lang='lat' dir='ltr'><strong>incurrit,</strong></span> <span class='ocrx_word' id='word_1_423' title='bbox 1255 1454 1283 1478; x_wconf 81' lang='lat' dir='ltr'><strong>et.</strong></span> <span class='ocrx_word' id='word_1_424' title='bbox 1314 1451 1507 1485; x_wconf 79' lang='lat' dir='ltr'><strong>dignissimum</strong></span> <span class='ocrx_word' id='word_1_425' title='bbox 1537 1455 1565 1478; x_wconf 89' lang='lat' dir='ltr'><strong>et</strong></span> <span class='ocrx_word' id='word_1_426' title='bbox 1591 1450 1800 1478; x_wconf 79' lang='lat' dir='ltr'><strong>dontinantissi—</strong></span> 
     </span>
    </p>
   </div>
   <div class='ocr_carea' id='block_1_59' title="bbox 1013 1497 1799 1532">
    <p class='ocr_par' dir='ltr' id='par_1_59' title="bbox 1013 1497 1799 1532">
     <span class='ocr_line' id='line_1_59' title="bbox 1013 1497 1799 1532; baseline -0.003 -7"><span class='ocrx_word' id='word_1_427' title='bbox 1013 1505 1088 1525; x_wconf 88' lang='lat' dir='ltr'><strong>mum</strong></span> <span class='ocrx_word' id='word_1_428' title='bbox 1107 1502 1134 1524; x_wconf 93' lang='lat' dir='ltr'><strong>ct</strong></span> <span class='ocrx_word' id='word_1_429' title='bbox 1147 1497 1449 1532; x_wconf 84' lang='lat' dir='ltr'><strong>principalissimumct</strong></span> <span class='ocrx_word' id='word_1_430' title='bbox 1479 1504 1617 1525; x_wconf 87' lang='lat' dir='ltr'><strong>summum</strong></span> <span class='ocrx_word' id='word_1_431' title='bbox 1631 1501 1660 1524; x_wconf 86' lang='lat' dir='ltr'><strong>et</strong></span> <span class='ocrx_word' id='word_1_432' title='bbox 1685 1497 1799 1532; x_wconf 85' lang='lat' dir='ltr'><strong>primum</strong></span> 
     </span>
    </p>
   </div>
   <div class='ocr_carea' id='block_1_60' title="bbox 168 1540 962 1583">
    <p class='ocr_par' dir='ltr' id='par_1_60' title="bbox 168 1540 960 1583">
     <span class='ocr_line' id='line_1_60' title="bbox 168 1540 960 1583; baseline 0.014 -18"><span class='ocrx_word' id='word_1_433' title='bbox 168 1547 184 1565; x_wconf 94' lang='grc' dir='ltr'><strong>ο</strong></span> <span class='ocrx_word' id='word_1_434' title='bbox 193 1540 287 1578; x_wconf 66' lang='lat' dir='ltr'><strong>amici,</strong></span> <span class='ocrx_word' id='word_1_435' title='bbox 296 1547 384 1569; x_wconf 91' lang='lat' dir='ltr'><strong>matre</strong></span> <span class='ocrx_word' id='word_1_436' title='bbox 393 1543 578 1572; x_wconf 80' lang='lat' dir='ltr'><strong>Ecclesiarum</strong></span> <span class='ocrx_word' id='word_1_437' title='bbox 590 1551 720 1580; x_wconf 86' lang='lat' dir='ltr'><strong>peccante</strong></span> <span class='ocrx_word' id='word_1_438' title='bbox 728 1547 771 1574; x_wconf 90' lang='lat' dir='ltr'><strong>vel</strong></span> <span class='ocrx_word' id='word_1_439' title='bbox 781 1548 809 1574; x_wconf 94' lang='lat' dir='ltr'><strong>in</strong></span> <span class='ocrx_word' id='word_1_440' title='bbox 836 1547 960 1583; x_wconf 76' lang='lat' dir='ltr'><strong>Evange-</strong></span> 
     </span>
    </p>
   </div>
   <div class='ocr_carea' id='block_1_61' title="bbox 1042 1540 1800 1583">
    <p class='ocr_par' dir='ltr' id='par_1_61' title="bbox 1042 1543 1800 1577">
     <span class='ocr_line' id='line_1_61' title="bbox 1042 1543 1800 1577; baseline -0.003 -5"><span class='ocrx_word' id='word_1_441' title='bbox 1042 1551 1101 1572; x_wconf 73' lang='lat' dir='ltr'><strong>mtm</strong></span> <span class='ocrx_word' id='word_1_442' title='bbox 1118 1544 1144 1570; x_wconf 90' lang='lat' dir='ltr'><strong>in</strong></span> <span class='ocrx_word' id='word_1_443' title='bbox 1163 1548 1219 1571; x_wconf 90' lang='lat' dir='ltr'><strong>tota</strong></span> <span class='ocrx_word' id='word_1_444' title='bbox 1228 1543 1350 1571; x_wconf 80' lang='lat' dir='ltr'><strong>Ecclesia</strong></span> <span class='ocrx_word' id='word_1_445' title='bbox 1375 1543 1513 1577; x_wconf 87' lang='lat' dir='ltr'><strong>habente,</strong></span> <span class='ocrx_word' id='word_1_446' title='bbox 1547 1550 1622 1570; x_wconf 89' lang='lat' dir='ltr'><strong>nunc</strong></span> <span class='ocrx_word' id='word_1_447' title='bbox 1649 1543 1800 1571; x_wconf 81' lang='lat' dir='ltr'><strong>Orientales</strong></span> 
     </span>
    </p>
   </div>
   <div class='ocr_carea' id='block_1_62' title="bbox 167 1585 960 1626">
    <p class='ocr_par' dir='ltr' id='par_1_62' title="bbox 167 1585 960 1626">
     <span class='ocr_line' id='line_1_62' title="bbox 167 1585 960 1626; baseline 0.015 -15"><span class='ocrx_word' id='word_1_448' title='bbox 167 1585 248 1618; x_wconf 86' lang='lat' dir='ltr'><strong>lium,</strong></span> <span class='ocrx_word' id='word_1_449' title='bbox 256 1587 297 1614; x_wconf 90' lang='lat' dir='ltr'><strong>vel</strong></span> <span class='ocrx_word' id='word_1_450' title='bbox 306 1587 332 1614; x_wconf 88' lang='lat' dir='ltr'><strong>in</strong></span> <span class='ocrx_word' id='word_1_451' title='bbox 343 1589 467 1622; x_wconf 86' lang='lat' dir='ltr'><strong>concilia,</strong></span> <span class='ocrx_word' id='word_1_452' title='bbox 475 1590 526 1624; x_wconf 87' lang='lat' dir='ltr'><strong>ipsi</strong></span> <span class='ocrx_word' id='word_1_453' title='bbox 537 1591 572 1619; x_wconf 78' lang='lat' dir='ltr'><strong>ub</strong></span> <span class='ocrx_word' id='word_1_454' title='bbox 583 1599 612 1618; x_wconf 88' lang='lat' dir='ltr'><strong>ea</strong></span> <span class='ocrx_word' id='word_1_455' title='bbox 622 1593 759 1626; x_wconf 84' lang='lat' dir='ltr'><strong>receditis,</strong></span> <span class='ocrx_word' id='word_1_456' title='bbox 771 1599 844 1622; x_wconf 85' lang='lat' dir='ltr'><strong>recte</strong></span> <span class='ocrx_word' id='word_1_457' title='bbox 855 1594 960 1623; x_wconf 81' lang='lat' dir='ltr'><strong>facitis:</strong></span> 
     </span>
    </p>
   </div>
   <div class='ocr_carea' id='block_1_63' title="bbox 169 1634 960 1674">
    <p class='ocr_par' dir='ltr' id='par_1_63' title="bbox 169 1634 960 1674">
     <span class='ocr_line' id='line_1_63' title="bbox 169 1634 960 1674; baseline 0.013 -16"><span class='ocrx_word' id='word_1_458' title='bbox 169 1634 191 1659; x_wconf 89' lang='lat' dir='ltr'><strong>si</strong></span> <span class='ocrx_word' id='word_1_459' title='bbox 204 1641 269 1661; x_wconf 88' lang='lat' dir='ltr'><strong>vero</strong></span> <span class='ocrx_word' id='word_1_460' title='bbox 280 1634 327 1662; x_wconf 85' lang='lat' dir='ltr'><strong>illa</strong></span> <span class='ocrx_word' id='word_1_461' title='bbox 340 1635 407 1663; x_wconf 87' lang='lat' dir='ltr'><strong>nihil</strong></span> <span class='ocrx_word' id='word_1_462' title='bbox 422 1642 562 1670; x_wconf 82' lang='lat' dir='ltr'><strong>peccante,</strong></span> <span class='ocrx_word' id='word_1_463' title='bbox 576 1638 616 1665; x_wconf 86' lang='lat' dir='ltr'><strong>vel</strong></span> <span class='ocrx_word' id='word_1_464' title='bbox 627 1638 653 1665; x_wconf 91' lang='lat' dir='ltr'><strong>in</strong></span> <span class='ocrx_word' id='word_1_465' title='bbox 675 1637 865 1674; x_wconf 80' lang='lat' dir='ltr'><strong>Evangelium,</strong></span> <span class='ocrx_word' id='word_1_466' title='bbox 881 1641 921 1668; x_wconf 89' lang='lat' dir='ltr'><strong>vel</strong></span> <span class='ocrx_word' id='word_1_467' title='bbox 934 1639 960 1668; x_wconf 91' lang='lat' dir='ltr'><strong>in</strong></span> 
     </span>
    </p>
   </div>
   <div class='ocr_carea' id='block_1_64' title="bbox 168 1679 962 1718">
    <p class='ocr_par' dir='ltr' id='par_1_64' title="bbox 168 1679 962 1718">
     <span class='ocr_line' id='line_1_64' title="bbox 168 1679 962 1718; baseline 0.01 -12"><span class='ocrx_word' id='word_1_468' title='bbox 168 1679 284 1708; x_wconf 89' lang='lat' dir='ltr'><strong>concilia</strong></span> <span class='ocrx_word' id='word_1_469' title='bbox 295 1699 303 1713; x_wconf 89' lang='lat'><strong>,</strong></span> <span class='ocrx_word' id='word_1_470' title='bbox 317 1681 368 1716; x_wconf 84' lang='lat' dir='ltr'><strong>ipsi</strong></span> <span class='ocrx_word' id='word_1_471' title='bbox 391 1682 570 1711; x_wconf 89' lang='lat' dir='ltr'><strong>nihilominus</strong></span> <span class='ocrx_word' id='word_1_472' title='bbox 581 1684 641 1718; x_wconf 87' lang='lat' dir='ltr'><strong>ejus</strong></span> <span class='ocrx_word' id='word_1_473' title='bbox 650 1685 784 1713; x_wconf 84' lang='lat' dir='ltr'><strong>recusatis</strong></span> <span class='ocrx_word' id='word_1_474' title='bbox 793 1687 962 1714; x_wconf 86' lang='lat' dir='ltr'><strong>communio-</strong></span> 
     </span>
    </p>
   </div>
   <div class='ocr_carea' id='block_1_65' title="bbox 171 1727 962 1766">
    <p class='ocr_par' dir='ltr' id='par_1_65' title="bbox 171 1727 962 1766">
     <span class='ocr_line' id='line_1_65' title="bbox 171 1727 962 1766; baseline 0.013 -15"><span class='ocrx_word' id='word_1_475' title='bbox 171 1733 244 1758; x_wconf 85' lang='lat' dir='ltr'><strong>nem,</strong></span> <span class='ocrx_word' id='word_1_476' title='bbox 260 1727 365 1755; x_wconf 90' lang='lat' dir='ltr'><strong>nullum</strong></span> <span class='ocrx_word' id='word_1_477' title='bbox 387 1734 461 1756; x_wconf 87' lang='lat' dir='ltr'><strong>certe</strong></span> <span class='ocrx_word' id='word_1_478' title='bbox 477 1730 555 1757; x_wconf 85' lang='lat' dir='ltr'><strong>vobis</strong></span> <span class='ocrx_word' id='word_1_479' title='bbox 569 1731 611 1758; x_wconf 90' lang='lat' dir='ltr'><strong>vel</strong></span> <span class='ocrx_word' id='word_1_480' title='bbox 630 1739 660 1758; x_wconf 79' lang='lat' dir='ltr'><strong>ex</strong></span> <span class='ocrx_word' id='word_1_481' title='bbox 688 1731 838 1766; x_wconf 72' lang='lat' dir='ltr'><strong>Evangelio</strong></span> <span class='ocrx_word' id='word_1_482' title='bbox 869 1733 909 1760; x_wconf 87' lang='lat' dir='ltr'><strong>vel</strong></span> <span class='ocrx_word' id='word_1_483' title='bbox 928 1741 962 1761; x_wconf 78' lang='lat' dir='ltr'><strong>ex</strong></span> 
     </span>
    </p>
   </div>
   <div class='ocr_carea' id='block_1_66' title="bbox 169 1773 961 1815">
    <p class='ocr_par' dir='ltr' id='par_1_66' title="bbox 169 1773 961 1815">
     <span class='ocr_line' id='line_1_66' title="bbox 169 1773 961 1815; baseline 0.01 -15"><span class='ocrx_word' id='word_1_484' title='bbox 169 1773 294 1802; x_wconf 87' lang='lat' dir='ltr'><strong>conciliis</strong></span> <span class='ocrx_word' id='word_1_485' title='bbox 308 1775 470 1811; x_wconf 76' lang='lat' dir='ltr'><strong>suﬂ&#39;ragium</strong></span> <span class='ocrx_word' id='word_1_486' title='bbox 491 1777 601 1811; x_wconf 87' lang='lat' dir='ltr'><strong>penitus</strong></span> <span class='ocrx_word' id='word_1_487' title='bbox 614 1782 667 1805; x_wconf 87' lang='lat' dir='ltr'><strong>est.</strong></span> <span class='ocrx_word' id='word_1_488' title='bbox 695 1778 766 1813; x_wconf 77' lang='lat' dir='ltr'><strong>Ergo</strong></span> <span class='ocrx_word' id='word_1_489' title='bbox 796 1780 961 1815; x_wconf 60' lang='lat' dir='ltr'><strong>perquireno</strong></span> 
     </span>
    </p>
   </div>
   <div class='ocr_carea' id='block_1_67' title="bbox 169 1820 959 1860">
    <p class='ocr_par' dir='ltr' id='par_1_67' title="bbox 169 1820 959 1860">
     <span class='ocr_line' id='line_1_67' title="bbox 169 1820 959 1860; baseline 0.005 -12"><span class='ocrx_word' id='word_1_490' title='bbox 169 1820 234 1848; x_wconf 90' lang='lat' dir='ltr'><strong>dum</strong></span> <span class='ocrx_word' id='word_1_491' title='bbox 247 1825 290 1848; x_wconf 83' lang='lat' dir='ltr'><strong>est</strong></span> <span class='ocrx_word' id='word_1_492' title='bbox 305 1821 461 1856; x_wconf 80' lang='lat' dir='ltr'><strong>diligenter,</strong></span> <span class='ocrx_word' id='word_1_493' title='bbox 481 1823 547 1857; x_wconf 91' lang='lat' dir='ltr'><strong>quid</strong></span> <span class='ocrx_word' id='word_1_494' title='bbox 562 1829 604 1851; x_wconf 87' lang='lat' dir='ltr'><strong>est</strong></span> <span class='ocrx_word' id='word_1_495' title='bbox 620 1823 646 1850; x_wconf 95' lang='lat' dir='ltr'><strong>in</strong></span> <span class='ocrx_word' id='word_1_496' title='bbox 664 1823 854 1860; x_wconf 78' lang='lat' dir='ltr'><strong>Evangelium,</strong></span> <span class='ocrx_word' id='word_1_497' title='bbox 873 1825 915 1852; x_wconf 84' lang='lat' dir='ltr'><strong>vel</strong></span> <span class='ocrx_word' id='word_1_498' title='bbox 930 1825 959 1852; x_wconf 91' lang='lat' dir='ltr'><strong>in</strong></span> 
     </span>
    </p>
   </div>
   <div class='ocr_carea' id='block_1_68' title="bbox 168 1867 960 1904">
    <p class='ocr_par' dir='ltr' id='par_1_68' title="bbox 168 1867 960 1904">
     <span class='ocr_line' id='line_1_68' title="bbox 168 1867 960 1904; baseline 0.005 -10"><span class='ocrx_word' id='word_1_499' title='bbox 168 1867 285 1895; x_wconf 88' lang='lat' dir='ltr'><strong>concilia</strong></span> <span class='ocrx_word' id='word_1_500' title='bbox 296 1875 412 1903; x_wconf 86' lang='lat' dir='ltr'><strong>peccare</strong></span> <span class='ocrx_word' id='word_1_501' title='bbox 426 1869 438 1895; x_wconf 86' lang='lat'><strong>?</strong></span> <span class='ocrx_word' id='word_1_502' title='bbox 451 1869 524 1904; x_wconf 87' lang='lat' dir='ltr'><strong>quod</strong></span> <span class='ocrx_word' id='word_1_503' title='bbox 541 1869 563 1897; x_wconf 89' lang='lat' dir='ltr'><strong>si</strong></span> <span class='ocrx_word' id='word_1_504' title='bbox 578 1869 721 1904; x_wconf 87' lang='lat' dir='ltr'><strong>putabitis,</strong></span> <span class='ocrx_word' id='word_1_505' title='bbox 735 1877 848 1904; x_wconf 80' lang='lat' dir='ltr'><strong>peccare</strong></span> <span class='ocrx_word' id='word_1_506' title='bbox 861 1870 889 1898; x_wconf 90' lang='lat' dir='ltr'><strong>in</strong></span> <span class='ocrx_word' id='word_1_507' title='bbox 903 1870 960 1899; x_wconf 61' lang='lat' dir='ltr'><strong>haec</strong></span> 
     </span>
    </p>
   </div>
   <div class='ocr_carea' id='block_1_69' title="bbox 169 1914 960 1951">
    <p class='ocr_par' dir='ltr' id='par_1_69' title="bbox 169 1914 960 1951">
     <span class='ocr_line' id='line_1_69' title="bbox 169 1914 960 1951; baseline 0.005 -11"><span class='ocrx_word' id='word_1_508' title='bbox 169 1921 239 1945; x_wconf 87' lang='lat' dir='ltr'><strong>esse,</strong></span> <span class='ocrx_word' id='word_1_509' title='bbox 255 1914 419 1949; x_wconf 84' lang='lat' dir='ltr'><strong>simpliciter</strong></span> <span class='ocrx_word' id='word_1_510' title='bbox 431 1915 523 1942; x_wconf 86' lang='lat' dir='ltr'><strong>dicere</strong></span> <span class='ocrx_word' id='word_1_511' title='bbox 540 1915 645 1951; x_wconf 82' lang='lat' dir='ltr'><strong>aliquid</strong></span> <span class='ocrx_word' id='word_1_512' title='bbox 660 1920 688 1944; x_wconf 87' lang='lat' dir='ltr'><strong>et</strong></span> <span class='ocrx_word' id='word_1_513' title='bbox 722 1917 909 1951; x_wconf 71' lang='lat' dir='ltr'><strong>dogmatizare</strong></span> <span class='ocrx_word' id='word_1_514' title='bbox 926 1916 960 1944; x_wconf 88' lang='lat' dir='ltr'><strong>de</strong></span> 
     </span>
    </p>
   </div>
   <div class='ocr_carea' id='block_1_70' title="bbox 169 1959 960 1994">
    <p class='ocr_par' dir='ltr' id='par_1_70' title="bbox 169 1959 960 1994">
     <span class='ocr_line' id='line_1_70' title="bbox 169 1959 960 1994; baseline 0.006 -8"><span class='ocrx_word' id='word_1_515' title='bbox 169 1959 237 1992; x_wconf 85' lang='lat' dir='ltr'><strong>Deo,</strong></span> <span class='ocrx_word' id='word_1_516' title='bbox 254 1960 325 1994; x_wconf 88' lang='lat' dir='ltr'><strong>quod</strong></span> <span class='ocrx_word' id='word_1_517' title='bbox 345 1964 492 1994; x_wconf 85' lang='lat' dir='ltr'><strong>utrumque</strong></span> <span class='ocrx_word' id='word_1_518' title='bbox 506 1968 560 1988; x_wconf 90' lang='lat' dir='ltr'><strong>non</strong></span> <span class='ocrx_word' id='word_1_519' title='bbox 591 1962 732 1989; x_wconf 86' lang='lat' dir='ltr'><strong>invenitur</strong></span> <span class='ocrx_word' id='word_1_520' title='bbox 758 1963 801 1990; x_wconf 90' lang='lat' dir='ltr'><strong>vel</strong></span> <span class='ocrx_word' id='word_1_521' title='bbox 815 1963 842 1990; x_wconf 90' lang='lat' dir='ltr'><strong>in</strong></span> <span class='ocrx_word' id='word_1_522' title='bbox 869 1963 960 1991; x_wconf 88' lang='lat' dir='ltr'><strong>Evan-</strong></span> 
     </span>
    </p>
   </div>
   <div class='ocr_carea' id='block_1_71' title="bbox 169 2005 961 2040">
    <p class='ocr_par' dir='ltr' id='par_1_71' title="bbox 169 2005 961 2040">
     <span class='ocr_line' id='line_1_71' title="bbox 169 2005 961 2040; baseline 0.006 -8"><span class='ocrx_word' id='word_1_523' title='bbox 169 2005 251 2040; x_wconf 68' lang='lat' dir='ltr'><strong>gelia,</strong></span> <span class='ocrx_word' id='word_1_524' title='bbox 265 2006 308 2033; x_wconf 92' lang='lat' dir='ltr'><strong>vel</strong></span> <span class='ocrx_word' id='word_1_525' title='bbox 324 2006 352 2034; x_wconf 89' lang='lat' dir='ltr'><strong>in</strong></span> <span class='ocrx_word' id='word_1_526' title='bbox 369 2007 504 2040; x_wconf 81' lang='lat' dir='ltr'><strong>conciliis,</strong></span> <span class='ocrx_word' id='word_1_527' title='bbox 519 2007 577 2036; x_wconf 87' lang='lat' dir='ltr'><strong>sive</strong></span> <span class='ocrx_word' id='word_1_528' title='bbox 587 2008 757 2036; x_wconf 82' lang='lat' dir='ltr'><strong>contrarium</strong></span> <span class='ocrx_word' id='word_1_529' title='bbox 769 2009 903 2037; x_wconf 87' lang='lat' dir='ltr'><strong>estalicui</strong></span> <span class='ocrx_word' id='word_1_530' title='bbox 915 2017 961 2037; x_wconf 90' lang='lat' dir='ltr'><strong>eo-</strong></span> 
     </span>
    </p>
   </div>
   <div class='ocr_carea' id='block_1_72' title="bbox 170 2052 961 2088">
    <p class='ocr_par' dir='ltr' id='par_1_72' title="bbox 170 2052 961 2088">
     <span class='ocr_line' id='line_1_72' title="bbox 170 2052 961 2088; baseline 0.005 -9"><span class='ocrx_word' id='word_1_531' title='bbox 170 2060 231 2079; x_wconf 91' lang='lat' dir='ltr'><strong>rum</strong></span> <span class='ocrx_word' id='word_1_532' title='bbox 244 2060 306 2087; x_wconf 71' lang='lat' dir='ltr'><strong>qttze</strong></span> <span class='ocrx_word' id='word_1_533' title='bbox 319 2052 356 2080; x_wconf 91' lang='lat' dir='ltr'><strong>ibi</strong></span> <span class='ocrx_word' id='word_1_534' title='bbox 373 2053 519 2081; x_wconf 84' lang='lat' dir='ltr'><strong>manifeste</strong></span> <span class='ocrx_word' id='word_1_535' title='bbox 529 2053 667 2087; x_wconf 85' lang='lat' dir='ltr'><strong>feruntur,</strong></span> <span class='ocrx_word' id='word_1_536' title='bbox 683 2054 741 2082; x_wconf 83' lang='lat' dir='ltr'><strong>sive</strong></span> <span class='ocrx_word' id='word_1_537' title='bbox 759 2062 830 2088; x_wconf 92' lang='lat' dir='ltr'><strong>non;</strong></span> <span class='ocrx_word' id='word_1_538' title='bbox 841 2056 892 2083; x_wconf 90' lang='lat' dir='ltr'><strong>hoc</strong></span> <span class='ocrx_word' id='word_1_539' title='bbox 903 2062 961 2083; x_wconf 88' lang='lat' dir='ltr'><strong>mo-</strong></span> 
     </span>
    </p>
   </div>
   <div class='ocr_carea' id='block_1_73' title="bbox 170 2099 960 2136">
    <p class='ocr_par' dir='ltr' id='par_1_73' title="bbox 170 2099 960 2136">
     <span class='ocr_line' id='line_1_73' title="bbox 170 2099 960 2136; baseline 0.004 -11"><span class='ocrx_word' id='word_1_540' title='bbox 170 2099 205 2126; x_wconf 90' lang='lat' dir='ltr'><strong>do</strong></span> <span class='ocrx_word' id='word_1_541' title='bbox 218 2099 300 2126; x_wconf 90' lang='lat' dir='ltr'><strong>etiam</strong></span> <span class='ocrx_word' id='word_1_542' title='bbox 319 2107 416 2128; x_wconf 89' lang='lat' dir='ltr'><strong>omnes</strong></span> <span class='ocrx_word' id='word_1_543' title='bbox 429 2101 475 2136; x_wconf 90' lang='lat' dir='ltr'><strong>qui</strong></span> <span class='ocrx_word' id='word_1_544' title='bbox 491 2101 524 2128; x_wconf 83' lang='lat' dir='ltr'><strong>dc</strong></span> <span class='ocrx_word' id='word_1_545' title='bbox 539 2100 594 2128; x_wconf 89' lang='lat' dir='ltr'><strong>Deo</strong></span> <span class='ocrx_word' id='word_1_546' title='bbox 607 2101 733 2128; x_wconf 89' lang='lat' dir='ltr'><strong>scribunt</strong></span> <span class='ocrx_word' id='word_1_547' title='bbox 746 2101 835 2128; x_wconf 87' lang='lat' dir='ltr'><strong>sancti</strong></span> <span class='ocrx_word' id='word_1_548' title='bbox 861 2101 889 2128; x_wconf 94' lang='lat' dir='ltr'><strong>in</strong></span> <span class='ocrx_word' id='word_1_549' title='bbox 914 2109 960 2129; x_wconf 90' lang='lat' dir='ltr'><strong>ea-</strong></span> 
     </span>
    </p>
   </div>
   <div class='ocr_carea' id='block_1_74' title="bbox 169 2144 960 2180">
    <p class='ocr_par' dir='ltr' id='par_1_74' title="bbox 169 2144 960 2180">
     <span class='ocr_line' id='line_1_74' title="bbox 169 2144 960 2180; baseline 0.004 -9"><span class='ocrx_word' id='word_1_550' title='bbox 169 2144 232 2172; x_wconf 89' lang='lat' dir='ltr'><strong>dem</strong></span> <span class='ocrx_word' id='word_1_551' title='bbox 255 2149 380 2180; x_wconf 87' lang='lat' dir='ltr'><strong>peccant.</strong></span> <span class='ocrx_word' id='word_1_552' title='bbox 395 2145 454 2173; x_wconf 83' lang='lat' dir='ltr'><strong>Non</strong></span> <span class='ocrx_word' id='word_1_553' title='bbox 471 2146 560 2174; x_wconf 89' lang='lat' dir='ltr'><strong>solum</strong></span> <span class='ocrx_word' id='word_1_554' title='bbox 583 2147 655 2174; x_wconf 92' lang='lat' dir='ltr'><strong>enim</strong></span> <span class='ocrx_word' id='word_1_555' title='bbox 686 2146 912 2180; x_wconf 66' lang='lat' dir='ltr'><strong>innumerabilia:</strong></span> <span class='ocrx_word' id='word_1_556' title='bbox 926 2147 960 2174; x_wconf 91' lang='lat' dir='ltr'><strong>de</strong></span> 
     </span>
    </p>
   </div>
   <div class='ocr_carea' id='block_1_75' title="bbox 171 2190 959 2227">
    <p class='ocr_par' dir='ltr' id='par_1_75' title="bbox 171 2190 959 2227">
     <span class='ocr_line' id='line_1_75' title="bbox 171 2190 959 2227; baseline 0.003 -10"><span class='ocrx_word' id='word_1_557' title='bbox 171 2190 227 2217; x_wconf 87' lang='lat' dir='ltr'><strong>Deo</strong></span> <span class='ocrx_word' id='word_1_558' title='bbox 242 2190 336 2217; x_wconf 90' lang='lat' dir='ltr'><strong>dicunt</strong></span> <span class='ocrx_word' id='word_1_559' title='bbox 352 2195 379 2218; x_wconf 88' lang='lat' dir='ltr'><strong>et</strong></span> <span class='ocrx_word' id='word_1_560' title='bbox 396 2191 584 2226; x_wconf 77' lang='lat' dir='ltr'><strong>dogmatizant</strong></span> <span class='ocrx_word' id='word_1_561' title='bbox 595 2211 602 2222; x_wconf 90' lang='lat'>.</span> <span class='ocrx_word' id='word_1_562' title='bbox 615 2198 677 2226; x_wconf 74' lang='lat' dir='ltr'><strong>quze</strong></span> <span class='ocrx_word' id='word_1_563' title='bbox 690 2192 774 2219; x_wconf 83' lang='lat' dir='ltr'><strong>verbo</strong></span> <span class='ocrx_word' id='word_1_564' title='bbox 792 2192 820 2219; x_wconf 92' lang='lat' dir='ltr'><strong>in</strong></span> <span class='ocrx_word' id='word_1_565' title='bbox 837 2192 959 2227; x_wconf 84' lang='lat' dir='ltr'><strong>Evange-</strong></span> 
     </span>
    </p>
   </div>
   <div class='ocr_carea' id='block_1_76' title="bbox 1016 1589 1800 1617">
    <p class='ocr_par' dir='ltr' id='par_1_76' title="bbox 1016 1589 1800 1617">
     <span class='ocr_line' id='line_1_76' title="bbox 1016 1589 1800 1617; baseline -0.001 0"><span class='ocrx_word' id='word_1_566' title='bbox 1016 1590 1131 1617; x_wconf 85' lang='lat' dir='ltr'><strong>minoris</strong></span> <span class='ocrx_word' id='word_1_567' title='bbox 1145 1595 1172 1617; x_wconf 85' lang='lat' dir='ltr'><strong>et</strong></span> <span class='ocrx_word' id='word_1_568' title='bbox 1185 1589 1340 1617; x_wconf 89' lang='lat' dir='ltr'><strong>humilioris</strong></span> <span class='ocrx_word' id='word_1_569' title='bbox 1357 1589 1521 1617; x_wconf 85' lang='lat' dir='ltr'><strong>exsistentes</strong></span> <span class='ocrx_word' id='word_1_570' title='bbox 1537 1589 1564 1616; x_wconf 92' lang='lat' dir='ltr'><strong>in</strong></span> <span class='ocrx_word' id='word_1_571' title='bbox 1591 1594 1649 1616; x_wconf 84' lang='lat' dir='ltr'><strong>tota</strong></span> <span class='ocrx_word' id='word_1_572' title='bbox 1681 1589 1800 1617; x_wconf 82' lang='lat' dir='ltr'><strong>Ecclesia</strong></span> 
     </span>
    </p>
   </div>
   <div class='ocr_carea' id='block_1_77' title="bbox 1020 1636 1801 1673">
    <p class='ocr_par' dir='ltr' id='par_1_77' title="bbox 1020 1636 1801 1673">
     <span class='ocr_line' id='line_1_77' title="bbox 1020 1636 1801 1673; baseline -0.003 -8"><span class='ocrx_word' id='word_1_573' title='bbox 1020 1641 1047 1666; x_wconf 86' lang='lat' dir='ltr'><strong>et</strong></span> <span class='ocrx_word' id='word_1_574' title='bbox 1062 1637 1205 1673; x_wconf 78' lang='lat' dir='ltr'><strong>dignitatis</strong></span> <span class='ocrx_word' id='word_1_575' title='bbox 1221 1638 1248 1664; x_wconf 91' lang='lat' dir='ltr'><strong>et</strong></span> <span class='ocrx_word' id='word_1_576' title='bbox 1266 1637 1367 1671; x_wconf 80' lang='lat' dir='ltr'><strong>gradus</strong></span> <span class='ocrx_word' id='word_1_577' title='bbox 1381 1641 1408 1664; x_wconf 89' lang='lat' dir='ltr'><strong>et</strong></span> <span class='ocrx_word' id='word_1_578' title='bbox 1420 1637 1541 1670; x_wconf 86' lang='lat' dir='ltr'><strong>ordinis,</strong></span> <span class='ocrx_word' id='word_1_579' title='bbox 1559 1644 1574 1663; x_wconf 90' lang='lat' dir='ltr'><strong>a</strong></span> <span class='ocrx_word' id='word_1_580' title='bbox 1592 1636 1735 1664; x_wconf 87' lang='lat' dir='ltr'><strong>debitoilli</strong></span> <span class='ocrx_word' id='word_1_581' title='bbox 1755 1636 1801 1663; x_wconf 85' lang='lat' dir='ltr'><strong>bo-</strong></span> 
     </span>
    </p>
   </div>
   <div class='ocr_carea' id='block_1_78' title="bbox 1013 1681 1799 1715">
    <p class='ocr_par' dir='ltr' id='par_1_78' title="bbox 1013 1681 1799 1715">
     <span class='ocr_line' id='line_1_78' title="bbox 1013 1681 1799 1715; baseline -0.004 -4"><span class='ocrx_word' id='word_1_582' title='bbox 1013 1691 1082 1711; x_wconf 90' lang='lat' dir='ltr'><strong>nore</strong></span> <span class='ocrx_word' id='word_1_583' title='bbox 1100 1687 1127 1711; x_wconf 90' lang='lat' dir='ltr'><strong>et</strong></span> <span class='ocrx_word' id='word_1_584' title='bbox 1139 1683 1304 1715; x_wconf 88' lang='lat' dir='ltr'><strong>obedientia,</strong></span> <span class='ocrx_word' id='word_1_585' title='bbox 1318 1687 1346 1710; x_wconf 88' lang='lat' dir='ltr'><strong>et</strong></span> <span class='ocrx_word' id='word_1_586' title='bbox 1358 1682 1556 1709; x_wconf 87' lang='lat' dir='ltr'><strong>communione</strong></span> <span class='ocrx_word' id='word_1_587' title='bbox 1580 1682 1739 1709; x_wconf 87' lang='lat' dir='ltr'><strong>discedunt.</strong></span> <span class='ocrx_word' id='word_1_588' title='bbox 1768 1681 1799 1708; x_wconf 81' lang='lat' dir='ltr'><strong>At</strong></span> 
     </span>
    </p>
   </div>
   <div class='ocr_carea' id='block_1_79' title="bbox 1014 1728 1799 1764">
    <p class='ocr_par' dir='ltr' id='par_1_79' title="bbox 1014 1728 1799 1764">
     <span class='ocr_line' id='line_1_79' title="bbox 1014 1728 1799 1764; baseline -0.005 -6"><span class='ocrx_word' id='word_1_589' title='bbox 1014 1737 1081 1759; x_wconf 84' lang='lat' dir='ltr'><strong>vero</strong></span> <span class='ocrx_word' id='word_1_590' title='bbox 1097 1736 1194 1756; x_wconf 83' lang='lat' dir='ltr'><strong>omnes</strong></span> <span class='ocrx_word' id='word_1_591' title='bbox 1214 1729 1372 1764; x_wconf 89' lang='lat' dir='ltr'><strong>quicunque</strong></span> <span class='ocrx_word' id='word_1_592' title='bbox 1387 1728 1414 1755; x_wconf 88' lang='lat' dir='ltr'><strong>in</strong></span> <span class='ocrx_word' id='word_1_593' title='bbox 1429 1728 1550 1755; x_wconf 84' lang='lat' dir='ltr'><strong>Ecclesia</strong></span> <span class='ocrx_word' id='word_1_594' title='bbox 1579 1728 1697 1755; x_wconf 85' lang='lat' dir='ltr'><strong>minoris</strong></span> <span class='ocrx_word' id='word_1_595' title='bbox 1713 1733 1739 1755; x_wconf 89' lang='lat' dir='ltr'><strong>et</strong></span> <span class='ocrx_word' id='word_1_596' title='bbox 1752 1728 1799 1754; x_wconf 90' lang='lat' dir='ltr'><strong>hu-</strong></span> 
     </span>
    </p>
   </div>
   <div class='ocr_carea' id='block_1_80' title="bbox 1018 1772 1800 1809">
    <p class='ocr_par' dir='ltr' id='par_1_80' title="bbox 1018 1772 1800 1809">
     <span class='ocr_line' id='line_1_80' title="bbox 1018 1772 1800 1809; baseline -0.003 -7"><span class='ocrx_word' id='word_1_597' title='bbox 1018 1775 1137 1803; x_wconf 86' lang='lat' dir='ltr'><strong>milioris</strong></span> <span class='ocrx_word' id='word_1_598' title='bbox 1147 1775 1313 1803; x_wconf 81' lang='lat' dir='ltr'><strong>exsistentes</strong></span> <span class='ocrx_word' id='word_1_599' title='bbox 1327 1774 1480 1809; x_wconf 79' lang='lat' dir='ltr'><strong>dignitatis,</strong></span> <span class='ocrx_word' id='word_1_600' title='bbox 1489 1774 1588 1809; x_wconf 71' lang='lat' dir='ltr'><strong>gradus</strong></span> <span class='ocrx_word' id='word_1_601' title='bbox 1600 1778 1626 1801; x_wconf 92' lang='lat' dir='ltr'><strong>et</strong></span> <span class='ocrx_word' id='word_1_602' title='bbox 1638 1774 1753 1803; x_wconf 86' lang='lat' dir='ltr'><strong>ordinis.</strong></span> <span class='ocrx_word' id='word_1_603' title='bbox 1763 1772 1800 1800; x_wconf 86' lang='lat' dir='ltr'><strong>di-</strong></span> 
     </span>
    </p>
   </div>
   <div class='ocr_carea' id='block_1_81' title="bbox 1014 1819 1800 1856">
    <p class='ocr_par' dir='ltr' id='par_1_81' title="bbox 1014 1819 1800 1856">
     <span class='ocr_line' id='line_1_81' title="bbox 1014 1819 1800 1856; baseline -0.004 -8"><span class='ocrx_word' id='word_1_604' title='bbox 1014 1820 1169 1856; x_wconf 81' lang='lat' dir='ltr'><strong>gnioribus,</strong></span> <span class='ocrx_word' id='word_1_605' title='bbox 1179 1821 1444 1853; x_wconf 87' lang='lat' dir='ltr'><strong>dominantioribus,</strong></span> <span class='ocrx_word' id='word_1_606' title='bbox 1460 1819 1717 1855; x_wconf 84' lang='lat' dir='ltr'><strong>priucipalioribus,</strong></span> <span class='ocrx_word' id='word_1_607' title='bbox 1732 1819 1800 1852; x_wconf 56' lang='lat' dir='ltr'><strong>prio.</strong></span> 
     </span>
    </p>
   </div>
   <div class='ocr_carea' id='block_1_82' title="bbox 1013 1866 1797 1902">
    <p class='ocr_par' dir='ltr' id='par_1_82' title="bbox 1013 1866 1797 1902">
     <span class='ocr_line' id='line_1_82' title="bbox 1013 1866 1797 1902; baseline -0.003 -7"><span class='ocrx_word' id='word_1_608' title='bbox 1013 1868 1101 1901; x_wconf 89' lang='lat' dir='ltr'><strong>ribus,</strong></span> <span class='ocrx_word' id='word_1_609' title='bbox 1116 1867 1306 1902; x_wconf 89' lang='lat' dir='ltr'><strong>superioribus</strong></span> <span class='ocrx_word' id='word_1_610' title='bbox 1333 1867 1361 1894; x_wconf 91' lang='lat' dir='ltr'><strong>in</strong></span> <span class='ocrx_word' id='word_1_611' title='bbox 1394 1867 1527 1898; x_wconf 87' lang='lat' dir='ltr'><strong>Ecclesia,</strong></span> <span class='ocrx_word' id='word_1_612' title='bbox 1547 1866 1617 1893; x_wconf 84' lang='lat' dir='ltr'><strong>nihil</strong></span> <span class='ocrx_word' id='word_1_613' title='bbox 1641 1867 1669 1893; x_wconf 91' lang='lat' dir='ltr'><strong>in</strong></span> <span class='ocrx_word' id='word_1_614' title='bbox 1696 1866 1797 1901; x_wconf 84' lang='lat' dir='ltr'><strong>pictatis</strong></span> 
     </span>
    </p>
   </div>
   <div class='ocr_carea' id='block_1_83' title="bbox 1012 1913 1797 1950">
    <p class='ocr_par' dir='ltr' id='par_1_83' title="bbox 1012 1913 1797 1950">
     <span class='ocr_line' id='line_1_83' title="bbox 1012 1913 1797 1950; baseline -0.004 -8"><span class='ocrx_word' id='word_1_615' title='bbox 1012 1914 1188 1950; x_wconf 79' lang='lat' dir='ltr'><strong>dogmatibus</strong></span> <span class='ocrx_word' id='word_1_616' title='bbox 1200 1914 1389 1949; x_wconf 78' lang='lat' dir='ltr'><strong>peccantibus,</strong></span> <span class='ocrx_word' id='word_1_617' title='bbox 1419 1914 1523 1940; x_wconf 83' lang='lat' dir='ltr'><strong>nullam</strong></span> <span class='ocrx_word' id='word_1_618' title='bbox 1562 1913 1692 1940; x_wconf 56' lang='lat' dir='ltr'><strong>heresim</strong></span> <span class='ocrx_word' id='word_1_619' title='bbox 1714 1913 1797 1939; x_wconf 83' lang='lat' dir='ltr'><strong>incur-</strong></span> 
     </span>
    </p>
   </div>
   <div class='ocr_carea' id='block_1_84' title="bbox 1012 1959 1798 1994">
    <p class='ocr_par' dir='ltr' id='par_1_84' title="bbox 1012 1959 1798 1994">
     <span class='ocr_line' id='line_1_84' title="bbox 1012 1959 1798 1994; baseline -0.006 -4"><span class='ocrx_word' id='word_1_620' title='bbox 1012 1961 1145 1994; x_wconf 86' lang='lat' dir='ltr'><strong>rentibus,</strong></span> <span class='ocrx_word' id='word_1_621' title='bbox 1166 1969 1180 1988; x_wconf 89' lang='lat' dir='ltr'><strong>a</strong></span> <span class='ocrx_word' id='word_1_622' title='bbox 1196 1960 1288 1989; x_wconf 81' lang='lat' dir='ltr'><strong>debita</strong></span> <span class='ocrx_word' id='word_1_623' title='bbox 1307 1960 1362 1988; x_wconf 90' lang='lat' dir='ltr'><strong>illis</strong></span> <span class='ocrx_word' id='word_1_624' title='bbox 1393 1959 1557 1990; x_wconf 87' lang='lat' dir='ltr'><strong>reverentia.</strong></span> <span class='ocrx_word' id='word_1_625' title='bbox 1579 1959 1752 1991; x_wconf 81' lang='lat' dir='ltr'><strong>obedientia,</strong></span> <span class='ocrx_word' id='word_1_626' title='bbox 1775 1963 1798 1985; x_wconf 88' lang='lat' dir='ltr'><strong>et</strong></span> 
     </span>
    </p>
   </div>
   <div class='ocr_carea' id='block_1_85' title="bbox 1012 2004 1798 2041">
    <p class='ocr_par' dir='ltr' id='par_1_85' title="bbox 1012 2004 1798 2041">
     <span class='ocr_line' id='line_1_85' title="bbox 1012 2004 1798 2041; baseline -0.005 -6"><span class='ocrx_word' id='word_1_627' title='bbox 1012 2007 1206 2035; x_wconf 88' lang='lat' dir='ltr'><strong>communione</strong></span> <span class='ocrx_word' id='word_1_628' title='bbox 1216 2006 1362 2034; x_wconf 85' lang='lat' dir='ltr'><strong>discedunt</strong></span> <span class='ocrx_word' id='word_1_629' title='bbox 1378 2026 1385 2038; x_wconf 90' lang='lat'><strong>,</strong></span> <span class='ocrx_word' id='word_1_630' title='bbox 1410 2005 1603 2041; x_wconf 82' lang='lat' dir='ltr'><strong>proculdubio</strong></span> <span class='ocrx_word' id='word_1_631' title='bbox 1634 2004 1798 2032; x_wconf 83' lang='lat' dir='ltr'><strong>schismatici</strong></span> 
     </span>
    </p>
   </div>
   <div class='ocr_carea' id='block_1_86' title="bbox 1012 2049 1798 2086">
    <p class='ocr_par' dir='ltr' id='par_1_86' title="bbox 1012 2049 1798 2086">
     <span class='ocr_line' id='line_1_86' title="bbox 1012 2049 1798 2086; baseline -0.006 -5"><span class='ocrx_word' id='word_1_632' title='bbox 1012 2051 1240 2086; x_wconf 80' lang='lat' dir='ltr'><strong>sunt.Contingit</strong></span> <span class='ocrx_word' id='word_1_633' title='bbox 1263 2058 1329 2086; x_wconf 72' lang='lat' dir='ltr'><strong>ergo</strong></span> <span class='ocrx_word' id='word_1_634' title='bbox 1342 2051 1391 2079; x_wconf 87' lang='lat' dir='ltr'><strong>hos</strong></span> <span class='ocrx_word' id='word_1_635' title='bbox 1418 2050 1577 2078; x_wconf 87' lang='lat' dir='ltr'><strong>necessario</strong></span> <span class='ocrx_word' id='word_1_636' title='bbox 1608 2049 1798 2077; x_wconf 82' lang='lat' dir='ltr'><strong>schismaticos</strong></span> 
     </span>
    </p>
   </div>
   <div class='ocr_carea' id='block_1_87' title="bbox 1013 2096 1797 2133">
    <p class='ocr_par' dir='ltr' id='par_1_87' title="bbox 1013 2096 1797 2133">
     <span class='ocr_line' id='line_1_87' title="bbox 1013 2096 1797 2133; baseline -0.005 -7"><span class='ocrx_word' id='word_1_637' title='bbox 1013 2105 1167 2131; x_wconf 84' lang='lat' dir='ltr'><strong>nunccsse,</strong></span> <span class='ocrx_word' id='word_1_638' title='bbox 1180 2098 1252 2133; x_wconf 84' lang='lat' dir='ltr'><strong>quod</strong></span> <span class='ocrx_word' id='word_1_639' title='bbox 1265 2101 1318 2129; x_wconf 84' lang='lat' dir='ltr'><strong>est,</strong></span> <span class='ocrx_word' id='word_1_640' title='bbox 1347 2100 1489 2132; x_wconf 86' lang='lat' dir='ltr'><strong>separatos</strong></span> <span class='ocrx_word' id='word_1_641' title='bbox 1521 2103 1582 2124; x_wconf 81' lang='lat' dir='ltr'><strong>esse</strong></span> <span class='ocrx_word' id='word_1_642' title='bbox 1613 2102 1628 2122; x_wconf 86' lang='lat' dir='ltr'><strong>a</strong></span> <span class='ocrx_word' id='word_1_643' title='bbox 1670 2096 1797 2123; x_wconf 85' lang='lat' dir='ltr'><strong>catholica</strong></span> 
     </span>
    </p>
   </div>
   <div class='ocr_carea' id='block_1_88' title="bbox 1012 2144 1145 2172">
    <p class='ocr_par' dir='ltr' id='par_1_88' title="bbox 1012 2144 1145 2172">
     <span class='ocr_line' id='line_1_88' title="bbox 1012 2144 1145 2172; baseline -0.008 0"><span class='ocrx_word' id='word_1_644' title='bbox 1012 2144 1145 2172; x_wconf 85' lang='lat' dir='ltr'><strong>Ecclesia.</strong></span> 
     </span>
    </p>
   </div>
   <div class='ocr_carea' id='block_1_89' title="bbox 1051 2188 1798 2225">
    <p class='ocr_par' dir='ltr' id='par_1_89' title="bbox 1051 2188 1798 2225">
     <span class='ocr_line' id='line_1_89' title="bbox 1051 2188 1798 2225; baseline -0.004 -7"><span class='ocrx_word' id='word_1_645' title='bbox 1051 2191 1105 2219; x_wconf 88' lang='lat' dir='ltr'><strong>Sed</strong></span> <span class='ocrx_word' id='word_1_646' title='bbox 1126 2191 1247 2218; x_wconf 78' lang='lat' dir='ltr'><strong>fortasse</strong></span> <span class='ocrx_word' id='word_1_647' title='bbox 1273 2189 1455 2225; x_wconf 85' lang='lat' dir='ltr'><strong>dicitaliquis</strong></span> <span class='ocrx_word' id='word_1_648' title='bbox 1477 2189 1638 2225; x_wconf 81' lang='lat' dir='ltr'><strong>ambigens:</strong></span> <span class='ocrx_word' id='word_1_649' title='bbox 1657 2188 1689 2216; x_wconf 89' lang='lat' dir='ltr'><strong>Si</strong></span> <span class='ocrx_word' id='word_1_650' title='bbox 1716 2188 1798 2216; x_wconf 85' lang='lat' dir='ltr'><strong>amisit</strong></span> 
     </span>
    </p>
   </div>
   <div class='ocr_carea' id='block_1_90' title="bbox 170 2232 1794 2272">
    <p class='ocr_par' dir='ltr' id='par_1_90' title="bbox 170 2232 1794 2272">
     <span class='ocr_line' id='line_1_90' title="bbox 170 2232 1794 2272; baseline -0.001 -9"><span class='ocrx_word' id='word_1_651' title='bbox 170 2235 220 2267; x_wconf 93' lang='lat' dir='ltr'><strong>lio,</strong></span> <span class='ocrx_word' id='word_1_652' title='bbox 242 2236 284 2262; x_wconf 86' lang='lat' dir='ltr'><strong>vel</strong></span> <span class='ocrx_word' id='word_1_653' title='bbox 302 2236 330 2263; x_wconf 92' lang='lat' dir='ltr'><strong>in</strong></span> <span class='ocrx_word' id='word_1_654' title='bbox 344 2237 470 2264; x_wconf 88' lang='lat' dir='ltr'><strong>conciliis</strong></span> <span class='ocrx_word' id='word_1_655' title='bbox 483 2238 851 2266; x_wconf 85' lang='lat' dir='ltr'><strong>noninveniuntur:verum</strong></span> <span class='ocrx_word' id='word_1_656' title='bbox 876 2239 958 2266; x_wconf 86' lang='lat' dir='ltr'><strong>etiam</strong></span> <span class='ocrx_word' id='word_1_657' title='bbox 978 2232 1000 2260; x_wconf 80' lang='lat' dir='ltr'><strong>D</strong></span> <span class='ocrx_word' id='word_1_658' title='bbox 1015 2245 1092 2265; x_wconf 86' lang='lat' dir='ltr'><strong>suam</strong></span> <span class='ocrx_word' id='word_1_659' title='bbox 1110 2237 1294 2272; x_wconf 83' lang='lat' dir='ltr'><strong>integritatem</strong></span> <span class='ocrx_word' id='word_1_660' title='bbox 1313 2241 1339 2264; x_wconf 89' lang='lat' dir='ltr'><strong>et</strong></span> <span class='ocrx_word' id='word_1_661' title='bbox 1354 2236 1548 2272; x_wconf 80' lang='lat' dir='ltr'><strong>perfectionem</strong></span> <span class='ocrx_word' id='word_1_662' title='bbox 1566 2234 1704 2266; x_wconf 81' lang='lat' dir='ltr'><strong>Ecclesia.</strong></span> <span class='ocrx_word' id='word_1_663' title='bbox 1717 2240 1743 2262; x_wconf 89' lang='lat' dir='ltr'><strong>et</strong></span> <span class='ocrx_word' id='word_1_664' title='bbox 1752 2235 1794 2261; x_wconf 83' lang='lat' dir='ltr'><strong>hoc</strong></span> 
     </span>
    </p>
   </div>
   <div class='ocr_carea' id='block_1_91' title="bbox 172 2282 960 2319">
    <p class='ocr_par' dir='ltr' id='par_1_91' title="bbox 172 2282 960 2319">
     <span class='ocr_line' id='line_1_91' title="bbox 172 2282 960 2319; baseline 0.001 -10"><span class='ocrx_word' id='word_1_665' title='bbox 172 2283 259 2309; x_wconf 85' lang='lat' dir='ltr'><strong>multa</strong></span> <span class='ocrx_word' id='word_1_666' title='bbox 273 2282 377 2314; x_wconf 84' lang='lat' dir='ltr'><strong>dicunt,</strong></span> <span class='ocrx_word' id='word_1_667' title='bbox 394 2290 455 2317; x_wconf 69' lang='lat' dir='ltr'><strong>quae</strong></span> <span class='ocrx_word' id='word_1_668' title='bbox 469 2290 559 2318; x_wconf 89' lang='lat' dir='ltr'><strong>neque</strong></span> <span class='ocrx_word' id='word_1_669' title='bbox 573 2292 621 2318; x_wconf 90' lang='lat' dir='ltr'><strong>per</strong></span> <span class='ocrx_word' id='word_1_670' title='bbox 636 2291 749 2312; x_wconf 87' lang='lat' dir='ltr'><strong>sensum</strong></span> <span class='ocrx_word' id='word_1_671' title='bbox 777 2290 873 2312; x_wconf 81' lang='lat' dir='ltr'><strong>eorum</strong></span> <span class='ocrx_word' id='word_1_672' title='bbox 898 2291 960 2319; x_wconf 60' lang='lat' dir='ltr'><strong>quae</strong></span> 
     </span>
    </p>
   </div>
   <div class='ocr_carea' id='block_1_92' title="bbox 173 2329 961 2366">
    <p class='ocr_par' dir='ltr' id='par_1_92' title="bbox 173 2329 961 2366">
     <span class='ocr_line' id='line_1_92' title="bbox 173 2329 961 2366; baseline 0.003 -10"><span class='ocrx_word' id='word_1_673' title='bbox 173 2329 212 2356; x_wconf 89' lang='lat' dir='ltr'><strong>ibi</strong></span> <span class='ocrx_word' id='word_1_674' title='bbox 231 2333 305 2361; x_wconf 83' lang='lat' dir='ltr'><strong>sunt,</strong></span> <span class='ocrx_word' id='word_1_675' title='bbox 322 2329 449 2357; x_wconf 90' lang='lat' dir='ltr'><strong>concludi</strong></span> <span class='ocrx_word' id='word_1_676' title='bbox 466 2330 567 2357; x_wconf 86' lang='lat' dir='ltr'><strong>valent.</strong></span> <span class='ocrx_word' id='word_1_677' title='bbox 581 2330 641 2358; x_wconf 84' lang='lat' dir='ltr'><strong>Non</strong></span> <span class='ocrx_word' id='word_1_678' title='bbox 650 2337 719 2366; x_wconf 76' lang='lat' dir='ltr'><strong>ergo</strong></span> <span class='ocrx_word' id='word_1_679' title='bbox 738 2338 854 2366; x_wconf 86' lang='lat' dir='ltr'><strong>peccare</strong></span> <span class='ocrx_word' id='word_1_680' title='bbox 864 2334 910 2359; x_wconf 86' lang='lat' dir='ltr'><strong>est</strong></span> <span class='ocrx_word' id='word_1_681' title='bbox 931 2330 961 2358; x_wconf 87' lang='lat' dir='ltr'><strong>in</strong></span> 
     </span>
    </p>
   </div>
   <div class='ocr_carea' id='block_1_93' title="bbox 171 2368 962 2411">
    <p class='ocr_par' dir='ltr' id='par_1_93' title="bbox 171 2368 962 2411">
     <span class='ocr_line' id='line_1_93' title="bbox 171 2368 962 2411; baseline 0.001 -8"><span class='ocrx_word' id='word_1_682' title='bbox 171 2376 220 2403; x_wconf 81' lang='lat' dir='ltr'><strong>illa</strong></span> <span class='ocrx_word' id='word_1_683' title='bbox 233 2368 395 2410; x_wconf 73' lang='lat' dir='ltr'><strong>simpliciter</strong></span> <span class='ocrx_word' id='word_1_684' title='bbox 412 2375 514 2407; x_wconf 89' lang='lat' dir='ltr'><strong>dicere,</strong></span> <span class='ocrx_word' id='word_1_685' title='bbox 529 2384 588 2410; x_wconf 71' lang='lat' dir='ltr'><strong>quas</strong></span> <span class='ocrx_word' id='word_1_686' title='bbox 599 2376 635 2403; x_wconf 91' lang='lat' dir='ltr'><strong>ibi</strong></span> <span class='ocrx_word' id='word_1_687' title='bbox 652 2377 882 2411; x_wconf 78' lang='lat' dir='ltr'><strong>qualitercunque</strong></span> <span class='ocrx_word' id='word_1_688' title='bbox 907 2384 962 2405; x_wconf 93' lang='lat' dir='ltr'><strong>non</strong></span> 
     </span>
    </p>
   </div>
   <div class='ocr_carea' id='block_1_94' title="bbox 171 2421 964 2458">
    <p class='ocr_par' dir='ltr' id='par_1_94' title="bbox 171 2421 964 2458">
     <span class='ocr_line' id='line_1_94' title="bbox 171 2421 964 2458; baseline 0.001 -9"><span class='ocrx_word' id='word_1_689' title='bbox 171 2422 370 2454; x_wconf 84' lang='lat' dir='ltr'><strong>inveniuntur,-</strong></span> <span class='ocrx_word' id='word_1_690' title='bbox 383 2421 430 2449; x_wconf 88' lang='lat' dir='ltr'><strong>sed</strong></span> <span class='ocrx_word' id='word_1_691' title='bbox 446 2421 600 2449; x_wconf 87' lang='lat' dir='ltr'><strong>addendum</strong></span> <span class='ocrx_word' id='word_1_692' title='bbox 613 2426 666 2454; x_wconf 87' lang='lat' dir='ltr'><strong>est,</strong></span> <span class='ocrx_word' id='word_1_693' title='bbox 682 2422 705 2449; x_wconf 84' lang='lat' dir='ltr'><strong>si</strong></span> <span class='ocrx_word' id='word_1_694' title='bbox 737 2422 794 2449; x_wconf 88' lang='lat' dir='ltr'><strong>sint</strong></span> <span class='ocrx_word' id='word_1_695' title='bbox 828 2426 855 2450; x_wconf 86' lang='lat' dir='ltr'><strong>et</strong></span> <span class='ocrx_word' id='word_1_696' title='bbox 880 2429 964 2458; x_wconf 87' lang='lat' dir='ltr'><strong>repu-</strong></span> 
     </span>
    </p>
   </div>
   <div class='ocr_carea' id='block_1_95' title="bbox 170 2466 964 2503">
    <p class='ocr_par' dir='ltr' id='par_1_95' title="bbox 170 2466 964 2503">
     <span class='ocr_line' id='line_1_95' title="bbox 170 2466 964 2503; baseline 0.003 -9"><span class='ocrx_word' id='word_1_697' title='bbox 170 2468 286 2503; x_wconf 66' lang='lat' dir='ltr'><strong>gnantia</strong></span> <span class='ocrx_word' id='word_1_698' title='bbox 303 2467 366 2496; x_wconf 86' lang='lat' dir='ltr'><strong>illis.</strong></span> <span class='ocrx_word' id='word_1_699' title='bbox 379 2466 471 2500; x_wconf 86' lang='lat' dir='ltr'><strong>Quare</strong></span> <span class='ocrx_word' id='word_1_700' title='bbox 506 2474 621 2501; x_wconf 87' lang='lat' dir='ltr'><strong>peccare</strong></span> <span class='ocrx_word' id='word_1_701' title='bbox 654 2467 681 2494; x_wconf 90' lang='lat' dir='ltr'><strong>in</strong></span> <span class='ocrx_word' id='word_1_702' title='bbox 709 2467 756 2494; x_wconf 85' lang='lat' dir='ltr'><strong>illa</strong></span> <span class='ocrx_word' id='word_1_703' title='bbox 786 2472 840 2501; x_wconf 88' lang='lat' dir='ltr'><strong>est,</strong></span> <span class='ocrx_word' id='word_1_704' title='bbox 870 2468 964 2496; x_wconf 88' lang='lat' dir='ltr'><strong>dicere</strong></span> 
     </span>
    </p>
   </div>
   <div class='ocr_carea' id='block_1_96' title="bbox 172 2512 962 2549">
    <p class='ocr_par' dir='ltr' id='par_1_96' title="bbox 172 2512 962 2549">
     <span class='ocr_line' id='line_1_96' title="bbox 172 2512 962 2549; baseline 0 -8"><span class='ocrx_word' id='word_1_705' title='bbox 172 2513 278 2549; x_wconf 88' lang='lat' dir='ltr'><strong>aliquid</strong></span> <span class='ocrx_word' id='word_1_706' title='bbox 291 2513 415 2548; x_wconf 83' lang='lat' dir='ltr'><strong>opposite</strong></span> <span class='ocrx_word' id='word_1_707' title='bbox 423 2519 453 2539; x_wconf 89' lang='lat' dir='ltr'><strong>se</strong></span> <span class='ocrx_word' id='word_1_708' title='bbox 469 2512 573 2539; x_wconf 86' lang='lat' dir='ltr'><strong>habens</strong></span> <span class='ocrx_word' id='word_1_709' title='bbox 589 2512 671 2540; x_wconf 86' lang='lat' dir='ltr'><strong>alicui</strong></span> <span class='ocrx_word' id='word_1_710' title='bbox 685 2520 780 2541; x_wconf 88' lang='lat' dir='ltr'><strong>eorum</strong></span> <span class='ocrx_word' id='word_1_711' title='bbox 791 2521 853 2548; x_wconf 81' lang='lat' dir='ltr'><strong>quae</strong></span> <span class='ocrx_word' id='word_1_712' title='bbox 881 2513 916 2541; x_wconf 86' lang='lat' dir='ltr'><strong>ab</strong></span> <span class='ocrx_word' id='word_1_713' title='bbox 928 2514 962 2541; x_wconf 89' lang='lat' dir='ltr'><strong>il-</strong></span> 
     </span>
    </p>
   </div>
   <div class='ocr_carea' id='block_1_97' title="bbox 174 2559 964 2597">
    <p class='ocr_par' dir='ltr' id='par_1_97' title="bbox 174 2559 964 2597">
     <span class='ocr_line' id='line_1_97' title="bbox 174 2559 964 2597; baseline 0 -9"><span class='ocrx_word' id='word_1_714' title='bbox 174 2561 208 2588; x_wconf 70' lang='lat' dir='ltr'><strong>lis</strong></span> <span class='ocrx_word' id='word_1_715' title='bbox 223 2561 363 2597; x_wconf 64' lang='lat' dir='ltr'><strong>dicuntur,</strong></span> <span class='ocrx_word' id='word_1_716' title='bbox 375 2563 404 2587; x_wconf 94' lang='lat' dir='ltr'><strong>ut</strong></span> <span class='ocrx_word' id='word_1_717' title='bbox 414 2559 528 2586; x_wconf 83' lang='lat' dir='ltr'><strong>alterum</strong></span> <span class='ocrx_word' id='word_1_718' title='bbox 542 2566 591 2594; x_wconf 90' lang='lat' dir='ltr'><strong>per</strong></span> <span class='ocrx_word' id='word_1_719' title='bbox 603 2559 722 2587; x_wconf 81' lang='lat' dir='ltr'><strong>alterum</strong></span> <span class='ocrx_word' id='word_1_720' title='bbox 741 2559 897 2588; x_wconf 87' lang='lat' dir='ltr'><strong>necessario</strong></span> <span class='ocrx_word' id='word_1_721' title='bbox 910 2561 964 2588; x_wconf 90' lang='lat' dir='ltr'><strong>tol-</strong></span> 
     </span>
    </p>
   </div>
   <div class='ocr_carea' id='block_1_98' title="bbox 175 2605 964 2642">
    <p class='ocr_par' dir='ltr' id='par_1_98' title="bbox 175 2605 964 2642">
     <span class='ocr_line' id='line_1_98' title="bbox 175 2605 964 2642; baseline 0 -8"><span class='ocrx_word' id='word_1_722' title='bbox 175 2609 260 2635; x_wconf 81' lang='lat' dir='ltr'><strong>lalur.</strong></span> <span class='ocrx_word' id='word_1_723' title='bbox 279 2606 312 2633; x_wconf 89' lang='lat' dir='ltr'><strong>Et</strong></span> <span class='ocrx_word' id='word_1_724' title='bbox 329 2607 380 2634; x_wconf 91' lang='lat' dir='ltr'><strong>hoc</strong></span> <span class='ocrx_word' id='word_1_725' title='bbox 390 2605 480 2634; x_wconf 85' lang='lat' dir='ltr'><strong>solum</strong></span> <span class='ocrx_word' id='word_1_726' title='bbox 496 2611 548 2639; x_wconf 86' lang='lat' dir='ltr'><strong>est,</strong></span> <span class='ocrx_word' id='word_1_727' title='bbox 561 2608 633 2642; x_wconf 86' lang='lat' dir='ltr'><strong>quod</strong></span> <span class='ocrx_word' id='word_1_728' title='bbox 648 2607 902 2642; x_wconf 77' lang='lat' dir='ltr'><strong>paradogmatizare</strong></span> <span class='ocrx_word' id='word_1_729' title='bbox 915 2614 964 2642; x_wconf 83' lang='lat' dir='ltr'><strong>ap-</strong></span> 
     </span>
    </p>
   </div>
   <div class='ocr_carea' id='block_1_99' title="bbox 173 2652 964 2689">
    <p class='ocr_par' dir='ltr' id='par_1_99' title="bbox 173 2652 964 2689">
     <span class='ocr_line' id='line_1_99' title="bbox 173 2652 964 2689; baseline 0 -8"><span class='ocrx_word' id='word_1_730' title='bbox 173 2655 321 2689; x_wconf 80' lang='lat' dir='ltr'><strong>pellamus.</strong></span> <span class='ocrx_word' id='word_1_731' title='bbox 336 2653 375 2680; x_wconf 87' lang='lat' dir='ltr'><strong>lta</strong></span> <span class='ocrx_word' id='word_1_732' title='bbox 391 2653 464 2679; x_wconf 84' lang='lat' dir='ltr'><strong>enim</strong></span> <span class='ocrx_word' id='word_1_733' title='bbox 477 2652 651 2680; x_wconf 79' lang='lat' dir='ltr'><strong>solummodo</strong></span> <span class='ocrx_word' id='word_1_734' title='bbox 660 2661 775 2688; x_wconf 81' lang='lat' dir='ltr'><strong>peccare</strong></span> <span class='ocrx_word' id='word_1_735' title='bbox 806 2653 833 2681; x_wconf 89' lang='lat' dir='ltr'><strong>in</strong></span> <span class='ocrx_word' id='word_1_736' title='bbox 849 2653 964 2689; x_wconf 76' lang='lat' dir='ltr'><strong>dogma-</strong></span> 
     </span>
    </p>
   </div>
   <div class='ocr_carea' id='block_1_100' title="bbox 174 2699 979 2739">
    <p class='ocr_par' dir='ltr' id='par_1_100' title="bbox 174 2699 979 2739">
     <span class='ocr_line' id='line_1_100' title="bbox 174 2699 979 2739; baseline -0.001 -11"><span class='ocrx_word' id='word_1_737' title='bbox 174 2706 214 2733; x_wconf 85' lang='lat' dir='ltr'><strong>ta,</strong></span> <span class='ocrx_word' id='word_1_738' title='bbox 237 2701 264 2728; x_wconf 91' lang='lat' dir='ltr'><strong>in</strong></span> <span class='ocrx_word' id='word_1_739' title='bbox 296 2699 550 2736; x_wconf 72' lang='lat' dir='ltr'><strong>parudogmatizare</strong></span> <span class='ocrx_word' id='word_1_740' title='bbox 570 2701 694 2733; x_wconf 81' lang='lat' dir='ltr'><strong>deﬁnito,</strong></span> <span class='ocrx_word' id='word_1_741' title='bbox 717 2707 814 2728; x_wconf 85' lang='lat' dir='ltr'><strong>omnes</strong></span> <span class='ocrx_word' id='word_1_742' title='bbox 843 2700 892 2735; x_wconf 85' lang='lat' dir='ltr'><strong>qui</strong></span> <span class='ocrx_word' id='word_1_743' title='bbox 913 2708 979 2739; x_wconf 14' lang='grc' dir='ltr'><strong>ιλιι-μ</strong></span> 
     </span>
    </p>
   </div>
   <div class='ocr_carea' id='block_1_101' title="bbox 176 2745 967 2782">
    <p class='ocr_par' dir='ltr' id='par_1_101' title="bbox 176 2745 967 2782">
     <span class='ocr_line' id='line_1_101' title="bbox 176 2745 967 2782; baseline 0 -9"><span class='ocrx_word' id='word_1_744' title='bbox 176 2753 259 2782; x_wconf 81' lang='lat' dir='ltr'><strong>quam</strong></span> <span class='ocrx_word' id='word_1_745' title='bbox 269 2745 370 2781; x_wconf 87' lang='lat' dir='ltr'><strong>aliquid</strong></span> <span class='ocrx_word' id='word_1_746' title='bbox 381 2746 416 2774; x_wconf 84' lang='lat' dir='ltr'><strong>de</strong></span> <span class='ocrx_word' id='word_1_747' title='bbox 428 2746 484 2775; x_wconf 89' lang='lat' dir='ltr'><strong>Deo</strong></span> <span class='ocrx_word' id='word_1_748' title='bbox 499 2746 639 2782; x_wconf 81' lang='lat' dir='ltr'><strong>dixerunt,</strong></span> <span class='ocrx_word' id='word_1_749' title='bbox 669 2745 852 2782; x_wconf 86' lang='lat' dir='ltr'><strong>inculpabiles</strong></span> <span class='ocrx_word' id='word_1_750' title='bbox 873 2746 967 2774; x_wconf 88' lang='lat' dir='ltr'><strong>dimit-</strong></span> 
     </span>
    </p>
   </div>
   <div class='ocr_carea' id='block_1_102' title="bbox 177 2801 278 2823">
    <p class='ocr_par' dir='ltr' id='par_1_102' title="bbox 177 2801 278 2823">
     <span class='ocr_line' id='line_1_102' title="bbox 177 2801 278 2823; baseline -0.02 0"><span class='ocrx_word' id='word_1_751' title='bbox 177 2801 278 2823; x_wconf 70' lang='lat' dir='ltr'><strong>temne.</strong></span> 
     </span>
    </p>
   </div>
   <div class='ocr_carea' id='block_1_103' title="bbox 215 2839 966 2875">
    <p class='ocr_par' dir='ltr' id='par_1_103' title="bbox 215 2839 966 2875">
     <span class='ocr_line' id='line_1_103' title="bbox 215 2839 966 2875; baseline 0.001 -8"><span class='ocrx_word' id='word_1_752' title='bbox 215 2843 248 2868; x_wconf 76' lang='lat' dir='ltr'><strong>At</strong></span> <span class='ocrx_word' id='word_1_753' title='bbox 263 2848 310 2868; x_wconf 83' lang='lat' dir='ltr'><strong>ver</strong></span> <span class='ocrx_word' id='word_1_754' title='bbox 321 2851 327 2867; x_wconf 86' lang='lat' dir='ltr'><strong>l</strong></span> <span class='ocrx_word' id='word_1_755' title='bbox 338 2841 461 2870; x_wconf 76' lang='lat' dir='ltr'><strong>Romana</strong></span> <span class='ocrx_word' id='word_1_756' title='bbox 480 2840 613 2874; x_wconf 85' lang='lat' dir='ltr'><strong>Ecclesia,</strong></span> <span class='ocrx_word' id='word_1_757' title='bbox 630 2845 657 2868; x_wconf 90' lang='lat' dir='ltr'><strong>et</strong></span> <span class='ocrx_word' id='word_1_758' title='bbox 665 2848 698 2868; x_wconf 89' lang='lat' dir='ltr'><strong>ex</strong></span> <span class='ocrx_word' id='word_1_759' title='bbox 711 2839 782 2868; x_wconf 79' lang='lat' dir='ltr'><strong>Filio</strong></span> <span class='ocrx_word' id='word_1_760' title='bbox 817 2840 966 2875; x_wconf 87' lang='lat' dir='ltr'><strong>procedere</strong></span> 
     </span>
    </p>
   </div>
   <div class='ocr_carea' id='block_1_104' title="bbox 179 2886 966 2922">
    <p class='ocr_par' dir='ltr' id='par_1_104' title="bbox 179 2886 966 2922">
     <span class='ocr_line' id='line_1_104' title="bbox 179 2886 966 2922; baseline 0.001 -9"><span class='ocrx_word' id='word_1_761' title='bbox 179 2887 311 2922; x_wconf 72' lang='lat' dir='ltr'><strong>Spiritum</strong></span> <span class='ocrx_word' id='word_1_762' title='bbox 325 2892 450 2916; x_wconf 64' lang='lat' dir='ltr'><strong>sanctum</strong></span> <span class='ocrx_word' id='word_1_763' title='bbox 478 2886 595 2920; x_wconf 85' lang='lat' dir='ltr'><strong>dicente,</strong></span> <span class='ocrx_word' id='word_1_764' title='bbox 611 2886 679 2914; x_wconf 89' lang='lat' dir='ltr'><strong>nihil</strong></span> <span class='ocrx_word' id='word_1_765' title='bbox 707 2886 816 2921; x_wconf 83' lang='lat' dir='ltr'><strong>penitus</strong></span> <span class='ocrx_word' id='word_1_766' title='bbox 839 2894 886 2922; x_wconf 78' lang='lat' dir='ltr'><strong>per</strong></span> <span class='ocrx_word' id='word_1_767' title='bbox 914 2888 966 2914; x_wconf 91' lang='lat' dir='ltr'><strong>hoc</strong></span> 
     </span>
    </p>
   </div>
   <div class='ocr_carea' id='block_1_105' title="bbox 1016 2281 1797 2318">
    <p class='ocr_par' dir='ltr' id='par_1_105' title="bbox 1016 2281 1797 2318">
     <span class='ocr_line' id='line_1_105' title="bbox 1016 2281 1797 2318; baseline -0.006 -6"><span class='ocrx_word' id='word_1_768' title='bbox 1016 2292 1072 2312; x_wconf 88' lang='lat' dir='ltr'><strong>non</strong></span> <span class='ocrx_word' id='word_1_769' title='bbox 1086 2292 1118 2312; x_wconf 86' lang='lat' dir='ltr'><strong>ex</strong></span> <span class='ocrx_word' id='word_1_770' title='bbox 1131 2283 1246 2311; x_wconf 88' lang='lat' dir='ltr'><strong>minima</strong></span> <span class='ocrx_word' id='word_1_771' title='bbox 1273 2288 1362 2318; x_wconf 82' lang='lat' dir='ltr'><strong>parte,</strong></span> <span class='ocrx_word' id='word_1_772' title='bbox 1376 2282 1511 2318; x_wconf 84' lang='lat' dir='ltr'><strong>siquidem</strong></span> <span class='ocrx_word' id='word_1_773' title='bbox 1521 2283 1645 2317; x_wconf 87' lang='lat' dir='ltr'><strong>quinque</strong></span> <span class='ocrx_word' id='word_1_774' title='bbox 1662 2281 1723 2316; x_wconf 86' lang='lat' dir='ltr'><strong>ejus</strong></span> <span class='ocrx_word' id='word_1_775' title='bbox 1734 2281 1797 2316; x_wconf 89' lang='lat' dir='ltr'><strong>prin-</strong></span> 
     </span>
    </p>
   </div>
   <div class='ocr_carea' id='block_1_106' title="bbox 1016 2327 1796 2365">
    <p class='ocr_par' dir='ltr' id='par_1_106' title="bbox 1016 2327 1796 2365">
     <span class='ocr_line' id='line_1_106' title="bbox 1016 2327 1796 2365; baseline -0.006 -8"><span class='ocrx_word' id='word_1_776' title='bbox 1016 2330 1177 2365; x_wconf 85' lang='lat' dir='ltr'><strong>cipaliorum</strong></span> <span class='ocrx_word' id='word_1_777' title='bbox 1197 2329 1327 2365; x_wconf 86' lang='lat' dir='ltr'><strong>partium,</strong></span> <span class='ocrx_word' id='word_1_778' title='bbox 1350 2337 1366 2356; x_wconf 85' lang='lat' dir='ltr'><strong>a</strong></span> <span class='ocrx_word' id='word_1_779' title='bbox 1387 2328 1489 2364; x_wconf 85' lang='lat' dir='ltr'><strong>quibus</strong></span> <span class='ocrx_word' id='word_1_780' title='bbox 1516 2332 1649 2362; x_wconf 88' lang='lat' dir='ltr'><strong>tanquam</strong></span> <span class='ocrx_word' id='word_1_781' title='bbox 1680 2327 1796 2354; x_wconf 83' lang='lat' dir='ltr'><strong>sensibus</strong></span> 
     </span>
    </p>
   </div>
   <div class='ocr_carea' id='block_1_107' title="bbox 1014 2373 1796 2413">
    <p class='ocr_par' dir='ltr' id='par_1_107' title="bbox 1014 2373 1796 2413">
     <span class='ocr_line' id='line_1_107' title="bbox 1014 2373 1796 2413; baseline -0.008 -9"><span class='ocrx_word' id='word_1_782' title='bbox 1014 2376 1191 2413; x_wconf 84' lang='lat' dir='ltr'><strong>quihusdam,</strong></span> <span class='ocrx_word' id='word_1_783' title='bbox 1204 2375 1363 2402; x_wconf 80' lang='lat' dir='ltr'><strong>universum</strong></span> <span class='ocrx_word' id='word_1_784' title='bbox 1378 2375 1438 2410; x_wconf 78' lang='lat' dir='ltr'><strong>ejus</strong></span> <span class='ocrx_word' id='word_1_785' title='bbox 1446 2381 1548 2408; x_wconf 85' lang='lat' dir='ltr'><strong>corpus</strong></span> <span class='ocrx_word' id='word_1_786' title='bbox 1557 2373 1728 2407; x_wconf 84' lang='lat' dir='ltr'><strong>completum</strong></span> <span class='ocrx_word' id='word_1_787' title='bbox 1735 2377 1796 2405; x_wconf 87' lang='lat' dir='ltr'><strong>erat,</strong></span> 
     </span>
    </p>
   </div>
   <div class='ocr_carea' id='block_1_108' title="bbox 1014 2419 1794 2458">
    <p class='ocr_par' dir='ltr' id='par_1_108' title="bbox 1014 2419 1794 2458">
     <span class='ocr_line' id='line_1_108' title="bbox 1014 2419 1794 2458; baseline -0.008 -8"><span class='ocrx_word' id='word_1_788' title='bbox 1014 2428 1133 2458; x_wconf 89' lang='lat' dir='ltr'><strong>quatuor</strong></span> <span class='ocrx_word' id='word_1_789' title='bbox 1151 2422 1233 2458; x_wconf 72' lang='lat' dir='ltr'><strong>lapsae</strong></span> <span class='ocrx_word' id='word_1_790' title='bbox 1248 2425 1320 2454; x_wconf 87' lang='lat' dir='ltr'><strong>sunt,</strong></span> <span class='ocrx_word' id='word_1_791' title='bbox 1340 2421 1429 2456; x_wconf 90' lang='lat' dir='ltr'><strong>prima</strong></span> <span class='ocrx_word' id='word_1_792' title='bbox 1449 2427 1513 2448; x_wconf 92' lang='lat' dir='ltr'><strong>vero</strong></span> <span class='ocrx_word' id='word_1_793' title='bbox 1526 2425 1634 2446; x_wconf 88' lang='lat' dir='ltr'><strong>tantum</strong></span> <span class='ocrx_word' id='word_1_794' title='bbox 1649 2419 1794 2446; x_wconf 83' lang='lat' dir='ltr'><strong>remansit:</strong></span> 
     </span>
    </p>
   </div>
   <div class='ocr_carea' id='block_1_109' title="bbox 1015 2465 1796 2503">
    <p class='ocr_par' dir='ltr' id='par_1_109' title="bbox 1015 2465 1796 2503">
     <span class='ocr_line' id='line_1_109' title="bbox 1015 2465 1796 2503; baseline -0.008 -8"><span class='ocrx_word' id='word_1_795' title='bbox 1015 2469 1155 2503; x_wconf 85' lang='lat' dir='ltr'><strong>quomodo</strong></span> <span class='ocrx_word' id='word_1_796' title='bbox 1171 2467 1206 2495; x_wconf 88' lang='lat' dir='ltr'><strong>de</strong></span> <span class='ocrx_word' id='word_1_797' title='bbox 1222 2472 1322 2495; x_wconf 74' lang='lat' dir='ltr'><strong>caetero</strong></span> <span class='ocrx_word' id='word_1_798' title='bbox 1339 2474 1393 2494; x_wconf 93' lang='lat' dir='ltr'><strong>non</strong></span> <span class='ocrx_word' id='word_1_799' title='bbox 1411 2465 1548 2494; x_wconf 81' lang='lat' dir='ltr'><strong>exsistens</strong></span> <span class='ocrx_word' id='word_1_800' title='bbox 1563 2465 1685 2500; x_wconf 73' lang='lat' dir='ltr'><strong>integra,</strong></span> <span class='ocrx_word' id='word_1_801' title='bbox 1712 2466 1796 2492; x_wconf 79' lang='lat' dir='ltr'><strong>catho-</strong></span> 
     </span>
    </p>
   </div>
   <div class='ocr_carea' id='block_1_110' title="bbox 1016 2509 1795 2548">
    <p class='ocr_par' dir='ltr' id='par_1_110' title="bbox 1016 2509 1795 2548">
     <span class='ocr_line' id='line_1_110' title="bbox 1016 2509 1795 2548; baseline -0.006 -7"><span class='ocrx_word' id='word_1_802' title='bbox 1016 2514 1068 2542; x_wconf 86' lang='lat' dir='ltr'><strong>lica</strong></span> <span class='ocrx_word' id='word_1_803' title='bbox 1086 2518 1140 2547; x_wconf 89' lang='lat' dir='ltr'><strong>est,</strong></span> <span class='ocrx_word' id='word_1_804' title='bbox 1158 2513 1202 2541; x_wconf 86' lang='lat' dir='ltr'><strong>vel</strong></span> <span class='ocrx_word' id='word_1_805' title='bbox 1219 2513 1300 2547; x_wconf 84' lang='lat' dir='ltr'><strong>cujus</strong></span> <span class='ocrx_word' id='word_1_806' title='bbox 1314 2512 1433 2548; x_wconf 82' lang='lat' dir='ltr'><strong>amplius</strong></span> <span class='ocrx_word' id='word_1_807' title='bbox 1446 2511 1571 2546; x_wconf 86' lang='lat' dir='ltr'><strong>corporis</strong></span> <span class='ocrx_word' id='word_1_808' title='bbox 1598 2509 1724 2538; x_wconf 80' lang='lat' dir='ltr'><strong>Ecclesia</strong></span> <span class='ocrx_word' id='word_1_809' title='bbox 1750 2510 1795 2537; x_wconf 78' lang='lat' dir='ltr'><strong>Bo-</strong></span> 
     </span>
    </p>
   </div>
   <div class='ocr_carea' id='block_1_111' title="bbox 1016 2556 1793 2594">
    <p class='ocr_par' dir='ltr' id='par_1_111' title="bbox 1016 2556 1793 2594">
     <span class='ocr_line' id='line_1_111' title="bbox 1016 2556 1793 2594; baseline -0.006 -7"><span class='ocrx_word' id='word_1_810' title='bbox 1016 2567 1097 2587; x_wconf 86' lang='lat' dir='ltr'><strong>mana</strong></span> <span class='ocrx_word' id='word_1_811' title='bbox 1109 2562 1193 2594; x_wconf 90' lang='lat' dir='ltr'><strong>caput</strong></span> <span class='ocrx_word' id='word_1_812' title='bbox 1206 2563 1259 2592; x_wconf 85' lang='lat' dir='ltr'><strong>est,</strong></span> <span class='ocrx_word' id='word_1_813' title='bbox 1277 2566 1311 2586; x_wconf 88' lang='lat' dir='ltr'><strong>ex</strong></span> <span class='ocrx_word' id='word_1_814' title='bbox 1326 2565 1383 2594; x_wconf 88' lang='lat' dir='ltr'><strong>quo</strong></span> <span class='ocrx_word' id='word_1_815' title='bbox 1395 2557 1462 2585; x_wconf 91' lang='lat' dir='ltr'><strong>illud</strong></span> <span class='ocrx_word' id='word_1_816' title='bbox 1489 2556 1561 2592; x_wconf 89' lang='lat' dir='ltr'><strong>quod</strong></span> <span class='ocrx_word' id='word_1_817' title='bbox 1586 2556 1668 2583; x_wconf 86' lang='lat' dir='ltr'><strong>initio</strong></span> <span class='ocrx_word' id='word_1_818' title='bbox 1697 2557 1793 2583; x_wconf 91' lang='lat' dir='ltr'><strong>unitum</strong></span> 
     </span>
    </p>
   </div>
   <div class='ocr_carea' id='block_1_112' title="bbox 1015 2601 1795 2638">
    <p class='ocr_par' dir='ltr' id='par_1_112' title="bbox 1015 2601 1795 2638">
     <span class='ocr_line' id='line_1_112' title="bbox 1015 2601 1795 2638; baseline -0.012 -5"><span class='ocrx_word' id='word_1_819' title='bbox 1015 2611 1076 2634; x_wconf 85' lang='lat' dir='ltr'><strong>erat</strong></span> <span class='ocrx_word' id='word_1_820' title='bbox 1093 2605 1129 2638; x_wconf 86' lang='lat' dir='ltr'><strong>ei,</strong></span> <span class='ocrx_word' id='word_1_821' title='bbox 1149 2604 1277 2632; x_wconf 79' lang='lat' dir='ltr'><strong>discessit</strong></span> <span class='ocrx_word' id='word_1_822' title='bbox 1288 2604 1322 2632; x_wconf 87' lang='lat' dir='ltr'><strong>ab</strong></span> <span class='ocrx_word' id='word_1_823' title='bbox 1333 2611 1378 2637; x_wconf 80' lang='lat' dir='ltr'><strong>ea,</strong></span> <span class='ocrx_word' id='word_1_824' title='bbox 1397 2602 1438 2630; x_wconf 87' lang='lat' dir='ltr'><strong>vel</strong></span> <span class='ocrx_word' id='word_1_825' title='bbox 1451 2601 1590 2637; x_wconf 90' lang='lat' dir='ltr'><strong>quomodo</strong></span> <span class='ocrx_word' id='word_1_826' title='bbox 1603 2601 1728 2628; x_wconf 86' lang='lat' dir='ltr'><strong>totaliter</strong></span> <span class='ocrx_word' id='word_1_827' title='bbox 1746 2601 1795 2626; x_wconf 77' lang='lat' dir='ltr'><strong>viva</strong></span> 
     </span>
    </p>
   </div>
   <div class='ocr_carea' id='block_1_113' title="bbox 1016 2651 1199 2686">
    <p class='ocr_par' dir='ltr' id='par_1_113' title="bbox 1016 2651 1199 2686">
     <span class='ocr_line' id='line_1_113' title="bbox 1016 2651 1199 2686; baseline -0.011 -6"><span class='ocrx_word' id='word_1_828' title='bbox 1016 2659 1078 2680; x_wconf 83' lang='lat' dir='ltr'><strong>esse</strong></span> <span class='ocrx_word' id='word_1_829' title='bbox 1090 2651 1199 2686; x_wconf 84' lang='lat' dir='ltr'><strong>potest?</strong></span> 
     </span>
    </p>
   </div>
   <div class='ocr_carea' id='block_1_114' title="bbox 1052 2694 1793 2734">
    <p class='ocr_par' dir='ltr' id='par_1_114' title="bbox 1052 2694 1793 2734">
     <span class='ocr_line' id='line_1_114' title="bbox 1052 2694 1793 2734; baseline -0.009 -6"><span class='ocrx_word' id='word_1_830' title='bbox 1052 2699 1093 2727; x_wconf 82' lang='lat' dir='ltr'><strong>Ad</strong></span> <span class='ocrx_word' id='word_1_831' title='bbox 1120 2699 1178 2727; x_wconf 85' lang='lat' dir='ltr'><strong>haec</strong></span> <span class='ocrx_word' id='word_1_832' title='bbox 1198 2699 1318 2734; x_wconf 87' lang='lat' dir='ltr'><strong>primum</strong></span> <span class='ocrx_word' id='word_1_833' title='bbox 1343 2697 1455 2732; x_wconf 89' lang='lat' dir='ltr'><strong>quidem</strong></span> <span class='ocrx_word' id='word_1_834' title='bbox 1482 2699 1592 2731; x_wconf 79' lang='lat' dir='ltr'><strong>oportet</strong></span> <span class='ocrx_word' id='word_1_835' title='bbox 1614 2694 1793 2726; x_wconf 73' lang='lat' dir='ltr'><strong>considerare,</strong></span> 
     </span>
    </p>
   </div>
   <div class='ocr_carea' id='block_1_115' title="bbox 1017 2741 1794 2781">
    <p class='ocr_par' dir='ltr' id='par_1_115' title="bbox 1017 2741 1794 2781">
     <span class='ocr_line' id='line_1_115' title="bbox 1017 2741 1794 2781; baseline -0.009 -7"><span class='ocrx_word' id='word_1_836' title='bbox 1017 2746 1090 2781; x_wconf 90' lang='lat' dir='ltr'><strong>quod</strong></span> <span class='ocrx_word' id='word_1_837' title='bbox 1104 2746 1128 2774; x_wconf 84' lang='lat' dir='ltr'><strong>si</strong></span> <span class='ocrx_word' id='word_1_838' title='bbox 1145 2745 1208 2781; x_wconf 90' lang='lat' dir='ltr'><strong>quis</strong></span> <span class='ocrx_word' id='word_1_839' title='bbox 1224 2744 1319 2773; x_wconf 88' lang='lat' dir='ltr'><strong>eadem</strong></span> <span class='ocrx_word' id='word_1_840' title='bbox 1337 2743 1397 2779; x_wconf 85' lang='lat' dir='ltr'><strong>ipsa</strong></span> <span class='ocrx_word' id='word_1_841' title='bbox 1407 2742 1537 2776; x_wconf 74' lang='lat' dir='ltr'><strong>obiiceret</strong></span> <span class='ocrx_word' id='word_1_842' title='bbox 1550 2741 1584 2769; x_wconf 82' lang='lat' dir='ltr'><strong>ad</strong></span> <span class='ocrx_word' id='word_1_843' title='bbox 1596 2741 1674 2776; x_wconf 85' lang='lat' dir='ltr'><strong>ipsos</strong></span> <span class='ocrx_word' id='word_1_844' title='bbox 1687 2741 1794 2771; x_wconf 64' lang='lat' dir='ltr'><strong>Grec-os.</strong></span> 
     </span>
    </p>
   </div>
   <div class='ocr_carea' id='block_1_116' title="bbox 1017 2785 1795 2828">
    <p class='ocr_par' dir='ltr' id='par_1_116' title="bbox 1017 2785 1795 2828">
     <span class='ocr_line' id='line_1_116' title="bbox 1017 2785 1795 2828; baseline -0.01 -8"><span class='ocrx_word' id='word_1_845' title='bbox 1017 2792 1065 2828; x_wconf 91' lang='lat' dir='ltr'><strong>qui</strong></span> <span class='ocrx_word' id='word_1_846' title='bbox 1079 2791 1176 2819; x_wconf 91' lang='lat' dir='ltr'><strong>dicunt</strong></span> <span class='ocrx_word' id='word_1_847' title='bbox 1190 2799 1219 2819; x_wconf 83' lang='lat' dir='ltr'><strong>se</strong></span> <span class='ocrx_word' id='word_1_848' title='bbox 1235 2791 1311 2819; x_wconf 89' lang='lat' dir='ltr'><strong>solos</strong></span> <span class='ocrx_word' id='word_1_849' title='bbox 1326 2790 1354 2817; x_wconf 90' lang='lat' dir='ltr'><strong>in</strong></span> <span class='ocrx_word' id='word_1_850' title='bbox 1379 2789 1432 2816; x_wconf 81' lang='lat' dir='ltr'><strong>fide</strong></span> <span class='ocrx_word' id='word_1_851' title='bbox 1448 2789 1552 2820; x_wconf 82' lang='lat' dir='ltr'><strong>vivere,</strong></span> <span class='ocrx_word' id='word_1_852' title='bbox 1573 2791 1601 2815; x_wconf 89' lang='lat' dir='ltr'><strong>et</strong></span> <span class='ocrx_word' id='word_1_853' title='bbox 1624 2794 1659 2815; x_wconf 75' lang='lat' dir='ltr'><strong>ex</strong></span> <span class='ocrx_word' id='word_1_854' title='bbox 1687 2794 1718 2814; x_wconf 86' lang='lat' dir='ltr'><strong>se</strong></span> <span class='ocrx_word' id='word_1_855' title='bbox 1741 2785 1795 2813; x_wconf 81' lang='lat' dir='ltr'><strong>solis</strong></span> 
     </span>
    </p>
   </div>
   <div class='ocr_carea' id='block_1_117' title="bbox 1019 2833 1795 2873">
    <p class='ocr_par' dir='ltr' id='par_1_117' title="bbox 1019 2833 1795 2873">
     <span class='ocr_line' id='line_1_117' title="bbox 1019 2833 1795 2873; baseline -0.012 -7"><span class='ocrx_word' id='word_1_856' title='bbox 1019 2839 1182 2873; x_wconf 86' lang='lat' dir='ltr'><strong>completam</strong></span> <span class='ocrx_word' id='word_1_857' title='bbox 1195 2845 1257 2865; x_wconf 83' lang='lat' dir='ltr'><strong>esse</strong></span> <span class='ocrx_word' id='word_1_858' title='bbox 1273 2836 1438 2864; x_wconf 87' lang='lat' dir='ltr'><strong>catholicam</strong></span> <span class='ocrx_word' id='word_1_859' title='bbox 1462 2834 1626 2866; x_wconf 80' lang='lat' dir='ltr'><strong>Ecclesiam,</strong></span> <span class='ocrx_word' id='word_1_860' title='bbox 1642 2833 1733 2868; x_wconf 82' lang='lat' dir='ltr'><strong>capite</strong></span> <span class='ocrx_word' id='word_1_861' title='bbox 1746 2839 1795 2866; x_wconf 78' lang='lat' dir='ltr'><strong>pcr-</strong></span> 
     </span>
    </p>
   </div>
   <div class='ocr_carea' id='block_1_118' title="bbox 1020 2878 1794 2919">
    <p class='ocr_par' dir='ltr' id='par_1_118' title="bbox 1020 2878 1794 2919">
     <span class='ocr_line' id='line_1_118' title="bbox 1020 2878 1794 2919; baseline -0.009 -7"><span class='ocrx_word' id='word_1_862' title='bbox 1020 2884 1087 2919; x_wconf 90' lang='lat' dir='ltr'><strong>dito,</strong></span> <span class='ocrx_word' id='word_1_863' title='bbox 1104 2892 1163 2919; x_wconf 69' lang='lat' dir='ltr'><strong>quae</strong></span> <span class='ocrx_word' id='word_1_864' title='bbox 1178 2885 1274 2919; x_wconf 85' lang='lat' dir='ltr'><strong>utique</strong></span> <span class='ocrx_word' id='word_1_865' title='bbox 1286 2883 1338 2918; x_wconf 83' lang='lat' dir='ltr'><strong>ipsi</strong></span> <span class='ocrx_word' id='word_1_866' title='bbox 1355 2883 1388 2910; x_wconf 85' lang='lat' dir='ltr'><strong>ad</strong></span> <span class='ocrx_word' id='word_1_867' title='bbox 1405 2881 1532 2910; x_wconf 87' lang='lat' dir='ltr'><strong>similiter</strong></span> <span class='ocrx_word' id='word_1_868' title='bbox 1560 2880 1593 2908; x_wconf 76' lang='lat' dir='ltr'><strong>ad</strong></span> <span class='ocrx_word' id='word_1_869' title='bbox 1622 2887 1671 2908; x_wconf 81' lang='lat' dir='ltr'><strong>eos</strong></span> <span class='ocrx_word' id='word_1_870' title='bbox 1698 2878 1794 2914; x_wconf 77' lang='lat' dir='ltr'><strong>objecta</strong></span> 
     </span>
    </p>
   </div>
  </div>
