1868 3069
81 147 152 179 i309

751 155 827 185 PRO
842 154 928 185 LATI
935 155 1006 186 NIS.

1631 158 1700 190 1310

80 212 301 245 respondissent,
317 213 376 241 haec
404 214 484 242 nobis
499 216 588 243 multo
614 215 807 244 rationabilius
831 214 864 242 ad
880 213 903 244 Δ
917 215 1122 243 communicant
1142 216 1270 244 Ecclesize
1287 215 1416 244 Romanae
1441 217 1634 244 schismaticos
1653 226 1703 252 ap-

79 257 138 285 haec
153 258 245 286 dicere
257 261 410 288 conveniet.

115 303 365 340 Deindesiquidem
378 307 505 335 animalis
533 310 689 345 exemplum
717 310 797 344 sequi
816 316 868 336 vo-

77 349 227 381 luerimus.
241 359 296 379 non
311 353 405 387 utique
423 361 517 381 verum
546 360 599 386 est,
630 360 742 390 propter
769 355 866 382 horum

79 398 204 425 schisma
222 399 380 426 universum
398 400 526 428 Ecclesiae
537 408 639 436 corpus
650 409 664 428 a
674 402 762 436 capite
778 401 868 428 dicere

78 443 254 472 discessisse.
266 445 354 479 Caput
367 446 440 473 enim
469 445 600 474 Ecclesia:
631 452 685 479 est,
715 454 768 474 non
794 451 868 474 totus

78 489 217 518 Occidens
232 497 258 518 et
270 490 444 525 Septentrio;
461 492 507 519 sed
522 492 610 520 solius
641 493 717 520 urbis
739 491 869 520 Romam:

81 534 285 563 Ecclesiahanc
303 537 383 564 habet
398 538 569 572 dignitatem.
584 539 636 565 'l‘ot
652 546 717 566 vero
733 541 760 565 et
787 542 868 565 tanta:

79 581 144 608 aliae
161 581 292 610 Ecclesia:
306 581 493 611 Occidentales
519 589 546 612 et
573 584 820 619 Septentrionales,
843 587 870 611 ct

81 627 136 654 alia
149 635 248 662 genera
259 635 390 662 purorum
405 629 625 657 Christianorum
644 635 725 657 terrae
748 630 832 656 ﬁrmae
845 633 871 656 et

80 673 238 700 insularum
266 681 327 700 cum
353 681 384 701 ea
408 680 612 706 remanserunt,
641 680 669 703 ut
705 676 730 702 hi
759 675 869 709 quidem

80 725 181 745 omnes
198 720 412 753 correspondere
422 721 532 748 valeant
545 721 655 755 reliquo
673 721 800 748 animalis
810 727 872 747 cor-

84 766 199 801 pori,et
209 766 340 794 continuo
361 767 544 802 eapitiunito.
570 768 603 795 lli
616 775 680 795 vero
707 768 872 803 patriarchae

83 813 133 847 qui
146 820 208 840 eam
221 814 410 848 reliquerunt,
425 822 555 842 manuum
573 815 614 842 vel
632 815 730 850 pedum
759 821 873 849 prapnr-

83 859 190 885 tionem
205 859 341 886 hahesnt:
356 866 415 893 quae
427 860 535 887 abscisa
552 868 566 887 a
581 867 711 894 corpore,
741 859 798 894 ipsa
812 859 872 893 qui-

84 905 148 933 dem
165 904 199 932 de
213 905 376 932 necessitate
400 909 508 932 mortua
521 911 597 938 sunt,
615 905 723 940 corpori
738 913 803 931 vero
818 912 872 931 non

85 958 196 985 semper
213 951 353 978 interitum
369 952 469 979 lerunt.
484 951 560 985 item,
581 960 670 987 neque
684 952 755 979 sicut
774 952 801 978 in
812 951 872 978 ani-

85 997 216 1031 malibus,
231 998 292 1024 loco
307 1002 501 1032 corruptorum
519 999 718 1031 membrorum,
732 998 872 1032 caputalia

85 1045 206 1072 condere
225 1045 319 1079 nequit
331 1064 339 1077 ,
355 1045 393 1072 ita
411 1053 522 1080 quoque
539 1046 566 1073 in
586 1046 707 1073 Ecclesia
722 1049 766 1074 est
785 1055 792 1073 :
826 1045 874 1073 scd

86 1090 296 1125 sempercapiti,
311 1091 372 1118 loco
387 1091 550 1125 labentium,
581 1092 646 1119 licet
662 1092 714 1119 alia
745 1091 873 1124 condere,

87 1142 118 1165 ut
131 1144 239 1172 semper
253 1137 341 1172 ipsum
354 1137 390 1165 sit
402 1144 463 1164 cum
492 1137 600 1171 integro
612 1145 737 1172 corpore.
765 1135 875 1164 Scimus

86 1183 174 1214 enim,
192 1184 264 1217 quod
277 1190 345 1217 papa
363 1182 474 1217 quidem
484 1186 678 1217 potestcrcare
693 1182 873 1216 patriarchas.

87 1227 252 1262 patriarcha:
266 1234 330 1254 vero
340 1234 435 1261 papam
453 1234 548 1254 creare
559 1235 613 1255 non
627 1231 752 1262 possunt.
770 1227 802 1254 Et
815 1226 876 1254 ideo

88 1275 117 1301 hi
149 1273 259 1308 quidem
285 1281 427 1308 nunquam
458 1274 509 1300 hoc
532 1278 730 1301 tentaverunt:
759 1273 876 1301 Romani

88 1328 155 1348 vero
171 1320 313 1355 pontiﬁces
327 1324 389 1347 ante
401 1319 520 1347 schisma
534 1320 661 1348 videntur
669 1326 695 1347 et
710 1319 876 1354 deponentes

87 1372 115 1394 et
125 1371 317 1401 promoventes
332 1366 515 1393 Patriarchas.
658 1369 662 1373 '

126 1413 198 1447 Ergo
212 1413 340 1447 quoniam
353 1412 420 1439 nihil
435 1412 560 1446 opposite
573 1419 602 1439 se
617 1412 721 1440 habens
748 1411 873 1446 Evange-

88 1458 138 1491 lio,
155 1458 196 1485 vel
212 1458 335 1485 conciliis
348 1458 420 1493 sapit
439 1457 480 1485 vel
510 1458 600 1489 docet,
629 1461 711 1492 prout
735 1461 876 1484 ostensum

88 1509 144 1536 est,
160 1512 214 1531 non
226 1503 317 1531 amisit
330 1503 425 1539 utique
441 1503 552 1531 creandi
563 1503 734 1538 patriarchas
760 1506 879 1537 potesta-

89 1554 144 1576 tem
159 1553 186 1576 et
197 1549 336 1576 virtutem.

127 1594 198 1630 Ergo
215 1603 275 1622 cum
291 1595 317 1622 hi
336 1594 499 1630 patriarcha
513 1595 615 1628 absque
629 1594 682 1620 ulla
699 1593 806 1621 ratione
819 1593 877 1620 dis-

89 1641 242 1669 cessissent
257 1641 290 1668 ab
301 1641 359 1673 ilio,
374 1645 401 1667 et
417 1641 444 1667 in
462 1648 558 1667 eorum
570 1640 738 1668 dimcesibus
769 1639 878 1666 habita-

91 1691 153 1714 rent
171 1686 407 1714 multiChristiani
425 1686 492 1713 uniti
510 1686 560 1718 illi,
582 1686 627 1713 illo
643 1685 760 1719 singulis
779 1685 877 1711 horum

91 1742 106 1761 a
123 1733 384 1768 principiohahente
401 1732 593 1768 hnjusjustam
618 1735 781 1765 potestatem
812 1738 878 1758 con-

91 1778 382 1813 stituendicongruum
397 1777 592 1813 patriarcham,
619 1777 739 1804 Ecclesia
765 1776 877 1810 quidem

94 1825 217 1852 Romana
233 1825 329 1859 capitis
341 1825 475 1852 rationem
489 1824 603 1854 habens,
615 1827 643 1850 et
656 1823 715 1849 loco
730 1821 877 1848 labentium

93 1871 278 1898 membrorum
297 1870 349 1898 alia
370 1877 478 1904 semper
492 1870 631 1901 condens,
649 1873 677 1895 et
692 1868 750 1894 viva
784 1866 879 1901 utique

92 1923 145 1948 est,
155 1917 324 1951 ctintegrum
336 1916 470 1950 reliquum
483 1923 583 1950 corpus
597 1913 702 1941 unitum
713 1912 764 1940 sibi
779 1912 878 1939 habet:

92 1971 142 1991 eos
155 1971 228 1994 vero,
245 1963 292 1998 qui
309 1970 368 1989 eam
387 1962 579 1993 deseruerunt,
599 1959 660 1988 sine
675 1959 763 1993 capite
779 1958 812 1985 de
826 1965 878 1985 ca:-

93 2014 153 2037 tcro
169 2014 193 2036 et
207 2014 329 2036 mortuos
345 2015 405 2035 esse
435 2014 549 2034 necesse
560 2011 612 2033 est.
636 2005 726 2038 Quare
745 2004 768 2032 si
796 2008 879 2038 putas

92 2055 350 2083 uccessariumesse
382 2052 558 2089 generalibus
588 2050 712 2078 conciliis
732 2050 764 2076 ad
795 2050 880 2077 totius

92 2101 334 2135 Complementum,
354 2104 381 2126 et
395 2104 511 2134 quatuor
527 2098 658 2125 interesse
689 2096 873 2131 patriarchas,

93 2146 226 2174 etaudias
247 2151 309 2180 post
338 2144 457 2172 schisma
479 2143 617 2178 generalia
647 2142 737 2176 aliqua
763 2141 879 2168 concilia

93 2199 142 2226 per
155 2198 250 2225 papam
262 2197 324 2218 esse
334 2190 404 2216 facta
419 2189 491 2215 :noli
503 2195 636 2223 qumrere,
651 2193 741 2214 utrum
753 2186 880 2213 etschis-

920 262 1000 296 pello.
1018 262 1073 297 Ego
1088 270 1153 290 vero
1170 268 1235 297 puto
1252 271 1294 290 me
1317 263 1507 291 rationabilius
1524 263 1653 290 admirari
1671 264 1704 291 de

921 311 956 339 te,
977 308 1107 342 quoniam
1119 308 1310 336 admirandum
1322 313 1413 343 putas,
1429 309 1450 336 si
1464 310 1509 343 qui
1527 309 1573 336 illo
1592 310 1705 338 nomine

920 357 1067 386 vocantur,
1091 355 1170 388 cujus
1191 353 1374 381 deﬁnitionem
1395 354 1512 389 perfecte
1537 356 1704 390 suscipiunt.

921 397 988 426 Nam
1009 399 1032 425 si
1050 399 1168 427 volucris
1185 399 1288 432 videre,
1304 407 1364 434 qum
1380 405 1422 427 est
1437 400 1605 428 schismaiici
1621 401 1702 431 ratio,

921 445 1044 472 invenies
1061 445 1132 472 hanc
1156 445 1190 472 iis
1206 445 1253 479 qui
1270 453 1284 473 a
1307 454 1350 473 me
1370 446 1535 473 schismatici
1561 450 1704 478 vocantur,

921 490 1102 518 nihilominus
1126 498 1208 525 quam
1240 491 1361 518 hominis
1380 492 1515 518 rationem
1540 499 1702 526 congruere.

923 537 993 571 Ergo
1005 537 1056 564 hoc
1068 537 1104 563 sit
1120 537 1328 565 ostendendum.

957 582 1024 609 Cum
1041 582 1133 617 itaque
1155 583 1181 609 in
1206 582 1326 610 Ecclesia
1343 583 1387 610 alii
1403 584 1465 611 aliis
1481 583 1537 610 sint
1558 583 1704 610 dominan-

923 628 1018 660 tiores,
1035 628 1252 662 principaliores,
1266 634 1293 656 et
1308 630 1473 664 superiores,
1491 630 1539 661 illi,
1556 630 1601 664 qui
1620 630 1707 656 mino-

923 674 963 700 ris
977 677 1004 700 et
1015 673 1170 700 humilioris
1184 675 1347 701 cxsistentes
1364 675 1478 707 ordinis,
1493 679 1520 702 et
1535 676 1633 708 quibus
1647 683 1709 702 con-

924 719 997 746 Venit
1013 719 1065 746 sub
1079 719 1204 746 dominio
1220 719 1338 747 aliorum
1352 728 1426 751 esse,
1442 725 1470 747 et
1484 721 1562 756 sequi
1577 721 1657 752 alios,
1676 722 1709 748 de

925 765 999 792 nulla
1013 765 1111 792 baaresi
1129 765 1260 793 habentes
1271 766 1344 799 juste
1358 774 1487 794 accusare
1499 767 1628 801 majores.
1641 766 1710 793 divi-

925 810 993 837 dunt
1008 817 1037 837 se
1053 810 1087 837 ab
1102 810 1209 837 illorum
1233 811 1259 837 in
1276 811 1408 846 religione
1430 812 1561 840 societate
1575 833 1582 844 ,
1602 820 1663 839 mox
1682 813 1709 839 in

927 864 955 884 se
969 856 1035 890 ipsis
1048 856 1215 884 schismatici
1233 857 1354 884 condunt
1370 858 1514 885 rationem.
1532 857 1598 884 Nam
1616 861 1642 884 et
1658 858 1710 892 ipsi

925 903 958 929 ad
973 902 1076 929 nullam
1092 903 1186 934 aliam,
1198 910 1280 936 quam
1294 903 1366 930 hanc
1376 903 1560 930 deﬁnitionem
1575 904 1711 939 aspiciem-

925 951 974 977 tes,
990 954 1038 973 eos
1053 946 1100 980 qui
1123 947 1227 973 evitant
1251 947 1322 981 apud
1341 955 1370 974 se
1387 947 1517 983 majorem
1534 946 1711 973 communio-

923 999 999 1023 nem,
1010 992 1202 1020 schismaticos
1214 993 1368 1027 appellant;
1385 993 1479 1027 quales
1494 997 1520 1019 et
1535 997 1561 1019 tu
1578 999 1630 1018 nan
1644 999 1712 1025 pau-

925 1045 972 1065 cos
990 1037 1044 1065 scis
1057 1038 1084 1065 in
1099 1043 1228 1072 regnante
1243 1039 1362 1070 civitate,
1380 1037 1475 1066 eodem
1491 1038 1612 1069 nomine,
1632 1044 1712 1072 prop-

925 1088 966 1110 ter
982 1092 1055 1112 nunc
1080 1084 1246 1118 assignatam
1272 1086 1418 1114 rationem,
1437 1084 1471 1111 ab
1486 1083 1547 1111 aliis
1563 1083 1663 1110 vocari.
1678 1083 1712 1109 At

924 1135 990 1156 vero
1012 1128 1134 1155 Romana
1153 1128 1274 1155 Ecclesia
1294 1128 1483 1160 scitissimum,
1507 1127 1710 1162 principalissi-

926 1181 1012 1204 mum,
1026 1179 1053 1201 et
1076 1181 1214 1201 summum
1232 1174 1258 1200 in
1284 1173 1420 1200 catholica
1446 1173 1568 1200 Ecclesia
1595 1173 1713 1200 habente

926 1222 1052 1257 gradum,
1078 1220 1106 1247 hi
1124 1220 1239 1247 minoris
1258 1220 1422 1247 cxsistentes
1440 1224 1467 1246 el
1480 1219 1620 1246 inferioris
1636 1218 1712 1245 ordi-

927 1267 970 1294 nis
986 1286 993 1298 ,
1014 1267 1041 1294 in
1059 1271 1163 1294 tantum
1177 1266 1286 1300 fugiunt
1305 1266 1377 1293 illius
1390 1265 1624 1295 communionem,
1638 1264 1712 1298 quod

925 1320 1016 1348 neque
1029 1312 1088 1347 ejus
1101 1312 1284 1339 sacerdotium
1299 1315 1397 1345 putant
1409 1312 1502 1336 ve'rum
1515 1317 1575 1336 esse
1586 1309 1712 1336 sacerdo-

927 1360 1008 1391 tium,
1032 1365 1120 1392 neque
1140 1357 1167 1384 in
1190 1357 1385 1384 ecclesiasticis
1405 1355 1587 1383 sacramentis
1618 1354 1714 1381 volunt

927 1405 966 1432 illi
979 1405 1184 1432 communicare
1202 1412 1209 1430 :
1225 1409 1307 1438 atque
1323 1403 1415 1437 plures
1427 1409 1521 1429 eorum
1534 1402 1614 1428 etiam
1631 1399 1713 1427 simul

927 1451 1071 1478 comedere
1093 1449 1253 1484 simpliciter
1272 1449 1364 1476 cibum
1385 1455 1447 1475 cum
1475 1455 1611 1482 quoquam
1635 1446 1712 1473 Lati-

929 1502 1027 1523 norum
1049 1499 1190 1522 verentur.
1213 1493 1283 1529 Ergo
1301 1494 1324 1521 si
1349 1493 1469 1520 Ecclesia
1494 1493 1539 1519 ilia
1563 1491 1712 1524 incidente,

890 1554 912 1583 ρ
933 1542 1006 1576 quod
1028 1541 1109 1573 absit,
1126 1541 1153 1568 in
1175 1540 1295 1567 haeretici
1313 1539 1458 1571 rationem,
1480 1538 1506 1565 hi
1525 1537 1559 1564 ab
1580 1545 1610 1564 ea
1627 1537 1714 1563 absti-

932 1592 1005 1618 nent.
1024 1585 1273 1621 irreprebensibilis
1293 1589 1334 1612 est
1350 1583 1497 1619 separatio,
1515 1588 1541 1610 et
1554 1582 1717 1609 schismati-

930 1641 1025 1661 eorum
1050 1632 1165 1659 rationis
1189 1631 1434 1666 impcrceptihilis:
1454 1630 1477 1657 si
1496 1635 1559 1656 vero
1581 1628 1626 1655 illa
1643 1628 1716 1655 nulla

931 1679 1027 1707 hmresi
1043 1679 1189 1712 conjuncta
1217 1679 1243 1704 hi
1261 1677 1370 1711 fugiunt
1394 1676 1454 1710 ejus
1479 1674 1714 1705 communionem,

921 1734 997 1761 _pure
1016 1726 1042 1752 in
1054 1726 1185 1751 rationem
1201 1722 1370 1749 schismatici
1389 1721 1526 1748 incidunt.
1547 1720 1617 1755 Ergo
1634 1727 1711 1754 quae-

930 1771 1044 1798 reudum
1056 1775 1106 1802 est,
1120 1777 1199 1804 quem
1214 1768 1389 1795 nominamus
1400 1767 1570 1798 haereticum,
1581 1766 1625 1792 cui
1639 1772 1717 1792 eom-

931 1818 1073 1843 municare
1096 1815 1124 1841 in
1149 1813 1242 1848 aliquo
1256 1813 1386 1840 delictum
1412 1816 1476 1838 est:
1496 1811 1522 1838 in
1549 1810 1626 1837 nullo
1651 1818 1717 1837 vero

929 1860 1143 1890 communicare,
1161 1867 1215 1886 non
1240 1858 1327 1886 solum
1343 1856 1586 1891 irreprehensibile
1597 1860 1650 1887 est,
1666 1863 1714 1882 ve-

931 1916 992 1935 rum
1010 1907 1092 1934 etiam
1110 1904 1296 1933 necessarium
1315 1911 1322 1930 :
1338 1907 1366 1931 et
1386 1910 1465 1938 quem
1481 1905 1542 1937 post
1558 1902 1673 1936 primam
1689 1906 1717 1929 et

930 1954 1077 1982 secundam
1100 1952 1316 1979 admonitionem
1332 1953 1450 1984 oportet,
1476 1949 1626 1976 secundum
1643 1949 1718 1982 Apo-

931 1999 1030 2026 stolmn
1051 1997 1085 2024 ad
1102 1996 1204 2028 Titum,
1217 2004 1267 2023 nos
1288 1995 1435 2023 evitare”.
1454 1994 1526 2021 Illius
1545 1994 1637 2028 igitur,
1662 1993 1711 2028 qui

931 2045 968 2072 ita
980 2044 1081 2072 dicitur
1097 2043 1254 2073 haereticus,
1274 2041 1420 2076 quaerenda
1436 2040 1471 2067 sit
1498 2040 1579 2072 ratio,
1596 2044 1626 2066 ut
1642 2039 1716 2066 scia-

931 2098 1004 2123 mus,
1024 2096 1115 2117 utrum
1133 2089 1260 2116 convenit
1276 2088 1378 2122 aliquid
1395 2087 1455 2122 ejus
1467 2085 1598 2113 Romame
1618 2086 1716 2113 Eccle-

931 2136 989 2163 siae.
1002 2134 1070 2161 Cum
1082 2141 1148 2161 vero
1162 2133 1232 2160 idem
1244 2133 1281 2160 sit
1293 2132 1450 2160 hazrctieum
1466 2138 1527 2158 esse
1542 2134 1570 2157 et
1583 2130 1718 2165 paradog.

934 2181 1083 2213 matistam,
1100 2185 1127 2207 et
1141 2186 1255 2214 peccare
1267 2178 1339 2206 circa
1358 2178 1466 2212 pietatis
1478 2178 1606 2211 dogmata
1621 2187 1629 2205 -.
1644 2184 1720 2211 quaa-

80 2223 368 2271 'iuaticiipatriarcha:
379 2235 431 2262 illis
449 2235 631 2261 interfuerunt
647 2242 654 2260 :
669 2233 716 2260 sed
733 2232 756 2260 si
771 2239 881 2259 eornm-
898 2226 919 2254 1)
936 2227 1048 2254 rendum
1067 2231 1118 2259 est,
1137 2227 1199 2261 quis
1212 2229 1255 2252 est
1267 2225 1498 2260 paradogmatista
1510 2223 1522 2250 ?
1535 2228 1562 2250 et
1578 2223 1640 2258 quis
1656 2231 1721 2258 pee-

95 2283 158 2310 dem
176 2283 393 2317 patriarcharum
408 2281 462 2308 lide
474 2280 593 2307 viventes
609 2285 636 2307 et
650 2279 718 2306 uniti
736 2287 786 2306 suo
798 2278 880 2313 capiti

95 2329 259 2364 patriarcha:
271 2327 466 2359 interfuerunt,
484 2335 537 2354 non
551 2331 658 2361 oportet
669 2326 730 2360 plus
743 2326 794 2353 hoc
806 2332 881 2359 qna:-

95 2374 289 2403 ri.Generalia
314 2375 387 2401 enim
416 2373 534 2400 concilia
562 2380 615 2399 non
639 2380 671 2398 ex
699 2371 839 2398 haereticis
856 2375 883 2397 et

95 2420 293 2453 schismatii-is,
317 2420 363 2447 Sed
380 2427 412 2446 ex
442 2418 602 2446 orthodoxis
617 2422 644 2445 et
671 2417 799 2443 Ecclesiae
825 2416 882 2443 uni-

97 2468 132 2495 tls
148 2466 239 2501 colligi
257 2465 364 2493 debent.
381 2464 444 2492 Hmc
460 2464 519 2496 tibi,
537 2471 553 2491 ο
585 2463 704 2490 amicum
734 2462 799 2488 mihi
834 2469 882 2488 ea-

97 2518 156 2549 put,
172 2512 338 2547 respOndere
353 2512 424 2539 Deus
439 2511 523 2539 dedit.
552 2509 601 2538 Det
625 2514 715 2536 autem
743 2509 802 2543 ipse
831 2507 882 2535 tibi

97 2559 214 2593 reliqua.

98 2627 222 2661 Epistola
233 2626 348 2660 ejusdem
365 2626 466 2652 domini
486 2624 624 2652 Barlaami
639 2623 676 2650 ad
690 2623 813 2661 Alexium
827 2619 881 2647 Ca-

135 2658 276 2694 loc/tetnin,
289 2663 315 2687 in
329 2669 380 2696 qua
407 2661 518 2687 attendit
544 2661 650 2687 Graecos
667 2658 879 2696 noncbedientes

135 2696 260 2723 Romam:
270 2692 403 2723 Ecclesia
427 2704 483 2722 esse
496 2703 560 2730 ,nan
574 2696 660 2722 solum
685 2692 880 2724 tchismaticas,

133 2740 224 2759 verum
237 2732 318 2758 etiam
330 2731 477 2758 haereticos.

134 2789 233 2817 Audivi
246 2794 272 2817 te
285 2789 416 2816 admirari
426 2788 464 2821 Vde
476 2794 530 2821 me,
543 2787 673 2823 quoniam
692 2794 739 2815 eos
757 2785 803 2822 qui
825 2793 879 2813 non

138 2883 160 2899 ¹⁷
173 2882 227 2910 Tit.
239 2890 279 2916 nl,
299 2882 345 2909 10.

936 2278 979 2302 cat
991 2273 1064 2301 circa
1081 2273 1189 2306 pietatis
1206 2271 1356 2306 dogmata?

973 2321 1068 2354 Itaque
1082 2326 1144 2345 cum
1163 2318 1215 2345 tria
1232 2317 1299 2348 sint,
1327 2325 1341 2344 a
1356 2317 1457 2352 quibus
1473 2317 1606 2344 habemus
1622 2315 1719 2350 hujus-

937 2366 1009 2393 modi
1023 2365 1160 2400 dogmata,
1174 2371 1270 2395 unum,
1282 2363 1373 2389 divina
1388 2362 1540 2396 Scriptura,
1555 2362 1719 2394 secundum,

939 2410 1103 2438 universalia
1111 2409 1239 2441 concilia,
1253 2408 1375 2439 tertium,
1388 2408 1475 2435 sancti
1485 2408 1570 2435 nostri
1583 2408 1719 2440 doctores,

937 2458 983 2492 qui
997 2461 1057 2491 post
1071 2455 1208 2490 apostolos
1220 2461 1326 2481 sacram
1343 2453 1420 2480 nobis
1430 2457 1616 2487 exposuerunt
1629 2452 1722 2486 εει-ἥρ»

936 2507 1026 2530 turam
1046 2512 1053 2529 :
1070 2502 1091 2529 si
1112 2501 1187 2528 illum
1207 2500 1366 2527 vocabimus
1381 2499 1553 2532 haereticum,
1566 2499 1612 2534 qui
1630 2499 1719 2533 quod-

926 2555 1045 2585 ‘cunque
1067 2548 1110 2576 vel
1125 2549 1159 2575 de
1177 2548 1241 2580 Deo,
1258 2547 1300 2574 vel
1314 2546 1348 2573 de
1371 2546 1424 2573 alio
1441 2546 1538 2581 quovis
1556 2546 1626 2580 sapit
1638 2550 1665 2571 et
1678 2544 1719 2571 di-

937 2597 971 2624 cit
985 2617 992 2628 ,
1012 2596 1084 2631 quod
1100 2602 1190 2629 neque
1204 2595 1230 2620 in
1244 2600 1320 2620 sacra
1335 2591 1487 2625 Scriptura,
1504 2599 1591 2625 neque
1605 2592 1631 2618 in
1652 2597 1720 2617 con-

935 2642 1018 2673 ciliis,
1035 2648 1122 2676 neque
1141 2640 1166 2667 in
1188 2640 1328 2667 doctorum
1344 2638 1454 2671 scriptis
1467 2638 1590 2664 tetaliter
1610 2636 1718 2663 inveni-

937 2692 990 2718 tur,
1009 2693 1062 2712 non
1092 2686 1161 2713 bene
1177 2684 1378 2711 nominabimus
1390 2692 1398 2716 ;
1411 2683 1474 2718 quia
1488 2690 1536 2717 per
1550 2682 1620 2709 hanc
1634 2682 1718 2709 ratio«

937 2740 1001 2761 ncm
1018 2732 1103 2760 etiam
1129 2730 1208 2758 multi
1226 2734 1382 2757 nostrorum
1397 2733 1555 2756 sanctorum
1572 2729 1720 2755 doctorum

936 2778 1057 2808 haeretici
1072 2782 1180 2806 essent:
1196 2776 1370 2812 Areopagita,
1385 2775 1541 2812 Thcologus
1567 2774 1726 2810 Nyssenus,
