1868 3069
168 147 232 180 1211

708 151 911 183 BARLAAMI
930 151 980 182 DE
1000 150 1213 183 SEMINARIA

1712 148 1774 183 1312

166 211 277 235 sanctus
295 206 486 242 Augustinus:
503 207 551 244 qui
567 215 621 236 non
645 208 734 237 solum
756 209 819 236 talia
841 208 947 242 dicunt,
963 211 986 240 Δ
1002 209 1082 242 Filio,
1106 209 1242 245 contingit
1266 211 1432 242 necessario,
1455 208 1569 236 minime
1584 207 1729 242 procedere
1743 216 1771 234 ex

167 260 227 288 quae
243 260 331 287 neque
346 260 393 288 per
414 261 526 281 sensum
546 253 608 281 aliis
623 255 793 282 conveniunt
807 261 813 280 :
829 254 881 281 alia
902 261 949 289 pe-

167 300 240 326 nitus
255 300 428 332 exsistentia,
449 300 514 327 licet
530 307 585 327 non
599 301 734 335 opposita.
753 300 810 327 Non
822 307 887 335 ergo
899 300 950 328 hac

167 345 273 373 ratione
290 345 450 373 ltazreticum
465 346 670 380 cognoscimus,
686 345 766 381 cujus
781 346 951 373 communio.

167 399 230 418 nem
250 391 408 425 l‘ugiemus:
425 391 472 418 sed
490 396 516 418 et
535 399 612 424 eum,
625 392 672 426 qui
695 392 760 424 alia,
775 396 872 426 praeter
888 399 949 420 om-

168 446 218 466 nes
231 438 311 471 alios,
328 437 362 465 de
378 438 475 472 quavis
490 445 519 465 re
535 438 610 470 dicit,
627 438 691 466 dum
708 438 845 465 contraria
858 442 886 466 et
900 445 951 472 op-

169 483 256 518 posita
273 483 423 518 suppositis
438 491 492 510 non
509 483 586 516 dicit,
602 483 723 511 nondum
742 487 871 518 tauquam
894 483 950 511 ha:-

169 529 283 554 reticum
296 527 521 555 admonebimus.
539 527 634 563 Neque
651 528 724 555 enim
739 532 833 563 peccat
847 528 875 555 in
891 535 951 555 ma-

170 573 270 600 nifesta
292 573 431 608 dogmata,
455 574 502 608 qui
531 581 562 601 ea
582 582 636 602 non
651 574 732 601 tollit.
756 575 790 602 At
803 581 869 602 vero
883 578 911 601 et
928 574 950 601 si

169 618 232 652 quis
243 618 311 646 nihil
325 619 435 653 penitus
447 626 541 647 eorum
553 627 614 654 qua:
629 620 655 646 in
667 627 745 647 sacra
756 619 895 654 Scriptura
908 619 951 647 vel

170 665 198 690 in
216 664 340 692 conciliis
357 669 431 697 sunt,
449 672 636 697 commovens,
659 670 750 693 tamen
783 665 864 692 alicui
888 673 952 693 san—

170 713 276 736 ctorum
285 709 428 737 doctorum
442 711 473 738 de
487 710 584 744 quovis
594 709 726 741 dissonat.
736 709 807 737 hunc
820 710 951 738 audacem

170 755 314 788 quemdam
327 759 354 782 et
363 759 620 789 praesumptuosum,
631 760 658 782 et
670 754 771 782 elatum
786 758 814 782 et
828 754 891 782 talia
902 762 952 782 no—

171 801 350 834 minabimus,
362 801 520 828 hereticum
533 800 657 828 minime.
671 799 808 833 Quoniam
820 808 870 835 per
881 800 953 828 hanc

170 852 281 880 quoque
298 845 445 876 rationem,
466 845 546 872 multi
573 851 731 872 sanctorum
755 850 848 873 essent
865 845 953 873 haere-

172 891 229 923 tici,
247 891 294 925 qui
308 891 336 918 in
357 891 452 919 multis
464 896 490 918 et
509 891 614 925 magnis
631 891 683 918 sibi
699 890 819 918 invicem
845 895 954 919 contra-

171 936 212 963 ria
224 936 329 964 dicunt.
338 936 408 964 Nam
418 938 451 964 de
463 937 519 971 ipsa
531 936 708 971 processione
722 936 841 971 Spiritus
852 937 953 971 sancti,

172 982 222 1016 ipsi
238 981 326 1014 aiunt.
350 982 425 1018 quod
450 982 646 1014 Damascenus.
662 981 707 1010 ubi
733 982 810 1016 dicit,
829 981 868 1009 Ex
884 981 954 1010 Filio

173 1028 292 1062 Spiritus
305 1029 453 1063 procedere
469 1036 524 1056 non
544 1027 658 1060 dicitur,
685 1028 767 1063 sapit,
781 1028 856 1063 quod
879 1028 955 1056 nullo

173 1075 253 1102 modo
269 1075 326 1110 ipse
341 1079 384 1103 est
398 1082 430 1102 ex
446 1075 526 1103 Filio.

208 1120 325 1148 Sanctus
341 1128 406 1148 vero
416 1121 545 1157 Cyrillus,
558 1123 606 1157 qui
617 1123 712 1151 multis
723 1122 803 1150 annis
819 1126 883 1150 ante
892 1129 955 1150 eum

174 1166 236 1198 fuit,
254 1167 281 1194 iu
296 1175 424 1195 sermone
433 1168 467 1195 de
482 1167 595 1203 Spiritu,
606 1169 634 1196 in
652 1168 732 1197 dictis
746 1169 803 1197 suis
820 1169 956 1197 thesauris

175 1212 275 1247 septies
286 1212 324 1239 ait
340 1212 472 1247 Spiritum
487 1219 611 1242 sanctum
625 1222 659 1242 ex
671 1215 740 1242 Filio
752 1218 780 1241 et
794 1221 856 1242 esse
871 1219 898 1243 et
910 1221 958 1242 ex-

174 1257 282 1291 sistere,
303 1262 330 1286 et
344 1258 475 1294 prodire:
496 1260 641 1294 assignans
660 1265 686 1288 et
707 1261 778 1288 dicta
795 1259 956 1296 Scriptura,

174 1311 207 1330 ex
221 1305 322 1338 quibus
335 1305 361 1332 id
381 1305 470 1340 ipsum
486 1305 666 1333 intellexerat.
687 1305 805 1334 Sanctus
819 1313 885 1334 vero
899 1306 957 1333 Au-

175 1349 313 1383 gustinus,
325 1350 417 1378 adhuc
434 1351 573 1385 antiquior
589 1351 642 1379 hoc
656 1351 802 1385 exsistens,
816 1351 843 1378 in
860 1358 910 1378 suo
924 1351 958 1379 de

175 1394 308 1423 'I'rinitate
324 1397 444 1431 negotio,
465 1402 491 1424 et
505 1397 588 1424 nimis
604 1397 715 1432 longum
729 1397 762 1425 de
781 1397 833 1425 hoc
846 1401 958 1431 proten-

177 1443 217 1469 dit
235 1449 402 1475 sermonem,
427 1447 455 1470 et
469 1443 496 1470 in
517 1447 627 1478 quarto,
645 1447 672 1471 et
701 1443 729 1470 in
745 1443 854 1478 quinto.
879 1447 907 1472 et
929 1443 958 1471 in

178 1487 276 1521 quinto
291 1487 398 1515 decimo
415 1488 485 1515 libro
501 1488 624 1523 ejusdem
638 1488 750 1523 negotii.
767 1488 838 1521 Quid
854 1488 959 1524 igitur?

1000 255 1081 282 Patre
1092 265 1100 288 ;
1113 256 1159 283 sed
1172 256 1262 290 potius
1274 255 1432 282 necessario
1441 253 1594 282 confertur.
1604 252 1673 280 Nam
1684 253 1705 280 si
1718 261 1773 287 pro-

1001 300 1074 327 cedit
1087 304 1114 327 et
1127 308 1158 327 ex
1179 300 1258 333 Filio,
1278 300 1323 335 qui
1345 300 1438 327 omnia
1453 306 1626 335 qutccunque
1640 298 1732 330 habet,
1745 306 1774 326 ex

1001 344 1082 372 Patre
1101 345 1201 377 habet,
1221 346 1343 381 procedit
1359 352 1423 381 ergo
1438 351 1466 373 et
1481 353 1513 373 ex
1528 344 1621 372 Patre.
1647 343 1705 371 Non
1718 351 1775 380 ergo

1001 391 1117 424 tollitur,
1130 392 1203 426 quod
1220 391 1301 419 simul
1317 392 1445 420 trahitur.

1037 437 1071 464 At
1088 444 1155 464 vero
1175 444 1264 470 neque
1279 437 1351 465 aliud
1367 445 1462 465 eorttm
1485 445 1546 473 quae
1565 437 1593 465 in
1613 445 1690 466 sacra
1709 437 1778 464 Scri-

1002 487 1084 518 ptura
1096 483 1137 510 vel
1153 484 1277 511 conciliis
1285 489 1360 516 sunt.
1372 484 1485 516 tollitur,
1494 491 1527 511 ex
1541 491 1575 511 eo
1588 483 1664 518 quod
1675 484 1778 515 dicitur,

1002 535 1029 557 et
1045 537 1078 557 ex
1094 529 1164 557 Filio
1181 529 1332 565 procedere
1348 529 1480 564 Spiritum
1495 533 1632 557 sanetum.
1651 528 1709 556 Non
1720 536 1779 563 ergo

1002 575 1152 602 secundum
1169 576 1220 602 ltoc
1235 575 1331 602 incidit
1344 575 1371 602 in
1390 575 1583 602 haereticorum
1596 574 1780 602 rationemilla

1002 619 1135 648 Ecclesia.
1150 621 1184 648 At
1199 628 1288 655 neque
1303 628 1350 655 per
1363 628 1502 654 azymum.

1038 665 1160 693 Primum
1176 666 1248 693 enim
1266 666 1332 694 nulli
1349 665 1466 694 concilio
1483 673 1531 700 per
1545 665 1601 692 hoc
1616 664 1780 697 adversatur,

1003 712 1134 746 quoniam
1162 711 1269 739 nullum
1299 711 1333 740 de
1363 711 1417 738 hoc
1447 710 1551 745 aliquid
1580 710 1781 738 determinavit.

1003 755 1105 783 Deinde
1127 763 1215 791 neque
1230 763 1315 784 sacras
1338 756 1486 791 Scriptura:
1508 763 1558 790 per
1574 755 1629 782 hoc
1645 759 1782 790 repugnat.

1003 800 1037 829 Et
1045 808 1098 828 non
1111 800 1164 829 hoc
1174 809 1246 829 nunc
1254 802 1327 833 dico,
1341 802 1404 836 quia
1419 801 1498 836 panis
1518 801 1573 832 ille,
1588 807 1672 835 quem
1688 800 1786 827 sacriﬁ-

1003 847 1075 875 cavit
1084 847 1226 885 Dominus,
1236 855 1348 883 azymus
1355 851 1413 875 erat
1421 866 1430 879 ,
1441 852 1601 882 etazymum
1612 846 1640 873 in
1652 846 1786 880 Scriptura

1005 892 1076 927 gerit
1091 892 1237 927 imaginem
1261 892 1428 920 sinceritatis
1448 896 1475 919 et
1494 890 1641 923 veritatis;
1666 890 1714 918 sed
1727 890 1785 917 illud

1005 937 1107 966 sufﬁcit
1124 945 1209 970 nunc,
1231 938 1304 972 quod
1319 938 1412 965 divina
1430 937 1574 972 Scriptura
1588 943 1691 972 panem
1706 935 1787 962 nomi-

1005 991 1088 1014 nante
1101 990 1128 1013 et
1144 993 1268 1021 azymum
1283 990 1310 1013 et
1318 983 1559 1016 fermentatum,et
1568 982 1788 1018 nusquamjubet

1007 1031 1059 1059 hoc
1086 1031 1128 1058 vel
1141 1030 1208 1057 illud
1221 1030 1359 1062 distincte,
1375 1034 1450 1057 certe
1465 1033 1562 1056 neuter
1575 1027 1730 1062 Scriptura;
1742 1034 1788 1060 pu-

1007 1081 1082 1112 gnat,
1107 1084 1195 1111 neque
1217 1076 1344 1112 azymita,
1371 1083 1459 1110 neque
1484 1074 1698 1102 fermentarius.
1734 1074 1786 1101 Non

1007 1123 1081 1150 enim
1097 1122 1170 1158 quod
1198 1122 1395 1150 nonnullorum
1420 1125 1464 1149 est
1479 1121 1627 1149 stultorum
1651 1120 1787 1151 dicemus,

1007 1169 1080 1204 quod
1098 1169 1144 1196 ille
1159 1173 1202 1197 est
1227 1168 1409 1196 inauimatus.
1426 1167 1523 1196 Omnis
1548 1167 1623 1194 enim
1650 1166 1730 1201 panis
1745 1173 1788 1193 sua

1008 1216 1116 1243 ratione
1130 1215 1297 1242 inanimatus
1313 1219 1366 1246 est,
1379 1219 1406 1241 et
1421 1213 1514 1240 nullus
1529 1212 1691 1240 animatus:
1704 1211 1788 1238 divina

1007 1268 1073 1289 vero
1087 1260 1189 1288 virtute
1203 1267 1354 1288 conversus
1368 1266 1545 1294 nequaquam
1559 1258 1741 1289 inanimatus,
1753 1256 1790 1283 vel

1010 1306 1130 1334 totaliter
1156 1305 1311 1334 substantia
1326 1305 1416 1340 panis,
1444 1305 1492 1331 sed
1509 1304 1569 1330 viva
1595 1310 1664 1330 caro
1681 1301 1790 1329 virentis

1009 1351 1121 1385 Christi,
1137 1351 1182 1386 qui
1199 1358 1309 1378 carnem
1325 1355 1352 1378 et
1365 1351 1484 1377 animam
1496 1349 1659 1376 rationalem
1673 1353 1702 1375 et
1717 1347 1791 1375 intel-

1010 1398 1154 1426 lectualem
1180 1404 1213 1424 ex
1237 1397 1318 1424 nobis
1333 1403 1383 1432 pro
1401 1396 1482 1423 nobis
1511 1395 1675 1430 assumpsit.
1703 1393 1790 1428 Neque

1009 1451 1075 1479 ergo
1089 1451 1136 1478 per
1146 1443 1350 1478 processionem
1365 1441 1496 1476 Spiritus,
1510 1447 1601 1475 neque
1611 1447 1660 1474 per
1670 1446 1790 1474 azymum

1011 1489 1057 1517 illa
1072 1489 1193 1517 Ecclesia
1216 1488 1288 1516 cadit
1307 1488 1334 1514 in
1360 1485 1528 1514 scltismatici
1547 1485 1685 1512 rationem
1704 1493 1713 1511 ε
1728 1491 1792 1518 quo-

178 1533 342 1560 Haaretieum
361 1533 542 1560 nominabunt
561 1533 770 1566 Damascenum,
799 1534 854 1561 illis
880 1541 959 1568 sttpe-
973 1543 994 1572 α
1011 1536 1084 1562 niam
1101 1543 1148 1569 per
1165 1538 1291 1561 neutrum
1313 1532 1384 1560 tollit
1404 1533 1555 1567 quidquam
1572 1530 1792 1558 manifestorum.

180 1579 299 1606 rioribus
323 1586 353 1606 se
370 1580 523 1606 secundum
548 1579 622 1613 ipsos
636 1579 870 1607 contradicentem
888 1589 895 1607 :
915 1581 957 1607 vel

179 1626 272 1660 potius
287 1630 314 1653 et
328 1633 358 1653 se
376 1626 451 1661 ipsos
474 1626 569 1653 iisdem
585 1626 687 1654 sanctis
699 1626 784 1654 tantis
798 1626 881 1654 rebus
893 1634 959 1654 con-

180 1671 353 1705 tradicentes,
372 1680 405 1699 an
422 1672 554 1699 minime?
570 1673 662 1700 Potest
678 1679 742 1707 ergo
758 1672 830 1705 ﬁeri,
847 1673 919 1708 quod
935 1674 959 1702 is

179 1717 225 1751 qui
248 1718 351 1745 sanctis
373 1717 407 1745 de
429 1717 485 1746 Deo
508 1718 645 1751 dissonat,
667 1717 788 1745 nondutn
812 1718 850 1746 sit
873 1719 960 1746 haere-

180 1764 260 1791 ticus.
960 1755 966 1760 ’

213 1809 280 1842 Quis
288 1817 353 1844 ergo
368 1809 512 1837 haereticus
520 1815 562 1837 est
576 1814 602 1837 et
614 1810 844 1845 paradogmatista
855 1810 867 1837 ‘i
879 1817 960 1845 quem

179 1859 241 1887 post
255 1855 347 1881 binam
361 1854 579 1882 admonitionem
595 1854 753 1889 fugiemus?
767 1863 801 1882 an
818 1859 893 1883 certe
904 1855 961 1888 ille,

179 1899 226 1933 qui
246 1900 318 1934 sapit
329 1904 356 1926 et
370 1900 438 1927 dicit
454 1899 558 1934 aliquid
575 1900 602 1926 in
615 1900 802 1934 dogmatibus.
821 1900 857 1927 ita
873 1908 945 1935 oppo

180 1946 261 1972 situm
274 1945 357 1972 alicui
370 1953 464 1973 eorum
476 1953 537 1980 quas
548 1945 590 1972 vel
602 1945 630 1972 in
641 1953 719 1973 sacra
731 1946 873 1980 Scriptura
885 1953 963 1980 aper-

181 1994 207 2016 te
222 1989 363 2021 dicuntur,
387 1990 427 2017 vel
445 1991 471 2016 in
486 1990 660 2025 generalibus
685 1990 813 2018 conciliis
832 1998 962 2026 expresse

181 2036 358 2063 determinata
382 2040 457 2069 sunt,
475 2041 504 2064 ut
517 2044 578 2064 cum
592 2036 644 2064 hoc
658 2037 704 2070 sit,
721 2036 832 2064 tollatur
846 2036 922 2070 illud,
935 2041 963 2065 et

180 2090 243 2110 cum
263 2082 328 2110 illud
344 2083 390 2115 sit,
406 2089 460 2110 non
476 2083 562 2118 possit
585 2083 636 2110 hoc
652 2090 713 2110 esse
727 2092 734 2110 :
754 2088 836 2119 atque
852 2083 913 2111 talis
927 2084 962 2111 ad

182 2129 227 2156 illa
241 2130 422 2163 repugnantia
437 2133 521 2157 estex
535 2137 567 2156 ea
579 2136 640 2163 qua:
654 2129 824 2164 vituperatur
839 2130 962 2158 haeresis.

181 2174 229 2202 Ille
244 2182 309 2202 vero
321 2175 368 2210 qui
386 2175 439 2202 tale
454 2176 558 2211 aliquid
576 2183 665 2210 neque
681 2175 802 2210 loquitur
816 2183 906 2210 neque
920 2184 964 2204 sa-

181 2222 231 2256 pit,
255 2222 282 2248 in
301 2222 356 2248 alio
381 2230 444 2249 vero
468 2223 566 2256 quovis
586 2227 691 2257 peccat,
714 2223 905 2250 admonendus
922 2211 1004 2264 est”~

182 2267 304 2301 quidem,
322 2267 376 2294 alio
391 2268 502 2295 nomine
526 2268 696 2302 nominatus,
715 2276 770 2296 non
795 2273 886 2296 tamen
903 2274 965 2296 tan-

183 2319 265 2347 quatn
283 2312 427 2340 haereticus
441 2312 598 2347 fugiendus.

218 2359 303 2393 Igitur
315 2366 376 2386 cum
395 2359 451 2387 haec
465 2360 501 2387 sit
520 2360 564 2388 illa
578 2361 649 2387 ratio
661 2368 713 2395 qua
729 2361 874 2389 haereticus
888 2366 967 2389 nota-

183 2409 237 2437 tttr,
255 2405 395 2432 videamus
409 2405 527 2440 qualiter
551 2413 582 2434 se
602 2407 683 2434 habet
699 2406 734 2434 ad
754 2414 814 2434 eam
841 2406 965 2436 Romana

183 2448 317 2475 Ecclesia.

219 2493 278 2520 Duo
293 2498 367 2524 sunt.
383 2502 442 2528 qum
459 2494 518 2528 eius
534 2499 697 2522 accusantes
714 2494 786 2530 iuste
799 2497 877 2524 aiunt
890 2504 920 2524 se
931 2497 965 2524 ah

181 2547 213 2567 ca
231 2539 326 2566 dividi.
342 2538 432 2567 Unum
445 2541 516 2574 quod
531 2540 596 2567 dicit
614 2540 745 2575 Spiritum
761 2547 886 2569 sanctum
903 2549 966 2576 pro-

184 2585 283 2612 cedere
301 2589 327 2612 et
341 2592 374 2612 ex
390 2585 470 2612 Filio.
489 2585 566 2612 Aliud
587 2587 659 2621 quod
675 2595 724 2622 per
735 2595 779 2620 ιιι)
787 2595 829 2615 ma
844 2588 965 2616 coniicit.

184 2628 280 2668 Atper
300 2633 417 2667 primum
437 2633 503 2660 nihil
520 2641 614 2660 eorunt
630 2642 691 2669 qua:
711 2635 739 2662 in
757 2634 899 2669 Scriptura
922 2635 966 2662 vel

186 2679 213 2706 in
230 2679 355 2707 conciliis
371 2685 446 2712 sunt,
470 2680 550 2709 tollit.
573 2681 683 2708 Dicente
705 2682 778 2709 enim
792 2688 871 2708 sacra
887 2681 965 2708 Scri-

183 2731 276 2761 plura,
294 2727 367 2760 quod
378 2735 410 2754 ex
428 2727 507 2755 Patre
522 2727 645 2763 procedit
663 2727 784 2763 Spiritus
797 2733 921 2759 sanctus.
939 2734 966 2755 et

183 2771 308 2799 conciliis
320 2772 447 2801 omnibus
458 2773 484 2800 id
496 2774 584 2808 ipsum
600 2773 764 2807 dicentibus,
775 2773 898 2801 Romana
916 2773 966 2800 Ec-

182 2818 267 2846 clesia
279 2819 372 2848 dicens
387 2824 415 2847 et
428 2827 459 2847 ex
475 2819 556 2852 Filio,
571 2827 624 2846 non
637 2819 794 2854 oppositum
809 2819 912 2854 aliquid
927 2819 963 2846 illi

183 2864 259 2899 dicit,
277 2873 364 2902 neque
379 2866 453 2902 cjirit
468 2866 544 2894 illud.
561 2865 620 2893 Non
636 2866 707 2892 cnim
720 2866 741 2892 si
756 2865 877 2900 procedit
891 2870 917 2892 ct
932 2873 964 2893 cx

1008 1581 1042 1609 At
1053 1588 1118 1608 vero
1141 1584 1253 1614 propter
1272 1580 1330 1607 hac
1356 1579 1426 1610 sola,
1453 1583 1481 1606 et
1497 1586 1552 1605 non
1572 1582 1686 1612 propter
1710 1577 1791 1609 aliud,

1009 1627 1086 1654 aiunt
1103 1634 1132 1654 se
1143 1625 1226 1654 dividi
1239 1625 1273 1653 ab
1284 1625 1342 1652 illa.
1358 1624 1417 1652 Non
1432 1631 1497 1659 ergo
1514 1624 1561 1651 illa
1577 1622 1701 1651 Ecclesia
1714 1624 1792 1650 haere-

1009 1674 1063 1702 tica
1083 1677 1124 1700 est
1138 1680 1185 1708 per
1198 1672 1255 1705 illa,
1272 1675 1384 1707 propter
1400 1678 1460 1706 qua:
1477 1670 1529 1704 ipsi
1541 1670 1638 1697 dicunt
1648 1677 1678 1697 se
1692 1669 1793 1697 divisos

1009 1727 1071 1748 esse
1086 1728 1094 1746 :
1115 1719 1179 1754 quia
1199 1719 1350 1746 secundum
1367 1725 1399 1745 ea
1416 1717 1444 1744 in
1471 1716 1659 1744 deﬁnitionem
1677 1715 1793 1743 haeretici

1010 1771 1064 1792 non
1076 1763 1160 1790 cadit.
1170 1761 1265 1789 Restat
1278 1769 1344 1796 ergo
1358 1761 1408 1788 hos
1419 1760 1614 1788 schismaticos
1628 1766 1693 1786 esse
1705 1766 1795 1786 neces-

1011 1809 1096 1839 sario,
1120 1808 1250 1843 quoniam
1268 1807 1438 1835 definitionis
1456 1805 1705 1833 schismaticorum
1727 1804 1794 1832 nihil

1011 1855 1153 1883 omittunt.
1181 1853 1354 1889 Quapropter
1371 1853 1436 1886 hoc,
1453 1856 1484 1879 ut
1500 1856 1578 1886 puto,
1599 1858 1655 1878 non
1681 1851 1796 1886 amplius

1012 1897 1170 1926 miraberis.

1048 1943 1084 1971 Ut
1098 1947 1190 1970 autent
1205 1949 1294 1978 neque
1313 1941 1337 1969 si
1353 1941 1492 1969 audiveris
1511 1948 1554 1968 me
1573 1941 1736 1969 haereticum
1756 1949 1798 1969 vo-

1013 1996 1076 2016 care
1091 1996 1153 2016 eum
1169 1988 1215 2023 qui
1233 1995 1266 2015 ex
1280 1987 1339 2016 solo
1354 1987 1437 2014 Patre
1452 1986 1553 2014 asserit
1569 1987 1722 2022 procedere
1739 1987 1798 2022 Spi-

1014 2034 1096 2062 ritum
1113 2039 1251 2066 sanctum,
1276 2033 1422 2061 admireris
1437 2042 1444 2061 :
1465 2033 1528 2060 volo
1544 2032 1593 2060 tibi
1609 2039 1636 2060 et
1661 2034 1743 2069 hujus
1759 2042 1798 2061 ra-

1014 2081 1117 2109 tionem
1135 2081 1290 2116 assignare.

1026 2137 1034 2145 -
1050 2125 1214 2153 Dicebamus
1231 2124 1370 2160 superius,
1387 2124 1547 2152 haereticum
1559 2132 1623 2153 esse
1634 2133 1702 2153 eum
1717 2127 1764 2161 qui
1775 2128 1798 2153 in

1015 2172 1190 2208 dogmatibus
1206 2172 1316 2207 pietatis
1339 2171 1412 2206 sapit
1433 2171 1537 2206 aliquid
1551 2176 1579 2198 et
1593 2171 1665 2199 dicit
1679 2173 1799 2207 opposite

1017 2220 1174 2251 sedtahens,
1195 2219 1237 2246 vel
1258 2218 1291 2245 ad
1307 2218 1426 2246 divinam
1443 2217 1631 2252 Scripturam,
1651 2218 1695 2244 vel
1711 2219 1744 2244 ad
1761 2226 1799 2252 ge-

1017 2265 1109 2292 nerale
1124 2264 1282 2292 concilium.
1295 2265 1331 2291 At
1343 2271 1409 2291 vero
1427 2271 1514 2291 sacrze
1531 2263 1688 2298 Scriptum
1702 2271 1799 2299 pugna-

1016 2311 1051 2342 ri,
1062 2311 1207 2345 dupliciter
1220 2315 1281 2338 est:
1306 2310 1350 2337 vel
1375 2317 1438 2337 cum
1453 2309 1556 2344 aliquis
1571 2314 1648 2336 recte
1664 2310 1798 2344 intelligit.

1016 2357 1089 2391 quod
1102 2357 1139 2383 ait
1153 2357 1308 2391 Scriptura,
1324 2360 1352 2384 et
1366 2356 1393 2383 id
1410 2356 1500 2390 ipsum
1513 2356 1646 2390 proponit
1665 2357 1800 2383 contraria

1017 2401 1055 2429 illi
1075 2401 1178 2434 dicere,
1192 2395 1334 2429 :estimans
1356 2401 1430 2428 illam
1450 2400 1582 2432 mentiri;
1598 2401 1675 2435 quod
1694 2401 1801 2427 minime

1017 2453 1059 2476 est
1068 2447 1229 2481 Christiani;
1242 2447 1285 2475 vel
1307 2455 1436 2475 asserens
1453 2446 1626 2481 Scripturam
1643 2447 1760 2474 omnino
1776 2452 1802 2473 se

1017 2495 1152 2528 venerari,
1165 2494 1237 2522 dicta
1247 2494 1317 2529 ejus.
1329 2494 1430 2529 quibus
1441 2493 1618 2526 contradicit,
1630 2493 1713 2520 aliter
1725 2499 1800 2528 quam

1017 2542 1119 2568 veritas
1134 2548 1164 2568 se
1181 2541 1274 2572 habet,
1295 2540 1424 2573 intelligit
1439 2544 1466 2566 et
1480 2540 1607 2574 exponit,
1625 2539 1704 2573 quod
1716 2539 1800 2566 solum

1017 2593 1058 2616 est
1073 2588 1206 2615 haeretici.
1219 2588 1291 2622 Ergo
1304 2594 1366 2614 cum
1384 2585 1557 2613 inveniamus
1575 2584 1699 2618 aliquem
1715 2584 1801 2614 talem,

1018 2639 1184 2670 pugnantem
1196 2634 1306 2669 quidem
1322 2633 1422 2661 divinae
1435 2633 1597 2667 Scriptura,
1613 2639 1670 2658 non
1685 2637 1803 2667 pugnare

1017 2688 1083 2708 vero
1098 2685 1278 2713 asserentem,
1291 2679 1324 2707 ad
1343 2679 1416 2714 quod
1433 2686 1484 2706 nos
1494 2678 1629 2714 judicium
1642 2677 1801 2708 referentes,

1019 2727 1206 2754 indubitanter
1220 2726 1352 2758 sciemus,
1369 2725 1442 2760 quod
1457 2727 1595 2759 pugnatur
1610 2728 1636 2750 et
1649 2724 1726 2758 juste
1746 2728 1804 2757 post

1018 2773 1110 2801 binam
1134 2772 1349 2800 admonitionem
1364 2771 1460 2811 ipsum
1483 2769 1694 2798 dcvitabimus?
1711 2770 1751 2795 An
1772 2768 1804 2794 ad

1017 2819 1133 2855 plures?
1157 2818 1209 2845 Sed
1226 2818 1272 2853 qui
1298 2818 1397 2845 melius
1412 2822 1439 2844 ct
1464 2815 1623 2850 diligentius
1648 2815 1805 2851 intelligunt

1018 2873 1124 2892 sacram
1142 2864 1323 2899 Scripturam,
1340 2865 1484 2898 pauciores
1496 2865 1570 2890 sunt.
1585 2861 1627 2888 An
1645 2862 1680 2890 ad
1697 2862 1749 2889 hos
1759 2861 1804 2895 qui
