1868 3069
96 135 169 168 1313

762 137 837 168 PRO
851 138 966 169 LATIN
969 139 1016 170 IS.

1642 139 1710 172 1314

91 195 120 222 111
137 194 241 222 divinis
260 194 442 229 sapientiores
455 199 483 222 et
496 194 583 230 magis
599 193 699 223 eruditi
725 195 809 222 sunt?
830 195 879 223 sed
893 196 915 225 A
928 203 1001 230 ecnt,
1015 198 1143 233 legitimis
1156 199 1329 234 pontificibus
1340 204 1367 227 et
1380 199 1511 227 canonice
1524 198 1709 227 sacerdotium

90 241 213 268 fortasse
229 241 274 267 ille
288 248 361 268 unus
382 245 425 267 est
441 241 565 268 omnium
582 240 801 274 sapientissimus
820 249 828 268 :
851 244 878 267 et

91 292 185 323 potest
201 287 259 314 ï¬‚eri
278 292 306 315 ut
320 288 347 315 id
360 287 450 322 ipsttm
466 287 607 315 verissime
625 286 746 314 omnium
761 285 820 320 ipse
836 285 878 312 in-

92 334 211 368 telligat.
228 334 270 360 An
285 335 318 361 ad
332 334 469 368 digniores
486 338 514 360 et
529 333 747 361 dominantiores
763 338 789 360 et
803 332 879 368 prin-

90 380 262 414 cipaliores?
287 380 334 407 sed
351 380 388 407 ait
404 380 547 415 Scriptura
562 388 569 407 :
586 379 613 407 Si
629 379 710 407 fuerit
729 379 877 407 revelatum

89 426 257 457 novissimo,
272 425 351 452 sileat
367 425 487 459 primus.
506 424 581 452 Unde
595 432 649 451 non
664 432 771 459 semper
786 431 879 451 neces-

89 472 199 500 sarium
218 477 261 500 est
279 472 372 499 verius
386 472 538 506 intelligere
554 479 627 503 eum,
642 470 689 505 qui
707 470 810 504 prituus
824 475 877 497 est.

88 517 131 543 An
150 518 184 544 ad
199 525 258 549 eos,
281 517 328 552 qui
350 524 488 551 nunquam
520 516 588 543 alias
608 515 735 543 hmresim
757 515 876 549 aliquam

90 563 269 590 incurrerunt
283 562 294 589 ?
308 562 355 590 sed
372 569 543 597 unaquaeque
559 561 689 592 Ecclesia,
705 568 766 596 qum
781 560 877 593 primi-

91 613 137 635 tus
153 608 180 635 in
195 609 316 643 aliquam
331 608 456 635 haeresim
476 608 582 640 incidit,
606 607 792 642 superiOribus
807 613 877 636 teut-

90 648 209 688 poribus
235 653 369 681 catholica
387 661 496 688 semper
512 658 580 681 erat.
597 652 688 686 Quare
702 654 790 688 potest
818 654 876 681 fieri

88 707 152 726 eam
168 707 230 734 quae
242 700 317 733 prius
329 707 437 734 semper
453 700 604 727 orthodoxa
617 704 687 732 erat,
703 700 877 734 postmodum

89 745 118 772 in
139 745 265 773 haeresim
281 746 389 772 cadere.
409 745 448 772 An
477 746 510 772 ad
527 750 639 772 sanctos
653 745 812 778 nonnullos,
830 747 876 781 qui

90 795 176 826 prout
190 799 240 818 nos
261 791 390 824 dicimus,
405 790 562 825 Scripturas
580 791 740 826 exponunt?
754 792 807 819 Sed
821 792 878 819 for-

90 843 168 865 tasse
186 842 214 865 et
234 838 278 865 hic
308 839 352 866 cui
381 838 609 870 contradicimus,
636 844 749 866 sanctus
765 843 816 867 est.
844 839 878 866 Et.

89 884 330 919 quemadmodum
349 885 376 911 in
390 884 445 911 illis
462 884 506 911 alii
519 884 580 911 aliis
597 885 826 918 contradicentes,
839 890 879 912 ta-

92 938 158 957 men
175 930 294 958 hteretici
311 938 366 957 non
381 936 456 962 sunt,
474 930 509 956 ita
526 935 554 957 et
579 930 640 958 hic.
658 930 752 958 Restat
765 938 831 966 ergo
845 931 878 958 ad

86 975 229 1009 judicium
245 975 378 1010 generalis
393 975 504 1002 concilii
520 983 671 1003 recurrere.
687 976 722 1002 At
736 977 758 1003 si
778 977 879 1004 videri-

93 1029 158 1048 mus
173 1021 250 1048 illum
267 1021 355 1056 ipsum
372 1028 484 1049 sensum
498 1021 684 1049 determiuaus
697 1024 878 1056 quorumdam

92 1067 230 1095 dictorum
248 1066 407 1101 Scripturae,
428 1068 472 1095 cui
495 1072 691 1102 repugnantem
707 1076 818 1096 sensum
836 1069 880 1096 hic

92 1113 261 1148 dogmatizat
281 1117 310 1140 et
323 1116 406 1145 tenet,
419 1113 600 1141 indubitabile
616 1114 728 1142 omnino
744 1114 772 1141 fit
789 1115 878 1149 ipsum

92 1158 253 1185 haereticqu
279 1166 352 1186 esse.
369 1159 440 1193 Ergo
457 1159 481 1186 si
497 1159 561 1193 quis
584 1160 638 1186 tale
663 1159 690 1186 in
707 1160 879 1194 dogmatibus

90 1204 172 1237 dicit,
189 1208 219 1231 ut
233 1210 287 1231 non
304 1211 389 1231 unum
406 1204 445 1231 vel
463 1204 530 1237 duo,
542 1204 590 1231 sed
603 1205 694 1232 omnia
713 1213 794 1239 supra
807 1205 878 1233 dicta

91 1252 119 1275 et
135 1247 264 1282 generale
275 1247 420 1275 concilium
430 1247 458 1274 in
473 1249 643 1276 contrarium
655 1256 831 1283 concurrant,
846 1257 879 1278 ac

92 1295 120 1322 in
138 1294 326 1329 praejudicium
341 1295 424 1322 simul
440 1296 564 1322 omnium
582 1301 713 1331 appareat
729 1298 818 1332 ipsum
834 1305 879 1325 sa-

91 1348 146 1368 cra:
164 1340 313 1376 Scriptum
330 1349 451 1377 pugnare
467 1349 475 1369 :
491 1342 536 1370 hic
550 1347 589 1370 est
608 1343 731 1370 omnium
760 1343 879 1371 manife-

91 1387 232 1415 stissimus
249 1387 405 1415 bmreticus.
431 1387 485 1415 Sed
512 1387 559 1423 qui
575 1388 643 1415 dicit
662 1396 694 1416 ex
715 1389 774 1416 solo
797 1388 878 1416 Patre

92 1432 241 1467 procedere
255 1432 388 1467 Spiritum
404 1438 543 1466 sanctum,
557 1434 618 1461 talis
633 1440 685 1462 est.

126 1478 160 1505 Et
176 1483 205 1505 ut
219 1486 265 1514 per
280 1479 411 1514 pmdicta
426 1479 518 1506 omnia
542 1484 715 1508 transeamus
729 1490 736 1508 :
752 1480 875 1510 Primum

931 244 1094 272 habentibus
1102 246 1244 273 constituit
1252 250 1278 272 et
1286 246 1392 273 ordinat
1403 246 1516 273 cuilibet
1527 253 1620 273 earum
1631 253 1710 273 suum

930 291 1123 325 patriarcham.
1153 291 1253 318 Deinde
1271 297 1331 326 post
1353 292 1452 319 multos
1477 299 1562 320 annos
1586 292 1712 327 generale

930 336 1074 364 concilium
1088 336 1239 368 celebrans.
1251 338 1284 364 de
1291 337 1386 364 eodem
1399 338 1456 371 ipso
1465 337 1586 364 omnium
1596 345 1711 364 assensu

931 381 1060 413 declarat.
1079 381 1131 408 hoc
1156 388 1204 416 per
1220 381 1392 416 Scripturam
1416 382 1552 414 concludi,
1579 382 1711 416 Spiritum

930 431 1055 454 sanctum
1069 435 1101 454 ex
1115 427 1195 455 Patre
1210 427 1344 462 Filioque,
1358 433 1487 462 tauquam
1497 436 1528 455 ex
1543 435 1596 455 uno
1610 428 1711 462 princi-

930 473 985 508 pio,
1000 473 1157 508 procedere.
1173 473 1352 508 Quapropter,
1365 475 1411 508 qui
1431 475 1483 501 hoc
1498 478 1588 508 negat,
1604 479 1631 501 et
1643 481 1710 501 cou-

932 522 1044 546 trarium
1063 519 1142 554 sapit,
1162 520 1298 554 generalis
1313 520 1368 554 jam
1386 519 1494 547 concilii
1507 520 1611 554 judicio
1627 527 1712 547 sacrae

931 564 1080 600 Scriptura;
1093 569 1204 600 pugnat.
1223 565 1256 592 Et
1275 570 1417 600 propterea
1435 566 1462 593 iu
1478 566 1596 593 haeretici
1616 565 1713 592 defini-

931 611 1031 638 tionem
1049 610 1192 639 manifeste
1206 611 1337 642 incidens.
1354 619 1441 646 purus
1452 612 1595 639 hereticus
1607 615 1659 638 est.

965 655 1030 684 Haec
1041 660 1131 684 autem
1147 661 1172 684 et
1190 656 1224 683 ad
1240 661 1266 684 te
1278 657 1378 690 scriboI
1392 661 1419 684 et
1436 657 1470 684 ad
1483 657 1552 684 alios
1570 657 1641 689 dico,
1658 664 1713 683 non

931 702 1123 729 malevolentia
1133 702 1233 737 aliqua,
1241 706 1268 730 et
1277 702 1485 734 contumeliose,
1496 702 1542 729 sed
1554 702 1712 736 cupiditate,

930 751 961 775 ut
972 747 1092 775 Ecclesia
1103 747 1206 776 Christi
1219 748 1339 780 uniatur,
1353 751 1379 774 et
1395 747 1427 774 ad
1442 747 1558 781 seipsam
1570 747 1672 778 redeat,
1687 751 1714 774 et

930 800 1025 821 omnes
1035 793 1185 822 Christiani
1199 793 1225 820 in
1241 793 1292 820 fide
1300 797 1326 820 et
1342 793 1455 820 veritate
1467 793 1583 826 idipsum
1593 793 1711 826 sapiant,

930 843 956 866 ct
966 838 1109 867 charitatis
1124 839 1233 866 vinculo
1246 839 1298 866 sibi
1309 838 1424 866 invicem
1439 838 1621 872 copulentur:
1639 837 1712 872 quod

932 890 961 912 ut
974 890 1039 919 puto
1055 893 1109 912 non
1129 885 1156 913 in
1171 886 1281 921 longum
1307 884 1439 917 eveniret,
1455 885 1477 912 si
1495 884 1552 911 haec
1569 884 1636 914 sola.
1652 891 1713 918 quae

931 930 978 958 tibi
997 931 1098 962 scribo,
1118 930 1144 957 in
1164 935 1281 957 mentem
1297 929 1426 957 omnibus
1448 929 1583 956 venirent.
1605 928 1671 955 Nam
1689 929 1712 956 si

929 984 1092 1012 persuasum
1109 976 1206 1004 fuisset
1220 975 1260 1003 eis
1274 976 1300 1002 in
1319 983 1374 1010 quo
1390 974 1461 1002 malo
1475 979 1550 1007 sunt,
1566 975 1644 1002 facile
1660 975 1713 1002 uti-

930 1030 983 1057 que
999 1027 1027 1049 et
1042 1022 1126 1057 hujus
1142 1021 1332 1049 liberationem
1347 1025 1510 1055 quaererent.
1520 1021 1610 1053 Quare
1632 1020 1711 1052 nihil,

928 1073 958 1095 ut
971 1068 1088 1100 aestimo,
1102 1067 1307 1095 hencvolcntius
1322 1074 1372 1101 pro
1389 1066 1517 1094 omnibus
1530 1068 1713 1094 communiter

930 1114 986 1142 fieri
1005 1118 1103 1148 potest,
1120 1121 1201 1148 quam
1221 1114 1243 1141 si
1259 1114 1322 1141 talia
1338 1113 1371 1140 ad
1388 1120 1436 1141 eos
1450 1112 1579 1140 dicantur
1600 1117 1627 1140 et
1641 1112 1711 1140 seri-

929 1161 1038 1188 bantur.

929 1216 1055 1250 Eiasdem
1072 1216 1172 1244 domini
1188 1215 1339 1247 Barlaami,
1350 1215 1464 1250 episcopi
1473 1214 1639 1250 Gyracensis.
1648 1221 1711 1248 pro-

966 1252 1037 1278 batio
1050 1260 1096 1285 per
1114 1259 1218 1278 sacrum
1237 1250 1416 1284 Scripturam.
1432 1251 1501 1285 quod
1516 1249 1632 1285 Spiritus
1646 1257 1711 1275 san-

964 1292 1020 1314 ctus
1032 1284 1056 1313 et
1071 1295 1103 1313 ea:
1121 1285 1191 1312 Filio
1207 1291 1255 1319 est,
1267 1286 1486 1321 quemadmodum
1499 1290 1522 1311 et
1538 1292 1569 1311 ea:
1584 1284 1674 1310 Patre.

895 869 917 899 Î’

962 1343 1078 1370 1)Î¿Ï‰á½·Î·Î¿
1092 1348 1188 1370 nostro
1204 1341 1269 1370 Jesu
1289 1341 1399 1369 Christo
1420 1341 1533 1376 jubente
1549 1340 1629 1367 nobis
1650 1347 1712 1375 per-

927 1390 1044 1417 scrutari
1069 1388 1236 1424 Scripturas.
1253 1389 1306 1415 duo
1321 1387 1385 1414 hinc
1400 1386 1590 1420 intelligimus.
1606 1384 1710 1417 Unum,

927 1434 998 1469 quod
1027 1435 1134 1469 pietatis
1160 1435 1286 1468 dogmata
1303 1441 1356 1461 non
1373 1433 1430 1460 sola
1448 1437 1512 1460 sunt
1532 1433 1586 1465 illa,
1602 1439 1661 1467 qua:
1677 1439 1710 1459 ex

927 1479 1017 1507 verbis
1033 1480 1101 1514 ipsis
1119 1480 1275 1506 immediate
1289 1487 1304 1505 a
1320 1478 1463 1513 Scriptura
1481 1478 1649 1510 traduntur,
1663 1485 1711 1505 ve-

92 1524 115 1552 si
131 1525 192 1559 quis
206 1524 302 1559 quaerit
316 1528 343 1552 et
356 1525 481 1560 proponit
494 1525 613 1560 plurium
629 1525 775 1560 judicium,
786 1528 876 1562 siqui-
890 1518 912 1549 (á¼¶
928 1532 989 1552 rum
1000 1525 1081 1552 etiam
1096 1529 1161 1552 sunt
1176 1525 1238 1557 alia,
1249 1532 1309 1559 quae
1321 1532 1369 1559 per
1380 1531 1489 1551 sensum
1501 1523 1636 1551 dictorum
1651 1532 1711 1559 per-

92 1570 154 1597 dem
165 1570 256 1604 plures
271 1569 346 1602 dicit,
358 1577 411 1597 non
423 1569 505 1597 rudes
515 1575 542 1597 et
555 1570 717 1602 illitteratus.
732 1573 776 1600 sed
787 1572 878 1607 legen-

94 1621 136 1643 tes
151 1623 256 1644 sacram
275 1615 445 1650 Scripturam
458 1619 486 1643 et
501 1616 667 1644 intellectum
683 1617 815 1645 lectorum
832 1622 877 1645 ut-

91 1669 201 1697 cunque
221 1666 378 1697 sequentes,
392 1668 448 1688 non
464 1661 558 1696 utique
582 1662 701 1690 inveniet
717 1663 760 1690 hic
776 1667 815 1691 tot
837 1667 879 1691 ta-

91 1709 141 1741 les,
155 1713 223 1743 quot
233 1713 353 1735 centena:
365 1708 462 1735 talium
479 1707 507 1734 in
525 1707 578 1735 illis
588 1708 701 1735 inveniri
718 1713 843 1743 possunt.

127 1752 157 1780 Si
176 1760 241 1780 vero
265 1753 463 1787 sapientiorum
477 1753 505 1779 in
523 1752 621 1779 divinis
636 1757 662 1780 et
679 1754 765 1789 magis
782 1755 876 1782 erudi-

92 1803 184 1827 torum
197 1798 330 1834 judicium
347 1798 471 1834 praxfers,
489 1798 516 1825 iu
531 1797 586 1827 illis
602 1799 710 1833 quidem
727 1800 825 1827 infiniti
837 1800 878 1827 in-

93 1845 249 1878 venientur,
268 1845 303 1872 ita
327 1845 354 1872 in
368 1845 422 1872 fine
435 1845 577 1872 exercitati
597 1851 661 1879 erga
676 1852 782 1873 sacram
800 1846 875 1873 Scri-

92 1895 214 1926 pturam,
232 1894 262 1917 ut
276 1890 370 1918 audito
387 1890 480 1925 aliquo
495 1898 528 1918 ex
545 1897 577 1918 ea
594 1890 678 1922 dicto,
700 1890 798 1918 habeat
813 1891 876 1925 qui-

92 1938 161 1965 libet
172 1944 266 1965 eorum
283 1937 376 1965 statim
394 1937 546 1972 assignare,
558 1942 586 1964 et
598 1944 630 1964 ex
642 1944 695 1971 quo
709 1937 780 1964 libro
793 1941 820 1964 et
831 1944 877 1964 ca-

92 1982 178 2017 pitulo
187 1986 240 2013 est.
252 1987 279 2010 et
290 1982 351 2016 quis
361 1981 441 2016 hujus
452 1981 518 2009 dicti
529 1986 672 2015 sensus,et
683 1981 771 2009 adhuc
783 1989 876 2016 prom-

92 2033 152 2063 ptus
162 2028 198 2055 sit
206 2027 239 2055 ad
249 2027 340 2055 omnia
350 2027 499 2054 dubitanda
508 2027 688 2062 probabiliter
698 2028 874 2063 respondere.

91 2073 140 2101 His
147 2081 210 2101 cum
220 2074 330 2100 locutus
342 2073 455 2101 fuissem
466 2080 538 2107 saepe
548 2073 758 2107 sapientissimis
769 2081 874 2107 eorum,

92 2117 213 2145 nondum
235 2117 353 2152 aliquem
372 2117 454 2144 talem
471 2117 574 2151 inveni.
594 2116 664 2145 Puto
679 2123 769 2145 autem
786 2126 876 2153 neque

93 2172 154 2192 esse
162 2171 258 2193 eorum
268 2164 348 2192 talem
361 2163 491 2198 aliquem.
500 2163 529 2191 Si
538 2171 602 2191 vero
611 2164 749 2200 digniores
759 2169 785 2192 et
798 2166 873 2200 prin-

91 2209 235 2244 cipaliores
249 2214 276 2237 et
296 2209 515 2238 dominantiores
536 2211 638 2244 quaeris
651 2231 657 2243 ,
676 2210 796 2238 Ecclesia
822 2210 874 2237 Ro-

91 2261 169 2281 mana
181 2259 232 2285 est,
240 2261 300 2288 quae
311 2254 392 2281 habet
403 2254 430 2280 in
443 2255 589 2282 universali
603 2255 723 2282 Ecclesia
734 2263 872 2283 summum

90 2305 118 2328 et
127 2299 318 2334 dignissimum
330 2300 432 2327 locum.
442 2299 470 2327 Si
483 2307 546 2327 vero
557 2309 604 2328 eos
613 2302 658 2335 qui
671 2302 792 2328 nondum
804 2302 873 2329 alias

92 2346 117 2372 in
132 2345 256 2373 haeresim
273 2345 429 2373 ceciderunt
443 2366 450 2378 ,
472 2345 531 2381 ipsa
557 2347 615 2374 sola
634 2350 685 2380 est,
704 2347 737 2374 de
754 2347 873 2382 quinque

91 2391 230 2423 Ecclesiis,
241 2399 301 2426 qua:
312 2392 373 2426 jure
385 2395 473 2426 potest
489 2392 540 2419 ltoc
551 2392 674 2427 gloriari.
692 2393 719 2420 Si
736 2401 800 2420 vero
809 2401 872 2421 sau-

91 2443 150 2466 ctos
162 2457 171 2470 ,
184 2437 307 2465 invenies
325 2442 451 2465 sanctum
469 2437 601 2473 Cyrillum
619 2443 647 2466 et
671 2443 796 2467 sanctum
815 2439 872 2465 Au-

90 2484 240 2519 gustinum,
266 2485 335 2511 dicta
351 2484 498 2519 Scriptura:
518 2485 689 2519 exponendo,
715 2485 873 2519 planissime

90 2531 229 2557 tradentes
238 2534 305 2556 etex
319 2529 387 2556 Filio
402 2529 532 2564 Spiritum
543 2537 614 2557 esse.
630 2529 658 2557 Si
674 2538 738 2557 vero
748 2530 874 2565 generale

90 2575 253 2607 conciliumâ€˜,
267 2576 365 2603 ethoc.
378 2576 445 2608 Quia
460 2576 531 2604 enim
547 2576 574 2602 hi
589 2576 751 2611 patriarchae
763 2581 875 2610 aposto-

89 2623 168 2649 licam
178 2622 356 2649 dcscrueruut
374 2622 511 2655 sedem,et
527 2622 713 2657 imperialibus
744 2623 872 2658 proposi-

91 2668 212 2694 tionibus
235 2674 265 2694 se
277 2668 351 2702 ipsos
364 2667 455 2701 potius
469 2667 614 2699 dederunt,
626 2672 653 2695 et
665 2667 691 2694 in
703 2667 871 2695 schismatici

90 2715 233 2746 rationem,
251 2718 281 2740 ut
305 2719 446 2740 ostensum
471 2718 522 2746 est,
542 2713 725 2741 ceciderunt:
752 2715 869 2748 primum

90 2758 197 2794 quidem
213 2757 393 2785 Ecclesiarum
407 2762 502 2791 mater,
514 2766 548 2785 ne
562 2758 717 2793 hujusmodi
729 2759 807 2788 sedes
821 2767 869 2788 va-

127 2846 148 2863 â€œ
169 2846 249 2875 Joan.
274 2854 301 2880 v,
331 2846 377 2873 '59.
417 2846 437 2862 Â¹â¹
468 2846 490 2873 ll
509 2846 573 2874 Cor.
593 2854 632 2880 Ill,
655 2846 682 2873 6.

889 2191 912 2220 D

927 1571 1114 1598 scrutantibus
1133 1570 1210 1598 nobis
1220 1570 1390 1597 elucescunt.
1407 1569 1488 1596 Aliud
1501 1574 1552 1601 est,
1571 1570 1643 1605 quod
1661 1571 1712 1599 de-

927 1616 1031 1644 bitores
1042 1624 1148 1648 sumus,
1164 1623 1216 1643 non
1233 1615 1290 1643 sola
1307 1623 1368 1650 qua:
1380 1615 1470 1642 verbis
1485 1621 1610 1650 prompte
1625 1616 1712 1651 signi-

928 1656 1045 1689 ï¬cantur
1061 1666 1164 1694 tenere,
1181 1668 1274 1688 verum
1293 1661 1376 1688 etiam
1398 1661 1442 1688 illa
1457 1668 1517 1695 quae
1534 1668 1582 1695 per
1598 1669 1711 1689 sensum

926 1714 1019 1734 eorum
1033 1711 1184 1741 emergunt.
1203 1705 1271 1732 Nam
1294 1705 1316 1732 si
1332 1710 1429 1740 praeter
1443 1713 1474 1733 ea
1492 1714 1553 1741 quae
1569 1706 1653 1734 verho
1671 1708 1711 1734 sl-

927 1753 1100 1788 gnificantur,
1115 1761 1168 1780 non
1179 1757 1310 1788 apparent
1327 1757 1354 1780 et
1368 1753 1420 1779 alia
1433 1760 1468 1780 ex
1480 1754 1614 1781 dictorum
1627 1760 1710 1782 sensu

926 1799 1055 1826 sintiliter
1067 1798 1121 1825 illis
1138 1798 1297 1825 exsisteutia
1317 1797 1350 1824 ad
1373 1797 1451 1824 fidem
1470 1798 1637 1831 necessaria,
1655 1806 1709 1825 non

927 1846 1019 1879 utique
1056 1844 1170 1871 dixisset
1198 1853 1205 1871 :
1238 1842 1447 1870 Peracrutamini
1477 1843 1634 1878 Scripturas
1661 1843 1682 1860 "
1701 1864 1708 1871 .

925 1890 966 1918 Ad
1005 1890 1130 1918 facienda
1159 1891 1229 1917 cnim
1261 1891 1405 1925 ea,!qua2
1440 1890 1523 1917 verbo
1554 1890 1710 1919 immediate

926 1936 1125 1971 significantur,
1144 1935 1320 1970 illaquelsola
1339 1935 1469 1968 tenenda,
1486 1943 1538 1962 non
1551 1941 1709 1970 perscruta-

928 1983 1001 2010 tione
1014 2003 1021 2015 ,
1034 1982 1081 2010 sed
1095 1982 1209 2010 lectione
1223 1981 1279 2009 sola
1294 1989 1363 2016 opus
1375 1986 1457 2008 esset.
1470 1981 1560 2014 Quare
1574 1982 1707 2010 dixisset:

926 2027 1016 2063 Legite
1024 2027 1186 2062 Scriptura.
1206 2027 1328 2062 ldipsum
1340 2027 1527 2062 intelligimus.
1537 2031 1564 2054 et
1577 2028 1710 2063 Apostolo

926 2075 960 2102 ad
991 2074 1147 2102 Corinthios
1181 2074 1288 2101 dicente
1312 2073 1438 2100 :Limra
1461 2073 1568 2106 occidit,
1593 2073 1709 2109 Spiritus

926 2124 1014 2148 autem
1044 2121 1158 2153 viviï¬cat
1180 2120 1201 2136 "
1229 2128 1236 2146 :
1267 2120 1383 2147 litteram
1417 2119 1524 2146 dicente
1558 2120 1604 2152 id,
1636 2121 1707 2154 quod

926 2172 1048 2201 prompte
1064 2166 1090 2193 in
1113 2166 1255 2201 Scriptura
1271 2173 1318 2200 per
1334 2173 1428 2193 vocem
1445 2165 1630 2200 significatur,
1646 2166 1708 2201 Spi-

926 2215 1008 2240 ritum
1024 2220 1089 2240 vero
1113 2213 1151 2245 id,
1170 2212 1241 2247 quod
1269 2219 1316 2246 per
1335 2211 1454 2238 debitam
1470 2211 1657 2237 scrutationem
1680 2211 1707 2238 in

927 2259 1066 2292 Scriptura
1079 2265 1125 2292 per
1134 2265 1244 2285 sensum
1257 2256 1401 2285 conï¬‚atur.
1411 2257 1480 2293 Ergo
1492 2259 1514 2284 si
1527 2256 1592 2291 quid
1601 2264 1708 2290 eorum,

926 2311 987 2339 quae
999 2305 1031 2331 de
1046 2303 1101 2331 Deo
1115 2304 1316 2338 intelliguntur,
1327 2303 1363 2330 ita
1376 2311 1405 2330 se
1417 2303 1496 2330 habet
1516 2303 1542 2329 iu
1555 2303 1708 2337 Scriptura,

925 2354 955 2376 ut
967 2349 992 2375 id
1013 2348 1122 2382 quidem
1139 2352 1213 2376 recta
1227 2348 1298 2375 facta
1314 2347 1523 2382 investigatione
1537 2355 1586 2382 per
1599 2355 1708 2375 omnem

925 2399 1055 2429 appareat
1074 2393 1258 2428 Scripturam,
1275 2393 1334 2428 ejus
1352 2401 1416 2421 vero
1443 2394 1600 2428 oppositum
1620 2401 1709 2428 neque

925 2448 956 2467 ex
975 2447 1052 2472 voce,
1070 2447 1157 2474 neque
1170 2447 1201 2466 ex
1215 2447 1297 2466 sensu
1311 2438 1457 2473 Scriptura:
1473 2439 1630 2466 necessario
1643 2446 1710 2466 con-

924 2485 1059 2518 cludaturI
1074 2491 1100 2513 et
1113 2485 1203 2512 adhuc
1217 2491 1376 2512 Sanctorum
1392 2490 1551 2512 nostrorum
1564 2486 1708 2512 doctorum

925 2531 980 2558 sint
1005 2530 1139 2561 nonnulli,
1156 2530 1202 2564 qui
1218 2530 1379 2563 exponendo
1399 2529 1519 2556 divinam
1539 2529 1708 2565 Seripturam

924 2577 1042 2611 idipsum
1059 2576 1201 2602 manifeste
1215 2575 1380 2602 concludant
1398 2579 1425 2601 et
1435 2574 1545 2601 tradant
1571 2583 1577 2602 :
1593 2574 1710 2601 manife-

926 2627 1008 2655 stum,
1024 2621 1096 2656 quod
1113 2621 1297 2648 necessarium
1318 2627 1358 2647 est
1377 2621 1428 2647 hoc
1447 2620 1552 2647 admitti
1572 2624 1598 2647 et
1613 2621 1707 2648 credi:

926 2672 965 2700 ut,
978 2669 1098 2703 inquam,
1109 2668 1135 2694 in
1148 2667 1239 2694 divina
1253 2666 1393 2701 Scriptura
1404 2665 1523 2700 Spiritus
1535 2670 1648 2693 sanctus
1658 2673 1708 2693 ne-

925 2721 978 2749 que
995 2714 1067 2749 quod
1084 2713 1235 2741 substantia
1247 2717 1299 2744 est,
1319 2720 1407 2747 neque
1419 2711 1491 2747 quod
1510 2711 1635 2738 accidens
1653 2715 1706 2743 est,

924 2760 1056 2792 scriptum
1069 2766 1111 2789 est
1123 2769 1131 2795 -,
1144 2760 1191 2788 sed
1200 2766 1260 2788 esse
1272 2759 1346 2794 illum
1361 2757 1556 2790 substantiam,
1570 2764 1601 2784 cx
1617 2755 1708 2783 omni-
