1868 3069
179 135 249 170 1315

726 139 925 169 BARLAAMI
943 138 991 168 DE
1011 138 1226 169 SEMINARIA

1729 140 1798 172 1316

176 197 267 226 busde
281 205 314 225 eo
322 197 403 225 dictis
415 197 442 225 in
451 197 594 234 Scriptura
620 199 814 226 concluditur:
829 205 891 227 esse
900 206 964 226 vero
979 199 1002 228 Α
1015 197 1076 226 dem
1093 199 1127 226 de
1151 197 1318 225 animalibus
1336 197 1466 225 dicuntur
1480 202 1508 226 et
1523 198 1641 226 maxime
1657 198 1690 226 de
1708 198 1799 226 inomi-

177 238 253 271 illum
271 243 406 275 accidens,
426 244 583 271 nullatenus
599 244 723 271 concludi
740 249 839 279 potest.

212 290 344 317 Prartcrea
353 291 423 317 sacri
435 291 519 318 nostri
530 291 665 323 doctores.
677 295 844 325 exponentes
853 297 959 318 sacram

174 336 343 372 Scriptorum
368 338 454 370 aiunt,
485 337 610 364 concludi
635 345 668 364 ex
694 345 736 369 ea,
770 345 825 364 non
853 342 959 364 tantum

173 383 262 417 ipsum
280 383 460 410 substantiam
481 390 551 415 esse,
579 390 673 410 vrrum
703 383 784 410 etiam
809 384 957 410 increalam

174 429 352 456 substantiam
375 433 403 455 et
411 429 671 456 consubstantialem
688 428 770 455 Patri.
785 428 854 463 Ergo
862 436 959 456 neces-

173 476 274 502 sarium
291 479 332 501 est
346 479 373 501 et
387 474 464 501 nobis
490 475 542 501 hoc
556 475 666 502 credere
680 475 849 502 etconilteri.
862 474 959 502 Simile

173 519 257 554 igitur
272 520 336 546 huic
346 524 398 550 est.
416 520 527 554 etquod
538 521 657 555 Spiritus
672 525 786 547 sanctus
806 520 958 548 hahetesse

173 574 205 592 ex
225 565 308 597 Filio,
326 566 397 593 sicut
405 573 437 593 ex
450 566 539 593 Patre.
553 565 608 593 Hoc
621 567 692 593 enim
705 574 753 600 per
765 574 870 594 sacram
883 567 958 594 Scri-

173 616 280 646 pturam
298 611 417 646 legitime
441 611 667 646 investigantiluts
692 620 750 639 cam
783 618 912 647 apparet:
931 617 958 640 et

173 657 250 683 multi
280 664 419 684 sacrorum
445 662 602 684 nostrorum
621 659 763 685 doctorum
783 664 956 693 exponentes

174 702 354 737 Scripturam,
371 703 515 730 manifeste
535 703 562 730 id
588 704 675 738 ipsum
693 705 837 732 enuntiant
855 714 861 732 :
876 705 956 733 sicuti

172 754 287 776 sanctus
304 750 474 783 Augustinus
496 750 522 776 in
539 751 632 777 multis
647 751 705 777 suis
719 751 838 785 scriptis,
852 756 879 778 et
892 759 958 778 san-

171 799 233 822 ctus
252 794 369 829 Cyri‘lus
386 795 506 822 indictis
523 795 580 822 suis
598 794 756 827 Thesauris,
775 801 855 830 prout
870 800 957 830 potest

171 841 330 875 quicunque
362 841 416 868 vult
441 841 571 875 inspectis
592 848 688 868 eorum
707 842 837 876 operibus
863 842 956 869 videre

1015 244 1116 272 nibus:
1133 252 1183 279 ego
1198 252 1262 272 vero
1281 244 1394 271 vocibus
1422 244 1627 279 praetermissis,
1652 244 1725 278 ipsas
1753 251 1798 272 res

1013 290 1164 318 secundum
1178 298 1209 318 ea
1224 299 1284 325 qua:
1298 290 1378 318 nobis
1391 291 1488 317 tradita
1503 295 1578 324 sunt,
1596 290 1796 325 contemplans.

1013 343 1045 363 ac
1059 337 1168 364 modum
1183 337 1269 368 illum,
1279 345 1334 372 quo
1346 336 1392 364 Del
1401 336 1520 364 Verbum
1533 337 1615 365 habet
1627 344 1689 364 esse
1700 344 1734 364 ex
1749 337 1798 363 Pa-

1013 387 1064 414 tre,
1080 390 1242 418 comparans
1258 384 1375 412 filiorum
1405 383 1476 418 apud
1490 391 1541 411 nos
1549 383 1720 418 δείξει-πίοιιί
1734 390 1743 410 :
1756 383 1797 408 ri-

1012 428 1062 454 deo
1078 429 1153 455 illum
1170 430 1319 463 plurimum
1335 430 1360 457 ei
1376 429 1540 456 dissimilem
1557 437 1565 462 ;
1582 437 1664 463 quam
1682 437 1748 456 vero
1761 429 1801 456 si-

1013 473 1194 500 militttdinem
1220 475 1396 509 apprchendo
1421 475 1496 502 illius
1519 477 1552 501 ad
1569 475 1651 506 hanc,
1674 474 1795 500 eamdem

1012 518 1200 546 indiﬂcrenter
1215 519 1293 546 video
1310 527 1371 547 esse
1387 524 1415 547 et
1428 520 1512 552 modi,
1531 527 1586 555 quo
1598 518 1680 546 Pater
1695 519 1795 553 princi-

1013 564 1087 598 pium
1115 571 1157 591 est
1174 564 1305 599 Spiritus.
1322 565 1439 592 Attende
1457 566 1549 598 enim,
1573 570 1604 592 ut
1623 565 1741 600 primum
1761 563 1794 590 de

1011 608 1237 637 dissimilitudine
1255 617 1351 637 eorum
1367 610 1468 637 dicam.

1047 655 1112 682 Sctlt
1127 663 1181 682 non
1197 663 1232 683 ex
1253 657 1314 683 solo
1326 659 1368 684 est
1392 656 1490 688 Adam.
1506 656 1551 683 sed
1568 663 1603 683 ex
1620 662 1655 682 eo
1677 659 1705 683 et
1722 653 1791 680 Eva:

1011 705 1038 728 et
1058 708 1111 728 non
1124 702 1216 734 simul,
1234 710 1320 737 neque
1331 710 1379 736 per
1394 703 1520 730 eutndem
1536 703 1659 729 modum.
1677 700 1791 728 Verbum

1011 753 1076 774 vero
1091 747 1146 774 illic
1170 755 1203 774 ex
1222 748 1281 775 solo
1303 749 1383 776 Patre
1400 753 1452 775 est.
1468 748 1499 775 Et
1511 748 1575 775 Scth
1593 755 1648 774 non
1665 752 1707 774 est
1721 753 1791 773 tctus

1011 800 1043 819 ex
1053 797 1110 820 toto
1123 793 1220 825 Adam,
1234 794 1282 821 sed
1300 794 1326 821 id
1341 794 1412 829 quod
1431 795 1562 822 emissum
1573 798 1616 821 est
1626 793 1752 828 primitus
1760 799 1789 819 ex

1011 839 1109 871 Adam,
1127 847 1217 874 neque
1235 840 1318 867 homo
1342 848 1430 874 neque
1446 841 1547 868 animal
1572 846 1624 871 est,
1639 840 1686 867 sed
1703 846 1790 866 semen

171 886 243 921 quod
260 886 331 913 dico.
346 885 432 921 Hujus
448 894 513 913 vero
527 888 692 921 oppositum.
705 887 777 922 quod
787 891 839 918 est.
855 895 887 914 ex
901 887 958 914 solo
974 879 996 908 Β
1011 892 1059 919 per
1074 886 1146 918 quod
1160 886 1186 912 in
1203 886 1281 913 vulva
1301 887 1396 913 matris
1409 886 1472 913 Scth
1497 886 1623 914 conditus
1634 891 1688 915 est.
1710 893 1791 920 neque

171 932 250 959 Patre
265 933 411 967 procedere
424 933 556 967 Spiritum
570 938 705 965 sanctum,
718 938 745 960 et
759 941 812 959 nun
829 941 861 960 ex
876 932 956 965 Filio,

170 978 326 1005 nullatenus
343 986 389 1012 per
405 978 574 1013 Scripturam
589 979 716 1006 concludi
736 983 837 1013 potest.

211 1023 252 1050 illi
266 1023 338 1050 enim
354 1024 400 1058 qui
413 1024 482 1050 hanc
498 1024 827 1059 delenduutopinionem,
842 1025 958 1053 credunt

170 1076 199 1096 se
212 1068 313 1095 habere
331 1069 500 1103 potissimum
518 1069 584 1096 illud
594 1070 666 1104 quod
687 1070 818 1098 Dominus
830 1071 884 1098 ait:
904 1071 957 1104 Qui

171 1124 186 1141 α
196 1115 276 1142 Patre
293 1116 409 1150 procedit
422 1125 430 1148 ;
446 1117 557 1144 minime
574 1124 639 1143 vero
651 1124 700 1151 per
711 1117 762 1143 hoc
772 1117 956 1150 concluditur,

169 1162 242 1196 quod
260 1169 292 1188 ex
314 1163 372 1189 solo
390 1162 470 1190 Patre
485 1172 493 1196 ;
512 1163 626 1190 nimium
644 1163 716 1190 enim
733 1163 848 1190 interest
865 1163 956 1190 dicere

169 1208 270 1243 aliqttid
285 1208 463 1243 simpliciter,
475 1213 502 1236 et
511 1209 602 1237 dicere
612 1209 639 1236 id
650 1209 739 1244 ipsum
752 1209 955 1243 distinguendo,

168 1254 236 1288 quod
248 1254 344 1281 soluat.
359 1255 388 1281 ln
404 1255 497 1282 multis
512 1255 584 1281 enim
598 1263 681 1282 unum
700 1260 741 1282 est
755 1263 860 1286 verum,
881 1256 954 1283 aliud

137 1325 142 1329 .
169 1299 268 1328 falsum
284 1310 291 1328 :
310 1305 404 1335 utpote
417 1301 438 1327 si
453 1300 562 1328 dicatur
575 1300 674 1328 Filium
686 1309 747 1328 esse
759 1301 841 1328 Deum
859 1310 954 1329 verum

167 1345 202 1373 de
218 1346 270 1373 Deo
286 1354 360 1378 vero,
377 1354 470 1374 verum
487 1352 539 1374 est.
560 1346 588 1374 Si
607 1355 671 1375 vero
684 1343 791 1375 dicatur
806 1349 894 1376 solum
912 1348 957 1375 Fi~

167 1392 234 1419 lium
251 1399 311 1419 esse
328 1392 411 1419 Deum
436 1400 529 1419 rerum
554 1393 588 1420 de
609 1392 664 1420 Deo
680 1400 759 1425 vero,
789 1393 888 1420 falsum
904 1398 955 1421 est.

167 1436 196 1463 Id
215 1437 303 1470 ipsum
316 1441 343 1463 et
358 1437 384 1464 in
396 1437 458 1464 aliis
476 1438 602 1472 plurimis
616 1438 752 1465 invenies.
768 1438 827 1466 Non
837 1447 902 1474 ergo
913 1439 955 1466 di-

166 1487 221 1514 cto,
235 1483 306 1517 quod
323 1491 355 1510 ex
379 1483 460 1510 Patre
474 1484 598 1518 procedit
612 1483 742 1518 Spiritus,
759 1485 890 1512 continuo
908 1492 956 1520 per

167 1527 219 1554 hoc
229 1529 385 1555 necessario
395 1529 578 1561 concluditur,
589 1529 662 1562 quod
672 1538 706 1557 ex
720 1531 794 1558 solo:
808 1531 855 1558 sed
868 1539 955 1565 quan-

167 1577 225 1600 tum
241 1581 287 1607 per
305 1574 368 1605 hoc,
384 1574 519 1609 reliquum
534 1575 668 1602 incertum
687 1581 740 1604 cst.
761 1577 853 1612 Neque
868 1577 952 1612 igitur

165 1627 199 1646 ex
218 1619 290 1646 dicto
302 1621 396 1652 verbo,
406 1628 493 1655 neque
507 1628 538 1647 ex
552 1621 605 1648 alio
620 1629 705 1649 sacra:
720 1622 867 1655 Scriptura:
881 1630 953 1650 con-

166 1665 297 1698 cluditur,
323 1667 395 1701 quod
411 1674 443 1693 ex
457 1667 524 1694 solo.
542 1666 612 1700 Quia
629 1675 693 1694 vero
718 1672 745 1695 et
762 1675 793 1695 ex
813 1668 883 1695 Filio
912 1672 954 1695 est

165 1710 398 1747 Spiritus,‘omnis
412 1713 545 1740 divinitus
562 1713 694 1748 inspirata
710 1714 850 1749 Scriptura
868 1719 953 1742 teSta-

165 1763 219 1787 tur.
229 1758 416 1794 Incipiendum
432 1764 522 1786 autem
539 1759 576 1787 sit
587 1759 660 1787 inde.

393 1805 583 1839 Argumentum
598 1808 723 1839 primum.

200 1851 239 1878 De
255 1851 378 1886 ingenita
394 1859 521 1886 persona,
534 1851 641 1879 duabus
653 1853 778 1887 personis
789 1853 953 1881 habentibus

165 1903 236 1928 csse,
262 1896 348 1930 quaeri
363 1901 454 1929 potest
470 1905 476 1924 :
496 1897 624 1931 quidnam
638 1905 728 1925 causae
744 1903 796 1931 est,
809 1900 881 1933 quod
895 1901 953 1934 ipsa

164 1943 324 1978 principalis
339 1950 465 1977 persona,
482 1943 509 1969 in
530 1948 663 1978 quantum
681 1949 722 1972 est
746 1946 853 1972 auctrix
870 1946 952 1974 unius

164 1989 380 2023 principatarum
391 1989 680 2023 personarum,adcpta
690 1994 729 2016 est
738 1992 878 2025 proprium
907 2000 954 2020 no-

165 2041 238 2065 tuen,
248 2038 275 2060 et
290 2040 401 2060 vocatur
414 2033 447 2061 ad
463 2041 521 2061 eam
535 2034 615 2061 Pater
629 2043 636 2068 ;
649 2035 676 2062 in
689 2041 819 2070 quantum
833 2043 875 2064 est
888 2046 952 2065 vero

163 2078 328 2114 principium
355 2079 467 2106 alterius
485 2087 620 2114 personae,
639 2081 744 2108 nullum
763 2090 862 2110 nomen
887 2091 953 2111 con-

163 2131 255 2152 secuta
276 2130 327 2157 cst,
345 2126 573 2159 quemadmodum
592 2128 766 2161 postmodum
786 2129 953 2163 expositorcs

161 2172 376 2198 nominavorunt
393 2171 512 2202 Patrem,
532 2173 696 2207 spiratorem
713 2175 800 2202 sancti
822 2175 951 2210 Spiritus.

163 2217 223 2253 ipsa
238 2225 300 2244 vero
316 2225 394 2244 sacra
410 2218 553 2253 Scriptura
568 2219 674 2246 nullmu
694 2228 792 2248 nomen
810 2223 950 2256 exposuit,

162 2270 218 2297 quo
229 2268 351 2297 oporteat
366 2263 473 2290 Patrem
486 2269 611 2299 respectu
626 2265 746 2300 Spiritus
760 2267 900 2301 appellari.
921 2268 953 2294 Et.

163 2316 218 2335 non
236 2309 287 2334 hoc
301 2315 406 2342 quivere,
433 2312 525 2334 utrum
542 2309 596 2336 alio
613 2311 693 2337 modo
719 2311 817 2339 haheat
835 2312 951 2340 Verbum

161 2362 226 2381 esse
241 2355 275 2381 de
291 2353 410 2388 ingenita
429 2361 556 2388 persona,
572 2356 626 2382 alio
641 2364 706 2384 vero
724 2357 845 2392 Spiritus
861 2366 868 2392 ;
889 2367 950 2386 nam

159 2405 188 2427 ct
211 2401 382 2427 diiferentem
397 2406 459 2426 esse
477 2401 601 2434 modum,
615 2409 662 2435 per
678 2410 758 2436 quem
777 2409 889 2439 uterque
906 2406 953 2432 ha-

163 2447 288 2477 iu-tesse,
306 2453 339 2472 cx
356 2446 495 2472 communi
515 2446 649 2481 principio
667 2448 758 2475 credo.
776 2449 807 2476 Et
823 2450 888 2484 quid
910 2451 934 2478 in

161 2496 246 2519 tercst
262 2491 332 2519 inter
348 2491 418 2518 duos
430 2491 480 2519 hos
497 2492 603 2525 modos,
622 2494 745 2528 ignotum
762 2503 822 2523 csse
833 2496 950 2524 homini-

161 2538 213 2566 bus
227 2538 342 2570 ptiniine
351 2537 458 2565 dubito.
473 2538 525 2565 Sed
539 2539 603 2566 illud
617 2549 708 2575 quzero
721 2551 726 2568 :
741 2550 790 2568 cur
807 2550 878 2570 untts
891 2551 950 2569 ιιιοη

159 2586 213 2613 dus
233 2585 314 2612 habet.
339 2585 458 2619 sprciale
480 2594 592 2617 nomen.
610 2593 636 2615 ct
662 2593 776 2616 vocatur
798 2590 948 2617 sccundum

157 2632 252 2664 ipsum
279 2631 437 2666 principalis
454 2640 567 2667 persona
595 2633 694 2661 Pater:
711 2635 862 2662 secundum
885 2643 949 2662 vero

160 2679 244 2704 alium
261 2678 384 2708 modum.
401 2686 456 2713 quo
472 2684 514 2706 est
529 2679 623 2707 eadem
646 2688 762 2716 persona
779 2682 947 2716 principium

161 2724 290 2759 Spiritus,
306 2732 404 2751 nonten
421 2725 446 2753 in
463 2725 603 2762 Scriptura
628 2736 680 2754 non
699 2728 764 2754 est?
780 2716 836 2755 [ioc
856 2734 946 2756 autem

160 2771 290 2803 arbitror,
314 2780 358 2808 tne
374 2780 427 2798 non
442 2773 665 2801 irrationabiliter
688 2782 820 2808 quaerere.
844 2775 895 2802 Sed
915 2776 947 2802 ad

162 2816 225 2843 illud
239 2807 408 2851 aspicﬂmdo.
421 2820 493 2854 quod
504 2821 575 2854 apud
594 2829 644 2847 nos
660 2807 749 2852 Pater,
763 2821 858 2852 Filius.
869 2829 948 2855 gene-

161 2862 239 2894 ratio,
252 2870 454 2897 gentetatum,ct
469 2865 626 2899 huiusmodi
639 2866 749 2893 nomina
762 2868 872 2901 proprie
889 2868 948 2902 qui-

969 1564 990 1591 ϐ

1008 937 1041 957 ex
1058 935 1113 957 toto
1127 931 1214 958 Adam
1235 931 1374 966 pradicas.
1395 931 1452 960 Illic
1466 940 1532 959 vero
1553 938 1626 959 totus
1655 930 1742 960 Filius
1761 939 1790 958 ex

1009 974 1089 1002 Patre
1108 979 1176 1003 toto.

1043 1020 1077 1047 Et
1092 1021 1136 1047 hic
1148 1026 1227 1048 natus
1242 1020 1308 1048 Seth
1322 1023 1356 1048 de
1369 1022 1512 1057 temporali
1523 1023 1620 1055 Adam,
1643 1029 1698 1050 non
1708 1027 1748 1050 est
1757 1022 1790 1048 illi

1008 1068 1233 1100 contemporaiis.
1251 1068 1295 1096 llle
1311 1069 1384 1096 enim
1403 1069 1551 1103 praecessit,
1573 1070 1618 1096 hic
1634 1067 1789 1104 supervixit.

1009 1114 1065 1140 Illic
1075 1122 1140 1141 vero
1153 1119 1246 1141 natum
1259 1113 1378 1142 Verbum
1392 1115 1425 1142 de
1436 1116 1605 1150 sempiterno
1618 1115 1711 1147 Patre,
1724 1122 1791 1142 coae-

1008 1165 1115 1187 tcrnum
1131 1165 1173 1188 est
1187 1161 1223 1188 ei.
1239 1161 1272 1188 Et
1295 1162 1339 1189 hic
1357 1161 1380 1189 is
1390 1162 1438 1196 qui
1465 1166 1545 1188 natus
1564 1167 1618 1193 est,
1636 1169 1692 1188 non
1711 1166 1751 1188 est
1765 1163 1789 1187 iu

1008 1210 1175 1239 generante:
1194 1213 1280 1240 neque
1297 1207 1343 1241 qui
1368 1207 1462 1241 genuit
1485 1207 1513 1233 itt
1539 1212 1691 1240 generato;
1710 1214 1790 1240 neque

1007 1251 1061 1277 duo
1078 1258 1149 1278 unus
1164 1251 1246 1278 homo
1257 1256 1317 1285 est;
1333 1260 1420 1287 neque
1431 1253 1559 1280 voluntas
1573 1260 1672 1280 eorum
1688 1260 1791 1287 semper

1007 1304 1061 1323 una
1075 1304 1082 1328 ;
1094 1303 1183 1331 neque
1192 1297 1280 1324 virtus
1289 1301 1315 1324 et
1323 1298 1394 1324 actio
1406 1305 1458 1324 una
1472 1307 1479 1331 ;
1496 1306 1586 1332 neque
1599 1299 1696 1326 eadem
1705 1299 1791 1325 scien-

1008 1342 1057 1369 tia.
1079 1341 1136 1368 Iliic
1153 1349 1216 1369 vero
1226 1342 1314 1370 Filius
1333 1344 1360 1370 in
1385 1343 1476 1377 Patre,
1491 1349 1517 1371 et
1532 1344 1613 1371 Pater
1630 1345 1657 1370 in
1674 1344 1753 1376 Filio,
1768 1349 1792 1370 et

1007 1388 1062 1415 duo
1076 1396 1146 1415 unus
1165 1388 1235 1416 Deus
1245 1393 1298 1421 est,
1308 1393 1335 1416 et
1348 1397 1402 1416 una
1415 1397 1510 1417 eorum
1520 1395 1547 1418 et
1561 1390 1691 1419 voluntas
1704 1397 1730 1418 et
1743 1391 1792 1418 rir-

1007 1438 1063 1465 tus,
1077 1438 1104 1461 et
1119 1434 1234 1462 scientia
1248 1440 1276 1462 et
1289 1436 1444 1463 extrinseca
1466 1437 1548 1463 actio.
1563 1437 1591 1464 ln
1608 1445 1664 1471 quo
1678 1446 1743 1472 ergo
1752 1438 1792 1464 di-

1006 1479 1070 1506 vina
1082 1479 1126 1506 illa
1136 1481 1274 1513 generatio
1285 1480 1383 1508 similis
1393 1486 1434 1507 est
1445 1481 1510 1508 huic
1520 1481 1668 1509 humanae?
1680 1491 1714 1509 an
1724 1489 1794 1510 certe

1008 1526 1080 1552 sicut
1095 1526 1139 1552 hic
1154 1531 1196 1553 est
1213 1526 1294 1552 homo
1311 1526 1345 1553 de
1361 1527 1482 1559 homine,
1500 1532 1527 1554 et
1544 1529 1792 1557 consubstantiali:

1007 1570 1044 1598 ita
1058 1571 1113 1598 illic
1125 1571 1245 1599 Verbum
1257 1580 1289 1598 ex
1301 1572 1381 1600 Patre
1391 1578 1430 1600 est
1444 1575 1680 1603 consubstantiale
1690 1576 1723 1604 de
1730 1583 1795 1603 eon-

1009 1617 1197 1649 substantiali,
1222 1622 1250 1644 et
1264 1617 1336 1646 Deus
1351 1620 1385 1646 de
1403 1619 1457 1646 Deo
1471 1620 1482 1646 ?
1500 1621 1536 1646 At
1550 1628 1616 1647 vero
1632 1626 1659 1648 et
1676 1621 1794 1656 Spiritus

1007 1667 1118 1690 sanctus
1134 1662 1159 1689 id
1178 1663 1266 1698 ipsum
1284 1663 1354 1691 Deus
1368 1664 1402 1692 de
1422 1665 1477 1692 Deo
1492 1671 1546 1698 est,
1562 1671 1590 1693 et
1611 1668 1794 1695 consubstan-

1007 1708 1080 1736 tialis
1096 1709 1130 1736 de
1143 1709 1380 1737 consubstantiali.
1396 1711 1467 1746 Ergo
1483 1712 1510 1738 in
1524 1719 1580 1746 quo
1596 1712 1659 1740 Filii
1675 1722 1794 1747 genera-

1009 1755 1046 1782 tio
1068 1755 1168 1782 similis
1182 1761 1224 1783 est
1239 1757 1381 1783 hominum
1398 1758 1567 1790 generationi
1583 1777 1591 1788 ,
1607 1759 1636 1785 in
1655 1760 1756 1786 eodem
1771 1766 1795 1787 et

1008 1801 1128 1836 Spiritus
1142 1803 1282 1836 processio
1300 1802 1399 1829 similis
1419 1807 1462 1830 est
1483 1803 1583 1831 eidem.
1598 1804 1688 1839 Magis
1706 1811 1794 1834 autem

1008 1848 1034 1874 in
1056 1855 1110 1882 quo
1125 1847 1245 1883 Spiritus
1267 1849 1406 1882 processio
1431 1849 1572 1876 dissimilis
1594 1856 1638 1878 cst
1655 1852 1793 1880 hominum

1007 1895 1175 1929 generationi
1190 1902 1205 1928 ,'
1215 1895 1241 1921 in
1258 1895 1354 1922 eodem
1371 1900 1398 1922 ct
1415 1895 1474 1923 Filii
1495 1898 1638 1931 generatio
1654 1899 1794 1926 dissimilis

1007 1945 1049 1966 est
1065 1939 1153 1966 cidem
1167 1960 1175 1972 ,
1192 1947 1350 1974 quanquam
1366 1941 1437 1969 inter
1460 1949 1490 1970 se
1506 1942 1617 1970 (ἥσει-τε
1636 1946 1793 1973 credantur.

1005 1983 1063 2012 Cur
1077 1992 1142 2020 ergo
1159 1985 1233 2014 illius
1246 1986 1349 2013 dicitur
1361 1987 1453 2018 Pater,
1470 1989 1549 2015 istius
1564 1996 1632 2017 vero
1652 1991 1721 2018 nihil
1735 1993 1747 2018 τ
1763 1999 1793 2019 an

1006 2036 1079 2058 certe
1086 2031 1216 2065 quoniam
1227 2032 1344 2066 ingenita
1357 2040 1476 2067 persona
1483 2034 1601 2061 duarum
1613 2043 1793 2070 personarum

1006 2077 1140 2104 easistens
1155 2078 1330 2112 principium,
1353 2080 1436 2106 unius
1451 2085 1493 2107 est
1509 2081 1578 2112 sola,
1599 2082 1716 2110 alterius
1732 2091 1792 2111 rem

1006 2131 1060 2150 non
1080 2123 1157 2150 sola?
1172 2123 1233 2151 ideo
1249 2124 1328 2158 cujus
1345 2125 1456 2159 quidem
1477 2127 1535 2153 sola
1554 2127 1613 2161 ipsa
1636 2134 1681 2156 est
1698 2131 1794 2163 princi-

1007 2169 1135 2203 pium,ad
1151 2170 1223 2196 illam
1238 2170 1320 2198 habet
1334 2172 1521 2206 speciﬂcatum
1535 2182 1650 2207 nomen,
1665 2184 1715 2210 per
1725 2178 1791 2212 quod

1007 2214 1124 2241 maxime
1150 2216 1421 2244 consulxstautialitas
1447 2225 1542 2245 eorum
1573 2220 1754 2255 intelligatur,
1767 2227 1792 2249 et

1007 2264 1100 2287 vocata
1116 2264 1158 2288 est
1175 2260 1235 2295 ejus
1244 2260 1323 2289 Pater
1336 2271 1343 2289 :
1358 2263 1438 2296 cujus
1453 2272 1517 2290 vero
1530 2273 1584 2291 non
1597 2267 1655 2293 sola
1669 2272 1713 2294 est
1728 2268 1792 2302 prin-

1004 2309 1116 2342 cipium,
1124 2308 1156 2335 ad
1168 2309 1240 2335 illam
1253 2317 1351 2336 nomen
1361 2317 1415 2337 non
1425 2310 1514 2343 habet,
1526 2319 1560 2339 ne
1573 2320 1725 2342 commune
1735 2323 1791 2350 pro-

1003 2355 1093 2390 prium
1113 2361 1234 2390 putetur.
1260 2355 1292 2382 Et
1317 2358 1450 2392 contingit
1481 2360 1635 2386 secundum
1657 2363 1791 2388 nominae

1003 2409 1136 2429 converso
1148 2409 1176 2429 se
1193 2403 1294 2430 habere
1310 2403 1337 2430 in
1351 2403 1405 2430 Dco
1421 2412 1502 2438 quam
1524 2405 1551 2432 in
1569 2407 1669 2438 Adam,
1689 2413 1717 2434 et
1728 2408 1789 2437 Era,

1002 2452 1029 2474 et
1037 2449 1112 2474 Sctli.
1125 2447 1152 2474 lu
1165 2448 1207 2475 his
1218 2448 1290 2475 enim
1301 2448 1398 2481 Adam,
1407 2450 1485 2484 cujus
1495 2457 1619 2485 personae
1627 2452 1704 2479 solus
1713 2459 1790 2479 causa

1002 2498 1052 2527 est,
1068 2495 1100 2520 ad
1116 2493 1190 2520 illam
1205 2502 1304 2529 nomen
1315 2503 1367 2522 non
1380 2495 1472 2526 habet.
1486 2503 1541 2530 quo
1554 2498 1613 2531 ejus
1626 2498 1788 2533 principium

1005 2545 1060 2573 est,
1073 2540 1175 2568 scilich
1194 2541 1266 2568 Erae.
1281 2542 1366 2575 Cujus
1396 2549 1462 2569 vero
1481 2550 1533 2570 nan
1552 2544 1629 2571 solus
1642 2565 1650 2576 ,
1666 2545 1715 2571 Sed
1731 2552 1789 2572 cum

1003 2586 1057 2613 Eva
1083 2591 1180 2613 auctor
1197 2591 1239 2614 est
1257 2607 1263 2620 ,
1285 2587 1359 2614 illius
1387 2589 1544 2616 nominatur
1570 2596 1668 2624 pater:
1690 2590 1789 2623 Spiritu

1001 2638 1098 2660 Sancto
1109 2633 1265 2668 hujusmodi
1284 2635 1512 2668 permutationem
1525 2636 1668 2662 nominum
1684 2637 1789 2670 dispen-

1001 2683 1078 2706 sante
1094 2680 1174 2706 nobis
1191 2680 1369 2714 providendo,
1382 2689 1416 2708 ne
1428 2682 1552 2708 carnales
1563 2682 1690 2716 copulas,
1703 2689 1728 2709 et
1744 2682 1788 2708 llu-

1001 2734 1062 2758 xus,
1081 2731 1107 2754 et
1123 2727 1320 2759 ahscissioucs,
1340 2732 1368 2754 et
1386 2733 1479 2762 partus
1492 2728 1682 2763 imperfectos,
1697 2735 1723 2757 ct
1740 2730 1787 2756 ltu-

997 2774 1117 2808 jusmodi
1132 2774 1275 2808 passiones
1289 2774 1315 2801 in
1334 2773 1470 2802 Trinitate
1485 2775 1682 2809 imaginamur.

1035 2820 1181 2854 Pmptcrca
1193 2828 1258 2854 ergo
1267 2826 1294 2848 et
1309 2829 1341 2848 ne
1351 2828 1498 2849 commune
1512 2823 1657 2856 proprium
1668 2827 1783 2857 putetur,

999 2867 1118 2901 ingenita
1143 2860 1270 2901 persona,
1288 2867 1414 2895 habentis
1433 2867 1543 2902 quidem
1570 2876 1696 2903 person:
1710 2876 1742 2895 ex
1755 2874 1783 2895 ea

1387 2938 1402 2950 Ι
