  <div class='ocr_page' id='page_1' title='image "/cluster/home/n/w/nwhite01/storage/ocr_20150623/151/njp.32101077773198/742.png"; bbox 0 0 1868 3069; ppageno 0'>
   <div class='ocr_carea' id='block_1_1' title="bbox 100 119 176 152">
    <p class='ocr_par' dir='ltr' id='par_1_1' title="bbox 100 119 176 152">
     <span class='ocr_line' id='line_1_1' title="bbox 100 119 176 152; baseline -0.026 0"><span class='ocrx_word' id='word_1_1' title='bbox 100 120 117 152; x_wconf 85' lang='grc'>1</span> <span class='ocrx_word' id='word_1_2' title='bbox 131 119 176 151; x_wconf 71' lang='grc' dir='ltr'><strong>ΛΤ</strong></span> 
     </span>
    </p>
   </div>
   <div class='ocr_carea' id='block_1_2' title="bbox 780 117 1039 150">
    <p class='ocr_par' dir='ltr' id='par_1_2' title="bbox 780 117 1039 150">
     <span class='ocr_line' id='line_1_2' title="bbox 780 117 1039 150; baseline -0.008 -1"><span class='ocrx_word' id='word_1_3' title='bbox 780 119 856 150; x_wconf 81' lang='lat' dir='ltr'><strong>PRO</strong></span> <span class='ocrx_word' id='word_1_4' title='bbox 873 117 1039 150; x_wconf 72' lang='lat' dir='ltr'><strong>LATINIS.</strong></span> 
     </span>
    </p>
   </div>
   <div class='ocr_carea' id='block_1_3' title="bbox 1661 116 1728 147">
    <p class='ocr_par' dir='ltr' id='par_1_3' title="bbox 1661 116 1728 147">
     <span class='ocr_line' id='line_1_3' title="bbox 1661 116 1728 147; baseline 0.03 -2"><span class='ocrx_word' id='word_1_5' title='bbox 1661 116 1728 147; x_wconf 78' lang='lat'>1318</span> 
     </span>
    </p>
   </div>
   <div class='ocr_carea' id='block_1_4' title="bbox 99 172 1728 211">
    <p class='ocr_par' dir='ltr' id='par_1_4' title="bbox 99 172 1728 211">
     <span class='ocr_line' id='line_1_4' title="bbox 99 172 1728 211; baseline -0.002 -8"><span class='ocrx_word' id='word_1_6' title='bbox 99 175 164 204; x_wconf 82' lang='lat' dir='ltr'><strong>sola</strong></span> <span class='ocrx_word' id='word_1_7' title='bbox 180 182 253 207; x_wconf 85' lang='lat' dir='ltr'><strong>esse,</strong></span> <span class='ocrx_word' id='word_1_8' title='bbox 270 175 410 203; x_wconf 85' lang='lat' dir='ltr'><strong>nominata</strong></span> <span class='ocrx_word' id='word_1_9' title='bbox 422 180 463 203; x_wconf 88' lang='lat' dir='ltr'><strong>est</strong></span> <span class='ocrx_word' id='word_1_10' title='bbox 478 178 568 209; x_wconf 84' lang='lat' dir='ltr'><strong>Pater,</strong></span> <span class='ocrx_word' id='word_1_11' title='bbox 579 176 612 204; x_wconf 87' lang='lat' dir='ltr'><strong>ad</strong></span> <span class='ocrx_word' id='word_1_12' title='bbox 628 176 702 204; x_wconf 80' lang='lat' dir='ltr'><strong>illam</strong></span> <span class='ocrx_word' id='word_1_13' title='bbox 719 182 785 203; x_wconf 69' lang='lat' dir='ltr'><strong>vero</strong></span> <span class='ocrx_word' id='word_1_14' title='bbox 797 183 892 211; x_wconf 90' lang='lat' dir='ltr'><strong>perso-</strong></span> <span class='ocrx_word' id='word_1_15' title='bbox 907 177 927 203; x_wconf 84' lang='lat' dir='ltr'><strong>A</strong></span> <span class='ocrx_word' id='word_1_16' title='bbox 943 174 1027 210; x_wconf 89' lang='lat' dir='ltr'><strong>pitem</strong></span> <span class='ocrx_word' id='word_1_17' title='bbox 1045 173 1169 201; x_wconf 89' lang='lat' dir='ltr'><strong>eumdem</strong></span> <span class='ocrx_word' id='word_1_18' title='bbox 1187 173 1264 201; x_wconf 86' lang='lat' dir='ltr'><strong>vidit.</strong></span> <span class='ocrx_word' id='word_1_19' title='bbox 1277 173 1322 200; x_wconf 86' lang='lat' dir='ltr'><strong>Ait</strong></span> <span class='ocrx_word' id='word_1_20' title='bbox 1333 173 1407 201; x_wconf 90' lang='lat' dir='ltr'><strong>enim</strong></span> <span class='ocrx_word' id='word_1_21' title='bbox 1429 173 1466 201; x_wconf 88' lang='lat' dir='ltr'><strong>de</strong></span> <span class='ocrx_word' id='word_1_22' title='bbox 1482 173 1566 200; x_wconf 80' lang='lat' dir='ltr'><strong>Filio:</strong></span> <span class='ocrx_word' id='word_1_23' title='bbox 1584 172 1618 200; x_wconf 85' lang='lat' dir='ltr'><strong>Et</strong></span> <span class='ocrx_word' id='word_1_24' title='bbox 1636 181 1670 200; x_wconf 69' lang='lat' dir='ltr'><strong>ex</strong></span> <span class='ocrx_word' id='word_1_25' title='bbox 1683 180 1728 199; x_wconf 85' lang='lat' dir='ltr'><strong>ore</strong></span> 
     </span>
    </p>
   </div>
   <div class='ocr_carea' id='block_1_5' title="bbox 101 221 890 255">
    <p class='ocr_par' dir='ltr' id='par_1_5' title="bbox 101 221 890 255">
     <span class='ocr_line' id='line_1_5' title="bbox 101 221 890 255; baseline -0.001 -7"><span class='ocrx_word' id='word_1_26' title='bbox 101 228 183 253; x_wconf 73' lang='lat' dir='ltr'><strong>nam,</strong></span> <span class='ocrx_word' id='word_1_27' title='bbox 199 229 261 255; x_wconf 61' lang='lat' dir='ltr'><strong>qua;</strong></span> <span class='ocrx_word' id='word_1_28' title='bbox 278 229 333 248; x_wconf 91' lang='lat' dir='ltr'><strong>non</strong></span> <span class='ocrx_word' id='word_1_29' title='bbox 349 229 381 248; x_wconf 80' lang='lat' dir='ltr'><strong>ex</strong></span> <span class='ocrx_word' id='word_1_30' title='bbox 398 229 429 249; x_wconf 86' lang='lat' dir='ltr'><strong>ea</strong></span> <span class='ocrx_word' id='word_1_31' title='bbox 446 222 503 249; x_wconf 83' lang='lat' dir='ltr'><strong>sola</strong></span> <span class='ocrx_word' id='word_1_32' title='bbox 522 221 605 249; x_wconf 85' lang='lat' dir='ltr'><strong>habet</strong></span> <span class='ocrx_word' id='word_1_33' title='bbox 629 229 700 254; x_wconf 80' lang='lat' dir='ltr'><strong>esse,</strong></span> <span class='ocrx_word' id='word_1_34' title='bbox 716 229 814 249; x_wconf 87' lang='lat' dir='ltr'><strong>nomen</strong></span> <span class='ocrx_word' id='word_1_35' title='bbox 837 229 890 248; x_wconf 90' lang='lat' dir='ltr'><strong>non</strong></span> 
     </span>
    </p>
   </div>
   <div class='ocr_carea' id='block_1_6' title="bbox 101 267 893 303">
    <p class='ocr_par' dir='ltr' id='par_1_6' title="bbox 101 267 893 303">
     <span class='ocr_line' id='line_1_6' title="bbox 101 267 893 303; baseline -0.003 -8"><span class='ocrx_word' id='word_1_36' title='bbox 101 268 199 295; x_wconf 78' lang='lat' dir='ltr'><strong>habet.</strong></span> <span class='ocrx_word' id='word_1_37' title='bbox 209 268 266 302; x_wconf 84' lang='lat' dir='ltr'><strong>Ego</strong></span> <span class='ocrx_word' id='word_1_38' title='bbox 278 268 386 303; x_wconf 85' lang='lat' dir='ltr'><strong>quidem</strong></span> <span class='ocrx_word' id='word_1_39' title='bbox 401 268 454 294; x_wconf 90' lang='lat' dir='ltr'><strong>hoc</strong></span> <span class='ocrx_word' id='word_1_40' title='bbox 466 268 549 295; x_wconf 84' lang='lat' dir='ltr'><strong>credo</strong></span> <span class='ocrx_word' id='word_1_41' title='bbox 563 277 569 294; x_wconf 91' lang='lat'>:</span> <span class='ocrx_word' id='word_1_42' title='bbox 581 268 628 303; x_wconf 87' lang='lat' dir='ltr'><strong>qui</strong></span> <span class='ocrx_word' id='word_1_43' title='bbox 642 275 705 295; x_wconf 76' lang='lat' dir='ltr'><strong>vero</strong></span> <span class='ocrx_word' id='word_1_44' title='bbox 716 267 813 295; x_wconf 81' lang='lat' dir='ltr'><strong>nititur</strong></span> <span class='ocrx_word' id='word_1_45' title='bbox 826 275 893 294; x_wconf 88' lang='lat' dir='ltr'><strong>con-</strong></span> 
     </span>
    </p>
   </div>
   <div class='ocr_carea' id='block_1_7' title="bbox 99 313 891 346">
    <p class='ocr_par' dir='ltr' id='par_1_7' title="bbox 99 313 891 346">
     <span class='ocr_line' id='line_1_7' title="bbox 99 313 891 346; baseline 0 -5"><span class='ocrx_word' id='word_1_46' title='bbox 99 313 243 341; x_wconf 79' lang='lat' dir='ltr'><strong>tradicere</strong></span> <span class='ocrx_word' id='word_1_47' title='bbox 257 313 311 346; x_wconf 79' lang='lat' dir='ltr'><strong>his,</strong></span> <span class='ocrx_word' id='word_1_48' title='bbox 323 313 388 340; x_wconf 92' lang='lat' dir='ltr'><strong>dum</strong></span> <span class='ocrx_word' id='word_1_49' title='bbox 405 321 459 340; x_wconf 91' lang='lat' dir='ltr'><strong>nou</strong></span> <span class='ocrx_word' id='word_1_50' title='bbox 471 314 592 341; x_wconf 74' lang='lat' dir='ltr'><strong>ostendit</strong></span> <span class='ocrx_word' id='word_1_51' title='bbox 607 314 686 341; x_wconf 85' lang='lat' dir='ltr'><strong>aliam</strong></span> <span class='ocrx_word' id='word_1_52' title='bbox 703 314 891 342; x_wconf 84' lang='lat' dir='ltr'><strong>rationabilio-</strong></span> 
     </span>
    </p>
   </div>
   <div class='ocr_carea' id='block_1_8' title="bbox 100 361 890 395">
    <p class='ocr_par' dir='ltr' id='par_1_8' title="bbox 100 361 890 395">
     <span class='ocr_line' id='line_1_8' title="bbox 100 361 890 395; baseline 0.001 -9"><span class='ocrx_word' id='word_1_53' title='bbox 100 367 164 387; x_wconf 85' lang='lat' dir='ltr'><strong>rem</strong></span> <span class='ocrx_word' id='word_1_54' title='bbox 181 367 305 391; x_wconf 85' lang='lat' dir='ltr'><strong>causam,</strong></span> <span class='ocrx_word' id='word_1_55' title='bbox 325 365 436 394; x_wconf 84' lang='lat' dir='ltr'><strong>propter</strong></span> <span class='ocrx_word' id='word_1_56' title='bbox 452 368 535 395; x_wconf 87' lang='lat' dir='ltr'><strong>quam</strong></span> <span class='ocrx_word' id='word_1_57' title='bbox 563 368 646 388; x_wconf 91' lang='lat' dir='ltr'><strong>unum</strong></span> <span class='ocrx_word' id='word_1_58' title='bbox 664 365 706 387; x_wconf 87' lang='lat' dir='ltr'><strong>est</strong></span> <span class='ocrx_word' id='word_1_59' title='bbox 720 361 890 388; x_wconf 85' lang='lat' dir='ltr'><strong>nominatum</strong></span> 
     </span>
    </p>
   </div>
   <div class='ocr_carea' id='block_1_9' title="bbox 101 405 892 438">
    <p class='ocr_par' dir='ltr' id='par_1_9' title="bbox 101 405 892 438">
     <span class='ocr_line' id='line_1_9' title="bbox 101 405 892 438; baseline 0 -5"><span class='ocrx_word' id='word_1_60' title='bbox 101 411 134 433; x_wconf 86' lang='lat' dir='ltr'><strong>et</strong></span> <span class='ocrx_word' id='word_1_61' title='bbox 149 406 224 433; x_wconf 81' lang='lat' dir='ltr'><strong>aliud</strong></span> <span class='ocrx_word' id='word_1_62' title='bbox 240 406 442 433; x_wconf 84' lang='lat' dir='ltr'><strong>innotninatum</strong></span> <span class='ocrx_word' id='word_1_63' title='bbox 456 426 463 438; x_wconf 93' lang='lat'><strong>,</strong></span> <span class='ocrx_word' id='word_1_64' title='bbox 490 405 610 433; x_wconf 75' lang='lat' dir='ltr'><strong>arbitror</strong></span> <span class='ocrx_word' id='word_1_65' title='bbox 624 413 686 433; x_wconf 92' lang='lat' dir='ltr'><strong>eum</strong></span> <span class='ocrx_word' id='word_1_66' title='bbox 703 405 770 433; x_wconf 81' lang='lat' dir='ltr'><strong>nihil</strong></span> <span class='ocrx_word' id='word_1_67' title='bbox 786 406 820 433; x_wconf 88' lang='lat' dir='ltr'><strong>ad</strong></span> <span class='ocrx_word' id='word_1_68' title='bbox 835 414 892 433; x_wconf 89' lang='lat' dir='ltr'><strong>rem</strong></span> 
     </span>
    </p>
   </div>
   <div class='ocr_carea' id='block_1_10' title="bbox 100 452 210 480">
    <p class='ocr_par' dir='ltr' id='par_1_10' title="bbox 100 452 210 480">
     <span class='ocr_line' id='line_1_10' title="bbox 100 452 210 480; baseline -0.009 -1"><span class='ocrx_word' id='word_1_69' title='bbox 100 452 210 480; x_wconf 84' lang='lat' dir='ltr'><strong>dicere.</strong></span> 
     </span>
    </p>
   </div>
   <div class='ocr_carea' id='block_1_11' title="bbox 319 495 682 531">
    <p class='ocr_par' dir='ltr' id='par_1_11' title="bbox 319 495 682 531">
     <span class='ocr_line' id='line_1_11' title="bbox 319 495 682 531; baseline 0 -7"><span class='ocrx_word' id='word_1_70' title='bbox 319 495 470 524; x_wconf 76' lang='lat' dir='ltr'><strong>Secundum</strong></span> <span class='ocrx_word' id='word_1_71' title='bbox 481 497 682 531; x_wconf 74' lang='lat' dir='ltr'><strong>Argumentum.</strong></span> 
     </span>
    </p>
   </div>
   <div class='ocr_carea' id='block_1_12' title="bbox 141 552 893 588">
    <p class='ocr_par' dir='ltr' id='par_1_12' title="bbox 141 552 893 588">
     <span class='ocr_line' id='line_1_12' title="bbox 141 552 893 588; baseline -0.003 -7"><span class='ocrx_word' id='word_1_72' title='bbox 141 554 170 581; x_wconf 83' lang='lat' dir='ltr'><strong>In</strong></span> <span class='ocrx_word' id='word_1_73' title='bbox 187 553 316 581; x_wconf 89' lang='lat' dir='ltr'><strong>omnibus</strong></span> <span class='ocrx_word' id='word_1_74' title='bbox 333 553 454 586; x_wconf 89' lang='lat' dir='ltr'><strong>entibus,</strong></span> <span class='ocrx_word' id='word_1_75' title='bbox 473 553 507 580; x_wconf 88' lang='lat' dir='ltr'><strong>de</strong></span> <span class='ocrx_word' id='word_1_76' title='bbox 534 553 636 588; x_wconf 88' lang='lat' dir='ltr'><strong>quibus</strong></span> <span class='ocrx_word' id='word_1_77' title='bbox 654 552 762 588; x_wconf 85' lang='lat' dir='ltr'><strong>proprie</strong></span> <span class='ocrx_word' id='word_1_78' title='bbox 776 552 893 580; x_wconf 76' lang='lat' dir='ltr'><strong>dicimus</strong></span> 
     </span>
    </p>
   </div>
   <div class='ocr_carea' id='block_1_13' title="bbox 102 598 894 633">
    <p class='ocr_par' dir='ltr' id='par_1_13' title="bbox 102 598 894 633">
     <span class='ocr_line' id='line_1_13' title="bbox 102 598 894 633; baseline -0.001 -7"><span class='ocrx_word' id='word_1_79' title='bbox 102 599 253 633; x_wconf 80' lang='lat' dir='ltr'><strong>imaginem</strong></span> <span class='ocrx_word' id='word_1_80' title='bbox 274 603 301 626; x_wconf 90' lang='lat' dir='ltr'><strong>et</strong></span> <span class='ocrx_word' id='word_1_81' title='bbox 323 599 473 633; x_wconf 81' lang='lat' dir='ltr'><strong>exemplar,</strong></span> <span class='ocrx_word' id='word_1_82' title='bbox 490 605 552 625; x_wconf 89' lang='lat' dir='ltr'><strong>cum</strong></span> <span class='ocrx_word' id='word_1_83' title='bbox 580 606 688 633; x_wconf 83' lang='lat' dir='ltr'><strong>semper</strong></span> <span class='ocrx_word' id='word_1_84' title='bbox 711 599 802 633; x_wconf 78' lang='lat' dir='ltr'><strong>imago</strong></span> <span class='ocrx_word' id='word_1_85' title='bbox 823 598 894 625; x_wconf 81' lang='lat' dir='ltr'><strong>infe-</strong></span> 
     </span>
    </p>
   </div>
   <div class='ocr_carea' id='block_1_14' title="bbox 103 644 893 679">
    <p class='ocr_par' dir='ltr' id='par_1_14' title="bbox 103 644 893 679">
     <span class='ocr_line' id='line_1_14' title="bbox 103 644 893 679; baseline -0.001 -7"><span class='ocrx_word' id='word_1_86' title='bbox 103 646 188 672; x_wconf 87' lang='lat' dir='ltr'><strong>rioris</strong></span> <span class='ocrx_word' id='word_1_87' title='bbox 207 645 341 672; x_wconf 85' lang='lat' dir='ltr'><strong>rationem</strong></span> <span class='ocrx_word' id='word_1_88' title='bbox 359 645 458 671; x_wconf 87' lang='lat' dir='ltr'><strong>habeat</strong></span> <span class='ocrx_word' id='word_1_89' title='bbox 485 645 518 672; x_wconf 81' lang='lat' dir='ltr'><strong>ad</strong></span> <span class='ocrx_word' id='word_1_90' title='bbox 535 644 686 679; x_wconf 79' lang='lat' dir='ltr'><strong>exemplar,</strong></span> <span class='ocrx_word' id='word_1_91' title='bbox 714 649 742 671; x_wconf 89' lang='lat' dir='ltr'><strong>et</strong></span> <span class='ocrx_word' id='word_1_92' title='bbox 764 644 792 671; x_wconf 92' lang='lat' dir='ltr'><strong>in</strong></span> <span class='ocrx_word' id='word_1_93' title='bbox 817 644 893 671; x_wconf 92' lang='lat' dir='ltr'><strong>nullo</strong></span> 
     </span>
    </p>
   </div>
   <div class='ocr_carea' id='block_1_15' title="bbox 101 690 894 725">
    <p class='ocr_par' dir='ltr' id='par_1_15' title="bbox 101 690 894 725">
     <span class='ocr_line' id='line_1_15' title="bbox 101 690 894 725; baseline -0.001 -7"><span class='ocrx_word' id='word_1_94' title='bbox 101 690 249 725; x_wconf 67' lang='lat' dir='ltr'><strong>aequaliter</strong></span> <span class='ocrx_word' id='word_1_95' title='bbox 262 690 411 724; x_wconf 86' lang='lat' dir='ltr'><strong>exemplari</strong></span> <span class='ocrx_word' id='word_1_96' title='bbox 427 690 519 717; x_wconf 86' lang='lat' dir='ltr'><strong>veniat</strong></span> <span class='ocrx_word' id='word_1_97' title='bbox 534 709 541 722; x_wconf 87' lang='lat'><strong>.</strong></span> <span class='ocrx_word' id='word_1_98' title='bbox 561 690 589 717; x_wconf 91' lang='lat' dir='ltr'><strong>in</strong></span> <span class='ocrx_word' id='word_1_99' title='bbox 609 690 690 717; x_wconf 83' lang='lat' dir='ltr'><strong>Patre</strong></span> <span class='ocrx_word' id='word_1_100' title='bbox 707 698 773 718; x_wconf 83' lang='lat' dir='ltr'><strong>vero</strong></span> <span class='ocrx_word' id='word_1_101' title='bbox 784 696 811 718; x_wconf 92' lang='lat' dir='ltr'><strong>et</strong></span> <span class='ocrx_word' id='word_1_102' title='bbox 825 690 894 718; x_wconf 84' lang='lat' dir='ltr'><strong>Filio</strong></span> 
     </span>
    </p>
   </div>
   <div class='ocr_carea' id='block_1_16' title="bbox 102 736 894 771">
    <p class='ocr_par' dir='ltr' id='par_1_16' title="bbox 102 736 894 771">
     <span class='ocr_line' id='line_1_16' title="bbox 102 736 894 771; baseline -0.001 -7"><span class='ocrx_word' id='word_1_103' title='bbox 102 736 162 764; x_wconf 81' lang='lat' dir='ltr'><strong>illic</strong></span> <span class='ocrx_word' id='word_1_104' title='bbox 180 743 229 771; x_wconf 90' lang='lat' dir='ltr'><strong>per</strong></span> <span class='ocrx_word' id='word_1_105' title='bbox 258 736 350 763; x_wconf 86' lang='lat' dir='ltr'><strong>omnia</strong></span> <span class='ocrx_word' id='word_1_106' title='bbox 367 736 483 763; x_wconf 78' lang='lat' dir='ltr'><strong>exsistat</strong></span> <span class='ocrx_word' id='word_1_107' title='bbox 497 736 638 769; x_wconf 63' lang='lat' dir='ltr'><strong>aqualitas</strong></span> <span class='ocrx_word' id='word_1_108' title='bbox 651 741 678 763; x_wconf 89' lang='lat' dir='ltr'><strong>et</strong></span> <span class='ocrx_word' id='word_1_109' title='bbox 702 736 894 763; x_wconf 78' lang='lat' dir='ltr'><strong>substantialis</strong></span> 
     </span>
    </p>
   </div>
   <div class='ocr_carea' id='block_1_17' title="bbox 102 781 892 817">
    <p class='ocr_par' dir='ltr' id='par_1_17' title="bbox 102 781 892 817">
     <span class='ocr_line' id='line_1_17' title="bbox 102 781 892 817; baseline -0.001 -8"><span class='ocrx_word' id='word_1_110' title='bbox 102 782 260 809; x_wconf 84' lang='lat' dir='ltr'><strong>identitas:</strong></span> <span class='ocrx_word' id='word_1_111' title='bbox 283 782 330 816; x_wconf 90' lang='lat' dir='ltr'><strong>qui</strong></span> <span class='ocrx_word' id='word_1_112' title='bbox 349 781 407 809; x_wconf 83' lang='lat' dir='ltr'><strong>vult</strong></span> <span class='ocrx_word' id='word_1_113' title='bbox 425 781 567 817; x_wconf 82' lang='lat' dir='ltr'><strong>Scriptura</strong></span> <span class='ocrx_word' id='word_1_114' title='bbox 581 781 685 814; x_wconf 81' lang='lat' dir='ltr'><strong>divina,</strong></span> <span class='ocrx_word' id='word_1_115' title='bbox 703 782 775 817; x_wconf 90' lang='lat' dir='ltr'><strong>quod</strong></span> <span class='ocrx_word' id='word_1_116' title='bbox 792 781 892 809; x_wconf 78' lang='lat' dir='ltr'><strong>Filium</strong></span> 
     </span>
    </p>
   </div>
   <div class='ocr_carea' id='block_1_18' title="bbox 942 219 1729 256">
    <p class='ocr_par' dir='ltr' id='par_1_18' title="bbox 942 219 1729 256">
     <span class='ocr_line' id='line_1_18' title="bbox 942 219 1729 256; baseline -0.003 -8"><span class='ocrx_word' id='word_1_117' title='bbox 942 221 1000 256; x_wconf 84' lang='lat' dir='ltr'><strong>ejur</strong></span> <span class='ocrx_word' id='word_1_118' title='bbox 1026 220 1182 255; x_wconf 85' lang='lat' dir='ltr'><strong>procedebat</strong></span> <span class='ocrx_word' id='word_1_119' title='bbox 1201 220 1305 255; x_wconf 84' lang='lat' dir='ltr'><strong>gladius</strong></span> <span class='ocrx_word' id='word_1_120' title='bbox 1327 219 1431 254; x_wconf 74' lang='lat' dir='ltr'><strong>anceps,</strong></span> <span class='ocrx_word' id='word_1_121' title='bbox 1457 224 1485 246; x_wconf 90' lang='lat' dir='ltr'><strong>ut</strong></span> <span class='ocrx_word' id='word_1_122' title='bbox 1502 221 1530 247; x_wconf 90' lang='lat' dir='ltr'><strong>in</strong></span> <span class='ocrx_word' id='word_1_123' title='bbox 1555 226 1584 246; x_wconf 88' lang='lat' dir='ltr'><strong>eo</strong></span> <span class='ocrx_word' id='word_1_124' title='bbox 1597 220 1729 254; x_wconf 84' lang='lat' dir='ltr'><strong>percutiat</strong></span> 
     </span>
    </p>
   </div>
   <div class='ocr_carea' id='block_1_19' title="bbox 943 264 1728 302">
    <p class='ocr_par' dir='ltr' id='par_1_19' title="bbox 943 264 1728 302">
     <span class='ocr_line' id='line_1_19' title="bbox 943 264 1728 302; baseline -0.004 -8"><span class='ocrx_word' id='word_1_125' title='bbox 943 271 1030 302; x_wconf 79' lang='lat' dir='ltr'><strong>gentes</strong></span> <span class='ocrx_word' id='word_1_126' title='bbox 1045 267 1077 292; x_wconf 77' lang='lat'><strong>&quot;.</strong></span> <span class='ocrx_word' id='word_1_127' title='bbox 1092 266 1126 293; x_wconf 88' lang='lat' dir='ltr'><strong>Et</strong></span> <span class='ocrx_word' id='word_1_128' title='bbox 1142 269 1202 300; x_wconf 87' lang='lat' dir='ltr'><strong>post</strong></span> <span class='ocrx_word' id='word_1_129' title='bbox 1219 273 1304 300; x_wconf 85' lang='lat' dir='ltr'><strong>pauca</strong></span> <span class='ocrx_word' id='word_1_130' title='bbox 1318 274 1325 292; x_wconf 89' lang='lat'><strong>:</strong></span> <span class='ocrx_word' id='word_1_131' title='bbox 1344 265 1376 291; x_wconf 84' lang='lat' dir='ltr'><strong>Et</strong></span> <span class='ocrx_word' id='word_1_132' title='bbox 1392 265 1486 297; x_wconf 82' lang='lat' dir='ltr'><strong>reliqui</strong></span> <span class='ocrx_word' id='word_1_133' title='bbox 1511 264 1642 299; x_wconf 75' lang='lat' dir='ltr'><strong>interfecti</strong></span> <span class='ocrx_word' id='word_1_134' title='bbox 1664 269 1728 291; x_wconf 78' lang='lat' dir='ltr'><strong>sunt</strong></span> 
     </span>
    </p>
   </div>
   <div class='ocr_carea' id='block_1_20' title="bbox 943 309 1725 348">
    <p class='ocr_par' dir='ltr' id='par_1_20' title="bbox 943 309 1725 348">
     <span class='ocr_line' id='line_1_20' title="bbox 943 309 1725 348; baseline -0.005 -8"><span class='ocrx_word' id='word_1_135' title='bbox 943 314 970 340; x_wconf 88' lang='lat' dir='ltr'><strong>in</strong></span> <span class='ocrx_word' id='word_1_136' title='bbox 979 312 1069 348; x_wconf 83' lang='lat' dir='ltr'><strong>gladio</strong></span> <span class='ocrx_word' id='word_1_137' title='bbox 1076 312 1190 339; x_wconf 79' lang='lat' dir='ltr'><strong>sedentis</strong></span> <span class='ocrx_word' id='word_1_138' title='bbox 1201 319 1279 346; x_wconf 82' lang='lat' dir='ltr'><strong>super</strong></span> <span class='ocrx_word' id='word_1_139' title='bbox 1287 319 1376 345; x_wconf 88' lang='lat' dir='ltr'><strong>equum</strong></span> <span class='ocrx_word' id='word_1_140' title='bbox 1384 311 1535 344; x_wconf 83' lang='lat' dir='ltr'><strong>procedente</strong></span> <span class='ocrx_word' id='word_1_141' title='bbox 1543 318 1575 337; x_wconf 70' lang='lat' dir='ltr'><strong>ex</strong></span> <span class='ocrx_word' id='word_1_142' title='bbox 1583 318 1626 337; x_wconf 87' lang='lat' dir='ltr'><strong>ore</strong></span> <span class='ocrx_word' id='word_1_143' title='bbox 1634 309 1725 344; x_wconf 80' lang='lat' dir='ltr'><strong>ejus&quot;.</strong></span> 
     </span>
    </p>
   </div>
   <div class='ocr_carea' id='block_1_21' title="bbox 944 353 1725 394">
    <p class='ocr_par' dir='ltr' id='par_1_21' title="bbox 944 353 1725 394">
     <span class='ocr_line' id='line_1_21' title="bbox 944 353 1725 394; baseline -0.005 -8"><span class='ocrx_word' id='word_1_144' title='bbox 944 359 1012 394; x_wconf 77' lang='lat' dir='ltr'><strong>Ergo</strong></span> <span class='ocrx_word' id='word_1_145' title='bbox 1024 359 1115 386; x_wconf 86' lang='lat' dir='ltr'><strong>divina</strong></span> <span class='ocrx_word' id='word_1_146' title='bbox 1127 358 1270 392; x_wconf 74' lang='lat' dir='ltr'><strong>Scriptura</strong></span> <span class='ocrx_word' id='word_1_147' title='bbox 1289 358 1434 384; x_wconf 83' lang='lat' dir='ltr'><strong>nominans</strong></span> <span class='ocrx_word' id='word_1_148' title='bbox 1446 357 1578 391; x_wconf 86' lang='lat' dir='ltr'><strong>Spiritum</strong></span> <span class='ocrx_word' id='word_1_149' title='bbox 1588 353 1725 389; x_wconf 75' lang='lat' dir='ltr'><strong>sanctum,</strong></span> 
     </span>
    </p>
   </div>
   <div class='ocr_carea' id='block_1_22' title="bbox 945 403 1727 440">
    <p class='ocr_par' dir='ltr' id='par_1_22' title="bbox 945 403 1727 440">
     <span class='ocr_line' id='line_1_22' title="bbox 945 403 1727 440; baseline -0.003 -9"><span class='ocrx_word' id='word_1_150' title='bbox 945 404 1075 440; x_wconf 77' lang='lat' dir='ltr'><strong>Spiritum</strong></span> <span class='ocrx_word' id='word_1_151' title='bbox 1092 404 1148 431; x_wconf 88' lang='lat' dir='ltr'><strong>oris</strong></span> <span class='ocrx_word' id='word_1_152' title='bbox 1165 404 1226 431; x_wconf 85' lang='lat' dir='ltr'><strong>Filii</strong></span> <span class='ocrx_word' id='word_1_153' title='bbox 1244 408 1271 430; x_wconf 90' lang='lat' dir='ltr'><strong>et</strong></span> <span class='ocrx_word' id='word_1_154' title='bbox 1287 403 1406 438; x_wconf 85' lang='lat' dir='ltr'><strong>gladium</strong></span> <span class='ocrx_word' id='word_1_155' title='bbox 1424 404 1612 438; x_wconf 73' lang='lat' dir='ltr'><strong>procedentem</strong></span> <span class='ocrx_word' id='word_1_156' title='bbox 1628 411 1661 430; x_wconf 80' lang='lat' dir='ltr'><strong>ex</strong></span> <span class='ocrx_word' id='word_1_157' title='bbox 1679 410 1727 430; x_wconf 81' lang='lat' dir='ltr'><strong>ore</strong></span> 
     </span>
    </p>
   </div>
   <div class='ocr_carea' id='block_1_23' title="bbox 943 449 1725 485">
    <p class='ocr_par' dir='ltr' id='par_1_23' title="bbox 943 449 1725 485">
     <span class='ocr_line' id='line_1_23' title="bbox 943 449 1725 485; baseline -0.004 -8"><span class='ocrx_word' id='word_1_158' title='bbox 943 451 1004 485; x_wconf 84' lang='lat' dir='ltr'><strong>ejus</strong></span> <span class='ocrx_word' id='word_1_159' title='bbox 1019 470 1026 483; x_wconf 90' lang='lat'><strong>,</strong></span> <span class='ocrx_word' id='word_1_160' title='bbox 1045 450 1110 484; x_wconf 86' lang='lat' dir='ltr'><strong>quid</strong></span> <span class='ocrx_word' id='word_1_161' title='bbox 1129 450 1202 477; x_wconf 82' lang='lat' dir='ltr'><strong>aliud</strong></span> <span class='ocrx_word' id='word_1_162' title='bbox 1227 457 1277 476; x_wconf 91' lang='lat' dir='ltr'><strong>nos</strong></span> <span class='ocrx_word' id='word_1_163' title='bbox 1293 450 1369 476; x_wconf 85' lang='lat' dir='ltr'><strong>docet</strong></span> <span class='ocrx_word' id='word_1_164' title='bbox 1386 457 1432 484; x_wconf 68' lang='lat' dir='ltr'><strong>per</strong></span> <span class='ocrx_word' id='word_1_165' title='bbox 1456 449 1611 483; x_wconf 75' lang='lat' dir='ltr'><strong>huiusmodi</strong></span> <span class='ocrx_word' id='word_1_166' title='bbox 1637 449 1725 485; x_wconf 81' lang='lat' dir='ltr'><strong>signa,</strong></span> 
     </span>
    </p>
   </div>
   <div class='ocr_carea' id='block_1_24' title="bbox 944 492 1725 531">
    <p class='ocr_par' dir='ltr' id='par_1_24' title="bbox 944 492 1725 531">
     <span class='ocr_line' id='line_1_24' title="bbox 944 492 1725 531; baseline -0.003 -8"><span class='ocrx_word' id='word_1_167' title='bbox 944 497 994 523; x_wconf 74' lang='lat' dir='ltr'><strong>nisi</strong></span> <span class='ocrx_word' id='word_1_168' title='bbox 1018 495 1088 531; x_wconf 88' lang='lat' dir='ltr'><strong>quod</strong></span> <span class='ocrx_word' id='word_1_169' title='bbox 1117 494 1233 530; x_wconf 85' lang='lat' dir='ltr'><strong>Spiritus</strong></span> <span class='ocrx_word' id='word_1_170' title='bbox 1257 499 1368 522; x_wconf 88' lang='lat' dir='ltr'><strong>sanctus</strong></span> <span class='ocrx_word' id='word_1_171' title='bbox 1386 501 1418 522; x_wconf 81' lang='lat' dir='ltr'><strong>ex</strong></span> <span class='ocrx_word' id='word_1_172' title='bbox 1442 492 1511 522; x_wconf 81' lang='lat' dir='ltr'><strong>Filio</strong></span> <span class='ocrx_word' id='word_1_173' title='bbox 1527 499 1578 527; x_wconf 87' lang='lat' dir='ltr'><strong>est,</strong></span> <span class='ocrx_word' id='word_1_174' title='bbox 1597 494 1670 522; x_wconf 87' lang='lat' dir='ltr'><strong>sicut</strong></span> <span class='ocrx_word' id='word_1_175' title='bbox 1692 502 1725 521; x_wconf 83' lang='lat' dir='ltr'><strong>ex</strong></span> 
     </span>
    </p>
   </div>
   <div class='ocr_carea' id='block_1_25' title="bbox 944 542 1048 570">
    <p class='ocr_par' dir='ltr' id='par_1_25' title="bbox 944 542 1048 570">
     <span class='ocr_line' id='line_1_25' title="bbox 944 542 1048 570; baseline -0.019 0"><span class='ocrx_word' id='word_1_176' title='bbox 944 543 1024 570; x_wconf 84' lang='lat' dir='ltr'><strong>Patre</strong></span> <span class='ocrx_word' id='word_1_177' title='bbox 1036 542 1048 568; x_wconf 90' lang='lat'><strong>?</strong></span> 
     </span>
    </p>
   </div>
   <div class='ocr_carea' id='block_1_26' title="bbox 1163 588 1513 623">
    <p class='ocr_par' dir='ltr' id='par_1_26' title="bbox 1163 588 1513 623">
     <span class='ocr_line' id='line_1_26' title="bbox 1163 588 1513 623; baseline 0 -8"><span class='ocrx_word' id='word_1_178' title='bbox 1163 588 1296 621; x_wconf 81' lang='lat' dir='ltr'><strong>Quartum</strong></span> <span class='ocrx_word' id='word_1_179' title='bbox 1312 589 1513 623; x_wconf 79' lang='lat' dir='ltr'><strong>Argumentum.</strong></span> 
     </span>
    </p>
   </div>
   <div class='ocr_carea' id='block_1_27' title="bbox 978 641 1726 675">
    <p class='ocr_par' dir='ltr' id='par_1_27' title="bbox 978 641 1726 675">
     <span class='ocr_line' id='line_1_27' title="bbox 978 641 1726 675; baseline -0.007 -3"><span class='ocrx_word' id='word_1_180' title='bbox 978 645 1043 672; x_wconf 83' lang='lat' dir='ltr'><strong>item</strong></span> <span class='ocrx_word' id='word_1_181' title='bbox 1069 644 1167 675; x_wconf 81' lang='lat' dir='ltr'><strong>Filius,</strong></span> <span class='ocrx_word' id='word_1_182' title='bbox 1182 643 1336 671; x_wconf 87' lang='lat' dir='ltr'><strong>secundum</strong></span> <span class='ocrx_word' id='word_1_183' title='bbox 1358 643 1467 674; x_wconf 83' lang='lat' dir='ltr'><strong>Isaiam,</strong></span> <span class='ocrx_word' id='word_1_184' title='bbox 1484 642 1621 669; x_wconf 78' lang='lat' dir='ltr'><strong>brae/tium</strong></span> <span class='ocrx_word' id='word_1_185' title='bbox 1637 641 1726 668; x_wconf 85' lang='lat' dir='ltr'><strong>Patris</strong></span> 
     </span>
    </p>
   </div>
   <div class='ocr_carea' id='block_1_28' title="bbox 944 687 1727 724">
    <p class='ocr_par' dir='ltr' id='par_1_28' title="bbox 944 687 1727 724">
     <span class='ocr_line' id='line_1_28' title="bbox 944 687 1727 724; baseline -0.006 -7"><span class='ocrx_word' id='word_1_186' title='bbox 944 690 1045 717; x_wconf 82' lang='lat' dir='ltr'><strong>dicitur</strong></span> <span class='ocrx_word' id='word_1_187' title='bbox 1059 689 1103 723; x_wconf 71' lang='grc' dir='ltr'><strong>ης</strong></span> <span class='ocrx_word' id='word_1_188' title='bbox 1123 689 1242 724; x_wconf 89' lang='lat' dir='ltr'><strong>Spiritus</strong></span> <span class='ocrx_word' id='word_1_189' title='bbox 1263 695 1373 716; x_wconf 85' lang='lat' dir='ltr'><strong>sanctus</strong></span> <span class='ocrx_word' id='word_1_190' title='bbox 1401 689 1426 715; x_wconf 92' lang='lat' dir='ltr'><strong>in</strong></span> <span class='ocrx_word' id='word_1_191' title='bbox 1449 688 1601 723; x_wconf 79' lang='lat' dir='ltr'><strong>Evangeliis</strong></span> <span class='ocrx_word' id='word_1_192' title='bbox 1629 687 1727 721; x_wconf 76' lang='lat' dir='ltr'><strong>digitus</strong></span> 
     </span>
    </p>
   </div>
   <div class='ocr_carea' id='block_1_29' title="bbox 943 733 1725 763">
    <p class='ocr_par' dir='ltr' id='par_1_29' title="bbox 943 733 1725 763">
     <span class='ocr_line' id='line_1_29' title="bbox 943 733 1725 763; baseline -0.005 0"><span class='ocrx_word' id='word_1_193' title='bbox 943 735 1003 762; x_wconf 86' lang='lat' dir='ltr'><strong>Dei.</strong></span> <span class='ocrx_word' id='word_1_194' title='bbox 1019 735 1085 763; x_wconf 83' lang='lat' dir='ltr'><strong>Nam</strong></span> <span class='ocrx_word' id='word_1_195' title='bbox 1096 735 1193 763; x_wconf 85' lang='lat' dir='ltr'><strong>beatus</strong></span> <span class='ocrx_word' id='word_1_196' title='bbox 1201 735 1342 762; x_wconf 61' lang='lat' dir='ltr'><strong>Mattheus</strong></span> <span class='ocrx_word' id='word_1_197' title='bbox 1353 734 1552 761; x_wconf 81' lang='lat' dir='ltr'><strong>narratdixisse</strong></span> <span class='ocrx_word' id='word_1_198' title='bbox 1563 733 1702 761; x_wconf 84' lang='lat' dir='ltr'><strong>Clu-istum</strong></span> <span class='ocrx_word' id='word_1_199' title='bbox 1717 740 1725 759; x_wconf 89' lang='lat'><strong>:</strong></span> 
     </span>
    </p>
   </div>
   <div class='ocr_carea' id='block_1_30' title="bbox 944 778 1728 815">
    <p class='ocr_par' dir='ltr' id='par_1_30' title="bbox 944 778 1728 815">
     <span class='ocr_line' id='line_1_30' title="bbox 944 778 1728 815; baseline -0.006 -8"><span class='ocrx_word' id='word_1_200' title='bbox 944 779 974 808; x_wconf 82' lang='lat' dir='ltr'><strong>Si</strong></span> <span class='ocrx_word' id='word_1_201' title='bbox 991 785 1078 807; x_wconf 85' lang='lat' dir='ltr'><strong>autem</strong></span> <span class='ocrx_word' id='word_1_202' title='bbox 1093 788 1140 815; x_wconf 78' lang='lat' dir='ltr'><strong>ego</strong></span> <span class='ocrx_word' id='word_1_203' title='bbox 1158 780 1185 807; x_wconf 88' lang='lat' dir='ltr'><strong>in</strong></span> <span class='ocrx_word' id='word_1_204' title='bbox 1200 779 1302 814; x_wconf 82' lang='lat' dir='ltr'><strong>Spiritu</strong></span> <span class='ocrx_word' id='word_1_205' title='bbox 1319 778 1366 805; x_wconf 88' lang='lat' dir='ltr'><strong>Dei</strong></span> <span class='ocrx_word' id='word_1_206' title='bbox 1382 779 1458 813; x_wconf 77' lang='lat' dir='ltr'><strong>ejicio</strong></span> <span class='ocrx_word' id='word_1_207' title='bbox 1483 778 1624 809; x_wconf 79' lang='lat' dir='ltr'><strong>dtemonia,</strong></span> <span class='ocrx_word' id='word_1_208' title='bbox 1639 778 1728 811; x_wconf 84' lang='lat' dir='ltr'><strong>utique</strong></span> 
     </span>
    </p>
   </div>
   <div class='ocr_carea' id='block_1_31' title="bbox 103 823 1725 875">
    <p class='ocr_par' dir='ltr' id='par_1_31' title="bbox 103 823 1725 875">
     <span class='ocr_line' id='line_1_31' title="bbox 103 823 1725 875; baseline -0.003 -21"><span class='ocrx_word' id='word_1_209' title='bbox 103 828 217 862; x_wconf 84' lang='lat' dir='ltr'><strong>quidem</strong></span> <span class='ocrx_word' id='word_1_210' title='bbox 234 829 357 855; x_wconf 86' lang='lat' dir='ltr'><strong>nominat</strong></span> <span class='ocrx_word' id='word_1_211' title='bbox 371 827 517 863; x_wconf 75' lang='lat' dir='ltr'><strong>imaginem</strong></span> <span class='ocrx_word' id='word_1_212' title='bbox 529 827 628 861; x_wconf 84' lang='lat' dir='ltr'><strong>Patris,</strong></span> <span class='ocrx_word' id='word_1_213' title='bbox 643 827 750 855; x_wconf 85' lang='lat' dir='ltr'><strong>Patrem</strong></span> <span class='ocrx_word' id='word_1_214' title='bbox 765 835 829 855; x_wconf 83' lang='lat' dir='ltr'><strong>vero</strong></span> <span class='ocrx_word' id='word_1_215' title='bbox 840 828 892 855; x_wconf 91' lang='lat' dir='ltr'><strong>mi-</strong></span> <span class='ocrx_word' id='word_1_216' title='bbox 905 845 929 875; x_wconf 73' lang='grc' dir='ltr'><strong>Β</strong></span> <span class='ocrx_word' id='word_1_217' title='bbox 943 827 1060 861; x_wconf 82' lang='lat' dir='ltr'><strong>pervenit</strong></span> <span class='ocrx_word' id='word_1_218' title='bbox 1082 826 1116 853; x_wconf 90' lang='lat' dir='ltr'><strong>ad</strong></span> <span class='ocrx_word' id='word_1_219' title='bbox 1133 834 1177 853; x_wconf 79' lang='lat' dir='ltr'><strong>vos</strong></span> <span class='ocrx_word' id='word_1_220' title='bbox 1203 833 1311 860; x_wconf 79' lang='lat' dir='ltr'><strong>regnum</strong></span> <span class='ocrx_word' id='word_1_221' title='bbox 1335 825 1458 852; x_wconf 73' lang='lat' dir='ltr'><strong>rwlorum</strong></span> <span class='ocrx_word' id='word_1_222' title='bbox 1473 825 1505 850; x_wconf 80' lang='lat'><strong>&quot;.</strong></span> <span class='ocrx_word' id='word_1_223' title='bbox 1525 823 1642 850; x_wconf 86' lang='lat' dir='ltr'><strong>Sanctus</strong></span> <span class='ocrx_word' id='word_1_224' title='bbox 1661 829 1725 850; x_wconf 88' lang='lat' dir='ltr'><strong>vero</strong></span> 
     </span>
    </p>
   </div>
   <div class='ocr_carea' id='block_1_32' title="bbox 104 873 890 909">
    <p class='ocr_par' dir='ltr' id='par_1_32' title="bbox 104 873 890 909">
     <span class='ocr_line' id='line_1_32' title="bbox 104 873 890 909; baseline 0 -8"><span class='ocrx_word' id='word_1_225' title='bbox 104 874 181 902; x_wconf 91' lang='lat' dir='ltr'><strong>nime</strong></span> <span class='ocrx_word' id='word_1_226' title='bbox 191 874 338 908; x_wconf 76' lang='lat' dir='ltr'><strong>imaginem</strong></span> <span class='ocrx_word' id='word_1_227' title='bbox 352 874 436 901; x_wconf 82' lang='lat' dir='ltr'><strong>Filii?</strong></span> <span class='ocrx_word' id='word_1_228' title='bbox 447 881 481 901; x_wconf 89' lang='lat' dir='ltr'><strong>an</strong></span> <span class='ocrx_word' id='word_1_229' title='bbox 492 878 566 902; x_wconf 85' lang='lat' dir='ltr'><strong>certe</strong></span> <span class='ocrx_word' id='word_1_230' title='bbox 579 879 690 909; x_wconf 86' lang='lat' dir='ltr'><strong>propter</strong></span> <span class='ocrx_word' id='word_1_231' title='bbox 702 873 829 909; x_wconf 79' lang='lat' dir='ltr'><strong>principii</strong></span> <span class='ocrx_word' id='word_1_232' title='bbox 845 882 890 901; x_wconf 89' lang='lat' dir='ltr'><strong>ra-</strong></span> 
     </span>
    </p>
   </div>
   <div class='ocr_carea' id='block_1_33' title="bbox 102 920 891 954">
    <p class='ocr_par' dir='ltr' id='par_1_33' title="bbox 102 920 891 954">
     <span class='ocr_line' id='line_1_33' title="bbox 102 920 891 954; baseline 0 -8"><span class='ocrx_word' id='word_1_233' title='bbox 102 921 232 948; x_wconf 81' lang='lat' dir='ltr'><strong>tionem?</strong></span> <span class='ocrx_word' id='word_1_234' title='bbox 245 921 375 954; x_wconf 89' lang='lat' dir='ltr'><strong>quoniam</strong></span> <span class='ocrx_word' id='word_1_235' title='bbox 394 920 480 947; x_wconf 82' lang='lat' dir='ltr'><strong>Filius</strong></span> <span class='ocrx_word' id='word_1_236' title='bbox 494 929 526 947; x_wconf 81' lang='lat' dir='ltr'><strong>ex</strong></span> <span class='ocrx_word' id='word_1_237' title='bbox 543 920 623 948; x_wconf 87' lang='lat' dir='ltr'><strong>Patre</strong></span> <span class='ocrx_word' id='word_1_238' title='bbox 636 925 687 952; x_wconf 81' lang='lat' dir='ltr'><strong>est,</strong></span> <span class='ocrx_word' id='word_1_239' title='bbox 701 927 755 947; x_wconf 92' lang='lat' dir='ltr'><strong>non</strong></span> <span class='ocrx_word' id='word_1_240' title='bbox 768 920 847 947; x_wconf 83' lang='lat' dir='ltr'><strong>Pater</strong></span> <span class='ocrx_word' id='word_1_241' title='bbox 858 927 891 947; x_wconf 81' lang='lat' dir='ltr'><strong>ex</strong></span> 
     </span>
    </p>
   </div>
   <div class='ocr_carea' id='block_1_34' title="bbox 103 965 893 1000">
    <p class='ocr_par' dir='ltr' id='par_1_34' title="bbox 103 965 893 1000">
     <span class='ocr_line' id='line_1_34' title="bbox 103 965 893 1000; baseline -0.001 -7"><span class='ocrx_word' id='word_1_242' title='bbox 103 965 187 994; x_wconf 78' lang='lat' dir='ltr'><strong>Filio.</strong></span> <span class='ocrx_word' id='word_1_243' title='bbox 214 966 451 999; x_wconf 80' lang='lat' dir='ltr'><strong>Quemadmodum</strong></span> <span class='ocrx_word' id='word_1_244' title='bbox 475 971 502 994; x_wconf 87' lang='lat' dir='ltr'><strong>et</strong></span> <span class='ocrx_word' id='word_1_245' title='bbox 527 973 609 993; x_wconf 88' lang='lat' dir='ltr'><strong>omne</strong></span> <span class='ocrx_word' id='word_1_246' title='bbox 634 966 774 1000; x_wconf 81' lang='lat' dir='ltr'><strong>exemplar</strong></span> <span class='ocrx_word' id='word_1_247' title='bbox 789 966 893 1000; x_wconf 80' lang='lat' dir='ltr'><strong>princi-</strong></span> 
     </span>
    </p>
   </div>
   <div class='ocr_carea' id='block_1_35' title="bbox 102 1012 891 1047">
    <p class='ocr_par' dir='ltr' id='par_1_35' title="bbox 102 1012 891 1047">
     <span class='ocr_line' id='line_1_35' title="bbox 102 1012 891 1047; baseline 0 -9"><span class='ocrx_word' id='word_1_248' title='bbox 102 1013 179 1046; x_wconf 85' lang='lat' dir='ltr'><strong>pium</strong></span> <span class='ocrx_word' id='word_1_249' title='bbox 205 1017 249 1040; x_wconf 90' lang='lat' dir='ltr'><strong>est</strong></span> <span class='ocrx_word' id='word_1_250' title='bbox 272 1020 329 1040; x_wconf 67' lang='lat' dir='ltr'><strong>sum</strong></span> <span class='ocrx_word' id='word_1_251' title='bbox 349 1012 488 1046; x_wconf 80' lang='lat' dir='ltr'><strong>imaginis.</strong></span> <span class='ocrx_word' id='word_1_252' title='bbox 516 1012 664 1047; x_wconf 84' lang='lat' dir='ltr'><strong>Imaginem</strong></span> <span class='ocrx_word' id='word_1_253' title='bbox 685 1012 778 1046; x_wconf 87' lang='lat' dir='ltr'><strong>itaque</strong></span> <span class='ocrx_word' id='word_1_254' title='bbox 798 1012 891 1039; x_wconf 88' lang='lat' dir='ltr'><strong>divina</strong></span> 
     </span>
    </p>
   </div>
   <div class='ocr_carea' id='block_1_36' title="bbox 103 1057 891 1092">
    <p class='ocr_par' dir='ltr' id='par_1_36' title="bbox 103 1057 891 1092">
     <span class='ocr_line' id='line_1_36' title="bbox 103 1057 891 1092; baseline 0 -7"><span class='ocrx_word' id='word_1_255' title='bbox 103 1057 248 1092; x_wconf 83' lang='lat' dir='ltr'><strong>Scriptura</strong></span> <span class='ocrx_word' id='word_1_256' title='bbox 266 1058 414 1085; x_wconf 85' lang='lat' dir='ltr'><strong>nominans</strong></span> <span class='ocrx_word' id='word_1_257' title='bbox 435 1057 534 1086; x_wconf 78' lang='lat' dir='ltr'><strong>Filium</strong></span> <span class='ocrx_word' id='word_1_258' title='bbox 560 1058 707 1086; x_wconf 80' lang='lat' dir='ltr'><strong>invisibilis</strong></span> <span class='ocrx_word' id='word_1_259' title='bbox 723 1058 783 1092; x_wconf 83' lang='lat' dir='ltr'><strong>Dei,</strong></span> <span class='ocrx_word' id='word_1_260' title='bbox 808 1058 891 1085; x_wconf 89' lang='lat' dir='ltr'><strong>simul</strong></span> 
     </span>
    </p>
   </div>
   <div class='ocr_carea' id='block_1_37' title="bbox 101 1103 888 1139">
    <p class='ocr_par' dir='ltr' id='par_1_37' title="bbox 101 1103 888 1139">
     <span class='ocr_line' id='line_1_37' title="bbox 101 1103 888 1139; baseline -0.001 -8"><span class='ocrx_word' id='word_1_261' title='bbox 101 1104 239 1135; x_wconf 82' lang='lat' dir='ltr'><strong>ostendit,</strong></span> <span class='ocrx_word' id='word_1_262' title='bbox 253 1107 280 1131; x_wconf 86' lang='lat' dir='ltr'><strong>et</strong></span> <span class='ocrx_word' id='word_1_263' title='bbox 300 1104 374 1139; x_wconf 82' lang='lat' dir='ltr'><strong>quod</strong></span> <span class='ocrx_word' id='word_1_264' title='bbox 385 1111 418 1131; x_wconf 86' lang='lat' dir='ltr'><strong>ex</strong></span> <span class='ocrx_word' id='word_1_265' title='bbox 436 1112 469 1131; x_wconf 88' lang='lat' dir='ltr'><strong>eo</strong></span> <span class='ocrx_word' id='word_1_266' title='bbox 483 1111 534 1134; x_wconf 81' lang='lat' dir='ltr'><strong>est,</strong></span> <span class='ocrx_word' id='word_1_267' title='bbox 547 1109 572 1131; x_wconf 92' lang='lat' dir='ltr'><strong>et</strong></span> <span class='ocrx_word' id='word_1_268' title='bbox 587 1104 658 1137; x_wconf 88' lang='lat' dir='ltr'><strong>quod</strong></span> <span class='ocrx_word' id='word_1_269' title='bbox 676 1104 774 1131; x_wconf 87' lang='lat' dir='ltr'><strong>similis</strong></span> <span class='ocrx_word' id='word_1_270' title='bbox 791 1103 815 1131; x_wconf 89' lang='lat' dir='ltr'><strong>ei</strong></span> <span class='ocrx_word' id='word_1_271' title='bbox 828 1107 888 1132; x_wconf 84' lang='lat' dir='ltr'><strong>est:</strong></span> 
     </span>
    </p>
   </div>
   <div class='ocr_carea' id='block_1_38' title="bbox 101 1150 891 1185">
    <p class='ocr_par' dir='ltr' id='par_1_38' title="bbox 101 1150 891 1185">
     <span class='ocr_line' id='line_1_38' title="bbox 101 1150 891 1185; baseline 0 -9"><span class='ocrx_word' id='word_1_272' title='bbox 101 1150 266 1177; x_wconf 88' lang='lat' dir='ltr'><strong>minoritate</strong></span> <span class='ocrx_word' id='word_1_273' title='bbox 281 1150 408 1177; x_wconf 80' lang='lat' dir='ltr'><strong>videlicet</strong></span> <span class='ocrx_word' id='word_1_274' title='bbox 427 1151 623 1185; x_wconf 65' lang='lat' dir='ltr'><strong>praetermissa,</strong></span> <span class='ocrx_word' id='word_1_275' title='bbox 638 1155 766 1184; x_wconf 87' lang='lat' dir='ltr'><strong>tanquam</strong></span> <span class='ocrx_word' id='word_1_276' title='bbox 779 1150 891 1177; x_wconf 90' lang='lat' dir='ltr'><strong>minime</strong></span> 
     </span>
    </p>
   </div>
   <div class='ocr_carea' id='block_1_39' title="bbox 99 1195 890 1230">
    <p class='ocr_par' dir='ltr' id='par_1_39' title="bbox 99 1195 890 1230">
     <span class='ocr_line' id='line_1_39' title="bbox 99 1195 890 1230; baseline 0.001 -9"><span class='ocrx_word' id='word_1_277' title='bbox 99 1195 293 1223; x_wconf 77' lang='lat' dir='ltr'><strong>conveniente.</strong></span> <span class='ocrx_word' id='word_1_278' title='bbox 311 1195 344 1222; x_wconf 82' lang='lat' dir='ltr'><strong>At</strong></span> <span class='ocrx_word' id='word_1_279' title='bbox 359 1203 434 1226; x_wconf 89' lang='lat' dir='ltr'><strong>vero,</strong></span> <span class='ocrx_word' id='word_1_280' title='bbox 447 1196 678 1230; x_wconf 86' lang='lat' dir='ltr'><strong>quemadmodum</strong></span> <span class='ocrx_word' id='word_1_281' title='bbox 690 1195 777 1223; x_wconf 86' lang='lat' dir='ltr'><strong>Filius</strong></span> <span class='ocrx_word' id='word_1_282' title='bbox 787 1195 890 1222; x_wconf 84' lang='lat' dir='ltr'><strong>dicitur</strong></span> 
     </span>
    </p>
   </div>
   <div class='ocr_carea' id='block_1_40' title="bbox 77 1240 890 1276">
    <p class='ocr_par' dir='ltr' id='par_1_40' title="bbox 77 1240 890 1276">
     <span class='ocr_line' id='line_1_40' title="bbox 77 1240 890 1276; baseline 0 -7"><span class='ocrx_word' id='word_1_283' title='bbox 77 1265 86 1269; x_wconf 47' lang='grc' dir='ltr'><em>κ</em></span> <span class='ocrx_word' id='word_1_284' title='bbox 99 1241 194 1275; x_wconf 81' lang='lat' dir='ltr'><strong>imago</strong></span> <span class='ocrx_word' id='word_1_285' title='bbox 210 1240 314 1273; x_wconf 86' lang='lat' dir='ltr'><strong>Patris,</strong></span> <span class='ocrx_word' id='word_1_286' title='bbox 335 1249 389 1269; x_wconf 92' lang='lat' dir='ltr'><strong>non</strong></span> <span class='ocrx_word' id='word_1_287' title='bbox 406 1241 486 1269; x_wconf 87' lang='lat' dir='ltr'><strong>Pater</strong></span> <span class='ocrx_word' id='word_1_288' title='bbox 513 1242 604 1276; x_wconf 83' lang='lat' dir='ltr'><strong>imago</strong></span> <span class='ocrx_word' id='word_1_289' title='bbox 622 1241 684 1269; x_wconf 84' lang='lat' dir='ltr'><strong>Filii</strong></span> <span class='ocrx_word' id='word_1_290' title='bbox 699 1250 706 1269; x_wconf 88' lang='lat'><strong>:</strong></span> <span class='ocrx_word' id='word_1_291' title='bbox 719 1242 756 1269; x_wconf 89' lang='lat' dir='ltr'><strong>ita</strong></span> <span class='ocrx_word' id='word_1_292' title='bbox 772 1242 890 1276; x_wconf 83' lang='lat' dir='ltr'><strong>Spiritus</strong></span> 
     </span>
    </p>
   </div>
   <div class='ocr_carea' id='block_1_41' title="bbox 99 1287 888 1322">
    <p class='ocr_par' dir='ltr' id='par_1_41' title="bbox 99 1287 888 1322">
     <span class='ocr_line' id='line_1_41' title="bbox 99 1287 888 1322; baseline -0.001 -7"><span class='ocrx_word' id='word_1_293' title='bbox 99 1293 216 1315; x_wconf 82' lang='lat' dir='ltr'><strong>sanctus</strong></span> <span class='ocrx_word' id='word_1_294' title='bbox 233 1287 260 1314; x_wconf 87' lang='lat' dir='ltr'><strong>in</strong></span> <span class='ocrx_word' id='word_1_295' title='bbox 281 1289 376 1315; x_wconf 83' lang='lat' dir='ltr'><strong>eadem</strong></span> <span class='ocrx_word' id='word_1_296' title='bbox 403 1287 545 1322; x_wconf 86' lang='lat' dir='ltr'><strong>Scriptura</strong></span> <span class='ocrx_word' id='word_1_297' title='bbox 573 1288 675 1315; x_wconf 90' lang='lat' dir='ltr'><strong>dicitur</strong></span> <span class='ocrx_word' id='word_1_298' title='bbox 700 1287 790 1322; x_wconf 75' lang='lat' dir='ltr'><strong>imago</strong></span> <span class='ocrx_word' id='word_1_299' title='bbox 815 1287 888 1319; x_wconf 85' lang='lat' dir='ltr'><strong>Filii,</strong></span> 
     </span>
    </p>
   </div>
   <div class='ocr_carea' id='block_1_42' title="bbox 102 1333 889 1368">
    <p class='ocr_par' dir='ltr' id='par_1_42' title="bbox 102 1333 889 1368">
     <span class='ocr_line' id='line_1_42' title="bbox 102 1333 889 1368; baseline 0.001 -8"><span class='ocrx_word' id='word_1_300' title='bbox 102 1341 157 1360; x_wconf 88' lang='lat' dir='ltr'><strong>non</strong></span> <span class='ocrx_word' id='word_1_301' title='bbox 179 1333 264 1361; x_wconf 87' lang='lat' dir='ltr'><strong>Filius</strong></span> <span class='ocrx_word' id='word_1_302' title='bbox 282 1334 372 1368; x_wconf 71' lang='lat' dir='ltr'><strong>imago</strong></span> <span class='ocrx_word' id='word_1_303' title='bbox 385 1334 515 1368; x_wconf 85' lang='lat' dir='ltr'><strong>Spiritus.</strong></span> <span class='ocrx_word' id='word_1_304' title='bbox 532 1334 601 1360; x_wconf 88' lang='lat' dir='ltr'><strong>Dicit</strong></span> <span class='ocrx_word' id='word_1_305' title='bbox 615 1333 687 1360; x_wconf 90' lang='lat' dir='ltr'><strong>enim</strong></span> <span class='ocrx_word' id='word_1_306' title='bbox 700 1334 846 1368; x_wconf 79' lang='lat' dir='ltr'><strong>Apostolus</strong></span> <span class='ocrx_word' id='word_1_307' title='bbox 854 1334 889 1362; x_wconf 89' lang='lat' dir='ltr'><strong>ad</strong></span> 
     </span>
    </p>
   </div>
   <div class='ocr_carea' id='block_1_43' title="bbox 101 1379 888 1413">
    <p class='ocr_par' dir='ltr' id='par_1_43' title="bbox 101 1379 888 1413">
     <span class='ocr_line' id='line_1_43' title="bbox 101 1379 888 1413; baseline 0.003 -8"><span class='ocrx_word' id='word_1_308' title='bbox 101 1379 264 1406; x_wconf 77' lang='lat' dir='ltr'><strong>Romanos:</strong></span> <span class='ocrx_word' id='word_1_309' title='bbox 285 1379 359 1412; x_wconf 75' lang='lat' dir='ltr'><strong>Quos</strong></span> <span class='ocrx_word' id='word_1_310' title='bbox 388 1380 458 1406; x_wconf 84' lang='lat' dir='ltr'><strong>enim</strong></span> <span class='ocrx_word' id='word_1_311' title='bbox 485 1380 619 1413; x_wconf 66' lang='lat' dir='ltr'><strong>praesciuit</strong></span> <span class='ocrx_word' id='word_1_312' title='bbox 645 1384 670 1406; x_wconf 84' lang='lat' dir='ltr'><strong>et</strong></span> <span class='ocrx_word' id='word_1_313' title='bbox 680 1380 888 1413; x_wconf 59' lang='lat' dir='ltr'><strong>prmdestinat‘it,</strong></span> 
     </span>
    </p>
   </div>
   <div class='ocr_carea' id='block_1_44' title="bbox 100 1423 886 1459">
    <p class='ocr_par' dir='ltr' id='par_1_44' title="bbox 100 1423 886 1459">
     <span class='ocr_line' id='line_1_44' title="bbox 100 1423 886 1459; baseline 0.003 -9"><span class='ocrx_word' id='word_1_314' title='bbox 100 1425 250 1458; x_wconf 74' lang='lat' dir='ltr'><strong>coufornm</strong></span> <span class='ocrx_word' id='word_1_315' title='bbox 263 1424 321 1458; x_wconf 76' lang='lat' dir='ltr'><strong>ﬁeri</strong></span> <span class='ocrx_word' id='word_1_316' title='bbox 330 1424 440 1459; x_wconf 81' lang='lat' dir='ltr'><strong>imagini</strong></span> <span class='ocrx_word' id='word_1_317' title='bbox 452 1423 517 1451; x_wconf 82' lang='lat' dir='ltr'><strong>Filii</strong></span> <span class='ocrx_word' id='word_1_318' title='bbox 527 1425 569 1451; x_wconf 83' lang='lat' dir='ltr'><strong>sui</strong></span> <span class='ocrx_word' id='word_1_319' title='bbox 577 1424 616 1452; x_wconf 83' lang='lat'><strong>&#39;°.</strong></span> <span class='ocrx_word' id='word_1_320' title='bbox 631 1425 661 1452; x_wconf 84' lang='lat' dir='ltr'><strong>Et</strong></span> <span class='ocrx_word' id='word_1_321' title='bbox 671 1425 703 1452; x_wconf 87' lang='lat' dir='ltr'><strong>ad</strong></span> <span class='ocrx_word' id='word_1_322' title='bbox 712 1425 886 1452; x_wconf 82' lang='lat' dir='ltr'><strong>Corinthios:</strong></span> 
     </span>
    </p>
   </div>
   <div class='ocr_carea' id='block_1_45' title="bbox 100 1468 887 1504">
    <p class='ocr_par' dir='ltr' id='par_1_45' title="bbox 100 1468 887 1504">
     <span class='ocr_line' id='line_1_45' title="bbox 100 1468 887 1504; baseline 0.004 -9"><span class='ocrx_word' id='word_1_323' title='bbox 100 1468 178 1497; x_wconf 80' lang='lat' dir='ltr'><strong>Sicut</strong></span> <span class='ocrx_word' id='word_1_324' title='bbox 204 1471 364 1504; x_wconf 74' lang='lat' dir='ltr'><strong>portavimus</strong></span> <span class='ocrx_word' id='word_1_325' title='bbox 379 1470 519 1504; x_wconf 82' lang='lat' dir='ltr'><strong>imaginem</strong></span> <span class='ocrx_word' id='word_1_326' title='bbox 546 1470 689 1502; x_wconf 73' lang='lat' dir='ltr'><strong>terrestris,</strong></span> <span class='ocrx_word' id='word_1_327' title='bbox 712 1475 845 1503; x_wconf 75' lang='lat' dir='ltr'><strong>portemus</strong></span> <span class='ocrx_word' id='word_1_328' title='bbox 862 1475 887 1498; x_wconf 81' lang='lat' dir='ltr'><strong>et</strong></span> 
     </span>
    </p>
   </div>
   <div class='ocr_carea' id='block_1_46' title="bbox 98 1511 923 1552">
    <p class='ocr_par' dir='ltr' id='par_1_46' title="bbox 98 1511 923 1552">
     <span class='ocr_line' id='line_1_46' title="bbox 98 1511 923 1552; baseline -0.004 -8"><span class='ocrx_word' id='word_1_329' title='bbox 98 1517 243 1552; x_wconf 83' lang='lat' dir='ltr'><strong>imaginem</strong></span> <span class='ocrx_word' id='word_1_330' title='bbox 259 1517 370 1543; x_wconf 75' lang='lat' dir='ltr'><strong>cwlestis</strong></span> <span class='ocrx_word' id='word_1_331' title='bbox 385 1516 418 1548; x_wconf 84' lang='grc'><strong>¹¹,</strong></span> <span class='ocrx_word' id='word_1_332' title='bbox 436 1516 575 1543; x_wconf 66' lang='lat' dir='ltr'><strong>caelestem</strong></span> <span class='ocrx_word' id='word_1_333' title='bbox 599 1517 692 1544; x_wconf 89' lang='lat' dir='ltr'><strong>dicens</strong></span> <span class='ocrx_word' id='word_1_334' title='bbox 725 1515 835 1544; x_wconf 80' lang='lat' dir='ltr'><strong>Filium.</strong></span> <span class='ocrx_word' id='word_1_335' title='bbox 855 1516 888 1544; x_wconf 87' lang='lat' dir='ltr'><strong>Et</strong></span> <span class='ocrx_word' id='word_1_336' title='bbox 901 1511 923 1541; x_wconf 89' lang='lat' dir='ltr'><strong>C</strong></span> 
     </span>
    </p>
   </div>
   <div class='ocr_carea' id='block_1_47' title="bbox 100 1561 888 1597">
    <p class='ocr_par' dir='ltr' id='par_1_47' title="bbox 100 1561 888 1597">
     <span class='ocr_line' id='line_1_47' title="bbox 100 1561 888 1597; baseline -0.001 -6"><span class='ocrx_word' id='word_1_337' title='bbox 100 1563 219 1591; x_wconf 86' lang='lat' dir='ltr'><strong>iterum:</strong></span> <span class='ocrx_word' id='word_1_338' title='bbox 233 1561 290 1588; x_wconf 84' lang='lat' dir='ltr'><strong>Nos</strong></span> <span class='ocrx_word' id='word_1_339' title='bbox 299 1566 386 1588; x_wconf 73' lang='lat' dir='ltr'><strong>autem</strong></span> <span class='ocrx_word' id='word_1_340' title='bbox 397 1569 484 1588; x_wconf 88' lang='lat' dir='ltr'><strong>omnes</strong></span> <span class='ocrx_word' id='word_1_341' title='bbox 497 1562 611 1589; x_wconf 80' lang='lat' dir='ltr'><strong>revelata</strong></span> <span class='ocrx_word' id='word_1_342' title='bbox 624 1562 693 1596; x_wconf 79' lang='lat' dir='ltr'><strong>facie</strong></span> <span class='ocrx_word' id='word_1_343' title='bbox 706 1562 818 1597; x_wconf 78' lang='lat' dir='ltr'><strong>gloriam</strong></span> <span class='ocrx_word' id='word_1_344' title='bbox 836 1563 888 1590; x_wconf 85' lang='lat' dir='ltr'><strong>Do-</strong></span> 
     </span>
    </p>
   </div>
   <div class='ocr_carea' id='block_1_48' title="bbox 99 1608 888 1643">
    <p class='ocr_par' dir='ltr' id='par_1_48' title="bbox 99 1608 888 1643">
     <span class='ocr_line' id='line_1_48' title="bbox 99 1608 888 1643; baseline 0.001 -9"><span class='ocrx_word' id='word_1_345' title='bbox 99 1609 170 1635; x_wconf 84' lang='lat' dir='ltr'><strong>mini</strong></span> <span class='ocrx_word' id='word_1_346' title='bbox 189 1608 365 1642; x_wconf 71' lang='lat' dir='ltr'><strong>speculantes,</strong></span> <span class='ocrx_word' id='word_1_347' title='bbox 388 1608 415 1634; x_wconf 82' lang='lat' dir='ltr'><strong>in</strong></span> <span class='ocrx_word' id='word_1_348' title='bbox 432 1608 524 1635; x_wconf 84' lang='lat' dir='ltr'><strong>eadem</strong></span> <span class='ocrx_word' id='word_1_349' title='bbox 536 1609 649 1643; x_wconf 86' lang='lat' dir='ltr'><strong>imagine</strong></span> <span class='ocrx_word' id='word_1_350' title='bbox 665 1609 888 1643; x_wconf 83' lang='lat' dir='ltr'><strong>transformamur</strong></span> 
     </span>
    </p>
   </div>
   <div class='ocr_carea' id='block_1_49' title="bbox 98 1653 882 1688">
    <p class='ocr_par' dir='ltr' id='par_1_49' title="bbox 98 1653 882 1688">
     <span class='ocr_line' id='line_1_49' title="bbox 98 1653 882 1688; baseline 0.001 -8"><span class='ocrx_word' id='word_1_351' title='bbox 98 1655 133 1680; x_wconf 85' lang='lat' dir='ltr'><strong>de</strong></span> <span class='ocrx_word' id='word_1_352' title='bbox 155 1653 243 1688; x_wconf 86' lang='lat' dir='ltr'><strong>gloria</strong></span> <span class='ocrx_word' id='word_1_353' title='bbox 266 1653 294 1680; x_wconf 86' lang='lat' dir='ltr'><strong>in</strong></span> <span class='ocrx_word' id='word_1_354' title='bbox 326 1653 451 1688; x_wconf 82' lang='lat' dir='ltr'><strong>gloriam,</strong></span> <span class='ocrx_word' id='word_1_355' title='bbox 469 1653 538 1680; x_wconf 86' lang='lat' dir='ltr'><strong>sicut</strong></span> <span class='ocrx_word' id='word_1_356' title='bbox 555 1662 571 1680; x_wconf 83' lang='grc' dir='ltr'><em>α</em></span> <span class='ocrx_word' id='word_1_357' title='bbox 587 1653 694 1680; x_wconf 85' lang='lat' dir='ltr'><strong>Domini</strong></span> <span class='ocrx_word' id='word_1_358' title='bbox 721 1653 824 1686; x_wconf 81' lang='lat' dir='ltr'><strong>Spiritu</strong></span> <span class='ocrx_word' id='word_1_359' title='bbox 836 1656 859 1670; x_wconf 84' lang='lat'>“</span> <span class='ocrx_word' id='word_1_360' title='bbox 874 1674 882 1681; x_wconf 86' lang='lat'><strong>.</strong></span> 
     </span>
    </p>
   </div>
   <div class='ocr_carea' id='block_1_50' title="bbox 106 1698 888 1734">
    <p class='ocr_par' dir='ltr' id='par_1_50' title="bbox 106 1698 888 1734">
     <span class='ocr_line' id='line_1_50' title="bbox 106 1698 888 1734; baseline 0.001 -8"><span class='ocrx_word' id='word_1_361' title='bbox 106 1699 187 1732; x_wconf 83' lang='lat' dir='ltr'><strong>Quod</strong></span> <span class='ocrx_word' id='word_1_362' title='bbox 201 1704 291 1726; x_wconf 79' lang='lat' dir='ltr'><strong>autem</strong></span> <span class='ocrx_word' id='word_1_363' title='bbox 308 1699 397 1734; x_wconf 81' lang='lat' dir='ltr'><strong>imago</strong></span> <span class='ocrx_word' id='word_1_364' title='bbox 411 1698 473 1726; x_wconf 84' lang='lat' dir='ltr'><strong>Filii</strong></span> <span class='ocrx_word' id='word_1_365' title='bbox 490 1699 591 1725; x_wconf 90' lang='lat' dir='ltr'><strong>dicitur</strong></span> <span class='ocrx_word' id='word_1_366' title='bbox 605 1699 631 1726; x_wconf 91' lang='lat' dir='ltr'><strong>in</strong></span> <span class='ocrx_word' id='word_1_367' title='bbox 646 1700 689 1726; x_wconf 90' lang='lat' dir='ltr'><strong>his</strong></span> <span class='ocrx_word' id='word_1_368' title='bbox 698 1699 817 1734; x_wconf 88' lang='lat' dir='ltr'><strong>Spiritus</strong></span> <span class='ocrx_word' id='word_1_369' title='bbox 829 1700 888 1734; x_wconf 82' lang='lat' dir='ltr'><strong>ipse</strong></span> 
     </span>
    </p>
   </div>
   <div class='ocr_carea' id='block_1_51' title="bbox 105 1744 887 1780">
    <p class='ocr_par' dir='ltr' id='par_1_51' title="bbox 105 1744 887 1780">
     <span class='ocr_line' id='line_1_51' title="bbox 105 1744 887 1780; baseline 0 -7"><span class='ocrx_word' id='word_1_370' title='bbox 105 1751 230 1776; x_wconf 85' lang='lat' dir='ltr'><strong>sanctus.</strong></span> <span class='ocrx_word' id='word_1_371' title='bbox 244 1746 376 1773; x_wconf 80' lang='lat' dir='ltr'><strong>habemus</strong></span> <span class='ocrx_word' id='word_1_372' title='bbox 390 1753 439 1780; x_wconf 93' lang='lat' dir='ltr'><strong>per</strong></span> <span class='ocrx_word' id='word_1_373' title='bbox 448 1749 574 1772; x_wconf 84' lang='lat' dir='ltr'><strong>sanetum</strong></span> <span class='ocrx_word' id='word_1_374' title='bbox 587 1744 717 1779; x_wconf 82' lang='lat' dir='ltr'><strong>Cyrillum</strong></span> <span class='ocrx_word' id='word_1_375' title='bbox 726 1745 753 1772; x_wconf 91' lang='lat' dir='ltr'><strong>in</strong></span> <span class='ocrx_word' id='word_1_376' title='bbox 762 1745 887 1773; x_wconf 82' lang='lat' dir='ltr'><strong>Thesau-</strong></span> 
     </span>
    </p>
   </div>
   <div class='ocr_carea' id='block_1_52' title="bbox 100 1789 886 1826">
    <p class='ocr_par' dir='ltr' id='par_1_52' title="bbox 100 1789 886 1826">
     <span class='ocr_line' id='line_1_52' title="bbox 100 1789 886 1826; baseline 0.001 -9"><span class='ocrx_word' id='word_1_377' title='bbox 100 1791 140 1818; x_wconf 84' lang='lat' dir='ltr'><strong>ris</strong></span> <span class='ocrx_word' id='word_1_378' title='bbox 153 1800 161 1819; x_wconf 85' lang='lat'><strong>:</strong></span> <span class='ocrx_word' id='word_1_379' title='bbox 177 1791 315 1826; x_wconf 85' lang='lat' dir='ltr'><strong>inquibus</strong></span> <span class='ocrx_word' id='word_1_380' title='bbox 326 1799 358 1818; x_wconf 79' lang='lat' dir='ltr'><strong>ex</strong></span> <span class='ocrx_word' id='word_1_381' title='bbox 367 1791 471 1818; x_wconf 85' lang='lat' dir='ltr'><strong>eisdem</strong></span> <span class='ocrx_word' id='word_1_382' title='bbox 483 1789 574 1818; x_wconf 80' lang='lat' dir='ltr'><strong>verbis</strong></span> <span class='ocrx_word' id='word_1_383' title='bbox 583 1790 721 1817; x_wconf 90' lang='lat' dir='ltr'><strong>concludit</strong></span> <span class='ocrx_word' id='word_1_384' title='bbox 735 1791 802 1825; x_wconf 88' lang='lat' dir='ltr'><strong>ipse,</strong></span> <span class='ocrx_word' id='word_1_385' title='bbox 813 1791 886 1825; x_wconf 86' lang='lat' dir='ltr'><strong>quod</strong></span> 
     </span>
    </p>
   </div>
   <div class='ocr_carea' id='block_1_53' title="bbox 100 1836 886 1872">
    <p class='ocr_par' dir='ltr' id='par_1_53' title="bbox 100 1836 886 1872">
     <span class='ocr_line' id='line_1_53' title="bbox 100 1836 886 1872; baseline 0.001 -8"><span class='ocrx_word' id='word_1_386' title='bbox 100 1836 223 1871; x_wconf 79' lang='lat' dir='ltr'><strong>Spiritus</strong></span> <span class='ocrx_word' id='word_1_387' title='bbox 239 1842 280 1864; x_wconf 90' lang='lat' dir='ltr'><strong>est</strong></span> <span class='ocrx_word' id='word_1_388' title='bbox 295 1840 322 1863; x_wconf 91' lang='lat' dir='ltr'><strong>et</strong></span> <span class='ocrx_word' id='word_1_389' title='bbox 336 1844 368 1864; x_wconf 83' lang='lat' dir='ltr'><strong>ex</strong></span> <span class='ocrx_word' id='word_1_390' title='bbox 389 1836 468 1864; x_wconf 83' lang='lat' dir='ltr'><strong>Filio.</strong></span> <span class='ocrx_word' id='word_1_391' title='bbox 485 1837 556 1871; x_wconf 82' lang='lat' dir='ltr'><strong>Ergo</strong></span> <span class='ocrx_word' id='word_1_392' title='bbox 571 1841 599 1863; x_wconf 90' lang='lat' dir='ltr'><strong>et</strong></span> <span class='ocrx_word' id='word_1_393' title='bbox 615 1843 665 1863; x_wconf 83' lang='lat' dir='ltr'><strong>nos</strong></span> <span class='ocrx_word' id='word_1_394' title='bbox 683 1836 710 1863; x_wconf 90' lang='lat' dir='ltr'><strong>id</strong></span> <span class='ocrx_word' id='word_1_395' title='bbox 728 1837 817 1870; x_wconf 90' lang='lat' dir='ltr'><strong>ipsum</strong></span> <span class='ocrx_word' id='word_1_396' title='bbox 840 1845 886 1872; x_wconf 84' lang='lat' dir='ltr'><strong>per</strong></span> 
     </span>
    </p>
   </div>
   <div class='ocr_carea' id='block_1_54' title="bbox 99 1881 885 1916">
    <p class='ocr_par' dir='ltr' id='par_1_54' title="bbox 99 1881 885 1916">
     <span class='ocr_line' id='line_1_54' title="bbox 99 1881 885 1916; baseline 0 -6"><span class='ocrx_word' id='word_1_397' title='bbox 99 1882 195 1910; x_wconf 84' lang='lat' dir='ltr'><strong>eadem</strong></span> <span class='ocrx_word' id='word_1_398' title='bbox 212 1882 416 1913; x_wconf 81' lang='lat' dir='ltr'><strong>concludentes,</strong></span> <span class='ocrx_word' id='word_1_399' title='bbox 428 1887 455 1908; x_wconf 87' lang='lat' dir='ltr'><strong>et</strong></span> <span class='ocrx_word' id='word_1_400' title='bbox 464 1889 495 1909; x_wconf 83' lang='lat' dir='ltr'><strong>ex</strong></span> <span class='ocrx_word' id='word_1_401' title='bbox 507 1889 540 1909; x_wconf 91' lang='lat' dir='ltr'><strong>eo</strong></span> <span class='ocrx_word' id='word_1_402' title='bbox 554 1881 626 1916; x_wconf 89' lang='lat' dir='ltr'><strong>quod</strong></span> <span class='ocrx_word' id='word_1_403' title='bbox 638 1881 747 1914; x_wconf 88' lang='lat' dir='ltr'><strong>dicitur,</strong></span> <span class='ocrx_word' id='word_1_404' title='bbox 767 1881 885 1916; x_wconf 86' lang='lat' dir='ltr'><strong>Spiritus</strong></span> 
     </span>
    </p>
   </div>
   <div class='ocr_carea' id='block_1_55' title="bbox 100 1927 887 1962">
    <p class='ocr_par' dir='ltr' id='par_1_55' title="bbox 100 1927 887 1962">
     <span class='ocr_line' id='line_1_55' title="bbox 100 1927 887 1962; baseline 0.003 -7"><span class='ocrx_word' id='word_1_405' title='bbox 100 1928 192 1962; x_wconf 72' lang='lat' dir='ltr'><strong>imago</strong></span> <span class='ocrx_word' id='word_1_406' title='bbox 211 1927 270 1955; x_wconf 81' lang='lat' dir='ltr'><strong>Filii</strong></span> <span class='ocrx_word' id='word_1_407' title='bbox 285 1936 292 1955; x_wconf 90' lang='lat'>:</span> <span class='ocrx_word' id='word_1_408' title='bbox 309 1935 342 1955; x_wconf 79' lang='lat' dir='ltr'><strong>ex</strong></span> <span class='ocrx_word' id='word_1_409' title='bbox 358 1929 418 1962; x_wconf 89' lang='lat' dir='ltr'><strong>ipso</strong></span> <span class='ocrx_word' id='word_1_410' title='bbox 433 1928 516 1955; x_wconf 87' lang='lat' dir='ltr'><strong>etiam</strong></span> <span class='ocrx_word' id='word_1_411' title='bbox 533 1927 684 1955; x_wconf 88' lang='lat' dir='ltr'><strong>secundum</strong></span> <span class='ocrx_word' id='word_1_412' title='bbox 700 1928 826 1962; x_wconf 79' lang='lat' dir='ltr'><strong>superius</strong></span> <span class='ocrx_word' id='word_1_413' title='bbox 842 1935 887 1958; x_wconf 84' lang='lat' dir='ltr'><strong>as-</strong></span> 
     </span>
    </p>
   </div>
   <div class='ocr_carea' id='block_1_56' title="bbox 100 1973 886 2008">
    <p class='ocr_par' dir='ltr' id='par_1_56' title="bbox 100 1973 886 2008">
     <span class='ocr_line' id='line_1_56' title="bbox 100 1973 886 2008; baseline 0 -7"><span class='ocrx_word' id='word_1_414' title='bbox 100 1975 236 2007; x_wconf 70' lang='lat' dir='ltr'><strong>signatam</strong></span> <span class='ocrx_word' id='word_1_415' title='bbox 246 1974 380 2001; x_wconf 87' lang='lat' dir='ltr'><strong>rationem</strong></span> <span class='ocrx_word' id='word_1_416' title='bbox 392 1973 583 2008; x_wconf 81' lang='lat' dir='ltr'><strong>intelligentcs.</strong></span> <span class='ocrx_word' id='word_1_417' title='bbox 599 1973 751 2001; x_wconf 86' lang='lat' dir='ltr'><strong>rectissime</strong></span> <span class='ocrx_word' id='word_1_418' title='bbox 766 1978 794 2001; x_wconf 88' lang='lat' dir='ltr'><strong>et</strong></span> <span class='ocrx_word' id='word_1_419' title='bbox 807 1974 886 2001; x_wconf 90' lang='lat' dir='ltr'><strong>intel-</strong></span> 
     </span>
    </p>
   </div>
   <div class='ocr_carea' id='block_1_57' title="bbox 100 2019 669 2054">
    <p class='ocr_par' dir='ltr' id='par_1_57' title="bbox 100 2019 669 2054">
     <span class='ocr_line' id='line_1_57' title="bbox 100 2019 669 2054; baseline 0 -8"><span class='ocrx_word' id='word_1_420' title='bbox 100 2020 222 2054; x_wconf 81' lang='lat' dir='ltr'><strong>ligimus,</strong></span> <span class='ocrx_word' id='word_1_421' title='bbox 237 2023 261 2047; x_wconf 91' lang='lat' dir='ltr'><strong>et</strong></span> <span class='ocrx_word' id='word_1_422' title='bbox 278 2019 478 2052; x_wconf 86' lang='lat' dir='ltr'><strong>concludimus,</strong></span> <span class='ocrx_word' id='word_1_423' title='bbox 499 2023 527 2046; x_wconf 90' lang='lat' dir='ltr'><strong>et</strong></span> <span class='ocrx_word' id='word_1_424' title='bbox 541 2019 669 2047; x_wconf 88' lang='lat' dir='ltr'><strong>dicimus.</strong></span> 
     </span>
    </p>
   </div>
   <div class='ocr_carea' id='block_1_58' title="bbox 323 2086 660 2122">
    <p class='ocr_par' dir='ltr' id='par_1_58' title="bbox 323 2086 660 2122">
     <span class='ocr_line' id='line_1_58' title="bbox 323 2086 660 2122; baseline 0 -8"><span class='ocrx_word' id='word_1_425' title='bbox 323 2086 441 2114; x_wconf 83' lang='lat' dir='ltr'><strong>Tertium</strong></span> <span class='ocrx_word' id='word_1_426' title='bbox 458 2087 660 2122; x_wconf 84' lang='lat' dir='ltr'><strong>Argumentum.</strong></span> 
     </span>
    </p>
   </div>
   <div class='ocr_carea' id='block_1_59' title="bbox 134 2144 883 2179">
    <p class='ocr_par' dir='ltr' id='par_1_59' title="bbox 134 2144 883 2179">
     <span class='ocr_line' id='line_1_59' title="bbox 134 2144 883 2179; baseline 0 -7"><span class='ocrx_word' id='word_1_427' title='bbox 134 2145 201 2172; x_wconf 89' lang='lat' dir='ltr'><strong>Item</strong></span> <span class='ocrx_word' id='word_1_428' title='bbox 219 2152 282 2172; x_wconf 88' lang='lat' dir='ltr'><strong>cum</strong></span> <span class='ocrx_word' id='word_1_429' title='bbox 300 2144 372 2173; x_wconf 82' lang='lat' dir='ltr'><strong>Deus</strong></span> <span class='ocrx_word' id='word_1_430' title='bbox 384 2144 420 2172; x_wconf 90' lang='lat' dir='ltr'><strong>sit</strong></span> <span class='ocrx_word' id='word_1_431' title='bbox 439 2144 627 2179; x_wconf 85' lang='lat' dir='ltr'><strong>incorporeus.</strong></span> <span class='ocrx_word' id='word_1_432' title='bbox 643 2149 670 2172; x_wconf 88' lang='lat' dir='ltr'><strong>et</strong></span> <span class='ocrx_word' id='word_1_433' title='bbox 684 2145 805 2172; x_wconf 82' lang='lat' dir='ltr'><strong>membra</strong></span> <span class='ocrx_word' id='word_1_434' title='bbox 822 2153 883 2172; x_wconf 87' lang='lat' dir='ltr'><strong>cor-</strong></span> 
     </span>
    </p>
   </div>
   <div class='ocr_carea' id='block_1_60' title="bbox 943 869 1725 905">
    <p class='ocr_par' dir='ltr' id='par_1_60' title="bbox 943 869 1725 905">
     <span class='ocr_line' id='line_1_60' title="bbox 943 869 1725 905; baseline -0.005 -5"><span class='ocrx_word' id='word_1_435' title='bbox 943 874 1032 901; x_wconf 82' lang='lat' dir='ltr'><strong>Lucas</strong></span> <span class='ocrx_word' id='word_1_436' title='bbox 1044 873 1071 900; x_wconf 87' lang='lat' dir='ltr'><strong>in</strong></span> <span class='ocrx_word' id='word_1_437' title='bbox 1087 873 1181 900; x_wconf 78' lang='lat' dir='ltr'><strong>eodem</strong></span> <span class='ocrx_word' id='word_1_438' title='bbox 1196 873 1234 899; x_wconf 85' lang='lat' dir='ltr'><strong>ait</strong></span> <span class='ocrx_word' id='word_1_439' title='bbox 1247 881 1254 900; x_wconf 88' lang='lat'><strong>:</strong></span> <span class='ocrx_word' id='word_1_440' title='bbox 1267 872 1297 899; x_wconf 83' lang='lat' dir='ltr'><strong>Si</strong></span> <span class='ocrx_word' id='word_1_441' title='bbox 1311 880 1369 898; x_wconf 82' lang='lat' dir='ltr'><strong>t-ero</strong></span> <span class='ocrx_word' id='word_1_442' title='bbox 1381 872 1409 898; x_wconf 85' lang='lat' dir='ltr'><strong>in</strong></span> <span class='ocrx_word' id='word_1_443' title='bbox 1420 872 1502 905; x_wconf 81' lang='lat' dir='ltr'><strong>digito</strong></span> <span class='ocrx_word' id='word_1_444' title='bbox 1515 870 1561 898; x_wconf 71' lang='lat' dir='ltr'><strong>Dei</strong></span> <span class='ocrx_word' id='word_1_445' title='bbox 1577 870 1652 904; x_wconf 82' lang='lat' dir='ltr'><strong>ejicio</strong></span> <span class='ocrx_word' id='word_1_446' title='bbox 1668 869 1725 896; x_wconf 80' lang='lat' dir='ltr'><strong>dte-</strong></span> 
     </span>
    </p>
   </div>
   <div class='ocr_carea' id='block_1_61' title="bbox 943 917 1726 953">
    <p class='ocr_par' dir='ltr' id='par_1_61' title="bbox 943 917 1726 953">
     <span class='ocr_line' id='line_1_61' title="bbox 943 917 1726 953; baseline -0.003 -7"><span class='ocrx_word' id='word_1_447' title='bbox 943 919 1043 951; x_wconf 85' lang='lat' dir='ltr'><strong>monia,</strong></span> <span class='ocrx_word' id='word_1_448' title='bbox 1060 919 1151 953; x_wconf 84' lang='lat' dir='ltr'><strong>utique</strong></span> <span class='ocrx_word' id='word_1_449' title='bbox 1175 919 1291 951; x_wconf 82' lang='lat' dir='ltr'><strong>peruenit</strong></span> <span class='ocrx_word' id='word_1_450' title='bbox 1316 917 1351 944; x_wconf 80' lang='lat' dir='ltr'><strong>ad</strong></span> <span class='ocrx_word' id='word_1_451' title='bbox 1368 926 1410 944; x_wconf 75' lang='lat' dir='ltr'><strong>vos</strong></span> <span class='ocrx_word' id='word_1_452' title='bbox 1427 925 1533 951; x_wconf 75' lang='lat' dir='ltr'><strong>regnum</strong></span> <span class='ocrx_word' id='word_1_453' title='bbox 1559 917 1680 943; x_wconf 63' lang='lat' dir='ltr'><strong>calorum</strong></span> <span class='ocrx_word' id='word_1_454' title='bbox 1692 917 1726 944; x_wconf 81' lang='lat'><strong>&quot;.</strong></span> 
     </span>
    </p>
   </div>
   <div class='ocr_carea' id='block_1_62' title="bbox 943 961 1727 1002">
    <p class='ocr_par' dir='ltr' id='par_1_62' title="bbox 943 961 1727 1002">
     <span class='ocr_line' id='line_1_62' title="bbox 943 961 1727 1002; baseline -0.001 -11"><span class='ocrx_word' id='word_1_455' title='bbox 943 964 1013 1002; x_wconf 69' lang='lat' dir='ltr'><strong>Ergo</strong></span> <span class='ocrx_word' id='word_1_456' title='bbox 1029 963 1131 998; x_wconf 76' lang='lat' dir='ltr'><strong>digitus</strong></span> <span class='ocrx_word' id='word_1_457' title='bbox 1147 963 1191 990; x_wconf 90' lang='lat' dir='ltr'><strong>Dei</strong></span> <span class='ocrx_word' id='word_1_458' title='bbox 1210 963 1328 997; x_wconf 90' lang='lat' dir='ltr'><strong>Spiritus</strong></span> <span class='ocrx_word' id='word_1_459' title='bbox 1353 967 1465 989; x_wconf 83' lang='lat' dir='ltr'><strong>sanctus</strong></span> <span class='ocrx_word' id='word_1_460' title='bbox 1485 961 1575 989; x_wconf 79' lang='lat' dir='ltr'><strong>dictus</strong></span> <span class='ocrx_word' id='word_1_461' title='bbox 1588 966 1640 990; x_wconf 86' lang='lat' dir='ltr'><strong>est.</strong></span> <span class='ocrx_word' id='word_1_462' title='bbox 1657 963 1727 990; x_wconf 68' lang='lat' dir='ltr'><strong>Prte-</strong></span> 
     </span>
    </p>
   </div>
   <div class='ocr_carea' id='block_1_63' title="bbox 943 1008 1726 1044">
    <p class='ocr_par' dir='ltr' id='par_1_63' title="bbox 943 1008 1726 1044">
     <span class='ocr_line' id='line_1_63' title="bbox 943 1008 1726 1044; baseline -0.003 -7"><span class='ocrx_word' id='word_1_463' title='bbox 943 1010 1076 1038; x_wconf 83' lang='lat' dir='ltr'><strong>termissis</strong></span> <span class='ocrx_word' id='word_1_464' title='bbox 1093 1010 1176 1044; x_wconf 81' lang='lat' dir='ltr'><strong>igitur</strong></span> <span class='ocrx_word' id='word_1_465' title='bbox 1193 1009 1236 1037; x_wconf 81' lang='lat' dir='ltr'><strong>his</strong></span> <span class='ocrx_word' id='word_1_466' title='bbox 1250 1017 1310 1043; x_wconf 62' lang='lat' dir='ltr'><strong>quae</strong></span> <span class='ocrx_word' id='word_1_467' title='bbox 1326 1008 1453 1036; x_wconf 82' lang='lat' dir='ltr'><strong>Trinitati</strong></span> <span class='ocrx_word' id='word_1_468' title='bbox 1467 1016 1499 1035; x_wconf 77' lang='lat' dir='ltr'><strong>ex</strong></span> <span class='ocrx_word' id='word_1_469' title='bbox 1518 1008 1560 1035; x_wconf 88' lang='lat' dir='ltr'><strong>his</strong></span> <span class='ocrx_word' id='word_1_470' title='bbox 1573 1016 1726 1043; x_wconf 84' lang='lat' dir='ltr'><strong>congruere</strong></span> 
     </span>
    </p>
   </div>
   <div class='ocr_carea' id='block_1_64' title="bbox 943 1054 1725 1090">
    <p class='ocr_par' dir='ltr' id='par_1_64' title="bbox 943 1054 1725 1090">
     <span class='ocr_line' id='line_1_64' title="bbox 943 1054 1725 1090; baseline -0.004 -7"><span class='ocrx_word' id='word_1_471' title='bbox 943 1063 996 1083; x_wconf 89' lang='lat' dir='ltr'><strong>non</strong></span> <span class='ocrx_word' id='word_1_472' title='bbox 1014 1060 1132 1090; x_wconf 86' lang='lat' dir='ltr'><strong>possunt</strong></span> <span class='ocrx_word' id='word_1_473' title='bbox 1149 1073 1157 1086; x_wconf 87' lang='lat'><strong>,</strong></span> <span class='ocrx_word' id='word_1_474' title='bbox 1179 1055 1293 1088; x_wconf 84' lang='lat' dir='ltr'><strong>scilicet,</strong></span> <span class='ocrx_word' id='word_1_475' title='bbox 1309 1054 1381 1089; x_wconf 89' lang='lat' dir='ltr'><strong>quod</strong></span> <span class='ocrx_word' id='word_1_476' title='bbox 1398 1054 1471 1081; x_wconf 88' lang='lat' dir='ltr'><strong>aliud</strong></span> <span class='ocrx_word' id='word_1_477' title='bbox 1486 1058 1528 1082; x_wconf 85' lang='lat' dir='ltr'><strong>est</strong></span> <span class='ocrx_word' id='word_1_478' title='bbox 1539 1059 1634 1086; x_wconf 89' lang='lat' dir='ltr'><strong>totum,</strong></span> <span class='ocrx_word' id='word_1_479' title='bbox 1651 1054 1725 1080; x_wconf 89' lang='lat' dir='ltr'><strong>aliud</strong></span> 
     </span>
    </p>
   </div>
   <div class='ocr_carea' id='block_1_65' title="bbox 941 1100 1723 1136">
    <p class='ocr_par' dir='ltr' id='par_1_65' title="bbox 941 1100 1723 1136">
     <span class='ocr_line' id='line_1_65' title="bbox 941 1100 1723 1136; baseline -0.004 -8"><span class='ocrx_word' id='word_1_480' title='bbox 941 1109 1006 1136; x_wconf 84' lang='lat' dir='ltr'><strong>pars</strong></span> <span class='ocrx_word' id='word_1_481' title='bbox 1018 1121 1025 1133; x_wconf 93' lang='lat'><strong>,</strong></span> <span class='ocrx_word' id='word_1_482' title='bbox 1044 1105 1072 1128; x_wconf 89' lang='lat' dir='ltr'><strong>et</strong></span> <span class='ocrx_word' id='word_1_483' title='bbox 1090 1101 1163 1129; x_wconf 85' lang='lat' dir='ltr'><strong>aliud</strong></span> <span class='ocrx_word' id='word_1_484' title='bbox 1179 1101 1372 1136; x_wconf 85' lang='lat' dir='ltr'><strong>propinquius,</strong></span> <span class='ocrx_word' id='word_1_485' title='bbox 1392 1100 1464 1127; x_wconf 88' lang='lat' dir='ltr'><strong>aliud</strong></span> <span class='ocrx_word' id='word_1_486' title='bbox 1486 1100 1596 1135; x_wconf 79' lang='lat' dir='ltr'><strong>longius</strong></span> <span class='ocrx_word' id='word_1_487' title='bbox 1612 1107 1626 1126; x_wconf 89' lang='lat' dir='ltr'><strong>a</strong></span> <span class='ocrx_word' id='word_1_488' title='bbox 1648 1107 1723 1126; x_wconf 89' lang='lat' dir='ltr'><strong>com-</strong></span> 
     </span>
    </p>
   </div>
   <div class='ocr_carea' id='block_1_66' title="bbox 941 1146 1723 1182">
    <p class='ocr_par' dir='ltr' id='par_1_66' title="bbox 941 1146 1723 1182">
     <span class='ocr_line' id='line_1_66' title="bbox 941 1146 1723 1182; baseline -0.003 -8"><span class='ocrx_word' id='word_1_489' title='bbox 941 1147 1016 1174; x_wconf 90' lang='lat' dir='ltr'><strong>muni</strong></span> <span class='ocrx_word' id='word_1_490' title='bbox 1037 1147 1172 1181; x_wconf 84' lang='lat' dir='ltr'><strong>priueipio</strong></span> <span class='ocrx_word' id='word_1_491' title='bbox 1189 1155 1195 1174; x_wconf 93' lang='lat'><strong>:</strong></span> <span class='ocrx_word' id='word_1_492' title='bbox 1213 1147 1278 1181; x_wconf 84' lang='lat' dir='ltr'><strong>quid</strong></span> <span class='ocrx_word' id='word_1_493' title='bbox 1302 1147 1434 1182; x_wconf 88' lang='lat' dir='ltr'><strong>reliquum</strong></span> <span class='ocrx_word' id='word_1_494' title='bbox 1451 1150 1494 1174; x_wconf 86' lang='lat' dir='ltr'><strong>est</strong></span> <span class='ocrx_word' id='word_1_495' title='bbox 1516 1146 1723 1181; x_wconf 82' lang='lat' dir='ltr'><strong>intelligendum</strong></span> 
     </span>
    </p>
   </div>
   <div class='ocr_carea' id='block_1_67' title="bbox 940 1191 1726 1228">
    <p class='ocr_par' dir='ltr' id='par_1_67' title="bbox 940 1191 1726 1228">
     <span class='ocr_line' id='line_1_67' title="bbox 940 1191 1726 1228; baseline -0.003 -8"><span class='ocrx_word' id='word_1_496' title='bbox 940 1201 988 1228; x_wconf 79' lang='lat' dir='ltr'><strong>per</strong></span> <span class='ocrx_word' id='word_1_497' title='bbox 1002 1194 1051 1221; x_wconf 83' lang='lat' dir='ltr'><strong>has</strong></span> <span class='ocrx_word' id='word_1_498' title='bbox 1065 1193 1277 1225; x_wconf 84' lang='lat' dir='ltr'><strong>nominationes,</strong></span> <span class='ocrx_word' id='word_1_499' title='bbox 1296 1192 1349 1220; x_wconf 86' lang='lat' dir='ltr'><strong>uisi</strong></span> <span class='ocrx_word' id='word_1_500' title='bbox 1365 1193 1437 1227; x_wconf 85' lang='lat' dir='ltr'><strong>quod</strong></span> <span class='ocrx_word' id='word_1_501' title='bbox 1449 1191 1535 1219; x_wconf 86' lang='lat' dir='ltr'><strong>Filius</strong></span> <span class='ocrx_word' id='word_1_502' title='bbox 1545 1192 1654 1226; x_wconf 86' lang='lat' dir='ltr'><strong>quidem</strong></span> <span class='ocrx_word' id='word_1_503' title='bbox 1666 1197 1726 1219; x_wconf 79' lang='lat' dir='ltr'><strong>tan-</strong></span> 
     </span>
    </p>
   </div>
   <div class='ocr_carea' id='block_1_68' title="bbox 940 1237 1724 1274">
    <p class='ocr_par' dir='ltr' id='par_1_68' title="bbox 940 1237 1724 1274">
     <span class='ocr_line' id='line_1_68' title="bbox 940 1237 1724 1274; baseline -0.001 -9"><span class='ocrx_word' id='word_1_504' title='bbox 940 1246 1022 1274; x_wconf 89' lang='lat' dir='ltr'><strong>quam</strong></span> <span class='ocrx_word' id='word_1_505' title='bbox 1041 1239 1183 1266; x_wconf 81' lang='lat' dir='ltr'><strong>brachium</strong></span> <span class='ocrx_word' id='word_1_506' title='bbox 1201 1242 1244 1266; x_wconf 86' lang='lat' dir='ltr'><strong>est</strong></span> <span class='ocrx_word' id='word_1_507' title='bbox 1268 1246 1300 1265; x_wconf 76' lang='lat' dir='ltr'><strong>ex</strong></span> <span class='ocrx_word' id='word_1_508' title='bbox 1318 1238 1377 1266; x_wconf 90' lang='lat' dir='ltr'><strong>solo</strong></span> <span class='ocrx_word' id='word_1_509' title='bbox 1402 1237 1491 1269; x_wconf 84' lang='lat' dir='ltr'><strong>Patre,</strong></span> <span class='ocrx_word' id='word_1_510' title='bbox 1511 1237 1629 1272; x_wconf 84' lang='lat' dir='ltr'><strong>Spiritus</strong></span> <span class='ocrx_word' id='word_1_511' title='bbox 1658 1245 1724 1265; x_wconf 88' lang='lat' dir='ltr'><strong>vero</strong></span> 
     </span>
    </p>
   </div>
   <div class='ocr_carea' id='block_1_69' title="bbox 940 1283 1672 1320">
    <p class='ocr_par' dir='ltr' id='par_1_69' title="bbox 940 1283 1672 1320">
     <span class='ocr_line' id='line_1_69' title="bbox 940 1283 1672 1320; baseline -0.001 -9"><span class='ocrx_word' id='word_1_512' title='bbox 940 1289 1052 1312; x_wconf 82' lang='lat' dir='ltr'><strong>sanctus</strong></span> <span class='ocrx_word' id='word_1_513' title='bbox 1066 1289 1197 1320; x_wconf 83' lang='lat' dir='ltr'><strong>tanquam</strong></span> <span class='ocrx_word' id='word_1_514' title='bbox 1213 1284 1315 1318; x_wconf 80' lang='lat' dir='ltr'><strong>digitus</strong></span> <span class='ocrx_word' id='word_1_515' title='bbox 1330 1289 1372 1312; x_wconf 88' lang='lat' dir='ltr'><strong>est</strong></span> <span class='ocrx_word' id='word_1_516' title='bbox 1383 1291 1414 1312; x_wconf 85' lang='lat' dir='ltr'><strong>ex</strong></span> <span class='ocrx_word' id='word_1_517' title='bbox 1425 1284 1515 1318; x_wconf 82' lang='lat' dir='ltr'><strong>Patre,</strong></span> <span class='ocrx_word' id='word_1_518' title='bbox 1531 1283 1672 1318; x_wconf 76' lang='lat' dir='ltr'><strong>Filioque?</strong></span> 
     </span>
    </p>
   </div>
   <div class='ocr_carea' id='block_1_70' title="bbox 1152 1341 1495 1376">
    <p class='ocr_par' dir='ltr' id='par_1_70' title="bbox 1152 1341 1495 1376">
     <span class='ocr_line' id='line_1_70' title="bbox 1152 1341 1495 1376; baseline 0 -8"><span class='ocrx_word' id='word_1_519' title='bbox 1152 1341 1280 1374; x_wconf 79' lang='lat' dir='ltr'><strong>Quintum</strong></span> <span class='ocrx_word' id='word_1_520' title='bbox 1293 1342 1495 1376; x_wconf 81' lang='lat' dir='ltr'><strong>Argumentum.</strong></span> 
     </span>
    </p>
   </div>
   <div class='ocr_carea' id='block_1_71' title="bbox 975 1399 1721 1433">
    <p class='ocr_par' dir='ltr' id='par_1_71' title="bbox 975 1399 1721 1433">
     <span class='ocr_line' id='line_1_71' title="bbox 975 1399 1721 1433; baseline 0.003 -7"><span class='ocrx_word' id='word_1_521' title='bbox 975 1399 1038 1426; x_wconf 90' lang='lat' dir='ltr'><strong>Item</strong></span> <span class='ocrx_word' id='word_1_522' title='bbox 1049 1399 1075 1426; x_wconf 93' lang='lat' dir='ltr'><strong>in</strong></span> <span class='ocrx_word' id='word_1_523' title='bbox 1085 1399 1203 1426; x_wconf 82' lang='lat' dir='ltr'><strong>Jordane</strong></span> <span class='ocrx_word' id='word_1_524' title='bbox 1215 1399 1295 1426; x_wconf 87' lang='lat' dir='ltr'><strong>Pater</strong></span> <span class='ocrx_word' id='word_1_525' title='bbox 1307 1399 1427 1433; x_wconf 84' lang='lat' dir='ltr'><strong>desuper</strong></span> <span class='ocrx_word' id='word_1_526' title='bbox 1443 1399 1593 1426; x_wconf 84' lang='lat' dir='ltr'><strong>testabatur</strong></span> <span class='ocrx_word' id='word_1_527' title='bbox 1603 1399 1671 1427; x_wconf 86' lang='lat' dir='ltr'><strong>Filio</strong></span> <span class='ocrx_word' id='word_1_528' title='bbox 1683 1400 1721 1428; x_wconf 79' lang='lat' dir='ltr'><strong>&quot;z</strong></span> 
     </span>
    </p>
   </div>
   <div class='ocr_carea' id='block_1_72' title="bbox 940 1443 1723 1479">
    <p class='ocr_par' dir='ltr' id='par_1_72' title="bbox 940 1443 1723 1479">
     <span class='ocr_line' id='line_1_72' title="bbox 940 1443 1723 1479; baseline 0.003 -9"><span class='ocrx_word' id='word_1_529' title='bbox 940 1444 998 1479; x_wconf 85' lang='lat' dir='ltr'><strong>ipse</strong></span> <span class='ocrx_word' id='word_1_530' title='bbox 1014 1452 1078 1471; x_wconf 83' lang='lat' dir='ltr'><strong>vero</strong></span> <span class='ocrx_word' id='word_1_531' title='bbox 1091 1443 1174 1470; x_wconf 87' lang='lat' dir='ltr'><strong>Filius</strong></span> <span class='ocrx_word' id='word_1_532' title='bbox 1197 1444 1293 1471; x_wconf 88' lang='lat' dir='ltr'><strong>subtus</strong></span> <span class='ocrx_word' id='word_1_533' title='bbox 1320 1444 1520 1479; x_wconf 83' lang='lat' dir='ltr'><strong>baptizabatur,</strong></span> <span class='ocrx_word' id='word_1_534' title='bbox 1538 1445 1657 1479; x_wconf 87' lang='lat' dir='ltr'><strong>Spiritus</strong></span> <span class='ocrx_word' id='word_1_535' title='bbox 1673 1454 1723 1473; x_wconf 90' lang='lat' dir='ltr'><strong>au-</strong></span> 
     </span>
    </p>
   </div>
   <div class='ocr_carea' id='block_1_73' title="bbox 940 1489 1724 1526">
    <p class='ocr_par' dir='ltr' id='par_1_73' title="bbox 940 1489 1724 1526">
     <span class='ocr_line' id='line_1_73' title="bbox 940 1489 1724 1526; baseline 0.003 -11"><span class='ocrx_word' id='word_1_536' title='bbox 940 1494 992 1516; x_wconf 88' lang='lat' dir='ltr'><strong>tem</strong></span> <span class='ocrx_word' id='word_1_537' title='bbox 1004 1495 1115 1517; x_wconf 87' lang='lat' dir='ltr'><strong>sanctus</strong></span> <span class='ocrx_word' id='word_1_538' title='bbox 1131 1489 1248 1524; x_wconf 81' lang='lat' dir='ltr'><strong>desaper</strong></span> <span class='ocrx_word' id='word_1_539' title='bbox 1257 1490 1427 1517; x_wconf 76' lang='lat' dir='ltr'><strong>desaendcns</strong></span> <span class='ocrx_word' id='word_1_540' title='bbox 1441 1491 1468 1517; x_wconf 89' lang='lat' dir='ltr'><strong>in</strong></span> <span class='ocrx_word' id='word_1_541' title='bbox 1478 1491 1568 1526; x_wconf 86' lang='lat' dir='ltr'><strong>specie</strong></span> <span class='ocrx_word' id='word_1_542' title='bbox 1577 1491 1724 1524; x_wconf 60' lang='lat' dir='ltr'><strong>columbae,</strong></span> 
     </span>
    </p>
   </div>
   <div class='ocr_carea' id='block_1_74' title="bbox 942 1536 1724 1572">
    <p class='ocr_par' dir='ltr' id='par_1_74' title="bbox 942 1536 1724 1572">
     <span class='ocr_line' id='line_1_74' title="bbox 942 1536 1724 1572; baseline 0.003 -10"><span class='ocrx_word' id='word_1_543' title='bbox 942 1543 995 1563; x_wconf 91' lang='lat' dir='ltr'><strong>non</strong></span> <span class='ocrx_word' id='word_1_544' title='bbox 1022 1537 1132 1571; x_wconf 87' lang='lat' dir='ltr'><strong>oblique</strong></span> <span class='ocrx_word' id='word_1_545' title='bbox 1151 1536 1186 1563; x_wconf 90' lang='lat' dir='ltr'><strong>de</strong></span> <span class='ocrx_word' id='word_1_546' title='bbox 1206 1537 1288 1563; x_wconf 88' lang='lat' dir='ltr'><strong>latere</strong></span> <span class='ocrx_word' id='word_1_547' title='bbox 1307 1536 1409 1563; x_wconf 79' lang='lat' dir='ltr'><strong>Christi</strong></span> <span class='ocrx_word' id='word_1_548' title='bbox 1432 1537 1508 1564; x_wconf 89' lang='lat' dir='ltr'><strong>stetit</strong></span> <span class='ocrx_word' id='word_1_549' title='bbox 1526 1556 1533 1567; x_wconf 83' lang='lat'><em>.</em></span> <span class='ocrx_word' id='word_1_550' title='bbox 1549 1537 1621 1572; x_wconf 89' lang='lat' dir='ltr'><strong>quod</strong></span> <span class='ocrx_word' id='word_1_551' title='bbox 1651 1542 1724 1564; x_wconf 82' lang='lat' dir='ltr'><strong>esset</strong></span> 
     </span>
    </p>
   </div>
   <div class='ocr_carea' id='block_1_75' title="bbox 942 1581 1724 1616">
    <p class='ocr_par' dir='ltr' id='par_1_75' title="bbox 942 1581 1724 1616">
     <span class='ocr_line' id='line_1_75' title="bbox 942 1581 1724 1616; baseline 0.003 -8"><span class='ocrx_word' id='word_1_552' title='bbox 942 1582 1037 1616; x_wconf 90' lang='lat' dir='ltr'><strong>utique</strong></span> <span class='ocrx_word' id='word_1_553' title='bbox 1053 1582 1159 1616; x_wconf 80' lang='lat' dir='ltr'><strong>signum</strong></span> <span class='ocrx_word' id='word_1_554' title='bbox 1175 1581 1275 1609; x_wconf 87' lang='lat' dir='ltr'><strong>Filium</strong></span> <span class='ocrx_word' id='word_1_555' title='bbox 1301 1587 1327 1609; x_wconf 86' lang='lat' dir='ltr'><strong>et</strong></span> <span class='ocrx_word' id='word_1_556' title='bbox 1346 1581 1477 1616; x_wconf 88' lang='lat' dir='ltr'><strong>Spiritum</strong></span> <span class='ocrx_word' id='word_1_557' title='bbox 1505 1590 1538 1609; x_wconf 81' lang='lat' dir='ltr'><strong>ex</strong></span> <span class='ocrx_word' id='word_1_558' title='bbox 1563 1583 1621 1610; x_wconf 88' lang='lat' dir='ltr'><strong>solo</strong></span> <span class='ocrx_word' id='word_1_559' title='bbox 1644 1582 1724 1610; x_wconf 88' lang='lat' dir='ltr'><strong>Patre</strong></span> 
     </span>
    </p>
   </div>
   <div class='ocr_carea' id='block_1_76' title="bbox 943 1629 1724 1665">
    <p class='ocr_par' dir='ltr' id='par_1_76' title="bbox 943 1629 1724 1665">
     <span class='ocr_line' id='line_1_76' title="bbox 943 1629 1724 1665; baseline 0.003 -9"><span class='ocrx_word' id='word_1_560' title='bbox 943 1630 1042 1657; x_wconf 89' lang='lat' dir='ltr'><strong>habere</strong></span> <span class='ocrx_word' id='word_1_561' title='bbox 1066 1637 1137 1662; x_wconf 87' lang='lat' dir='ltr'><strong>esse,</strong></span> <span class='ocrx_word' id='word_1_562' title='bbox 1160 1634 1289 1665; x_wconf 90' lang='lat' dir='ltr'><strong>tanquam</strong></span> <span class='ocrx_word' id='word_1_563' title='bbox 1317 1637 1394 1664; x_wconf 63' lang='lat' dir='ltr'><strong>aeque</strong></span> <span class='ocrx_word' id='word_1_564' title='bbox 1423 1629 1545 1663; x_wconf 83' lang='lat' dir='ltr'><strong>divisos;</strong></span> <span class='ocrx_word' id='word_1_565' title='bbox 1564 1631 1610 1658; x_wconf 89' lang='lat' dir='ltr'><strong>sed</strong></span> <span class='ocrx_word' id='word_1_566' title='bbox 1641 1638 1724 1665; x_wconf 92' lang='lat' dir='ltr'><strong>super</strong></span> 
     </span>
    </p>
   </div>
   <div class='ocr_carea' id='block_1_77' title="bbox 941 1675 1724 1711">
    <p class='ocr_par' dir='ltr' id='par_1_77' title="bbox 941 1675 1724 1711">
     <span class='ocr_line' id='line_1_77' title="bbox 941 1675 1724 1711; baseline -0.001 -8"><span class='ocrx_word' id='word_1_567' title='bbox 941 1684 1003 1703; x_wconf 90' lang='lat' dir='ltr'><strong>eum</strong></span> <span class='ocrx_word' id='word_1_568' title='bbox 1020 1677 1094 1703; x_wconf 87' lang='lat' dir='ltr'><strong>stetit</strong></span> <span class='ocrx_word' id='word_1_569' title='bbox 1113 1677 1138 1703; x_wconf 92' lang='lat' dir='ltr'><strong>in</strong></span> <span class='ocrx_word' id='word_1_570' title='bbox 1153 1677 1241 1703; x_wconf 89' lang='lat' dir='ltr'><strong>medio</strong></span> <span class='ocrx_word' id='word_1_571' title='bbox 1255 1675 1381 1703; x_wconf 88' lang='lat' dir='ltr'><strong>videlicet</strong></span> <span class='ocrx_word' id='word_1_572' title='bbox 1397 1676 1512 1702; x_wconf 89' lang='lat' dir='ltr'><strong>duorum</strong></span> <span class='ocrx_word' id='word_1_573' title='bbox 1527 1676 1617 1711; x_wconf 87' lang='lat' dir='ltr'><strong>:quod</strong></span> <span class='ocrx_word' id='word_1_574' title='bbox 1630 1681 1670 1702; x_wconf 84' lang='lat' dir='ltr'><strong>est</strong></span> <span class='ocrx_word' id='word_1_575' title='bbox 1685 1677 1724 1703; x_wconf 90' lang='lat' dir='ltr'><strong>si-</strong></span> 
     </span>
    </p>
   </div>
   <div class='ocr_carea' id='block_1_78' title="bbox 941 1721 1723 1756">
    <p class='ocr_par' dir='ltr' id='par_1_78' title="bbox 941 1721 1723 1756">
     <span class='ocr_line' id='line_1_78' title="bbox 941 1721 1723 1756; baseline 0.001 -8"><span class='ocrx_word' id='word_1_576' title='bbox 941 1729 1034 1756; x_wconf 78' lang='lat' dir='ltr'><strong>gnum,</strong></span> <span class='ocrx_word' id='word_1_577' title='bbox 1054 1729 1226 1749; x_wconf 89' lang='lat' dir='ltr'><strong>communem</strong></span> <span class='ocrx_word' id='word_1_578' title='bbox 1251 1722 1338 1756; x_wconf 84' lang='lat' dir='ltr'><strong>ipsum</strong></span> <span class='ocrx_word' id='word_1_579' title='bbox 1362 1729 1456 1749; x_wconf 90' lang='lat' dir='ltr'><strong>eorum</strong></span> <span class='ocrx_word' id='word_1_580' title='bbox 1473 1730 1545 1749; x_wconf 87' lang='lat' dir='ltr'><strong>esse.</strong></span> <span class='ocrx_word' id='word_1_581' title='bbox 1561 1721 1723 1750; x_wconf 86' lang='lat' dir='ltr'><strong>Communis</strong></span> 
     </span>
    </p>
   </div>
   <div class='ocr_carea' id='block_1_79' title="bbox 941 1767 1723 1802">
    <p class='ocr_par' dir='ltr' id='par_1_79' title="bbox 941 1767 1723 1802">
     <span class='ocr_line' id='line_1_79' title="bbox 941 1767 1723 1802; baseline 0.001 -8"><span class='ocrx_word' id='word_1_582' title='bbox 941 1772 1029 1794; x_wconf 90' lang='lat' dir='ltr'><strong>autem</strong></span> <span class='ocrx_word' id='word_1_583' title='bbox 1043 1776 1095 1795; x_wconf 91' lang='lat' dir='ltr'><strong>non</strong></span> <span class='ocrx_word' id='word_1_584' title='bbox 1113 1767 1207 1802; x_wconf 88' lang='lat' dir='ltr'><strong>utique</strong></span> <span class='ocrx_word' id='word_1_585' title='bbox 1219 1772 1300 1800; x_wconf 87' lang='lat' dir='ltr'><strong>esset,</strong></span> <span class='ocrx_word' id='word_1_586' title='bbox 1318 1767 1369 1794; x_wconf 85' lang='lat' dir='ltr'><strong>nisi</strong></span> <span class='ocrx_word' id='word_1_587' title='bbox 1385 1771 1516 1801; x_wconf 85' lang='lat' dir='ltr'><strong>tanquam</strong></span> <span class='ocrx_word' id='word_1_588' title='bbox 1540 1775 1572 1794; x_wconf 79' lang='lat' dir='ltr'><strong>ex</strong></span> <span class='ocrx_word' id='word_1_589' title='bbox 1589 1769 1723 1795; x_wconf 87' lang='lat' dir='ltr'><strong>ambobus</strong></span> 
     </span>
    </p>
   </div>
   <div class='ocr_carea' id='block_1_80' title="bbox 941 1812 1721 1847">
    <p class='ocr_par' dir='ltr' id='par_1_80' title="bbox 941 1812 1721 1847">
     <span class='ocr_line' id='line_1_80' title="bbox 941 1812 1721 1847; baseline 0 -8"><span class='ocrx_word' id='word_1_590' title='bbox 941 1814 1101 1846; x_wconf 84' lang='lat' dir='ltr'><strong>procedens,</strong></span> <span class='ocrx_word' id='word_1_591' title='bbox 1118 1818 1144 1840; x_wconf 92' lang='lat' dir='ltr'><strong>et</strong></span> <span class='ocrx_word' id='word_1_592' title='bbox 1162 1813 1188 1840; x_wconf 87' lang='lat' dir='ltr'><strong>id</strong></span> <span class='ocrx_word' id='word_1_593' title='bbox 1211 1813 1283 1847; x_wconf 89' lang='lat' dir='ltr'><strong>quod</strong></span> <span class='ocrx_word' id='word_1_594' title='bbox 1300 1812 1443 1840; x_wconf 79' lang='lat' dir='ltr'><strong>videbatur</strong></span> <span class='ocrx_word' id='word_1_595' title='bbox 1462 1813 1579 1847; x_wconf 89' lang='lat' dir='ltr'><strong>desuper</strong></span> <span class='ocrx_word' id='word_1_596' title='bbox 1593 1814 1721 1840; x_wconf 86' lang='lat' dir='ltr'><strong>columba</strong></span> 
     </span>
    </p>
   </div>
   <div class='ocr_carea' id='block_1_81' title="bbox 940 1857 1720 1893">
    <p class='ocr_par' dir='ltr' id='par_1_81' title="bbox 940 1857 1720 1893">
     <span class='ocr_line' id='line_1_81' title="bbox 940 1857 1720 1893; baseline 0.001 -8"><span class='ocrx_word' id='word_1_597' title='bbox 940 1867 955 1885; x_wconf 89' lang='lat' dir='ltr'><strong>a</strong></span> <span class='ocrx_word' id='word_1_598' title='bbox 984 1859 1063 1886; x_wconf 88' lang='lat' dir='ltr'><strong>Patre</strong></span> <span class='ocrx_word' id='word_1_599' title='bbox 1082 1859 1249 1886; x_wconf 87' lang='lat' dir='ltr'><strong>descendens</strong></span> <span class='ocrx_word' id='word_1_600' title='bbox 1268 1859 1301 1886; x_wconf 89' lang='lat' dir='ltr'><strong>ad</strong></span> <span class='ocrx_word' id='word_1_601' title='bbox 1328 1857 1438 1891; x_wconf 81' lang='lat' dir='ltr'><strong>Filium,</strong></span> <span class='ocrx_word' id='word_1_602' title='bbox 1463 1860 1570 1893; x_wconf 84' lang='lat' dir='ltr'><strong>signum</strong></span> <span class='ocrx_word' id='word_1_603' title='bbox 1590 1858 1693 1886; x_wconf 77' lang='lat' dir='ltr'><strong>faciens</strong></span> <span class='ocrx_word' id='word_1_604' title='bbox 1713 1868 1720 1886; x_wconf 86' lang='lat'><strong>:</strong></span> 
     </span>
    </p>
   </div>
   <div class='ocr_carea' id='block_1_82' title="bbox 941 1904 1721 1939">
    <p class='ocr_par' dir='ltr' id='par_1_82' title="bbox 941 1904 1721 1939">
     <span class='ocr_line' id='line_1_82' title="bbox 941 1904 1721 1939; baseline 0.003 -9"><span class='ocrx_word' id='word_1_605' title='bbox 941 1905 1012 1939; x_wconf 85' lang='lat' dir='ltr'><strong>quod</strong></span> <span class='ocrx_word' id='word_1_606' title='bbox 1028 1905 1091 1932; x_wconf 84' lang='lat' dir='ltr'><strong>licet</strong></span> <span class='ocrx_word' id='word_1_607' title='bbox 1106 1905 1140 1932; x_wconf 86' lang='lat' dir='ltr'><strong>ab</strong></span> <span class='ocrx_word' id='word_1_608' title='bbox 1156 1909 1257 1932; x_wconf 75' lang='lat' dir='ltr'><strong>:eterno</strong></span> <span class='ocrx_word' id='word_1_609' title='bbox 1282 1905 1398 1939; x_wconf 89' lang='lat' dir='ltr'><strong>Spiritus</strong></span> <span class='ocrx_word' id='word_1_610' title='bbox 1412 1909 1452 1932; x_wconf 65' lang='lat' dir='ltr'><strong>est</strong></span> <span class='ocrx_word' id='word_1_611' title='bbox 1463 1913 1494 1931; x_wconf 84' lang='lat' dir='ltr'><strong>ex</strong></span> <span class='ocrx_word' id='word_1_612' title='bbox 1515 1904 1583 1931; x_wconf 81' lang='lat' dir='ltr'><strong>Filio</strong></span> <span class='ocrx_word' id='word_1_613' title='bbox 1601 1905 1672 1932; x_wconf 87' lang='lat' dir='ltr'><strong>sicut</strong></span> <span class='ocrx_word' id='word_1_614' title='bbox 1688 1913 1721 1932; x_wconf 75' lang='lat' dir='ltr'><strong>ex</strong></span> 
     </span>
    </p>
   </div>
   <div class='ocr_carea' id='block_1_83' title="bbox 940 1951 1721 1984">
    <p class='ocr_par' dir='ltr' id='par_1_83' title="bbox 940 1951 1721 1984">
     <span class='ocr_line' id='line_1_83' title="bbox 940 1951 1721 1984; baseline 0 -5"><span class='ocrx_word' id='word_1_615' title='bbox 940 1952 1029 1984; x_wconf 82' lang='lat' dir='ltr'><strong>Patre,</strong></span> <span class='ocrx_word' id='word_1_616' title='bbox 1044 1956 1134 1979; x_wconf 87' lang='lat' dir='ltr'><strong>tamen</strong></span> <span class='ocrx_word' id='word_1_617' title='bbox 1151 1951 1236 1979; x_wconf 83' lang='lat' dir='ltr'><strong>Filius</strong></span> <span class='ocrx_word' id='word_1_618' title='bbox 1255 1952 1304 1978; x_wconf 83' lang='lat' dir='ltr'><strong>hoc</strong></span> <span class='ocrx_word' id='word_1_619' title='bbox 1317 1952 1397 1978; x_wconf 85' lang='lat' dir='ltr'><strong>habet</strong></span> <span class='ocrx_word' id='word_1_620' title='bbox 1415 1960 1446 1978; x_wconf 76' lang='lat' dir='ltr'><strong>ex</strong></span> <span class='ocrx_word' id='word_1_621' title='bbox 1462 1952 1552 1983; x_wconf 83' lang='lat' dir='ltr'><strong>Patre,</strong></span> <span class='ocrx_word' id='word_1_622' title='bbox 1571 1960 1624 1978; x_wconf 87' lang='lat' dir='ltr'><strong>non</strong></span> <span class='ocrx_word' id='word_1_623' title='bbox 1642 1952 1721 1979; x_wconf 82' lang='lat' dir='ltr'><strong>l’ater</strong></span> 
     </span>
    </p>
   </div>
   <div class='ocr_carea' id='block_1_84' title="bbox 939 1998 1720 2032">
    <p class='ocr_par' dir='ltr' id='par_1_84' title="bbox 939 1998 1720 2032">
     <span class='ocr_line' id='line_1_84' title="bbox 939 1998 1720 2032; baseline 0.001 -7"><span class='ocrx_word' id='word_1_624' title='bbox 939 2007 970 2026; x_wconf 84' lang='lat' dir='ltr'><strong>ex</strong></span> <span class='ocrx_word' id='word_1_625' title='bbox 988 1998 1068 2025; x_wconf 83' lang='lat' dir='ltr'><strong>Filio.</strong></span> <span class='ocrx_word' id='word_1_626' title='bbox 1083 1998 1153 2024; x_wconf 81' lang='lat' dir='ltr'><strong>Nihil</strong></span> <span class='ocrx_word' id='word_1_627' title='bbox 1165 2003 1253 2025; x_wconf 84' lang='lat' dir='ltr'><strong>autem</strong></span> <span class='ocrx_word' id='word_1_628' title='bbox 1265 1998 1355 2025; x_wconf 74' lang='lat' dir='ltr'><strong>obstat</strong></span> <span class='ocrx_word' id='word_1_629' title='bbox 1371 1998 1434 2026; x_wconf 88' lang='lat' dir='ltr'><strong>huic</strong></span> <span class='ocrx_word' id='word_1_630' title='bbox 1451 1998 1631 2032; x_wconf 83' lang='lat' dir='ltr'><strong>speculationi</strong></span> <span class='ocrx_word' id='word_1_631' title='bbox 1649 1999 1720 2032; x_wconf 89' lang='lat' dir='ltr'><strong>quod</strong></span> 
     </span>
    </p>
   </div>
   <div class='ocr_carea' id='block_1_85' title="bbox 938 2043 1720 2077">
    <p class='ocr_par' dir='ltr' id='par_1_85' title="bbox 938 2043 1720 2077">
     <span class='ocr_line' id='line_1_85' title="bbox 938 2043 1720 2077; baseline -0.001 -6"><span class='ocrx_word' id='word_1_632' title='bbox 938 2045 1040 2072; x_wconf 80' lang='lat' dir='ltr'><strong>dictant</strong></span> <span class='ocrx_word' id='word_1_633' title='bbox 1060 2048 1113 2076; x_wconf 88' lang='lat' dir='ltr'><strong>est,</strong></span> <span class='ocrx_word' id='word_1_634' title='bbox 1131 2044 1285 2071; x_wconf 85' lang='lat' dir='ltr'><strong>columbam</strong></span> <span class='ocrx_word' id='word_1_635' title='bbox 1300 2051 1409 2070; x_wconf 70' lang='lat' dir='ltr'><strong>manere</strong></span> <span class='ocrx_word' id='word_1_636' title='bbox 1429 2051 1509 2077; x_wconf 88' lang='lat' dir='ltr'><strong>super</strong></span> <span class='ocrx_word' id='word_1_637' title='bbox 1527 2043 1636 2070; x_wconf 85' lang='lat' dir='ltr'><strong>Filium.</strong></span> <span class='ocrx_word' id='word_1_638' title='bbox 1653 2043 1720 2071; x_wconf 83' lang='lat' dir='ltr'><strong>Nam</strong></span> 
     </span>
    </p>
   </div>
   <div class='ocr_carea' id='block_1_86' title="bbox 940 2089 1717 2122">
    <p class='ocr_par' dir='ltr' id='par_1_86' title="bbox 940 2089 1717 2122">
     <span class='ocr_line' id='line_1_86' title="bbox 940 2089 1717 2122; baseline 0.001 -6"><span class='ocrx_word' id='word_1_639' title='bbox 940 2098 1052 2118; x_wconf 82' lang='lat' dir='ltr'><strong>manere</strong></span> <span class='ocrx_word' id='word_1_640' title='bbox 1071 2091 1098 2117; x_wconf 91' lang='lat' dir='ltr'><strong>in</strong></span> <span class='ocrx_word' id='word_1_641' title='bbox 1115 2098 1158 2122; x_wconf 80' lang='lat' dir='ltr'><strong>eo,</strong></span> <span class='ocrx_word' id='word_1_642' title='bbox 1185 2095 1211 2117; x_wconf 90' lang='lat' dir='ltr'><strong>et</strong></span> <span class='ocrx_word' id='word_1_643' title='bbox 1229 2097 1290 2117; x_wconf 78' lang='lat' dir='ltr'><strong>esse</strong></span> <span class='ocrx_word' id='word_1_644' title='bbox 1313 2097 1344 2116; x_wconf 83' lang='lat' dir='ltr'><strong>ex</strong></span> <span class='ocrx_word' id='word_1_645' title='bbox 1361 2097 1394 2116; x_wconf 92' lang='lat' dir='ltr'><strong>eo</strong></span> <span class='ocrx_word' id='word_1_646' title='bbox 1411 2089 1547 2116; x_wconf 73' lang='lat' dir='ltr'><strong>contraria</strong></span> <span class='ocrx_word' id='word_1_647' title='bbox 1566 2097 1619 2116; x_wconf 90' lang='lat' dir='ltr'><strong>non</strong></span> <span class='ocrx_word' id='word_1_648' title='bbox 1646 2096 1717 2117; x_wconf 88' lang='lat' dir='ltr'><strong>sunt.</strong></span> 
     </span>
    </p>
   </div>
   <div class='ocr_carea' id='block_1_87' title="bbox 940 2134 1721 2168">
    <p class='ocr_par' dir='ltr' id='par_1_87' title="bbox 940 2134 1721 2168">
     <span class='ocr_line' id='line_1_87' title="bbox 940 2134 1721 2168; baseline -0.003 -4"><span class='ocrx_word' id='word_1_649' title='bbox 940 2137 1016 2164; x_wconf 85' lang='lat' dir='ltr'><strong>Sicut</strong></span> <span class='ocrx_word' id='word_1_650' title='bbox 1029 2137 1102 2164; x_wconf 91' lang='lat' dir='ltr'><strong>enim</strong></span> <span class='ocrx_word' id='word_1_651' title='bbox 1122 2137 1202 2164; x_wconf 87' lang='lat' dir='ltr'><strong>simul</strong></span> <span class='ocrx_word' id='word_1_652' title='bbox 1218 2142 1244 2163; x_wconf 89' lang='lat' dir='ltr'><strong>et</strong></span> <span class='ocrx_word' id='word_1_653' title='bbox 1263 2136 1290 2163; x_wconf 89' lang='lat' dir='ltr'><strong>in</strong></span> <span class='ocrx_word' id='word_1_654' title='bbox 1307 2135 1386 2162; x_wconf 86' lang='lat' dir='ltr'><strong>Patre</strong></span> <span class='ocrx_word' id='word_1_655' title='bbox 1402 2139 1452 2168; x_wconf 84' lang='lat' dir='ltr'><strong>est,</strong></span> <span class='ocrx_word' id='word_1_656' title='bbox 1469 2140 1495 2162; x_wconf 90' lang='lat' dir='ltr'><strong>et</strong></span> <span class='ocrx_word' id='word_1_657' title='bbox 1511 2142 1544 2162; x_wconf 83' lang='lat' dir='ltr'><strong>ex</strong></span> <span class='ocrx_word' id='word_1_658' title='bbox 1569 2134 1665 2163; x_wconf 85' lang='lat' dir='ltr'><strong>Patre:</strong></span> <span class='ocrx_word' id='word_1_659' title='bbox 1683 2135 1721 2162; x_wconf 82' lang='lat' dir='ltr'><strong>ita</strong></span> 
     </span>
    </p>
   </div>
   <div class='ocr_carea' id='block_1_88' title="bbox 98 2181 1369 2226">
    <p class='ocr_par' dir='ltr' id='par_1_88' title="bbox 98 2181 1369 2226">
     <span class='ocr_line' id='line_1_88' title="bbox 98 2181 1369 2226; baseline -0.004 -8"><span class='ocrx_word' id='word_1_660' title='bbox 98 2191 201 2226; x_wconf 88' lang='lat' dir='ltr'><strong>poralia</strong></span> <span class='ocrx_word' id='word_1_661' title='bbox 215 2198 270 2218; x_wconf 90' lang='lat' dir='ltr'><strong>non</strong></span> <span class='ocrx_word' id='word_1_662' title='bbox 283 2191 391 2223; x_wconf 86' lang='lat' dir='ltr'><strong>haheat,</strong></span> <span class='ocrx_word' id='word_1_663' title='bbox 403 2190 468 2225; x_wconf 90' lang='lat' dir='ltr'><strong>quid</strong></span> <span class='ocrx_word' id='word_1_664' title='bbox 482 2195 535 2224; x_wconf 83' lang='lat' dir='ltr'><strong>est,</strong></span> <span class='ocrx_word' id='word_1_665' title='bbox 546 2191 618 2226; x_wconf 87' lang='lat' dir='ltr'><strong>quod</strong></span> <span class='ocrx_word' id='word_1_666' title='bbox 638 2191 757 2226; x_wconf 89' lang='lat' dir='ltr'><strong>Spiritus</strong></span> <span class='ocrx_word' id='word_1_667' title='bbox 774 2198 885 2220; x_wconf 82' lang='lat' dir='ltr'><strong>sanctus</strong></span> <span class='ocrx_word' id='word_1_668' title='bbox 901 2188 924 2217; x_wconf 80' lang='grc' dir='ltr'>ὓ</span> <span class='ocrx_word' id='word_1_669' title='bbox 937 2183 1018 2211; x_wconf 63' lang='grc' dir='ltr'><strong>δίῐηυί</strong></span> <span class='ocrx_word' id='word_1_670' title='bbox 1032 2187 1059 2210; x_wconf 75' lang='grc' dir='ltr'>ει</span> <span class='ocrx_word' id='word_1_671' title='bbox 1075 2183 1100 2209; x_wconf 73' lang='lat' dir='ltr'><strong>in</strong></span> <span class='ocrx_word' id='word_1_672' title='bbox 1117 2181 1187 2208; x_wconf 59' lang='lat' dir='ltr'><strong>Filio</strong></span> <span class='ocrx_word' id='word_1_673' title='bbox 1200 2186 1226 2209; x_wconf 74' lang='grc' dir='ltr'>εἰ</span> <span class='ocrx_word' id='word_1_674' title='bbox 1241 2190 1274 2209; x_wconf 64' lang='grc' dir='ltr'>εἰ</span> <span class='ocrx_word' id='word_1_675' title='bbox 1290 2181 1369 2208; x_wconf 69' lang='lat' dir='ltr'><strong>Filio-</strong></span> 
     </span>
    </p>
   </div>
   <div class='ocr_carea' id='block_1_89' title="bbox 97 2237 885 2272">
    <p class='ocr_par' dir='ltr' id='par_1_89' title="bbox 97 2237 885 2272">
     <span class='ocr_line' id='line_1_89' title="bbox 97 2237 885 2272; baseline 0.001 -7"><span class='ocrx_word' id='word_1_676' title='bbox 97 2237 213 2272; x_wconf 86' lang='lat' dir='ltr'><strong>spiritus</strong></span> <span class='ocrx_word' id='word_1_677' title='bbox 227 2237 284 2263; x_wconf 80' lang='lat' dir='ltr'><strong>oris</strong></span> <span class='ocrx_word' id='word_1_678' title='bbox 298 2237 359 2271; x_wconf 83' lang='lat' dir='ltr'><strong>ejus</strong></span> <span class='ocrx_word' id='word_1_679' title='bbox 373 2237 493 2264; x_wconf 87' lang='lat' dir='ltr'><strong>dicitur?</strong></span> <span class='ocrx_word' id='word_1_680' title='bbox 506 2237 550 2264; x_wconf 83' lang='lat' dir='ltr'><strong>Ait</strong></span> <span class='ocrx_word' id='word_1_681' title='bbox 562 2238 634 2265; x_wconf 92' lang='lat' dir='ltr'><strong>enim</strong></span> <span class='ocrx_word' id='word_1_682' title='bbox 650 2246 656 2264; x_wconf 94' lang='lat'><strong>:</strong></span> <span class='ocrx_word' id='word_1_683' title='bbox 675 2238 758 2266; x_wconf 83' lang='lat' dir='ltr'><strong>Verbo</strong></span> <span class='ocrx_word' id='word_1_684' title='bbox 778 2238 885 2266; x_wconf 81' lang='lat' dir='ltr'><strong>Domini</strong></span> 
     </span>
    </p>
   </div>
   <div class='ocr_carea' id='block_1_90' title="bbox 97 2282 884 2319">
    <p class='ocr_par' dir='ltr' id='par_1_90' title="bbox 97 2282 884 2319">
     <span class='ocr_line' id='line_1_90' title="bbox 97 2282 884 2319; baseline 0.003 -9"><span class='ocrx_word' id='word_1_685' title='bbox 97 2285 156 2311; x_wconf 64' lang='lat' dir='ltr'><strong>coeli</strong></span> <span class='ocrx_word' id='word_1_686' title='bbox 179 2282 280 2318; x_wconf 82' lang='lat' dir='ltr'><strong>ﬁrmati</strong></span> <span class='ocrx_word' id='word_1_687' title='bbox 294 2287 365 2314; x_wconf 84' lang='lat' dir='ltr'><strong>sunt,</strong></span> <span class='ocrx_word' id='word_1_688' title='bbox 381 2287 406 2309; x_wconf 87' lang='lat' dir='ltr'><strong>et</strong></span> <span class='ocrx_word' id='word_1_689' title='bbox 419 2283 521 2317; x_wconf 79' lang='lat' dir='ltr'><strong>Spiritu</strong></span> <span class='ocrx_word' id='word_1_690' title='bbox 536 2284 590 2310; x_wconf 84' lang='lat' dir='ltr'><strong>oris</strong></span> <span class='ocrx_word' id='word_1_691' title='bbox 604 2284 661 2319; x_wconf 78' lang='lat' dir='ltr'><strong>ejus</strong></span> <span class='ocrx_word' id='word_1_692' title='bbox 698 2286 782 2312; x_wconf 83' lang='lat' dir='ltr'><strong>omnis</strong></span> <span class='ocrx_word' id='word_1_693' title='bbox 799 2286 884 2312; x_wconf 81' lang='lat' dir='ltr'><strong>virtus</strong></span> 
     </span>
    </p>
   </div>
   <div class='ocr_carea' id='block_1_91' title="bbox 97 2328 882 2365">
    <p class='ocr_par' dir='ltr' id='par_1_91' title="bbox 97 2328 882 2365">
     <span class='ocr_line' id='line_1_91' title="bbox 97 2328 882 2365; baseline 0.003 -10"><span class='ocrx_word' id='word_1_694' title='bbox 97 2337 189 2355; x_wconf 83' lang='lat' dir='ltr'><strong>eorum</strong></span> <span class='ocrx_word' id='word_1_695' title='bbox 203 2328 236 2355; x_wconf 77' lang='lat'><strong>&quot;.</strong></span> <span class='ocrx_word' id='word_1_696' title='bbox 251 2328 292 2354; x_wconf 79' lang='lat' dir='ltr'><strong>An</strong></span> <span class='ocrx_word' id='word_1_697' title='bbox 310 2332 392 2360; x_wconf 82' lang='lat' dir='ltr'><strong>Certe,</strong></span> <span class='ocrx_word' id='word_1_698' title='bbox 409 2333 438 2354; x_wconf 88' lang='lat' dir='ltr'><strong>ut</strong></span> <span class='ocrx_word' id='word_1_699' title='bbox 449 2336 482 2354; x_wconf 81' lang='lat' dir='ltr'><strong>ex</strong></span> <span class='ocrx_word' id='word_1_700' title='bbox 495 2328 739 2364; x_wconf 81' lang='lat' dir='ltr'><strong>hociutelligamus</strong></span> <span class='ocrx_word' id='word_1_701' title='bbox 753 2329 882 2365; x_wconf 89' lang='lat' dir='ltr'><strong>Spiritum</strong></span> 
     </span>
    </p>
   </div>
   <div class='ocr_carea' id='block_1_92' title="bbox 99 2374 883 2408">
    <p class='ocr_par' dir='ltr' id='par_1_92' title="bbox 99 2374 883 2408">
     <span class='ocr_line' id='line_1_92' title="bbox 99 2374 883 2408; baseline 0.003 -7"><span class='ocrx_word' id='word_1_702' title='bbox 99 2379 225 2402; x_wconf 81' lang='lat' dir='ltr'><strong>sanctum</strong></span> <span class='ocrx_word' id='word_1_703' title='bbox 237 2380 269 2400; x_wconf 78' lang='lat' dir='ltr'><strong>ex</strong></span> <span class='ocrx_word' id='word_1_704' title='bbox 285 2380 318 2400; x_wconf 82' lang='lat' dir='ltr'><strong>eo</strong></span> <span class='ocrx_word' id='word_1_705' title='bbox 334 2377 463 2407; x_wconf 85' lang='lat' dir='ltr'><strong>tanquam</strong></span> <span class='ocrx_word' id='word_1_706' title='bbox 474 2381 506 2400; x_wconf 80' lang='lat' dir='ltr'><strong>ex</strong></span> <span class='ocrx_word' id='word_1_707' title='bbox 520 2374 653 2408; x_wconf 90' lang='lat' dir='ltr'><strong>principio</strong></span> <span class='ocrx_word' id='word_1_708' title='bbox 662 2382 722 2403; x_wconf 77' lang='lat' dir='ltr'><strong>esse</strong></span> <span class='ocrx_word' id='word_1_709' title='bbox 731 2376 743 2401; x_wconf 82' lang='lat'><strong>?</strong></span> <span class='ocrx_word' id='word_1_710' title='bbox 753 2375 799 2402; x_wconf 87' lang='lat' dir='ltr'><strong>sed</strong></span> <span class='ocrx_word' id='word_1_711' title='bbox 812 2376 883 2404; x_wconf 88' lang='lat' dir='ltr'><strong>sicut</strong></span> 
     </span>
    </p>
   </div>
   <div class='ocr_carea' id='block_1_93' title="bbox 99 2417 883 2455">
    <p class='ocr_par' dir='ltr' id='par_1_93' title="bbox 99 2417 883 2455">
     <span class='ocr_line' id='line_1_93' title="bbox 99 2417 883 2455; baseline 0.004 -9"><span class='ocrx_word' id='word_1_712' title='bbox 99 2419 201 2446; x_wconf 58' lang='lat' dir='ltr'><strong>dii-itur</strong></span> <span class='ocrx_word' id='word_1_713' title='bbox 215 2417 334 2453; x_wconf 83' lang='lat' dir='ltr'><strong>Spiritus</strong></span> <span class='ocrx_word' id='word_1_714' title='bbox 345 2419 402 2447; x_wconf 84' lang='lat' dir='ltr'><strong>oris</strong></span> <span class='ocrx_word' id='word_1_715' title='bbox 413 2418 515 2451; x_wconf 81' lang='lat' dir='ltr'><strong>Patris.</strong></span> <span class='ocrx_word' id='word_1_716' title='bbox 542 2419 578 2446; x_wconf 85' lang='lat' dir='ltr'><strong>ita</strong></span> <span class='ocrx_word' id='word_1_717' title='bbox 591 2420 661 2447; x_wconf 87' lang='lat' dir='ltr'><strong>idem</strong></span> <span class='ocrx_word' id='word_1_718' title='bbox 677 2420 735 2455; x_wconf 86' lang='lat' dir='ltr'><strong>ipse</strong></span> <span class='ocrx_word' id='word_1_719' title='bbox 748 2421 773 2448; x_wconf 92' lang='lat' dir='ltr'><strong>iu</strong></span> <span class='ocrx_word' id='word_1_720' title='bbox 790 2422 883 2449; x_wconf 85' lang='lat' dir='ltr'><strong>eadem</strong></span> 
     </span>
    </p>
   </div>
   <div class='ocr_carea' id='block_1_94' title="bbox 100 2465 884 2499">
    <p class='ocr_par' dir='ltr' id='par_1_94' title="bbox 100 2465 884 2499">
     <span class='ocr_line' id='line_1_94' title="bbox 100 2465 884 2499; baseline 0.006 -8"><span class='ocrx_word' id='word_1_721' title='bbox 100 2465 242 2497; x_wconf 70' lang='lat' dir='ltr'><strong>Scriptura</strong></span> <span class='ocrx_word' id='word_1_722' title='bbox 250 2465 477 2499; x_wconf 74' lang='lat' dir='ltr'><strong>dieiturSpiritus</strong></span> <span class='ocrx_word' id='word_1_723' title='bbox 492 2466 548 2493; x_wconf 90' lang='lat' dir='ltr'><strong>oris</strong></span> <span class='ocrx_word' id='word_1_724' title='bbox 564 2465 635 2492; x_wconf 83' lang='lat' dir='ltr'><strong>Filii.</strong></span> <span class='ocrx_word' id='word_1_725' title='bbox 649 2467 693 2494; x_wconf 84' lang='lat' dir='ltr'><strong>Ait</strong></span> <span class='ocrx_word' id='word_1_726' title='bbox 710 2468 783 2494; x_wconf 88' lang='lat' dir='ltr'><strong>enim</strong></span> <span class='ocrx_word' id='word_1_727' title='bbox 800 2467 884 2496; x_wconf 85' lang='lat' dir='ltr'><strong>Isaias</strong></span> 
     </span>
    </p>
   </div>
   <div class='ocr_carea' id='block_1_95' title="bbox 99 2503 884 2549">
    <p class='ocr_par' dir='ltr' id='par_1_95' title="bbox 99 2503 884 2549">
     <span class='ocr_line' id='line_1_95' title="bbox 99 2503 884 2549; baseline 0.004 -12"><span class='ocrx_word' id='word_1_728' title='bbox 99 2510 133 2537; x_wconf 80' lang='lat' dir='ltr'><strong>de</strong></span> <span class='ocrx_word' id='word_1_729' title='bbox 149 2508 237 2536; x_wconf 85' lang='lat' dir='ltr'><strong>Filio:</strong></span> <span class='ocrx_word' id='word_1_730' title='bbox 256 2509 292 2549; x_wconf 64' lang='lat' dir='ltr'><strong>Et</strong></span> <span class='ocrx_word' id='word_1_731' title='bbox 302 2510 428 2543; x_wconf 81' lang='lat' dir='ltr'><strong>perculiet</strong></span> <span class='ocrx_word' id='word_1_732' title='bbox 445 2515 542 2537; x_wconf 90' lang='lat' dir='ltr'><strong>terram</strong></span> <span class='ocrx_word' id='word_1_733' title='bbox 558 2503 632 2546; x_wconf 72' lang='lat' dir='ltr'><strong>uirga</strong></span> <span class='ocrx_word' id='word_1_734' title='bbox 647 2512 701 2540; x_wconf 88' lang='lat' dir='ltr'><strong>oris</strong></span> <span class='ocrx_word' id='word_1_735' title='bbox 719 2513 771 2544; x_wconf 88' lang='lat' dir='ltr'><strong>sui,</strong></span> <span class='ocrx_word' id='word_1_736' title='bbox 784 2517 808 2540; x_wconf 83' lang='lat' dir='ltr'><strong>et</strong></span> <span class='ocrx_word' id='word_1_737' title='bbox 821 2512 884 2549; x_wconf 78' lang='grc' dir='ltr'><strong>8ρὶ-</strong></span> 
     </span>
    </p>
   </div>
   <div class='ocr_carea' id='block_1_96' title="bbox 100 2555 882 2592">
    <p class='ocr_par' dir='ltr' id='par_1_96' title="bbox 100 2555 882 2592">
     <span class='ocr_line' id='line_1_96' title="bbox 100 2555 882 2592; baseline 0.005 -10"><span class='ocrx_word' id='word_1_738' title='bbox 100 2557 152 2582; x_wconf 85' lang='lat' dir='ltr'><strong>ritu</strong></span> <span class='ocrx_word' id='word_1_739' title='bbox 166 2555 298 2583; x_wconf 86' lang='lat' dir='ltr'><strong>labiorum</strong></span> <span class='ocrx_word' id='word_1_740' title='bbox 311 2564 420 2582; x_wconf 76' lang='lat' dir='ltr'><strong>suorum</strong></span> <span class='ocrx_word' id='word_1_741' title='bbox 434 2556 573 2590; x_wconf 83' lang='lat' dir='ltr'><strong>interﬁciet</strong></span> <span class='ocrx_word' id='word_1_742' title='bbox 588 2557 697 2592; x_wconf 87' lang='lat' dir='ltr'><strong>impium</strong></span> <span class='ocrx_word' id='word_1_743' title='bbox 713 2559 745 2585; x_wconf 69' lang='lat'><strong>“.</strong></span> <span class='ocrx_word' id='word_1_744' title='bbox 763 2558 795 2585; x_wconf 85' lang='lat' dir='ltr'><strong>Et</strong></span> <span class='ocrx_word' id='word_1_745' title='bbox 810 2559 882 2586; x_wconf 85' lang='lat' dir='ltr'><strong>Pau-</strong></span> 
     </span>
    </p>
   </div>
   <div class='ocr_carea' id='block_1_97' title="bbox 100 2601 882 2638">
    <p class='ocr_par' dir='ltr' id='par_1_97' title="bbox 100 2601 882 2638">
     <span class='ocr_line' id='line_1_97' title="bbox 100 2601 882 2638; baseline 0.004 -9"><span class='ocrx_word' id='word_1_746' title='bbox 100 2602 142 2629; x_wconf 85' lang='lat' dir='ltr'><strong>lus</strong></span> <span class='ocrx_word' id='word_1_747' title='bbox 156 2602 189 2629; x_wconf 88' lang='lat' dir='ltr'><strong>ad</strong></span> <span class='ocrx_word' id='word_1_748' title='bbox 202 2601 461 2629; x_wconf 76' lang='lat' dir='ltr'><strong>&#39;l‘hessalouit-enscs</strong></span> <span class='ocrx_word' id='word_1_749' title='bbox 475 2610 481 2629; x_wconf 95' lang='lat'>:</span> <span class='ocrx_word' id='word_1_750' title='bbox 500 2602 581 2634; x_wconf 77' lang='lat' dir='ltr'><strong>Quem</strong></span> <span class='ocrx_word' id='word_1_751' title='bbox 595 2604 733 2638; x_wconf 79' lang='lat' dir='ltr'><strong>iuterﬁciet</strong></span> <span class='ocrx_word' id='word_1_752' title='bbox 752 2604 882 2632; x_wconf 82' lang='lat' dir='ltr'><strong>Dominus</strong></span> 
     </span>
    </p>
   </div>
   <div class='ocr_carea' id='block_1_98' title="bbox 99 2646 881 2686">
    <p class='ocr_par' dir='ltr' id='par_1_98' title="bbox 99 2646 881 2686">
     <span class='ocr_line' id='line_1_98' title="bbox 99 2646 881 2686; baseline 0.005 -12"><span class='ocrx_word' id='word_1_753' title='bbox 99 2646 179 2674; x_wconf 72' lang='lat' dir='ltr'><strong>Jcsus</strong></span> <span class='ocrx_word' id='word_1_754' title='bbox 189 2646 292 2682; x_wconf 89' lang='lat' dir='ltr'><strong>Spiritu</strong></span> <span class='ocrx_word' id='word_1_755' title='bbox 303 2649 357 2674; x_wconf 70' lang='lat' dir='ltr'><strong>oris</strong></span> <span class='ocrx_word' id='word_1_756' title='bbox 371 2648 413 2674; x_wconf 82' lang='lat' dir='ltr'><strong>sui</strong></span> <span class='ocrx_word' id='word_1_757' title='bbox 425 2648 457 2675; x_wconf 80' lang='grc'><strong>’⁸.</strong></span> <span class='ocrx_word' id='word_1_758' title='bbox 478 2648 598 2676; x_wconf 82' lang='lat' dir='ltr'><strong>Joannes</strong></span> <span class='ocrx_word' id='word_1_759' title='bbox 611 2650 706 2678; x_wconf 86' lang='lat' dir='ltr'><strong>veroin</strong></span> <span class='ocrx_word' id='word_1_760' title='bbox 719 2650 881 2686; x_wconf 78' lang='lat' dir='ltr'><strong>Apocalypsi</strong></span> 
     </span>
    </p>
   </div>
   <div class='ocr_carea' id='block_1_99' title="bbox 101 2693 886 2731">
    <p class='ocr_par' dir='ltr' id='par_1_99' title="bbox 101 2693 886 2731">
     <span class='ocr_line' id='line_1_99' title="bbox 101 2693 886 2731; baseline 0.005 -12"><span class='ocrx_word' id='word_1_761' title='bbox 101 2699 212 2728; x_wconf 91' lang='lat' dir='ltr'><strong>propter</strong></span> <span class='ocrx_word' id='word_1_762' title='bbox 226 2693 368 2722; x_wconf 85' lang='lat' dir='ltr'><strong>occidendi</strong></span> <span class='ocrx_word' id='word_1_763' title='bbox 384 2693 515 2721; x_wconf 86' lang='lat' dir='ltr'><strong>rationem</strong></span> <span class='ocrx_word' id='word_1_764' title='bbox 537 2700 663 2730; x_wconf 85' lang='lat' dir='ltr'><strong>tauquam</strong></span> <span class='ocrx_word' id='word_1_765' title='bbox 678 2697 796 2731; x_wconf 84' lang='lat' dir='ltr'><strong>gladium</strong></span> <span class='ocrx_word' id='word_1_766' title='bbox 810 2697 886 2724; x_wconf 78' lang='lat' dir='ltr'><strong>anci-</strong></span> 
     </span>
    </p>
   </div>
   <div class='ocr_carea' id='block_1_100' title="bbox 136 2763 888 2798">
    <p class='ocr_par' dir='ltr' id='par_1_100' title="bbox 136 2763 877 2795">
     <span class='ocr_line' id='line_1_100' title="bbox 136 2763 877 2795; baseline 0.004 -5"><span class='ocrx_word' id='word_1_767' title='bbox 136 2763 158 2779; x_wconf 84' lang='grc'><strong>¹⁶</strong></span> <span class='ocrx_word' id='word_1_768' title='bbox 170 2763 250 2791; x_wconf 87' lang='lat' dir='ltr'><strong>Rom.</strong></span> <span class='ocrx_word' id='word_1_769' title='bbox 279 2771 338 2795; x_wconf 83' lang='lat' dir='ltr'><strong>vnt.</strong></span> <span class='ocrx_word' id='word_1_770' title='bbox 356 2765 402 2792; x_wconf 72' lang='lat'><strong>29.</strong></span> <span class='ocrx_word' id='word_1_771' title='bbox 440 2763 481 2789; x_wconf 82' lang='lat' dir='ltr'><strong>&quot;l</strong></span> <span class='ocrx_word' id='word_1_772' title='bbox 505 2763 569 2792; x_wconf 89' lang='lat' dir='ltr'><strong>Cor.</strong></span> <span class='ocrx_word' id='word_1_773' title='bbox 585 2773 630 2795; x_wconf 79' lang='lat' dir='ltr'><strong>xv.</strong></span> <span class='ocrx_word' id='word_1_774' title='bbox 658 2765 703 2793; x_wconf 72' lang='grc'><strong>49.</strong></span> <span class='ocrx_word' id='word_1_775' title='bbox 730 2766 753 2782; x_wconf 82' lang='grc'><strong>²¹</strong></span> <span class='ocrx_word' id='word_1_776' title='bbox 773 2765 793 2793; x_wconf 91' lang='lat' dir='ltr'><strong>ll</strong></span> <span class='ocrx_word' id='word_1_777' title='bbox 812 2767 877 2794; x_wconf 87' lang='lat' dir='ltr'><strong>Cor.</strong></span> 
     </span>
    </p>
   </div>
   <div class='ocr_carea' id='block_1_101' title="bbox 770 2802 985 2834">
    <p class='ocr_par' dir='ltr' id='par_1_101' title="bbox 770 2802 985 2834">
     <span class='ocr_line' id='line_1_101' title="bbox 770 2802 985 2834; baseline 0.005 -6"><span class='ocrx_word' id='word_1_778' title='bbox 770 2802 793 2817; x_wconf 85' lang='lat'><strong><em>“</em></strong></span> <span class='ocrx_word' id='word_1_779' title='bbox 812 2803 872 2829; x_wconf 84' lang='lat' dir='ltr'><strong>lsai.</strong></span> <span class='ocrx_word' id='word_1_780' title='bbox 888 2810 946 2834; x_wconf 88' lang='lat' dir='ltr'><strong>Lm,</strong></span> <span class='ocrx_word' id='word_1_781' title='bbox 961 2803 985 2829; x_wconf 83' lang='grc' dir='ltr'><strong>Ι.</strong></span> 
     </span>
    </p>
   </div>
   <div class='ocr_carea' id='block_1_102' title="bbox 880 2837 1124 2871">
    <p class='ocr_par' dir='ltr' id='par_1_102' title="bbox 880 2837 1124 2871">
     <span class='ocr_line' id='line_1_102' title="bbox 880 2837 1124 2871; baseline 0.008 -8"><span class='ocrx_word' id='word_1_782' title='bbox 880 2838 901 2853; x_wconf 74' lang='grc'>³⁵</span> <span class='ocrx_word' id='word_1_783' title='bbox 919 2837 927 2863; x_wconf 97' lang='lat' dir='ltr'><strong>l</strong></span> <span class='ocrx_word' id='word_1_784' title='bbox 946 2839 1008 2866; x_wconf 80' lang='lat' dir='ltr'><strong>Cor.</strong></span> <span class='ocrx_word' id='word_1_785' title='bbox 1024 2845 1083 2871; x_wconf 81' lang='lat' dir='ltr'>VIII,</span> <span class='ocrx_word' id='word_1_786' title='bbox 1098 2838 1124 2865; x_wconf 91' lang='lat'><strong>6.</strong></span> 
     </span>
    </p>
   </div>
   <div class='ocr_carea' id='block_1_103' title="bbox 543 2799 720 2828">
    <p class='ocr_par' dir='ltr' id='par_1_103' title="bbox 543 2799 720 2828">
     <span class='ocr_line' id='line_1_103' title="bbox 543 2799 720 2828; baseline 0.006 -2"><span class='ocrx_word' id='word_1_787' title='bbox 543 2800 563 2815; x_wconf 89' lang='grc'><strong>¹⁷</strong></span> <span class='ocrx_word' id='word_1_788' title='bbox 590 2799 655 2827; x_wconf 82' lang='lat' dir='ltr'><strong>Ibid.</strong></span> <span class='ocrx_word' id='word_1_789' title='bbox 675 2800 720 2828; x_wconf 69' lang='lat'><strong>2|.</strong></span> 
     </span>
    </p>
   </div>
   <div class='ocr_carea' id='block_1_104' title="bbox 323 2834 827 2867">
    <p class='ocr_par' dir='ltr' id='par_1_104' title="bbox 323 2834 827 2867">
     <span class='ocr_line' id='line_1_104' title="bbox 323 2834 827 2867; baseline 0.006 -6"><span class='ocrx_word' id='word_1_790' title='bbox 323 2836 344 2850; x_wconf 65' lang='grc' dir='ltr'>ι’</span> <span class='ocrx_word' id='word_1_791' title='bbox 363 2835 432 2862; x_wconf 76' lang='lat' dir='ltr'><strong>I&#39;Sal.</strong></span> <span class='ocrx_word' id='word_1_792' title='bbox 450 2843 535 2867; x_wconf 77' lang='lat' dir='ltr'><strong>xxx”,</strong></span> <span class='ocrx_word' id='word_1_793' title='bbox 567 2834 594 2862; x_wconf 84' lang='lat'><strong>6.</strong></span> <span class='ocrx_word' id='word_1_794' title='bbox 632 2835 654 2851; x_wconf 81' lang='grc'><strong><em>⁸³</em></strong></span> <span class='ocrx_word' id='word_1_795' title='bbox 668 2835 747 2863; x_wconf 82' lang='lat' dir='ltr'><strong>Joan.</strong></span> <span class='ocrx_word' id='word_1_796' title='bbox 764 2844 783 2863; x_wconf 86' lang='lat'><strong>1.</strong></span> <span class='ocrx_word' id='word_1_797' title='bbox 799 2837 827 2865; x_wconf 80' lang='grc'><strong>5.</strong></span> 
     </span>
    </p>
   </div>
   <div class='ocr_carea' id='block_1_105' title="bbox 103 2798 491 2833">
    <p class='ocr_par' dir='ltr' id='par_1_105' title="bbox 103 2798 491 2833">
     <span class='ocr_line' id='line_1_105' title="bbox 103 2798 491 2833; baseline 0 -8"><span class='ocrx_word' id='word_1_798' title='bbox 103 2806 132 2829; x_wconf 86' lang='grc' dir='ltr'>ιι,</span> <span class='ocrx_word' id='word_1_799' title='bbox 147 2798 173 2825; x_wconf 90' lang='grc'><strong>8.</strong></span> <span class='ocrx_word' id='word_1_800' title='bbox 231 2799 254 2814; x_wconf 75' lang='grc'>’⁸</span> <span class='ocrx_word' id='word_1_801' title='bbox 269 2800 351 2833; x_wconf 76' lang='lat' dir='ltr'><strong>Apoc.</strong></span> <span class='ocrx_word' id='word_1_802' title='bbox 378 2807 433 2827; x_wconf 73' lang='grc' dir='ltr'>ιιι.</span> <span class='ocrx_word' id='word_1_803' title='bbox 450 2800 491 2826; x_wconf 78' lang='lat' dir='ltr'><strong>l5.</strong></span> 
     </span>
    </p>
   </div>
   <div class='ocr_carea' id='block_1_106' title="bbox 104 2835 271 2866">
    <p class='ocr_par' dir='ltr' id='par_1_106' title="bbox 104 2835 271 2866">
     <span class='ocr_line' id='line_1_106' title="bbox 104 2835 271 2866; baseline 0.006 -6"><span class='ocrx_word' id='word_1_804' title='bbox 104 2841 142 2866; x_wconf 70' lang='lat' dir='ltr'><strong>tu,</strong></span> <span class='ocrx_word' id='word_1_805' title='bbox 182 2835 271 2861; x_wconf 74' lang='lat' dir='ltr'><strong>l3-17.</strong></span> 
     </span>
    </p>
   </div>
   <div class='ocr_carea' id='block_1_107' title="bbox 1165 2239 1489 2273">
    <p class='ocr_par' dir='ltr' id='par_1_107' title="bbox 1165 2239 1489 2273">
     <span class='ocr_line' id='line_1_107' title="bbox 1165 2239 1489 2273; baseline -0.003 -8"><span class='ocrx_word' id='word_1_806' title='bbox 1165 2239 1275 2266; x_wconf 75' lang='lat' dir='ltr'><strong>Sextum</strong></span> <span class='ocrx_word' id='word_1_807' title='bbox 1293 2239 1489 2273; x_wconf 77' lang='lat' dir='ltr'><strong>Argumentum.</strong></span> 
     </span>
    </p>
   </div>
   <div class='ocr_carea' id='block_1_108' title="bbox 970 2283 1722 2316">
    <p class='ocr_par' dir='ltr' id='par_1_108' title="bbox 970 2283 1722 2316">
     <span class='ocr_line' id='line_1_108' title="bbox 970 2283 1722 2316; baseline -0.003 -4"><span class='ocrx_word' id='word_1_808' title='bbox 970 2285 1039 2312; x_wconf 91' lang='lat' dir='ltr'><strong>Cum</strong></span> <span class='ocrx_word' id='word_1_809' title='bbox 1060 2284 1097 2312; x_wconf 88' lang='lat' dir='ltr'><strong>sit</strong></span> <span class='ocrx_word' id='word_1_810' title='bbox 1112 2291 1164 2311; x_wconf 87' lang='lat' dir='ltr'><strong>una</strong></span> <span class='ocrx_word' id='word_1_811' title='bbox 1180 2283 1344 2316; x_wconf 74' lang='lat' dir='ltr'><strong>substantia,</strong></span> <span class='ocrx_word' id='word_1_812' title='bbox 1364 2284 1450 2312; x_wconf 88' lang='lat' dir='ltr'><strong>virtus</strong></span> <span class='ocrx_word' id='word_1_813' title='bbox 1463 2289 1489 2311; x_wconf 88' lang='lat' dir='ltr'><strong>et</strong></span> <span class='ocrx_word' id='word_1_814' title='bbox 1501 2283 1572 2311; x_wconf 90' lang='lat' dir='ltr'><strong>actio</strong></span> <span class='ocrx_word' id='word_1_815' title='bbox 1587 2283 1677 2311; x_wconf 82' lang='lat' dir='ltr'><strong>Patris</strong></span> <span class='ocrx_word' id='word_1_816' title='bbox 1693 2288 1722 2311; x_wconf 85' lang='lat' dir='ltr'><strong>et</strong></span> 
     </span>
    </p>
   </div>
   <div class='ocr_carea' id='block_1_109' title="bbox 935 2329 1721 2364">
    <p class='ocr_par' dir='ltr' id='par_1_109' title="bbox 935 2329 1721 2364">
     <span class='ocr_line' id='line_1_109' title="bbox 935 2329 1721 2364; baseline 0 -7"><span class='ocrx_word' id='word_1_817' title='bbox 935 2330 1009 2361; x_wconf 76' lang='lat' dir='ltr'><strong>Filii,</strong></span> <span class='ocrx_word' id='word_1_818' title='bbox 1025 2334 1051 2357; x_wconf 87' lang='lat' dir='ltr'><strong>ct</strong></span> <span class='ocrx_word' id='word_1_819' title='bbox 1067 2329 1157 2356; x_wconf 86' lang='lat' dir='ltr'><strong>omnia</strong></span> <span class='ocrx_word' id='word_1_820' title='bbox 1170 2336 1231 2363; x_wconf 66' lang='lat' dir='ltr'><strong>quae</strong></span> <span class='ocrx_word' id='word_1_821' title='bbox 1247 2329 1325 2362; x_wconf 86' lang='lat' dir='ltr'><strong>liunt,</strong></span> <span class='ocrx_word' id='word_1_822' title='bbox 1343 2337 1396 2355; x_wconf 90' lang='lat' dir='ltr'><strong>non</strong></span> <span class='ocrx_word' id='word_1_823' title='bbox 1418 2329 1504 2364; x_wconf 86' lang='lat' dir='ltr'><strong>magis</strong></span> <span class='ocrx_word' id='word_1_824' title='bbox 1516 2337 1530 2355; x_wconf 87' lang='lat' dir='ltr'><strong>a</strong></span> <span class='ocrx_word' id='word_1_825' title='bbox 1543 2329 1622 2356; x_wconf 85' lang='lat' dir='ltr'><strong>Patre</strong></span> <span class='ocrx_word' id='word_1_826' title='bbox 1636 2338 1721 2364; x_wconf 82' lang='lat' dir='ltr'><strong>quam</strong></span> 
     </span>
    </p>
   </div>
   <div class='ocr_carea' id='block_1_110' title="bbox 936 2374 1721 2410">
    <p class='ocr_par' dir='ltr' id='par_1_110' title="bbox 936 2374 1721 2410">
     <span class='ocr_line' id='line_1_110' title="bbox 936 2374 1721 2410; baseline -0.001 -7"><span class='ocrx_word' id='word_1_827' title='bbox 936 2384 949 2403; x_wconf 88' lang='lat' dir='ltr'><strong>a</strong></span> <span class='ocrx_word' id='word_1_828' title='bbox 962 2375 1031 2402; x_wconf 85' lang='lat' dir='ltr'><strong>Filio</strong></span> <span class='ocrx_word' id='word_1_829' title='bbox 1046 2376 1114 2408; x_wconf 89' lang='lat' dir='ltr'><strong>sint,</strong></span> <span class='ocrx_word' id='word_1_830' title='bbox 1148 2375 1278 2409; x_wconf 87' lang='lat' dir='ltr'><strong>quidnam</strong></span> <span class='ocrx_word' id='word_1_831' title='bbox 1296 2382 1386 2402; x_wconf 70' lang='lat' dir='ltr'><strong>causa:</strong></span> <span class='ocrx_word' id='word_1_832' title='bbox 1400 2375 1525 2410; x_wconf 82' lang='lat' dir='ltr'><strong>estquod</strong></span> <span class='ocrx_word' id='word_1_833' title='bbox 1538 2374 1618 2402; x_wconf 88' lang='lat' dir='ltr'><strong>Pater</strong></span> <span class='ocrx_word' id='word_1_834' title='bbox 1635 2376 1661 2402; x_wconf 91' lang='lat' dir='ltr'><strong>in</strong></span> <span class='ocrx_word' id='word_1_835' title='bbox 1677 2375 1721 2402; x_wconf 92' lang='lat' dir='ltr'><strong>di-</strong></span> 
     </span>
    </p>
   </div>
   <div class='ocr_carea' id='block_1_111' title="bbox 937 2420 1721 2456">
    <p class='ocr_par' dir='ltr' id='par_1_111' title="bbox 937 2420 1721 2456">
     <span class='ocr_line' id='line_1_111' title="bbox 937 2420 1721 2456; baseline 0 -8"><span class='ocrx_word' id='word_1_836' title='bbox 937 2421 999 2448; x_wconf 81' lang='lat' dir='ltr'><strong>vina</strong></span> <span class='ocrx_word' id='word_1_837' title='bbox 1015 2421 1156 2456; x_wconf 83' lang='lat' dir='ltr'><strong>Scriptura</strong></span> <span class='ocrx_word' id='word_1_838' title='bbox 1173 2420 1274 2448; x_wconf 86' lang='lat' dir='ltr'><strong>dicitur</strong></span> <span class='ocrx_word' id='word_1_839' title='bbox 1291 2420 1381 2448; x_wconf 80' lang='lat' dir='ltr'><strong>facere</strong></span> <span class='ocrx_word' id='word_1_840' title='bbox 1401 2429 1443 2448; x_wconf 81' lang='lat' dir='ltr'><strong>res</strong></span> <span class='ocrx_word' id='word_1_841' title='bbox 1459 2421 1538 2452; x_wconf 82' lang='lat' dir='ltr'><strong>Filio,</strong></span> <span class='ocrx_word' id='word_1_842' title='bbox 1551 2426 1578 2449; x_wconf 89' lang='lat' dir='ltr'><strong>et</strong></span> <span class='ocrx_word' id='word_1_843' title='bbox 1599 2429 1647 2456; x_wconf 85' lang='lat' dir='ltr'><strong>per</strong></span> <span class='ocrx_word' id='word_1_844' title='bbox 1675 2421 1721 2448; x_wconf 84' lang='lat' dir='ltr'><strong>Fi-</strong></span> 
     </span>
    </p>
   </div>
   <div class='ocr_carea' id='block_1_112' title="bbox 935 2466 1721 2501">
    <p class='ocr_par' dir='ltr' id='par_1_112' title="bbox 935 2466 1721 2501">
     <span class='ocr_line' id='line_1_112' title="bbox 935 2466 1721 2501; baseline 0 -7"><span class='ocrx_word' id='word_1_845' title='bbox 935 2468 1002 2494; x_wconf 88' lang='lat' dir='ltr'><strong>liutn</strong></span> <span class='ocrx_word' id='word_1_846' title='bbox 1019 2476 1025 2495; x_wconf 89' lang='lat'>:</span> <span class='ocrx_word' id='word_1_847' title='bbox 1043 2466 1129 2494; x_wconf 89' lang='lat' dir='ltr'><strong>Filius</strong></span> <span class='ocrx_word' id='word_1_848' title='bbox 1147 2474 1210 2493; x_wconf 90' lang='lat' dir='ltr'><strong>vero</strong></span> <span class='ocrx_word' id='word_1_849' title='bbox 1226 2466 1292 2493; x_wconf 88' lang='lat' dir='ltr'><strong>nihil</strong></span> <span class='ocrx_word' id='word_1_850' title='bbox 1310 2466 1410 2493; x_wconf 90' lang='lat' dir='ltr'><strong>dicitur</strong></span> <span class='ocrx_word' id='word_1_851' title='bbox 1426 2467 1515 2494; x_wconf 80' lang='lat' dir='ltr'><strong>facere</strong></span> <span class='ocrx_word' id='word_1_852' title='bbox 1525 2467 1605 2494; x_wconf 84' lang='lat' dir='ltr'><strong>Patre</strong></span> <span class='ocrx_word' id='word_1_853' title='bbox 1618 2467 1659 2494; x_wconf 86' lang='lat' dir='ltr'><strong>vel</strong></span> <span class='ocrx_word' id='word_1_854' title='bbox 1672 2474 1721 2501; x_wconf 91' lang='lat' dir='ltr'><strong>per</strong></span> 
     </span>
    </p>
   </div>
   <div class='ocr_carea' id='block_1_113' title="bbox 934 2512 1720 2547">
    <p class='ocr_par' dir='ltr' id='par_1_113' title="bbox 934 2512 1720 2547">
     <span class='ocr_line' id='line_1_113' title="bbox 934 2512 1720 2547; baseline -0.003 -7"><span class='ocrx_word' id='word_1_855' title='bbox 934 2513 1065 2541; x_wconf 84' lang='lat' dir='ltr'><strong>Patrem?</strong></span> <span class='ocrx_word' id='word_1_856' title='bbox 1081 2512 1163 2540; x_wconf 85' lang='lat' dir='ltr'><strong>Verbo</strong></span> <span class='ocrx_word' id='word_1_857' title='bbox 1175 2512 1245 2539; x_wconf 89' lang='lat' dir='ltr'><strong>enim</strong></span> <span class='ocrx_word' id='word_1_858' title='bbox 1257 2512 1375 2544; x_wconf 89' lang='lat' dir='ltr'><strong>Domini,</strong></span> <span class='ocrx_word' id='word_1_859' title='bbox 1389 2513 1425 2539; x_wconf 87' lang='lat' dir='ltr'><strong>ait</strong></span> <span class='ocrx_word' id='word_1_860' title='bbox 1435 2512 1591 2547; x_wconf 87' lang='lat' dir='ltr'><strong>Psalmisla,</strong></span> <span class='ocrx_word' id='word_1_861' title='bbox 1604 2513 1720 2547; x_wconf 67' lang='lat' dir='ltr'><strong>creti/ir-</strong></span> 
     </span>
    </p>
   </div>
   <div class='ocr_carea' id='block_1_114' title="bbox 935 2558 1721 2595">
    <p class='ocr_par' dir='ltr' id='par_1_114' title="bbox 935 2558 1721 2595">
     <span class='ocr_line' id='line_1_114' title="bbox 935 2558 1721 2595; baseline 0.001 -10"><span class='ocrx_word' id='word_1_862' title='bbox 935 2559 1001 2585; x_wconf 80' lang='lat' dir='ltr'><strong>mati</strong></span> <span class='ocrx_word' id='word_1_863' title='bbox 1014 2563 1075 2585; x_wconf 86' lang='lat' dir='ltr'><strong>sunt</strong></span> <span class='ocrx_word' id='word_1_864' title='bbox 1089 2559 1121 2586; x_wconf 83' lang='lat'><strong>&quot;.</strong></span> <span class='ocrx_word' id='word_1_865' title='bbox 1139 2558 1171 2585; x_wconf 84' lang='lat' dir='ltr'><strong>Et</strong></span> <span class='ocrx_word' id='word_1_866' title='bbox 1188 2558 1379 2593; x_wconf 83' lang='lat' dir='ltr'><strong>Evangelista:</strong></span> <span class='ocrx_word' id='word_1_867' title='bbox 1403 2559 1500 2586; x_wconf 87' lang='lat' dir='ltr'><strong>Omnia</strong></span> <span class='ocrx_word' id='word_1_868' title='bbox 1515 2568 1562 2594; x_wconf 85' lang='lat' dir='ltr'><strong>per</strong></span> <span class='ocrx_word' id='word_1_869' title='bbox 1578 2560 1663 2594; x_wconf 83' lang='lat' dir='ltr'><strong>ipsum</strong></span> <span class='ocrx_word' id='word_1_870' title='bbox 1679 2560 1721 2595; x_wconf 77' lang='lat' dir='ltr'><strong>fa-</strong></span> 
     </span>
    </p>
   </div>
   <div class='ocr_carea' id='block_1_115' title="bbox 936 2603 1720 2639">
    <p class='ocr_par' dir='ltr' id='par_1_115' title="bbox 936 2603 1720 2639">
     <span class='ocr_line' id='line_1_115' title="bbox 936 2603 1720 2639; baseline 0.003 -8"><span class='ocrx_word' id='word_1_871' title='bbox 936 2610 978 2631; x_wconf 84' lang='lat' dir='ltr'><strong>rta</strong></span> <span class='ocrx_word' id='word_1_872' title='bbox 989 2610 1049 2631; x_wconf 87' lang='lat' dir='ltr'><strong>sunt</strong></span> <span class='ocrx_word' id='word_1_873' title='bbox 1061 2604 1093 2631; x_wconf 84' lang='lat'><strong>&quot;.</strong></span> <span class='ocrx_word' id='word_1_874' title='bbox 1107 2604 1139 2631; x_wconf 86' lang='lat' dir='ltr'><strong>Et</strong></span> <span class='ocrx_word' id='word_1_875' title='bbox 1150 2604 1312 2639; x_wconf 79' lang='lat' dir='ltr'><strong>Apostolus:</strong></span> <span class='ocrx_word' id='word_1_876' title='bbox 1329 2603 1401 2631; x_wconf 82' lang='lat' dir='ltr'><strong>Unus</strong></span> <span class='ocrx_word' id='word_1_877' title='bbox 1414 2605 1539 2632; x_wconf 77' lang='lat' dir='ltr'><strong>Dominus</strong></span> <span class='ocrx_word' id='word_1_878' title='bbox 1553 2606 1629 2633; x_wconf 79' lang='lat' dir='ltr'><strong>Jesus</strong></span> <span class='ocrx_word' id='word_1_879' title='bbox 1642 2606 1720 2633; x_wconf 74' lang='lat' dir='ltr'><strong>Citri—</strong></span> 
     </span>
    </p>
   </div>
   <div class='ocr_carea' id='block_1_116' title="bbox 937 2650 1720 2685">
    <p class='ocr_par' dir='ltr' id='par_1_116' title="bbox 937 2650 1720 2685">
     <span class='ocr_line' id='line_1_116' title="bbox 937 2650 1720 2685; baseline 0.001 -9"><span class='ocrx_word' id='word_1_880' title='bbox 937 2656 1004 2683; x_wconf 85' lang='lat' dir='ltr'><strong>stus,</strong></span> <span class='ocrx_word' id='word_1_881' title='bbox 1017 2658 1062 2685; x_wconf 89' lang='lat' dir='ltr'><strong>per</strong></span> <span class='ocrx_word' id='word_1_882' title='bbox 1072 2659 1145 2684; x_wconf 86' lang='lat' dir='ltr'><strong>quem</strong></span> <span class='ocrx_word' id='word_1_883' title='bbox 1159 2650 1259 2682; x_wconf 86' lang='lat' dir='ltr'><strong>omnia,</strong></span> <span class='ocrx_word' id='word_1_884' title='bbox 1277 2655 1302 2676; x_wconf 89' lang='lat' dir='ltr'><strong>et</strong></span> <span class='ocrx_word' id='word_1_885' title='bbox 1319 2658 1365 2677; x_wconf 80' lang='lat' dir='ltr'><strong>nos</strong></span> <span class='ocrx_word' id='word_1_886' title='bbox 1380 2659 1425 2685; x_wconf 88' lang='lat' dir='ltr'><strong>per</strong></span> <span class='ocrx_word' id='word_1_887' title='bbox 1437 2651 1523 2684; x_wconf 77' lang='lat' dir='ltr'><strong>ipsum</strong></span> <span class='ocrx_word' id='word_1_888' title='bbox 1537 2651 1570 2678; x_wconf 70' lang='lat'><strong>&quot;.</strong></span> <span class='ocrx_word' id='word_1_889' title='bbox 1588 2652 1620 2678; x_wconf 80' lang='lat' dir='ltr'><strong>Et</strong></span> <span class='ocrx_word' id='word_1_890' title='bbox 1638 2650 1720 2678; x_wconf 83' lang='lat' dir='ltr'><strong>alibi:</strong></span> 
     </span>
    </p>
   </div>
   <div class='ocr_carea' id='block_1_117' title="bbox 940 2695 1722 2724">
    <p class='ocr_par' dir='ltr' id='par_1_117' title="bbox 940 2695 1722 2724">
     <span class='ocr_line' id='line_1_117' title="bbox 940 2695 1722 2724; baseline 0 -1"><span class='ocrx_word' id='word_1_891' title='bbox 940 2696 972 2723; x_wconf 82' lang='lat' dir='ltr'><strong>In</strong></span> <span class='ocrx_word' id='word_1_892' title='bbox 983 2697 1131 2724; x_wconf 69' lang='lat' dir='ltr'><strong>novissimis</strong></span> <span class='ocrx_word' id='word_1_893' title='bbox 1145 2700 1232 2722; x_wconf 87' lang='lat' dir='ltr'><strong>autem</strong></span> <span class='ocrx_word' id='word_1_894' title='bbox 1246 2695 1286 2722; x_wconf 82' lang='lat' dir='ltr'><strong>Itis</strong></span> <span class='ocrx_word' id='word_1_895' title='bbox 1299 2695 1489 2722; x_wconf 82' lang='lat' dir='ltr'><strong>diebislocutm</strong></span> <span class='ocrx_word' id='word_1_896' title='bbox 1501 2701 1538 2722; x_wconf 84' lang='lat' dir='ltr'><strong>est</strong></span> <span class='ocrx_word' id='word_1_897' title='bbox 1553 2696 1625 2723; x_wconf 81' lang='lat' dir='ltr'><strong>nobis</strong></span> <span class='ocrx_word' id='word_1_898' title='bbox 1636 2697 1664 2723; x_wconf 85' lang='lat' dir='ltr'><strong>in</strong></span> <span class='ocrx_word' id='word_1_899' title='bbox 1675 2695 1722 2723; x_wconf 86' lang='lat' dir='ltr'><strong>Fi-</strong></span> 
     </span>
    </p>
   </div>
   <div class='ocr_carea' id='block_1_118' title="bbox 1314 2763 1719 2797">
    <p class='ocr_par' dir='ltr' id='par_1_118' title="bbox 1314 2763 1719 2797">
     <span class='ocr_line' id='line_1_118' title="bbox 1314 2763 1719 2797; baseline -0.002 -5"><span class='ocrx_word' id='word_1_900' title='bbox 1314 2765 1336 2781; x_wconf 83' lang='lat'><em>“</em></span> <span class='ocrx_word' id='word_1_901' title='bbox 1349 2765 1410 2792; x_wconf 71' lang='lat' dir='ltr'><strong>lsai.</strong></span> <span class='ocrx_word' id='word_1_902' title='bbox 1426 2772 1464 2797; x_wconf 75' lang='grc' dir='ltr'>ιι,</span> <span class='ocrx_word' id='word_1_903' title='bbox 1480 2765 1507 2791; x_wconf 74' lang='grc'><strong>4.</strong></span> <span class='ocrx_word' id='word_1_904' title='bbox 1545 2765 1568 2780; x_wconf 76' lang='grc'><strong>⁸⁸</strong></span> <span class='ocrx_word' id='word_1_905' title='bbox 1580 2765 1602 2792; x_wconf 89' lang='lat' dir='ltr'><strong>ll</strong></span> <span class='ocrx_word' id='word_1_906' title='bbox 1621 2763 1719 2793; x_wconf 81' lang='lat' dir='ltr'><strong>Thess.</strong></span> 
     </span>
    </p>
   </div>
   <div class='ocr_carea' id='block_1_119' title="bbox 1020 2764 1720 2832">
    <p class='ocr_par' dir='ltr' id='par_1_119' title="bbox 1020 2764 1720 2832">
     <span class='ocr_line' id='line_1_119' title="bbox 1020 2764 1719 2798; baseline -0.006 -3"><span class='ocrx_word' id='word_1_907' title='bbox 1020 2767 1125 2795; x_wconf 80' lang='lat' dir='ltr'><strong>“Psal.</strong></span> <span class='ocrx_word' id='word_1_908' title='bbox 1145 2773 1231 2798; x_wconf 64' lang='grc' dir='ltr'>χχιιι,</span> <span class='ocrx_word' id='word_1_909' title='bbox 1249 2764 1274 2792; x_wconf 83' lang='grc'><strong>6.</strong></span> <span class='ocrx_word' id='word_1_910' title='bbox 1314 2765 1336 2781; x_wconf 74' lang='grc'><strong>’⁵</strong></span> <span class='ocrx_word' id='word_1_911' title='bbox 1349 2765 1410 2792; x_wconf 71' lang='lat' dir='ltr'><strong>lsai.</strong></span> <span class='ocrx_word' id='word_1_912' title='bbox 1426 2772 1464 2797; x_wconf 75' lang='grc' dir='ltr'>ιι,</span> <span class='ocrx_word' id='word_1_913' title='bbox 1480 2765 1507 2791; x_wconf 74' lang='grc'><strong>4.</strong></span> <span class='ocrx_word' id='word_1_914' title='bbox 1545 2765 1568 2780; x_wconf 76' lang='grc'><strong>⁸⁸</strong></span> <span class='ocrx_word' id='word_1_915' title='bbox 1580 2765 1602 2792; x_wconf 89' lang='lat' dir='ltr'><strong>ll</strong></span> <span class='ocrx_word' id='word_1_916' title='bbox 1621 2764 1719 2793; x_wconf 81' lang='lat' dir='ltr'><strong>Thess.</strong></span> 
     </span>
     <span class='ocr_line' id='line_1_120' title="bbox 1025 2799 1720 2832; baseline -0.003 -3"><span class='ocrx_word' id='word_1_917' title='bbox 1025 2803 1047 2818; x_wconf 84' lang='lat'>&quot;</span> <span class='ocrx_word' id='word_1_918' title='bbox 1060 2802 1156 2830; x_wconf 84' lang='lat' dir='ltr'><strong>Matth.</strong></span> <span class='ocrx_word' id='word_1_919' title='bbox 1175 2809 1224 2832; x_wconf 86' lang='lat' dir='ltr'><strong>xu,</strong></span> <span class='ocrx_word' id='word_1_920' title='bbox 1241 2801 1286 2828; x_wconf 78' lang='lat'><strong>&#39;28.</strong></span> <span class='ocrx_word' id='word_1_921' title='bbox 1331 2801 1352 2817; x_wconf 82' lang='grc' dir='ltr'><strong>³ο</strong></span> <span class='ocrx_word' id='word_1_922' title='bbox 1368 2801 1434 2829; x_wconf 83' lang='lat' dir='ltr'><strong>Luc.</strong></span> <span class='ocrx_word' id='word_1_923' title='bbox 1453 2808 1490 2832; x_wconf 79' lang='lat' dir='ltr'><strong>xi,</strong></span> <span class='ocrx_word' id='word_1_924' title='bbox 1504 2799 1550 2827; x_wconf 69' lang='lat'><strong>20.</strong></span> <span class='ocrx_word' id='word_1_925' title='bbox 1580 2800 1600 2816; x_wconf 82' lang='grc'><strong>³¹</strong></span> <span class='ocrx_word' id='word_1_926' title='bbox 1623 2799 1720 2828; x_wconf 80' lang='lat' dir='ltr'><strong>Matth.</strong></span> 
     </span>
    </p>
   </div>
   <div class='ocr_carea' id='block_1_120' title="bbox 1025 2801 1286 2834">
    <p class='ocr_par' dir='ltr' id='par_1_120' title="bbox 1025 2801 1286 2834">
     <span class='ocr_line' id='line_1_121' title="bbox 1025 2801 1286 2834; baseline -0.004 -5"><span class='ocrx_word' id='word_1_927' title='bbox 1025 2803 1047 2818; x_wconf 84' lang='lat'>&quot;</span> <span class='ocrx_word' id='word_1_928' title='bbox 1060 2802 1156 2830; x_wconf 84' lang='lat' dir='ltr'><strong>Matth.</strong></span> <span class='ocrx_word' id='word_1_929' title='bbox 1175 2809 1224 2834; x_wconf 86' lang='lat' dir='ltr'><strong>xu,</strong></span> <span class='ocrx_word' id='word_1_930' title='bbox 1241 2801 1286 2828; x_wconf 78' lang='lat'><strong>&#39;28.</strong></span> 
     </span>
    </p>
   </div>
  </div>
