1868 3069
154 142 223 177 L319

700 138 896 170 BAPLAAMI
921 138 969 168 DE
989 138 1205 170 SEMINARIA

1704 141 1771 173 1320

149 202 196 232 lio.
208 209 282 236 quem
300 200 388 235 posuit
405 199 534 227 heredem
555 198 682 231 omnium,
694 205 739 233 per
753 205 830 233 quem
852 196 932 224 etiam
947 200 969 227 Α
988 196 1095 231 Spiritu
1110 200 1206 223 sancto
1219 194 1321 222 dicitur
1328 194 1454 223 ChristUs
1467 195 1616 231 baptizare,
1628 204 1655 224 et
1671 197 1771 226 da'mo-

147 247 247 276 stt-cuia
269 246 372 281 fecit".
383 245 450 278 Quia
469 252 555 272 veroe
570 251 700 272 converso
713 243 775 272 fecit
786 243 871 270 Filius
883 243 933 269 ali-

148 292 213 328 quid
227 300 272 327 per
284 291 406 324 Patrem,
416 290 457 317 vel
473 289 563 323 Patre,
586 297 721 324 nusquam
735 289 864 322 scriptum
880 292 932 314 est.

151 338 313 372 Quanquam
332 344 419 371 neque
437 337 649 364 instrumentum
670 335 759 362 Patris
775 333 862 361 Filius
878 338 931 366 est,

147 389 179 412 ut
193 385 300 412 dicatur
315 383 395 411 Pater
414 388 542 418 tanquam
553 389 599 416 per
612 382 822 408 instrumentum
841 379 933 406 facere

148 431 250 466 aliquid
265 438 312 465 per
330 430 419 465 ipsum
438 434 464 456 ct
475 430 544 463 ipso.
566 428 657 463 Neque
673 435 769 455 rursus
785 434 845 461 qua:
861 427 930 455 ﬁunt

148 477 307 505 immediate
319 481 344 504 et
355 475 506 510 propinque
522 475 592 502 ﬁunt
603 483 618 502 a
635 473 720 502 Filio:
741 474 857 501 mediate
869 481 933 500 vero

148 529 176 552 et
189 524 297 559 longius
311 530 325 550 a
343 523 431 555 Patre,
451 526 481 549 ut
498 522 648 549 secundum
666 520 740 547 hunc
762 527 872 547 sensum
889 519 933 546 di-

149 573 229 597 catur
243 568 322 595 Pater
345 567 435 595 facere
453 574 500 601 per
515 566 612 593 Filium
627 573 634 598 ;
651 572 712 591 nam
742 563 901 590 immediate
917 569 932 589 a

148 616 231 641 Patre
248 619 274 641 et
296 613 376 644 Filio,
392 617 521 646 tanquam
542 612 576 638 al)
595 617 650 638 uno
666 609 823 640 conditore,
840 616 895 636 uno
906 612 934 636 et

149 661 268 695 simplici
286 664 348 687 actu
360 659 452 686 omnia
465 658 549 685 ﬁunt:
564 664 613 684 cur
628 664 694 690 ergo
708 656 754 683 illo
764 655 846 682 modo
856 654 933 681 Scri-

151 712 230 742 ptura
243 707 277 734 de
293 705 333 733 eis
358 704 501 739 disputat?
517 703 557 730 An
584 707 614 729 ut
627 702 812 736 intelligamus
830 701 933 736 princi—

150 753 225 788 pium
235 757 260 779 et
272 751 343 786 quod
361 758 392 777 ex
404 757 436 776 eo
445 755 498 782 est,
516 749 579 783 quia
591 756 651 776 esse
667 755 762 775 corum
772 755 854 775 unam
865 746 933 774 sim-

151 798 248 834 plicem
265 796 457 826 substantiam.
469 796 596 822 virtutem
607 798 633 821 et
645 794 780 820 actionem
797 798 825 820 et
841 792 933 820 omnia

150 850 213 871 esse
223 843 391 873 communia,
406 848 437 868 ex
450 840 530 867 Patre
540 845 670 874 tanquam
683 847 715 866 ex
731 837 844 873 proprio
859 839 935 873 prin-

150 889 233 924 cipio,
249 888 325 915 adest
341 886 422 918 Filio,
446 886 492 913 sed
508 892 564 912 non
583 893 614 912 ex
632 884 702 912 Filio
722 883 795 911 Patri
811 891 818 910 :
836 884 883 911 sed
900 883 935 911 ad

150 933 230 969 hujus
251 932 446 968 speculationis
463 932 643 960 intellectum.
669 929 750 957 Pater
775 930 877 957 dicitur
906 930 933 957 in

151 979 293 1014 Scriptura
313 978 404 1005 facere
425 977 495 1004 Filio
511 981 539 1004 et
553 974 604 1011 per
616 975 714 1003 Filium
729 983 737 1008 ;
755 975 820 1003 huic
842 983 905 1003 vero
920 983 936 1003 e

151 1032 282 1053 converso
291 1031 425 1057 nusquam
436 1023 584 1057 Scriptura:
594 1022 728 1056 Scriptum
740 1025 792 1048 est.
803 1020 937 1049 Similiter

150 1076 239 1098 autem
254 1078 317 1097 cum
333 1070 368 1097 sit
388 1068 478 1096 Patris
495 1072 522 1095 et
547 1068 667 1103 Spiritus
685 1068 772 1095 sancti
796 1076 850 1095 una
867 1068 936 1096 sim-

151 1117 210 1153 plex
221 1116 386 1148 substantia,
402 1115 489 1141 virtus
501 1118 528 1141 et
539 1113 621 1145 actio,
631 1117 659 1140 et
671 1120 759 1148 neque
770 1113 938 1141 instrumen-

152 1168 209 1190 tum
230 1162 320 1189 Palris
331 1162 366 1188 sit
382 1159 501 1194 Spiritus
515 1179 522 1192 ,
538 1167 625 1195 neque
637 1159 682 1186 illa
697 1167 756 1194 quae
773 1160 850 1193 ﬁunt,
866 1167 936 1194 pro-

152 1209 281 1245 pinquius
298 1215 312 1234 a
333 1207 437 1242 Spiritu
447 1213 528 1241 quam
544 1213 558 1233 a
574 1205 653 1232 Patre
666 1205 743 1238 ﬁant,
769 1205 861 1240 ipsum
877 1205 937 1238 qui-

153 1256 214 1283 dem
234 1254 365 1289 Spiritum
387 1257 510 1281 sanctum
539 1251 629 1279 facere
660 1251 763 1286 aliquid
796 1251 875 1278 Patre
894 1250 937 1277 vel

151 1310 200 1337 per
214 1301 334 1330 Patrem.
344 1306 480 1334 nusquam
496 1298 646 1333 Scriptura:
655 1298 787 1332 scriptum
799 1303 852 1325 est.
868 1297 937 1330 Quia

151 1354 217 1374 vero
236 1347 316 1374 Pater
334 1345 400 1372 facit
414 1352 458 1372 res
479 1344 593 1379 Spiritu,
613 1348 640 1371 et
655 1352 702 1379 per
726 1343 871 1379 Spiritum,
888 1351 937 1378 per

151 1400 262 1420 omnem
279 1392 366 1419 fertur
383 1391 568 1425 Scripturam.
586 1389 690 1424 Spiritu
708 1390 782 1417 enim
798 1388 881 1422 Deus,
894 1396 938 1416 se-

151 1438 272 1465 cundum
301 1436 487 1467 Psalmistam,
510 1435 596 1462 corios
625 1434 765 1467 t‘ortiticat,
783 1439 809 1462 et
832 1433 938 1461 animas

152 1489 263 1512 nostras
287 1484 442 1510 conﬁrmat.
474 1481 507 1509 Et
533 1481 680 1516 Apostolus
707 1480 741 1508 ad
771 1480 936 1508 Romanos:

151 1529 275 1557 Charitas
299 1528 345 1555 Dei
375 1528 477 1562 diffusa
503 1532 540 1554 est
572 1528 598 1554 in
626 1527 748 1554 cordibus
772 1528 870 1554 noatris
893 1535 973 1572 perc

154 1575 285 1609 Spiritum
302 1579 434 1605 sanctum,
456 1573 501 1607 qui
524 1573 602 1599 datus
622 1578 660 1599 est
689 1573 763 1599 nobis
778 1573 818 1606 ³⁶;
834 1576 861 1600 et
884 1572 935 1600 ite-

152 1628 214 1648 rum
234 1629 241 1646 :
260 1619 311 1652 Qui
332 1618 467 1645 suscitavit
489 1616 580 1644 Jesum
605 1617 740 1644 Christum
764 1616 796 1644 de
815 1618 936 1650 mortuis,

152 1665 294 1700 vivificabit
315 1670 337 1691 et
355 1663 484 1691 mortalia
495 1671 608 1698 corpora
623 1667 724 1694 nostra.
745 1671 790 1698 per
806 1662 936 1698 Spiritum

151 1717 284 1744 sanctum,
299 1711 456 1745 qui/«abitat
471 1710 497 1736 in
516 1711 590 1736 nobis
604 1710 637 1737 ".
657 1709 688 1737 Et
706 1710 738 1737 ad
758 1710 934 1737 Corinthios:

153 1758 238 1785 Nobis
258 1762 347 1784 autem
361 1755 562 1790 reuelauitIDeus
576 1764 621 1791 per
635 1755 765 1790 Spiritum
775 1765 851 1783 suum
861 1756 894 1782 ³⁸.
905 1755 937 1783 Ει

150 1805 185 1833 ad
198 1803 288 1831 Titum
304 1813 310 1831 :
328 1802 380 1830 Sed
389 1804 532 1829 secundum
545 1802 769 1833 misericordiam,
786 1803 872 1829 salvos
889 1809 936 1829 nos

152 1852 215 1887 fecit
234 1858 280 1885 per
293 1850 429 1877 lauacrum
443 1849 649 1884 regenerationis
663 1848 782 1882 Spiritus
798 1848 884 1875 sancti
902 1848 935 1874 ".

152 1898 185 1925 Et
198 1897 230 1924 ad
249 1896 393 1923 Hebraeos:
408 1894 579 1922 Conttstante
591 1894 643 1921 Deo
660 1894 743 1929 signis
766 1899 791 1921 et
807 1894 936 1928 portentis

151 1946 176 1968 et
189 1941 271 1967 variis
281 1940 433 1972 virtutibus,
444 1943 469 1966 et
481 1938 597 1973 Spiritus
612 1941 699 1965 sancti
716 1939 890 1966 divisionibus
900 1938 934 1966 ⁸⁸.

152 1986 185 2014 Et
205 1987 302 2014 beatus
317 1986 405 2013 Lucas
431 1985 460 2012 itt
484 1985 597 2012 Actibus
613 1994 620 2012 :
637 1984 749 2012 Domine
772 1986 817 2020 qui
833 1986 936 2020 Spiritu

151 2041 243 2062 sancto
256 2043 302 2069 per
318 2043 346 2061 os
360 2034 444 2069 patris
461 2033 546 2060 nostri
558 2033 643 2060 David
656 2034 730 2068 pueri
744 2034 782 2060 tui
796 2034 889 2061 dixiin
902 2033 935 2062 “.

152 2081 186 2108 Et
199 2088 294 2108 rursus
311 2089 318 2108 :
337 2080 474 2112 Quomodo
499 2080 576 2106 unxit
599 2088 657 2106 eum
677 2080 805 2107 Dominus
833 2080 936 2113 Spiritu

152 2132 244 2154 sancto
257 2131 280 2152 et
295 2126 392 2153 virtute
400 2126 433 2152 υ.
450 2125 481 2152 Et
495 2125 580 2152 multa
595 2125 660 2152 talia
677 2125 799 2152 invenies
815 2125 841 2152 in
859 2125 935 2152 Scri-

152 2179 229 2208 ptura
254 2172 422 2207 quaerendo:
441 2172 521 2206 hujus
536 2179 601 2198 vero
615 2179 630 2198 e
653 2178 788 2199 converso
812 2171 934 2199 minime:

985 241 1028 268 nia
1045 241 1144 275 ejicere
1162 249 1170 274 ;
1187 244 1214 267 et
1232 241 1380 275 Apostolus
1403 242 1435 268 ad
1451 241 1609 270 Romanos:
1628 242 1690 270 Non
1704 245 1770 271 enim

985 295 1065 314 ausus
1080 295 1138 313 sum
1164 287 1251 314 dicere
1273 287 1373 322 aliquid
1402 295 1505 320 eorum,
1523 297 1582 322 qua'
1605 297 1652 322 per
1666 298 1707 316 me
1721 299 1770 318 non

985 334 1045 368 fecit
1057 332 1177 359 Christus
1193 333 1222 360 in
1235 333 1409 360 obedientiam
1423 335 1537 368 gentium
1548 335 1574 361 in
1588 335 1665 361 verbo
1676 341 1701 362 et
1711 344 1770 369 ope.

985 378 1101 407 ribus.in
1118 379 1211 405 virtute
1222 379 1356 413 signorum
1373 383 1397 406 et
1422 379 1624 411 miraculorum,
1639 381 1665 407 in
1678 383 1772 409 virtute

984 424 1098 457 Spiritus
1124 424 1209 450 sancti
1224 424 1258 451 ".
1279 423 1311 450 Et
1343 424 1377 451 ad
1389 424 1667 453 Tltesealonicences:
1689 426 1769 459 Quem

984 469 1124 503 interﬁciat
1143 469 1270 497 Dominus
1293 469 1373 498 Jesus
1390 469 1491 503 Spiritu
1517 472 1573 498 oris
1588 480 1628 498 sui
1644 473 1678 500 ⁵⁸.
1697 473 1726 499 Et
1738 474 1770 500 ad

985 515 1112 542 Hebraeos
1126 524 1133 542 :
1147 515 1253 548 Quanto
1264 516 1348 549 magis
1357 517 1464 550 sanguis
1473 515 1585 549 Christi,
1597 519 1644 552 qui
1658 526 1704 552 per
1714 518 1772 552 Spi-

986 561 1066 588 ritum
1074 566 1195 588 sanctum
1204 569 1231 588 se
1246 561 1332 594 ipsum
1344 562 1441 588 obtulit
1453 563 1658 589 immaculatum
1676 564 1726 589 Deo
1736 564 1769 590 ⁸³,

985 606 1018 633 Ει
1035 606 1063 633 in
1078 607 1193 634 Actibus
1208 615 1215 634 :
1232 606 1317 642 Usque
1333 607 1367 633 ad
1382 607 1457 634 illum
1468 608 1548 640 diem,
1565 609 1592 634 in
1607 617 1660 642 qua
1677 609 1770 644 praci-

984 653 1059 687 piens
1076 653 1201 687 apostolis
1217 661 1264 686 per
1284 652 1415 688 Spiritum
1439 658 1560 680 sanctum
1578 661 1646 688 quos
1671 654 1746 688 eleqit
1761 675 1769 686 ,

985 703 1138 733 assumptus
1154 698 1234 726 est“.
1245 698 1277 725 Et
1292 699 1377 726 Isaias
1394 707 1402 726 :
1418 699 1451 725 Et
1467 698 1569 734 Spiritu
1583 699 1717 726 labiorum
1727 709 1772 728 u-

986 752 1061 771 orum
1077 744 1217 777 ἔπιθι-[ἰείη
1233 745 1344 778 impium
1352 745 1385 771 ".
1400 744 1494 779 Itaque
1507 746 1639 780 quoniam
1656 746 1770 780 Spiritus

985 795 1098 819 sanctus
1113 798 1167 818 non
1183 795 1226 818 est
1237 791 1449 817 instrumentum
1464 790 1537 823 Filii,
1555 795 1585 818 ut
1600 799 1651 826 per
1667 792 1718 819 huc
1733 791 1771 818 tti-

985 841 1063 864 catur
1075 836 1161 864 Filius
1170 837 1261 864 facere
1271 843 1304 864 eo
1313 840 1340 863 et
1354 843 1401 870 per
1411 844 1490 869 eum;
1504 844 1593 872 neque
1602 845 1702 865 rursus
1712 846 1770 873 quae

988 885 1067 915 llunt,
1078 884 1258 918 propinquius
1269 891 1285 910 a
1299 882 1401 918 Spiritu
1414 889 1497 918 quam
1509 890 1524 909 a
1536 882 1608 910 Filio
1620 883 1708 911 ﬁunt:
1721 892 1772 912 uno

987 930 1060 957 enim
1076 929 1193 964 simplici
1208 933 1281 962 actu,
1295 934 1321 956 et
1332 929 1491 956 immediate
1506 937 1522 956 a
1537 928 1609 956 Filio
1626 934 1655 957 et
1668 930 1772 964 Spiritu

987 981 1093 1008 sancto,
1111 975 1198 1009 magis
1217 979 1308 1002 autem
1322 981 1337 1002 a
1353 979 1411 1002 tota
1431 974 1562 1002 Trinitate
1578 976 1675 1003 omnia
1687 977 1772 1003 tium:

987 1022 1053 1057 quid
1071 1021 1128 1049 vult
1149 1021 1302 1056 Scriptura,
1320 1021 1392 1055 quod
1409 1020 1507 1047 Filium
1524 1020 1636 1055 quidem
1653 1021 1720 1048 dicit
1735 1021 1771 1048 Γι-

988 1075 1052 1095 cere
1083 1067 1186 1102 Spiritu
1204 1071 1231 1094 et
1246 1074 1294 1101 per
1309 1066 1452 1100 Spiritum,
1473 1066 1607 1102 Spiritum
1622 1075 1690 1094 vero
1708 1066 1773 1094 Filio

987 1113 1028 1140 vel
1049 1120 1096 1147 per
1117 1112 1217 1140 Filium
1244 1112 1335 1140 facere
1354 1113 1456 1147 aliquid
1476 1120 1611 1147 nusquam
1624 1113 1710 1140 dicit?
1728 1114 1767 1140 An

988 1163 1095 1186 certum
1110 1163 1162 1192 est,
1189 1159 1262 1194 quod
1277 1159 1425 1187 secundum
1452 1158 1580 1193 superius
1605 1159 1770 1194 assignatam

987 1204 1123 1232 rationem
1149 1211 1270 1232 consona
1287 1203 1339 1230 sibi
1366 1203 1514 1231 exsistente
1531 1203 1677 1238 Scriptura
1695 1211 1772 1231 causa

988 1255 1030 1278 est
1047 1254 1076 1278 ut
1090 1251 1147 1277 haec
1160 1250 1198 1277 ita
1212 1250 1314 1285 scripta
1335 1249 1409 1277 sint?
1423 1248 1559 1283 Quoniam
1574 1257 1637 1277 esse
1654 1257 1773 1277 commu-

987 1303 1037 1324 nes
1053 1301 1079 1323 et
1093 1297 1204 1324 easdem
1219 1296 1253 1323 ad
1269 1301 1410 1323 creaturas
1425 1295 1486 1322 Filii
1505 1300 1530 1323 et
1546 1295 1671 1330 Spiritus
1689 1296 1773 1323 sancti

988 1343 1183 1378 operationes:
1201 1350 1234 1370 ex
1250 1342 1320 1370 Filio
1344 1347 1474 1378 tanquam
1497 1350 1528 1369 ex
1546 1342 1685 1377 principio
1701 1342 1775 1369 adest

989 1390 1113 1426 Spiritui,
1130 1390 1200 1418 sicut
1212 1395 1281 1418 etes
1292 1390 1382 1423 Patre,
1394 1395 1421 1417 et
1442 1397 1495 1417 non
1516 1390 1583 1417 Filio
1598 1397 1630 1416 ex
1650 1389 1770 1424 Spiritu:

989 1442 1036 1465 aut
1050 1445 1115 1472 ergo
1128 1441 1171 1465 est
1182 1436 1302 1471 Spiritus
1319 1442 1346 1464 et
1360 1444 1394 1464 ex
1415 1434 1496 1469 Filio,
1512 1440 1558 1463 aut
1581 1435 1698 1463 minime
1721 1435 1772 1463 sei-

988 1491 1065 1519 psam
1084 1482 1226 1518 Scriptura
1246 1482 1384 1516 sequitur.

1197 1528 1342 1562 Septimum
1354 1529 1555 1563 Argumentum.

1024 1575 1091 1602 Item
1123 1573 1207 1602 Filius
1229 1574 1330 1602 dicitur
1356 1574 1473 1601 Verbum
1498 1573 1600 1607 Patris,
1616 1577 1645 1600 et
1672 1580 1705 1600 ex
1725 1572 1774 1600 hac

990 1620 1175 1647 nominatione
1187 1619 1364 1654 intelligimus
1377 1627 1440 1647 eum
1460 1624 1487 1647 et
1505 1624 1673 1647 coaeternum
1691 1618 1773 1650 Patri,

989 1673 1056 1694 etes
1078 1675 1111 1694 eo
1124 1667 1225 1694 habere
1248 1674 1320 1694 esse.
1350 1666 1428 1694 Sicut
1457 1672 1549 1693 autem
1574 1665 1664 1693 Filius
1676 1666 1775 1693 dicitur

990 1713 1110 1741 Verbum
1125 1712 1224 1745 Patris,
1241 1712 1279 1739 ita
1295 1712 1414 1746 Spiritus
1429 1716 1543 1740 sanctus
1558 1712 1661 1739 dicitur
1672 1711 1773 1739 Rha-ma
1819 1705 1824 1711 ’

990 1759 1061 1787 Filii.
1075 1759 1119 1786 Ait
1132 1759 1205 1786 enim
1218 1758 1365 1793 Apostolus
1375 1759 1408 1786 ad
1424 1757 1553 1786 Hebraeos
1567 1758 1601 1785 de
1618 1757 1690 1785 Filio
1703 1767 1709 1785 ι
1722 1757 1773 1790 Qui

990 1814 1047 1833 cum
1059 1810 1126 1833 esset
1138 1804 1264 1839 splendor
1274 1804 1376 1839 gloritz,
1392 1809 1416 1831 et
1435 1805 1522 1839 ﬁgura
1537 1803 1698 1831 substantiae
1708 1804 1774 1838 ejus,

989 1855 1146 1885 portamque
1166 1851 1253 1877 omnia
1263 1849 1389 1878 Rhemate
1403 1850 1507 1876 virtutis
1522 1857 1578 1876 sua
1586 1849 1621 1877 “.
1636 1849 1716 1882 Quod
1729 1856 1775 1876 au-

991 1901 1043 1923 tem
1054 1897 1081 1923 in
1095 1896 1136 1922 his
1146 1895 1249 1922 Rhema
1261 1895 1371 1922 virtutis
1387 1894 1449 1922 Filii
1461 1897 1550 1930 ipsum
1562 1894 1697 1929 Spiritum
1713 1901 1773 1921 san-

989 1949 1063 1970 ctum
1093 1942 1227 1975 nominat,
1243 1946 1317 1976 patet
1333 1950 1366 1969 ex
1382 1933 1446 1970 aliis
1463 1942 1588 1977 partibus
1612 1941 1773 1975 Scriptura.

990 1988 1071 2015 Certe
1085 1987 1157 2015 enim
1173 1995 1227 2022 quo
1241 1986 1328 2015 Filius
1343 1992 1441 2022 purgat
1457 1988 1576 2018 animas,
1588 1986 1666 2018 ejicit
1677 1987 1776 2014 daemo-

989 2034 1047 2066 nia,
1062 2034 1139 2069 signa
1157 2038 1182 2062 et
1203 2039 1327 2069 portenta
1343 2034 1429 2067 facit;
1452 2034 1547 2061 eodem
1561 2039 1587 2060 et
1605 2038 1696 2066 pultat
1716 2041 1774 2059 om-

989 2080 1045 2107 nia.
1063 2080 1098 2107 At
1115 2087 1177 2107 vero
1193 2079 1326 2115 scriptum
1343 2084 1393 2113 est,
1421 2079 1466 2106 illa
1483 2079 1572 2106 facere
1590 2078 1696 2113 Spiritu
1712 2086 1773 2105 san-

990 2131 1051 2154 cto:
1068 2134 1134 2161 ergo
1150 2130 1177 2153 ct
1194 2121 1297 2160 Spiritu
1322 2131 1418 2152 sancto
1434 2125 1525 2152 omnia
1550 2129 1651 2159 portat.
1670 2123 1774 2151 Dicitur

989 2177 1078 2199 autem
1096 2172 1122 2198 in
1141 2171 1280 2206 proposito
1297 2170 1371 2198 dicto
1386 2170 1498 2198 ﬂetnste
1513 2177 1570 2197 suae
1586 2169 1701 2196 virtutis
1716 2177 1775 2204 por-

152 2218 184 2245 Et
196 2223 236 2245 est
251 2223 366 2248 certum,
383 2217 455 2251 quod
474 2221 516 2243 est
530 2217 624 2243 eadem
643 2224 738 2249 causa,
754 2221 784 2244 ut
800 2217 835 2244 ita
849 2217 882 2244 de
895 2217 934 2244 eis
951 2219 972 2246 D
987 2223 1044 2244 tare
1052 2218 1153 2249 omnia,
1165 2217 1282 2252 Spiritus
1296 2224 1362 2251 ergo
1376 2221 1488 2244 sanctus
1506 2220 1533 2243 et
1543 2216 1647 2243 thcma
1662 2216 1772 2242 virtutis

153 2262 295 2298 Scriptura
309 2263 439 2297 disputet,
449 2261 522 2295 quod
538 2269 598 2289 esse
613 2269 773 2289 communes
785 2266 811 2289 et
823 2263 933 2290 easdem

151 2309 184 2335 ad
198 2313 340 2335 creaturas
355 2307 478 2334 actiones
494 2307 584 2334 Patris
599 2311 626 2333 et
639 2308 726 2334 sancti
744 2307 876 2342 Spiritus.
895 2309 933 2335 Ex

151 2353 231 2381 Patre
247 2359 374 2387 tanquam
395 2359 427 2378 ex
445 2351 579 2386 principio
601 2352 677 2380 adest
696 2352 809 2387 Spiritui
827 2358 934 2386 sancto,

151 2404 177 2427 et
192 2407 245 2426 non
258 2399 329 2425 l’atri
346 2405 377 2424 ex
395 2397 497 2431 Spiritu
514 2403 619 2424 sancto.

187 2445 222 2473 Ut
230 2445 302 2472 extim
316 2446 367 2472 hoc
378 2443 570 2477 intelligamus,
579 2443 685 2470 Patrem
695 2444 734 2471 ait
742 2444 843 2478 Spiritu
853 2451 879 2473 et
887 2453 936 2480 per

151 2491 282 2526 Spiritum
300 2491 402 2522 facere,
415 2489 546 2523 Spiritum
568 2496 633 2516 vero
646 2497 784 2524 nunquam
804 2491 842 2518 ait
858 2491 936 2519 Patre

150 2538 192 2565 vcl
213 2545 259 2572 per
271 2536 379 2563 Patrem
398 2535 488 2562 facere
512 2535 672 2569 aliquid.At
701 2544 764 2563 vero
785 2537 933 2565 secundum

149 2584 274 2611 eumdem
292 2581 416 2614 modum,
432 2582 503 2615 quod
516 2580 601 2608 Filius
614 2581 679 2608 facit
693 2582 795 2617 aliquid
808 2591 854 2617 per
872 2582 934 2618 Spi-

149 2632 231 2657 ritum
244 2634 270 2656 et
287 2628 403 2663 Spiritu,
418 2628 507 2655 omnis
515 2627 606 2654 divina
619 2627 760 2659 Seriptura
775 2628 852 2663 plena
869 2633 930 2661 est;

148 2676 220 2712 quod
237 2682 302 2702 vero
319 2674 437 2708 Spiritus
458 2673 560 2709 aliquid
581 2673 646 2701 facit
667 2673 739 2701 Filio
762 2675 804 2702 Vel
825 2682 872 2710 per
889 2674 934 2701 Fi-

148 2723 243 2754 liutnn,
256 2728 369 2755 usquam
383 2720 528 2755 Scriptura:
537 2721 647 2748 dicitur.
659 2720 686 2748 In
697 2719 851 2756 Evangeliis
861 2722 933 2748 enim

185 2794 207 2809 "
222 2790 303 2820 Hebr.
319 2800 338 2823 ι,
350 2792 377 2820 2.
404 2791 427 2808 “
436 2791 515 2820 Rom.
532 2801 558 2823 ν,
577 2791 604 2819 5.
636 2792 656 2807 "
672 2793 752 2819 Rom.
763 2800 822 2823 Vill,
837 2792 880 2819 ll.

199 2829 244 2856 ⁸ὶὸ.
280 2828 304 2843 ⁸¹
318 2830 377 2855 Art.
391 2836 414 2856 Χ.
433 2830 476 2854 58.
515 2829 537 2844 ⁸³
553 2829 687 2854 Ιιοωλν.
709 2827 750 2854 18.
789 2828 842 2854 “Il
861 2827 880 2854 Τ

147 2838 183 2861 IV,
199 2838 244 2856 ΖΟ.

147 2865 171 2880 ⁴⁸
187 2864 268 2891 ilcbr.
285 2871 303 2896 ι,
322 2863 348 2890 3.
387 2862 500 2892 "Joau.
520 2871 554 2897 γι,
568 2864 611 2890 (it.
651 2864 674 2879 "
689 2862 768 2890 Rotn.
788 2870 846 2895 vm,
869 2864 911 2890 ll.

986 2261 1049 2290 Filii
1068 2263 1139 2291 idetn
1155 2268 1207 2290 est.
1227 2262 1304 2290 Patet
1321 2267 1412 2290 autem
1432 2262 1459 2289 id
1474 2262 1563 2297 ipsum
1587 2267 1614 2289 ct
1639 2261 1714 2289 inde.
1726 2261 1772 2289 Cui

987 2309 1067 2336 triqu
1083 2315 1262 2343 personarum
1279 2313 1308 2334 ut
1338 2308 1487 2343 plurimum
1501 2307 1527 2334 in
1545 2307 1692 2342 Scriptura
1705 2308 1772 2334 viri-

988 2355 1070 2381 ﬁcare
1080 2354 1260 2381 attribuitur?
1275 2354 1374 2381 Sancto
1389 2353 1514 2388 Spiritui.
1536 2353 1581 2381 Ait
1592 2354 1667 2381 enim
1681 2353 1771 2380 Domi-

987 2409 1057 2428 nus:
1081 2399 1196 2434 Spiritus
1211 2405 1249 2427 est
1266 2400 1310 2432 qui
1339 2400 1501 2436 viviﬁcatf’.
1516 2399 1549 2426 Et
1577 2400 1726 2435 Apostolus
1742 2400 1772 2426 ad

988 2444 1126 2472 Romanos
1140 2454 1146 2472 :
1165 2445 1217 2478 Qui
1232 2445 1369 2472 suscitavit
1390 2435 1484 2472 Iesum
1506 2445 1641 2472 Christum
1658 2454 1690 2472 ex
1706 2453 1772 2471 mor-

987 2491 1050 2524 tuis,
1067 2492 1209 2526 viviﬁpabit
1229 2496 1253 2518 et
1264 2491 1390 2518 mortalia
1420 2496 1509 2518 nostra
1530 2499 1641 2525 corpora
1656 2500 1702 2525 per
1716 2490 1772 2523 Spi-

985 2538 1066 2563 ritum
1081 2546 1159 2564 suum
1177 2538 1223 2572 qui
1243 2538 1346 2564 habitat
1381 2538 1409 2564 in
1439 2537 1512 2564 nobis
1525 2538 1560 2564 ".
1593 2537 1694 2564 lterum
1712 2546 1719 2564 :
1746 2536 1772 2564 Si

983 2582 1088 2616 Spiritu
1115 2591 1194 2617 opera
1218 2583 1306 2609 carnis
1337 2583 1571 2617 mortiﬁcaveritis,
1607 2583 1702 2609 vinetis
1733 2583 1770 2609 ".

984 2628 1051 2661 Quis
1064 2634 1155 2656 autem
1175 2629 1208 2656 de
1222 2629 1310 2656 tribus
1331 2629 1477 2664 procudere
1493 2629 1608 2656 dicitur?
1619 2628 1701 2656 Certe
1714 2628 1771 2663 Spi-

987 2676 1068 2704 ritus.
1084 2675 1150 2708 Quis
1169 2677 1258 2703 adhuc
1271 2676 1370 2703 dicitur
1385 2683 1446 2703 esse
1457 2683 1489 2702 os
1512 2674 1602 2703 Patris
1615 2675 1627 2702 i
1639 2675 1767 2710 Spiritus.

989 2723 1024 2748 At
1035 2730 1098 2749 vero
1124 2723 1180 2756 ipsc
1196 2722 1328 2750 Dominus
1341 2722 1576 2757 comprehcndens
1603 2721 1686 2749 simul
1703 2721 1769 2748 \ivi-

281 2800 303 2819 r.
319 2800 338 2823 ι,
350 2792 377 2820 2.
404 2792 427 2808 "
436 2792 515 2820 Rom.
532 2801 558 2823 ν,
577 2792 604 2819 5.
636 2792 656 2807 "
672 2793 822 2823 R0m.vut,
837 2792 880 2819 ll.
919 2792 923 2807 ³

280 2828 304 2843 BI
323 2830 364 2843 ιη·
391 2836 403 2843 ιν
433 2830 466 2843 περ
515 2829 537 2843 LI
553 2829 620 2843 Iln...
647 2835 678 2843 νυ
709 2827 739 2843 In
789 2828 840 2843 ιιιι
861 2827 923 2843 ἸἾιηι

1024 2800 1044 2843 :-
1061 2800 1092 2843 ιιι
1108 2793 1178 2843 t9..-
1189 2793 1281 2843 "re
1360 2793 1391 2843 5..
1408 2792 1543 2843 "ea

318 2830 377 2855 .‘t‘l.
391 2836 414 2856 Χ.
433 2830 476 2854 58.
515 2829 537 2844 ⁸³
553 2829 687 2854 κων-κν.
709 2827 750 2854 18.
789 2828 842 2854 “Il
861 2827 923 2854 The:

322 2863 348 2890 5.
387 2862 500 2890 "Joau.
520 2871 554 2890 \‘l.
568 2864 611 2890 64.
651 2864 674 2879 "
689 2862 768 2890 Rotn.
788 2870 846 2890 vm.
869 2864 911 2890 ll.

1026 2827 1053 2855 8.
1070 2828 1092 2843 "
1107 2828 1188 2856 Hebr.
1211 2837 1249 2862 ιχ,
1272 2830 1315 2857 Η.

1024 2864 1059 2890 id.
1089 2864 1131 2890 l5.

1368 2829 1391 2845 ⁸⁸
1404 2829 1465 2856 Act.
1484 2836 1503 2862 ι,
1523 2829 1550 2855 2.
1588 2828 1612 2844 ⁸⁷
1625 2828 1765 2860 lsu.xt,4.
