1868 3069
89 111 154 145 11.21

771 110 844 139 PRO
858 107 1014 139 LATlNlS

1645 100 1714 132 1392

88 159 256 199 ticattonem,
288 167 492 202 proccssionem
509 171 536 193 et
556 174 596 197 ος,
616 165 653 191 ait
668 174 674 190 :
697 163 758 190 Non
773 164 800 190 in
815 165 871 190 solo
889 167 910 192 Α
926 163 1045 197 Spiritus
1060 165 1170 188 sanctus
1188 166 1215 187 et
1233 161 1322 186 Patris
1331 163 1373 186 est
1385 163 1412 185 et
1430 158 1502 189 Filii,
1518 157 1565 184 illo
1584 157 1715 184 videlicet

87 223 154 247 pane
165 214 232 241 vivet
244 213 331 245 homo,
360 212 405 239 πά
420 213 445 238 in
456 211 526 238 omni
547 210 654 237 Hemate
668 209 821 243 procedente
831 215 877 242 per

89 270 116 287 as
131 261 181 288 Dei
194 261 231 287 ⁵³.
251 259 322 294 Ergo
339 267 419 286 omne
443 258 528 285 Rema
547 257 699 292 procedens
722 263 770 288 per
783 262 813 281 os
831 254 878 281 Dvi

90 307 115 332 in
124 314 180 340 quo
191 307 319 337 vivimus,
328 305 386 339 ipse
397 303 515 338 Spiritus
527 307 640 330 sanctus
651 306 702 328 est.
718 299 880 327 Manifestis-

93 354 195 379 simum
213 356 302 379 autent
327 352 378 378 hoc
402 351 464 377 fecit
480 349 627 383 Apostolus
645 348 678 373 ad
695 346 826 381 Ephesios
839 345 881 372 di-

90 406 174 426 cens:
196 398 229 424 Et
246 399 350 433 galeam
366 397 495 423 salutaris
513 395 636 428 accipite,
656 398 680 419 et
691 392 809 427 gladium
823 390 883 426 Spi-

91 447 170 477 ritus,
199 445 267 480 quod
290 448 328 470 est
351 443 431 469 Rema
452 443 501 469 Dei
518 442 552 468 ⁸³.
582 441 648 468 Nam
673 447 735 466 eum
752 438 882 472 iuliugua

90 492 183 522 {iraira
207 490 312 524 gladius
337 494 409 515 esset
424 486 546 514 tetriinini
576 485 684 520 generis
699 505 706 516 ,
722 490 745 510 et
766 483 883 517 Spiritus

92 539 183 564 neutri
197 557 204 568 ,
220 545 272 563 non
298 536 366 562 dixit
382 542 440 569 qum
451 539 489 560 est
504 532 584 560 Rema
603 532 661 562 Dei,
674 535 705 558 ut
718 529 884 564 intelligatur

92 584 222 615 gladius;
240 582 286 609 sed
303 581 416 615 quodest
435 580 514 606 Rema
533 579 590 609 Dei,
603 581 633 604 ut
654 577 752 604 exinde
779 575 863 602 iulelli
877 589 885 593 -

93 635 173 664 gatur
190 629 328 662 Spiritus:
348 634 379 653 ac
406 626 427 652 si
444 626 581 652 diceretur
607 624 634 651 in
656 624 745 658 lingua
764 621 860 648 Latina
878 629 884 647 :

95 677 148 707 Qui
164 675 282 709 Spiritus
299 673 371 699 Remi
396 672 444 698 Dei
467 677 516 698 est.
533 670 616 696 licma
638 676 701 703 ergo
717 667 825 694 virtutis
843 666 888 693 Fi-

93 722 134 753 lii,
149 729 203 755 quo
228 720 320 746 omnia
349 721 455 753 portat,
481 717 540 752 ipse
564 715 685 750 Spiritus
702 719 754 741 est.
778 713 888 741 Etsicut

95 767 139 793 ubi
167 767 252 793 Filius
267 765 379 797 dicitur,
395 763 522 799 splendor
546 762 639 797 gloria:
656 760 755 792 Patris,
772 760 889 787 circum—

95 813 219 838 locutive
233 811 335 837 dictum
350 814 391 837 est
404 817 453 844 pro
466 816 498 836 eo
509 808 582 843 quod
598 807 705 834 dicatur
717 805 806 832 Patris
822 825 829 836 ,
851 805 886 831 ita

94 862 122 884 et
137 857 257 892 Spiritus
270 860 382 884 sanctus
400 854 502 882 dicitur
514 861 574 881 esse
586 853 671 880 Rema
687 851 798 879 virtutis
811 850 885 882 Filii,

96 911 145 938 pro
160 911 192 930 eo
213 902 284 937 quod
301 902 410 929 dicatur
432 900 516 928 Rema
530 900 601 927 Filii.
626 899 698 933 Ergo
714 906 745 926 ex
765 898 818 937 hac
833 905 884 924 no-

97 949 250 977 minatione
283 948 347 982 quid
366 947 439 974 aliud
465 952 554 982 potest
583 946 708 980 intelligi,
737 944 790 972 nisi
806 944 882 978 quod

97 995 219 1030 Spit-itus
234 1001 268 1021 ex
287 993 356 1020 Filio
379 993 442 1020 est?
472 992 603 1028 quoniam
619 996 646 1019 ct
661 998 744 1018 omne
755 989 840 1017 Rema
854 997 887 1016 cx

98 1041 146 1068 illo
159 1046 213 1072 est,
231 1039 311 1074 cujus
324 1047 384 1066 esse
401 1039 514 1066 dicitur.

133 1086 292 1114 Notandum
307 1093 372 1112 vero
385 1091 428 1112 est
447 1090 474 1112 ct
490 1085 566 1116 illud.
585 1084 657 1120 quod
674 1092 735 1111 cum
754 1085 831 1119 logos
849 1084 890 1111 di-

97 1139 178 1162 catur
195 1134 222 1160 in
250 1133 342 1167 lingua
368 1131 475 1164 Grteca,
518 1135 546 1158 et
580 1130 607 1157 in
624 1137 690 1157 voce
709 1135 736 1157 et
757 1130 784 1157 in
796 1129 889 1161 corde,

99 1188 176 1208 rema
203 1184 307 1207 tantum
339 1179 365 1206 in
393 1186 459 1205 voce
486 1182 513 1204 ct
537 1185 602 1205 ore:
631 1176 752 1211 Spiritus
781 1177 889 1212 quidem

99 1233 214 1256 sanctus
255 1226 355 1253 dicitur
391 1223 476 1251 Rema
512 1231 559 1258 per
586 1231 617 1250 os
650 1222 696 1249 Dei
721 1223 890 1257 procedens.

101 1281 128 1301 et
148 1273 269 1307 Spiritus
294 1272 350 1298 oris
379 1270 447 1297 Dei:
464 1269 550 1296 Filius
581 1276 649 1296 vero
679 1269 757 1304 logos
781 1267 892 1302 quidem

100 1321 194 1348 cn-zlis
227 1319 270 1344 lhi
303 1318 414 1344 dicitur.
458 1315 597 1342 Eructavit
635 1315 728 1346 enim,
754 1315 810 1344 ait.
848 1321 894 1340 cor

102 1373 189 1394 meum
205 1365 282 1399 logou
300 1364 395 1390 bonum
408 1363 442 1394 ⁸⁵,
470 1363 542 1396 quod
557 1370 589 1389 ex
611 1369 728 1396 persona
744 1360 835 1387 Patris
853 1360 893 1387 di-

103 1419 177 1440 ctum
193 1420 253 1438 esse
264 1414 375 1437 sanctus
392 1409 539 1444 Dionysius
555 1412 689 1435 testatur:
702 1408 779 1441 logos
797 1411 888 1434 autem

104 1460 162 1487 oris
178 1459 222 1485 Dei
237 1456 291 1485 non
309 1458 422 1484 dicitur.
448 1456 484 1483 De
501 1455 603 1490 quibus
631 1455 747 1481 vocibus
764 1459 893 1488 tanquam

107 1505 230 1540 mysticis
250 1502 369 1538 quibusd
377 1511 419 1529 am
435 1502 513 1529 notis
537 1501 602 1528 illud
615 1501 807 1535 intelligimus,
821 1499 895 1534 quod

106 1553 178 1579 sicut
197 1550 288 1578 cordis
315 1550 390 1583 logos
406 1555 446 1575 est
460 1556 494 1575 ex
519 1547 576 1575 sola
611 1551 701 1573 mente
715 1567 721 1579 ,
739 1554 812 1573 rcma
830 1552 896 1572 vero

108 1598 183 1623 vocis
201 1601 241 1623 cst
254 1603 286 1622 cx
300 1600 390 1621 mente
405 1599 432 1621 et
443 1592 572 1628 logo,qui
591 1593 617 1619 in
633 1593 715 1619 corde
726 1597 784 1620 est:
799 1592 834 1619 ita
855 1590 900 1617 Fi-

108 1644 162 1670 lius
180 1643 289 1676 quidem
310 1649 342 1667 ex
357 1641 416 1668 solo
444 1639 526 1668 Patre
538 1644 598 1672 cst,
623 1639 746 1674 Spiritus
757 1646 823 1666 vero
837 1646 899 1666 san-

108 1695 172 1718 ειυς
186 1697 220 1716 ex
235 1688 316 1716 Patre
325 1686 463 1721 Filioque.

324 1753 454 1781 Octavum
482 1751 684 1786 Argumentum.

147 1823 268 1858 Spiritus
279 1826 392 1850 sanctus
409 1820 509 1848 dicitur
527 1820 554 1846 in
583 1820 725 1854 Scriptura
741 1826 802 1846 esse
811 1822 837 1845 et
851 1817 898 1845 Pa-

114 1872 164 1899 tris
177 1875 202 1897 et
228 1869 301 1896 Filii.
324 1869 369 1894 Ait
380 1867 452 1894 enim
470 1866 618 1901 Apostolus
641 1865 675 1892 ad
694 1865 851 1893 Romanos:
872 1864 902 1892 Si

113 1919 172 1954 quis
185 1917 317 1951 Spiritum
341 1914 441 1941 Christi
454 1921 507 1940 non
518 1912 608 1944 habet,
623 1912 665 1938 hic
679 1920 729 1938 non
745 1915 784 1938 est
798 1911 854 1945 ejus
865 1911 900 1943 “;

113 1970 139 1991 et
154 1964 186 1990 ad
207 1963 338 1989 Galatas:
370 1960 445 1986 Misit
474 1959 545 1986 Deus
569 1958 699 1993 Spiritum
722 1957 788 1984 Filii
803 1958 843 1984 sui
860 1957 899 1984 ⁵⁸.

113 2012 149 2037 At
170 2018 244 2039 vero,
263 2015 323 2043 quze
345 2011 409 2034 sunt
435 2005 592 2033 communia
618 2005 707 2032 Patris
719 2009 744 2030 et
757 2003 829 2036 Filli,
849 2010 901 2030 non

114 2055 194 2082 aliter
208 2058 272 2080 sunt
290 2052 377 2078 Patris
392 2056 417 2078 et
433 2051 512 2077 aliter
526 2048 599 2079 Filii,
615 2048 661 2075 sed
677 2048 803 2075 similiter
816 2051 843 2073 et
856 2055 902 2073 cu-

114 2102 175 2128 dem
190 2099 286 2125 modo:
302 2097 374 2132 quod
388 2096 519 2122 Dominus
530 2095 648 2121 ostendit
661 2093 687 2120 in
701 2093 848 2127 aliquibus.
859 2091 904 2117 Ait

114 2147 187 2173 anim
203 2143 387 2178 :Qtttt'cuuque
398 2141 562 2175 Puterfucit,
578 2141 668 2166 cadent
685 2144 708 2165 et
722 2137 809 2164 Filius
831 2137 905 2163 simi-
922 2157 943 2184 ὓ

116 2194 176 2218 (iter
191 2191 254 2225 facit
263 2190 305 2222 ";
320 2194 347 2216 et
357 2189 465 2218 iterum,
475 2185 548 2213 Sicut
563 2186 642 2212 Pater
656 2185 768 2210 suscitat
788 2188 905 2210 mortuos

115 2243 140 2264 et
154 2233 454 2269 rivi/icat.itactFilius
480 2241 545 2268 quos
571 2233 626 2258 vult
652 2231 766 2266 uit-iﬁcat
785 2231 905 2258 “.Sicut

116 2291 182 2318 ergo
198 2283 286 2309 facere
298 2287 323 2308 cl
342 2280 480 2307 vivilicare
499 2285 646 2306 commune
661 2278 799 2305 exsisteus
815 2276 906 2304 Patris

117 2336 143 2356 et
157 2329 228 2360 Filii,
248 2328 375 2355 similiter
384 2332 426 2353 est
441 2326 605 2352 amborum:
624 2326 659 2351 ita
674 2329 699 2351 et
714 2325 736 2350 si
753 2323 818 2358 quid
832 2323 905 2350 aliud

118 2381 266 2401 counuuue
293 2378 335 2399 est
363 2371 453 2398 Patris
480 2376 507 2398 et
538 2370 608 2400 Filii,
642 2370 735 2397 cadem
761 2370 865 2397 ratione
882 2375 909 2397 ct

119 2421 202 2448 modo
217 2420 332 2446 duorum
345 2422 385 2445 est
398 2439 405 2450 ,
427 2417 500 2444 salva
519 2416 643 2442 videlicet
661 2415 704 2442 illa
722 2416 910 2448 distinctione,

119 2475 173 2502 qua
214 2465 388 2500 intelligimus
424 2463 580 2490 communia
617 2463 734 2488 duorum
763 2469 794 2488 ex
832 2462 911 2488 Patre

120 2514 219 2540 adesse
240 2512 318 2543 Filio,
335 2519 387 2537 nou
406 2518 437 2536 ex
453 2510 507 2537 alio
528 2509 613 2536 Patri.
630 2508 661 2535 Et
676 2508 795 2542 idipsum
825 2508 912 2543 signi-

123 2559 333 2586 lieatDotniuus
352 2558 446 2584 dicetis
469 2565 475 2583 :
492 2556 565 2583 Sicut
587 2556 667 2582 Pater
685 2555 760 2581 habet
782 2556 863 2582 vitam
883 2556 910 2582 in

121 2605 261 2636 semetipsa
275 2604 308 2629 ".
330 2604 400 2637 Ergo
416 2602 515 2628 habere
530 2601 611 2627 vitam
632 2601 658 2627 iu
671 2601 818 2634 semetipso
833 2608 909 2627 coru-

123 2659 206 2677 utune
219 2650 355 2677 exsistcus
368 2648 494 2675 similiter
508 2649 651 2674 amborum
667 2666 674 2677 ,
701 2652 791 2672 tamen
807 2654 839 2673 ε’(
856 2648 909 2673 Pa—

123 2703 165 2724 tre
191 2697 225 2724 ab
239 2701 342 2723 aeterno
370 2694 456 2720 Filius
474 2694 525 2720 hoc
542 2693 632 2720 habet.
656 2692 831 2728 Quapropter
844 2694 908 2728 quia

160 2802 182 2817 "
200 2801 295 2827 Matth.
315 2808 352 2831 tv.
367 2799 393 2826 ὁ.
433 2798 456 2814 ⁸³
471 2799 568 2832 Ephes.
581 2807 620 2830 vt,
655 2801 681 2826 7.

128 2839 170 2865 19.
208 2837 309 2862 "ibnl.
326 2837 371 2862 2|.
409 2834 432 2849 "
459 2834 525 2860 ibid.
547 2834 592 2860 “.16.

315 2884 438 2913 t‘trnor.
469 2884 528 2913 (in.
553 2882 615 2911 CLI

631 2835 653 2850 ⁶⁰
683 2834 781 2869 Ιίνιιεε.
801 2843 837 2867 vr,
870 2835 911 2860 i7.

721 2800 743 2816 "
759 2799 913 2830 Psal.xt.tr,
931 2797 958 2825 ‘2.

931 210 1062 236 distincto
1075 213 1192 239 tantum,
1211 208 1283 242 quod
1304 206 1388 233 Filius
1404 207 1456 233 hoc
1468 205 1551 232 habet
1568 204 1602 231 ab
1612 209 1716 231 attento

932 263 964 282 ex
985 255 1075 286 Patre,
1093 259 1120 281 ut
1133 254 1192 286 citis
1206 253 1314 280 dicatur
1328 252 1455 286 Spiritus.

968 301 1001 327 At
1019 307 1082 327 vero
1106 300 1166 326 idco
1189 299 1288 325 dicitur
1304 299 1423 333 Spiritus
1444 304 1568 331 sanctus,
1597 299 1718 335 Spiritus

933 345 1031 375 Patris,
1059 344 1187 378 quoniam
1212 351 1242 370 cx
1264 351 1307 370 co.
1337 344 1364 369 Si
1399 339 1480 370 enim
1497 345 1565 372 alius
1581 346 1719 373 cxsisteus

934 398 1014 422 quam
1035 389 1123 419 Pater.
1142 398 1195 416 non
1214 394 1286 416 esset
1301 398 1332 416 rx
1343 397 1385 422 eo,
1403 398 1456 416 non
1471 391 1564 425 utique
1582 392 1720 418 diceretur

934 437 995 471 ejus
1014 444 1087 463 esse.
1114 430 1275 470 Siguilicant
1300 441 1389 462 autent
1415 441 1441 462 ct
1457 437 1507 462 hoc
1536 438 1721 472 craugclisttc.

935 483 976 509 llli
990 484 1062 510 enim
1090 483 1134 517 qui
1158 482 1253 508 dicunt
1276 482 1408 515 Spirittt‘u
1435 481 1533 513 Patris,
1559 491 1612 509 non
1628 484 1723 510 dicunt

937 530 1069 565 Spiritum
1096 537 1128 555 cx
1158 528 1253 555 Patre:
1270 528 1391 555 Joannes
1411 537 1474 555 vero
1489 530 1576 558 solus,
1594 530 1641 564 qui
1659 535 1719 564 post

938 584 1034 603 omnes
1063 575 1243 610 Erangclium
1259 575 1380 609 scripsit,
1402 575 1533 608 Spiritum
1549 583 1562 602 a
1573 576 1652 602 Patre
1663 584 1725 610 pro-

938 621 1079 648 cedentem
1097 621 1202 651 diceus,
1214 619 1345 654 Spiritum
1365 620 1452 646 Patris
1468 620 1493 646 in
1512 628 1562 646 suo
1580 620 1725 656 Erangclio

940 669 1052 694 minime
1070 667 1278 694 ditit.Putasne
1312 667 1476 700 ignorabant
1502 668 1543 694 rel
1570 668 1725 698 illi.ulrum

939 723 972 742 cx
1004 716 1083 742 Patre
1110 720 1151 742 est
1165 716 1299 749 Spiritus:
1318 715 1359 741 vel
1379 715 1423 741 hic
1443 720 1533 742 utrum
1564 716 1652 742 Patris
1665 715 1727 743 est?

940 762 1060 788 Minime.
1077 761 1129 788 Sed
1143 766 1248 789 eertum
1265 766 1315 792 est.
1331 762 1402 795 quod
1423 765 1450 787 et
1475 761 1514 788 illi
1533 761 1654 789 dicentes
1667 769 1728 789 esse

942 806 1028 834 Patris
1043 806 1187 841 Spiritum,
1203 814 1252 841 per
1262 807 1314 834 hoc
1327 807 1484 842 signiﬁcare
1503 807 1640 838 volebant.
1654 809 1728 842 quod

939 861 971 879 ex
987 853 1064 880 Patre
1077 857 1118 879 cst
1136 857 1183 880 εει
1198 853 1242 879 Ιιῑε
1263 853 1357 880 dicens
1374 853 1462 887 ipsum
1485 861 1498 880 a
1519 854 1610 884 Patre.
1633 855 1730 880 eodem

940 900 999 934 ipso
1013 904 1038 926 ct
1052 899 1126 933 quod
1151 898 1240 926 Patris
1257 904 1299 925 est
1316 899 1463 934 signiﬁcat.
1479 899 1548 934 Ergo
1561 899 1582 926 si
1602 907 1728 927 necessa-

940 947 1012 972 rium
1028 949 1068 972 est
1088 945 1224 980 Spiritum
1244 950 1369 972 sanctum
1387 945 1422 972 ita
1438 953 1499 972 esse
1515 945 1590 977 Filii,
1609 946 1678 972 sicut
1689 951 1731 973 est

940 991 1030 1019 Patris
1044 1000 1050 1018 :
1064 997 1105 1019 est
1119 996 1210 1019 autem
1231 992 1322 1019 Patris
1337 997 1465 1027 tanquam
1483 993 1620 1020 exsisteas
1630 1001 1662 1020 ex
1678 1000 1730 1025 eo;

940 1043 982 1066 cst
996 1046 1060 1072 ergo
1080 1044 1108 1065 et
1123 1038 1185 1064 Filii
1204 1043 1333 1073 tanquam
1360 1039 1497 1066 exsisteus
1512 1047 1546 1066 ex
1560 1047 1602 1065 eo.
1622 1039 1669 1066 list
1682 1047 1732 1066 au—

941 1089 995 1111 tem
1012 1084 1038 1110 id
1050 1084 1138 1118 ipsum
1151 1085 1340 1116 manifestum,
1354 1090 1380 1112 et
1393 1085 1455 1118 quia
1475 1093 1527 1112 non
1544 1086 1731 1118 convertitur;

942 1131 1035 1158 multis
1055 1131 1127 1158 enim
1156 1132 1182 1158 in
1198 1131 1338 1165 Scriptura
1361 1131 1519 1158 nominibus
1544 1131 1630 1158 Filius
1668 1141 1731 1159 cum

943 1179 1018 1202 esset.
1033 1174 1200 1205 nominatus,
1223 1175 1249 1200 iu
1279 1175 1354 1201 nullo
1367 1182 1461 1202 eorum
1483 1175 1584 1202 dicitur
1599 1183 1659 1203 esse
1674 1176 1735 1210 Spi—

943 1221 1023 1254 ritus,
1051 1221 1123 1248 sicut
1159 1221 1216 1255 ipse
1237 1221 1355 1255 Spiritus
1375 1222 1474 1248 dicitur
1500 1230 1561 1248 esse
1588 1221 1733 1249 F.1ii.Nou

944 1267 1016 1294 enim
1034 1268 1078 1294 ubi
1093 1267 1291 1302 aitApostolus
1314 1267 1436 1302 gladium
1451 1267 1568 1302 Spiritus
1582 1269 1616 1300 ⁸ο,
1633 1268 1733 1295 Filium

945 1314 1072 1341 nominat
1086 1314 1218 1348 gladium,
1236 1319 1263 1341 ut
1288 1314 1400 1349 quidam
1419 1314 1583 1350 intelligunt.
1595 1315 1673 1343 Patet
1689 1325 1736 1342 au—

945 1365 1000 1387 tem
1014 1367 1044 1386 ex
1062 1360 1259 1394 Superioribus.
1276 1359 1342 1386 Cum
1368 1360 1441 1387 enim
1477 1361 1590 1388 dixisset
1606 1370 1613 1388 :
1637 1361 1736 1388 Ini/ui-

946 1405 1011 1431 miui
1027 1409 1051 1431 rt
1068 1405 1163 1431 sumite
1185 1409 1351 1431 armaturam
1369 1405 1427 1438 Dei,
1448 1413 1479 1432 ac
1502 1414 1549 1440 per
1564 1407 1615 1434 hoc
1630 1407 1735 1434 Patrem

949 1450 1134 1484 signiﬁcasset
1149 1459 1156 1484 ;
1184 1451 1355 1478 descendens
1372 1452 1472 1479 infert:
1503 1452 1538 1478 Et
1550 1453 1650 1487 galeam
1664 1454 1738 1480 satu-

953 1497 1018 1523 taris
1031 1497 1153 1530 accipite,
1171 1498 1292 1524 salutare
1307 1499 1549 1533 nominausipsum
1566 1500 1738 1526 ineat-natum

952 1540 1062 1569 Filium.
1081 1542 1181 1569 Videbit
1195 1544 1329 1576 cnim,ait,
1339 1545 1424 1571 omnis
1440 1553 1502 1571 caro
1515 1545 1633 1572 salutare
1645 1546 1691 1573 Dei
1705 1547 1738 1580 6‘;

953 1593 980 1615 et.
1013 1588 1083 1621 Quia
1115 1589 1235 1616 viderunt
1263 1591 1335 1617 oculi
1366 1591 1416 1618 mei
1448 1592 1567 1618 salutare
1609 1598 1682 1624 tuum
1705 1595 1738 1620 θ’.

956 1633 1055 1661 Deinde
1071 1640 1272 1669 consequenter
1299 1635 1365 1663 dicit
1381 1644 1391 1662 :
1410 1635 1444 1663 Et
1472 1638 1591 1671 gladium
1610 1639 1739 1673 Spiritus,

955 1687 1002 1711 per
1020 1680 1076 1706 haec
1094 1680 1148 1706 duo
1171 1680 1293 1710 nomina.
1314 1681 1403 1716 ipsum
1422 1682 1553 1716 Spiritum
1570 1685 1739 1719 significans.

955 1725 1051 1753 Merito
1070 1731 1159 1753 autem
1181 1723 1349 1753 armaturam
1386 1729 1495 1762 quidem
1513 1730 1637 1757 attribuit
1656 1731 1740 1761 Patri.

955 1771 1059 1806 galeam
1076 1778 1140 1798 vcro
1153 1776 1179 1798 ct
1192 1771 1312 1806 gladium
1324 1772 1396 1800 Filio
1415 1778 1442 1800 et
1456 1774 1581 1808 Spiritui.
1601 1775 1737 1809 Quoniam

955 1819 1027 1846 enim
1045 1823 1184 1846 armatura
1196 1823 1238 1846 est
1252 1827 1338 1854 genus
1356 1820 1398 1848 vel
1423 1826 1528 1853 totum,
1547 1823 1622 1857 galea
1638 1831 1702 1851 vero
1716 1833 1744 1852 et

957 1865 1062 1899 gladius
1077 1869 1142 1892 sunt
1171 1866 1276 1899 species
1290 1860 1332 1893 vel
1363 1871 1472 1902 partes:
1487 1872 1512 1894 ει
1532 1876 1640 1904 semper
1653 1875 1739 1898 totum

956 1918 982 1939 ct
995 1920 1082 1946 genus
1113 1911 1242 1947 principii
1275 1914 1410 1940 rationem
1445 1915 1527 1942 habet
1555 1916 1588 1942 ad
1609 1922 1698 1950 partes
1716 1924 1743 1945 et.

957 1959 1064 1994 speci:s
1076 1968 1082 1991 ;
1096 1963 1138 1985 cst
1151 1963 1242 1986 autem
1258 1964 1285 1987 et
1299 1959 1380 1987 Pater
1392 1962 1555 1996 principium
1566 1962 1627 1990 Filii
1644 1969 1669 1990 ιιι
1681 1965 1742 1999 Spi-

957 2005 1028 2031 ritus
1049 2005 1133 2031 sancti
1153 2013 1161 2033 z
1178 2005 1241 2039 jure
1271 2011 1437 2034 armaturam
1461 2009 1571 2042 quidem
1598 2010 1742 2038 habentem

958 2050 1085 2085 principii
1099 2051 1231 2078 rationem
1249 2053 1376 2079 attribuit
1404 2053 1641 2088 principalissima:
1656 2056 1742 2085 Patris

959 2104 1104 2130 personat:
1121 2097 1225 2131 galeam
1246 2105 1310 2124 vero
1330 2104 1357 2124 et
1383 2099 1517 2133 gladium,
1550 2109 1666 2135 quorum
1699 2110 1743 2129 est

959 2146 1097 2169 armatura
1113 2142 1289 2176 principium,
1307 2144 1375 2170 Filio
1387 2148 1414 2170 et
1433 2144 1557 2179 Spiritui,
1574 2154 1689 2180 quorum
1702 2154 1744 2175 est.

958 2186 1039 2229 Pater
1055 2192 1082 2214 ct
1097 2188 1272 2222 principium.
1288 2189 1345 2216 Non
1366 2191 1427 2224 quia
1444 2191 1480 2218 ibi
1495 2200 1580 2225 genus
1596 2198 1621 2220 ει
1637 2195 1744 2228 species

959 2238 986 2260 et
1001 2239 1087 2260 totum
1100 2239 1126 2261 et
1140 2239 1233 2268 partes
1243 2240 1308 2262 sunt
1320 2255 1326 2266 ,
1343 2236 1389 2262 sed
1404 2237 1577 2265 solummodo
1590 2241 1742 2266 secundum

963 2281 1093 2306 rationem
1114 2280 1254 2315 principii,
1272 2286 1298 2308 ct
1325 2290 1419 2309 corum
1444 2291 1504 2317 qum
1522 2291 1553 2311 ex
1575 2293 1607 2312 eo
1623 2291 1696 2312 sunt.
1714 2287 1747 2313 Et.

961 2326 1091 2360 quoniam
1118 2331 1200 2361 caput
1226 2327 1351 2362 principii
1366 2329 1448 2358 habet
1483 2331 1615 2358 rationem
1637 2332 1669 2358 ad
1687 2340 1746 2359 ma-

964 2381 1029 2399 num
1044 2393 1051 2404 ,
1067 2374 1165 2407 capitis
1184 2374 1292 2408 quidem
1320 2381 1396 2401 arma
1412 2376 1537 2403 attribuit
1556 2376 1635 2409 Filio,
1648 2386 1746 2405 manus

965 2425 1029 2445 vero
1045 2418 1178 2453 Spiritui:
1197 2425 1225 2446 ut
1237 2420 1337 2447 eximie
1357 2421 1541 2456 intelligamus
1560 2423 1659 2450 Filium
1674 2425 1748 2459 priu-

962 2465 1064 2498 cipium
1080 2472 1139 2491 esse
1150 2465 1278 2499 Spiritus.
1292 2465 1345 2493 Sed
1360 2468 1433 2500 quod
1446 2475 1536 2495 sermo
1550 2470 1634 2504 coepit
1644 2470 1745 2503 dicere,

963 2510 1029 2536 illud
1047 2515 1099 2543 cst,
1117 2512 1187 2544 quod
1209 2511 1295 2539 Filius
1323 2514 1474 2540 secundum
1502 2515 1605 2542 nullum
1631 2525 1744 2544 suorum

963 2557 1108 2583 nominum
1122 2557 1221 2584 dicitur
1234 2558 1362 2592 Spiritus,
1389 2560 1461 2587 sicut
1482 2562 1538 2595 ipse
1550 2561 1668 2596 Spiritus
1681 2564 1748 2590 dici-

965 2607 1010 2628 tur
1027 2611 1088 2630 cssc
1114 2603 1186 2630 Filii.
1221 2604 1290 2639 Ergo
1315 2611 1343 2632 ut
1366 2607 1446 2633 vcrha
1468 2616 1521 2634 non
1540 2613 1748 2640 cenvertautur.

966 2655 1048 2675 causa
1062 2655 1113 2680 est,
1126 2651 1198 2683 quod
1214 2659 1256 2678 res
1274 2659 1327 2678 nou
1343 2657 1551 2682 convertuntur.
1568 2655 1708 2689 Siquidem
1722 2657 1748 2683 in
1765 2669 1770 2675 -

967 2694 1108 2730 Scriptura
1125 2705 1245 2724 consona
1259 2699 1339 2726 rebus
1352 2701 1433 2727 verba
1451 2701 1611 2729 redduntur.
1625 2703 1684 2730 Non
1702 2711 1751 2731 au-

998 2799 1020 2816 ¹¹⁸
1038 2799 1117 2826 Rulli.
1137 2808 1196 2831 νιιι,
1210 2801 1236 2827 9.

1291 2801 1312 2816 Μ
1330 2801 1418 2828 Galal.
1434 2810 1470 2834 tv,
1501 2802 1527 2829 6.

963 2834 983 2849 °‘
998 2834 1061 2861 Lac.
1075 2843 1113 2866 tu,
1133 2838 1158 2861 ti.

1578 2804 1600 2819 ‘"
1613 2803 1692 2832 Joan.
1725 2814 1750 2838 ν,

1199 2837 1220 2850 “
1238 2836 1303 2863 Luc.
1323 2845 1352 2868 Il,
1371 2837 1416 2864 50.

1534 2884 1572 2914 1ιὲ

1735 2911 1747 2919 λ

1792 2918 1815 2932 ,ΔΑ
