1868 3069
154 153 224 184 1323

702 152 748 181 ΒΑ
757 151 899 181 ΠΙ,ΛΛΜΙ
925 151 971 181 DE
995 150 1069 180 SEM
1078 149 1209 180 lNARIA

1706 149 1776 181 122’s

147 214 200 234 teut
214 211 419 239 convertentur,
435 207 456 234 si
473 206 591 241 Spiritus
619 211 661 234 est
688 211 715 234 ct
732 206 859 241 exlFilio.
878 207 931 234 Ma-
948 209 968 236 Α
985 205 1057 239 gitur
1079 205 1149 232 mitti
1165 213 1179 232 a
1199 204 1313 239 Spiritu,
1331 208 1355 231 et
1382 212 1434 232 non
1451 205 1603 232 secundum
1622 205 1772 237 deitatem.

147 253 278 279 ttil‘estum
294 253 369 280 cnim
382 257 434 285 est,
451 253 522 287 quod
538 252 623 279 Filius
638 260 691 278 non
706 258 746 279 est
761 261 792 278 ex
813 253 933 287 Spiritu:

145 299 257 326 Retnate
275 304 366 327 autem
381 300 530 327 secundum
543 300 614 326 bttttc
629 300 739 326 modum
752 307 805 326 nou
819 307 934 326 αθηνα-

145 350 229 376 tante,
250 345 346 372 merito
365 353 453 380 neque
471 346 554 372 verba
568 345 594 371 in
609 344 751 378 Scriptura
768 350 933 371 convertun-

145 399 197 421 tur.
212 393 264 420 Sed
282 393 402 428 Spiritus
413 387 521 420 'dicitur
532 401 592 421 esse
609 392 682 426 Filii,
699 392 786 420 Filius
800 400 864 419 vero
881 400 934 420 non

144 440 246 468 dicitur
263 447 325 467 esse.
345 439 475 475 Spiritus.

379 508 487 536 Nonum
504 509 704 543 Argumentum.

179 577 263 605 Mittit
276 577 302 603 in
325 575 468 611 Scriptura
487 574 568 602 Pater
587 575 718 610 Spiritum
731 579 870 602 sanctum.
885 574 935 603 llic

146 630 235 652 autem
254 624 361 651 Patrem
378 630 430 648 non
448 621 541 648 tnittit.
557 621 634 649 Unde
643 621 727 656 quaeri
747 625 844 655 potest,
867 629 936 655 quo-

146 670 228 698 modo
255 670 300 704 qui
329 668 431 703 ubique
455 673 509 699 est,
528 672 554 694 et
567 667 659 694 omnia
683 667 787 701 implet,
816 667 935 694 mittitur

144 717 215 745 alio?
231 715 283 743 Ubi
301 715 372 743 enim
392 722 445 741 non
461 719 514 745 est,
531 719 560 740 ut
575 713 631 740 illic
645 713 794 740 mittatur?
810 713 850 740 vel
863 720 934 748 quo-

144 763 226 790 tuodo
237 761 281 789 cui
294 759 513 795 inseparabiliter
527 763 570 786 est
588 758 694 790 unitos,
709 758 743 785 ab
761 766 794 785 eo
807 759 861 785 alio
874 759 935 786 mit-

145 809 231 837 titur?
249 809 289 836 vel
301 807 348 843 qui
359 807 468 842 penitus
478 805 657 833 immutabilis
669 810 711 833 est
736 810 763 832 et
776 805 936 833 inalterabi-

145 857 188 889 lis,
199 855 336 891 quomodo
348 855 374 881 in
388 860 512 889 tempore
523 852 626 888 aliquid
639 853 740 887 patitor
753 852 802 879 TSi
815 860 879 880 vero
894 852 935 879 di-

988 253 1052 287 quia
1068 253 1224 279 humanitas
1241 252 1300 285 ejus
1320 257 1370 283 est,
1384 260 1444 286 quae
1461 253 1544 278 Deum
1560 253 1666 279 Patrem
1682 253 1776 280 Domi-

987 307 1051 325 num
1077 306 1156 326 suutn
1180 303 1269 329 vocat,
1299 304 1391 325 etnon
1413 297 1513 325 deitas.
1541 298 1610 333 Ergo
1644 300 1774 332 quoniam

987 353 1132 371 comtuuue
1151 351 1192 371 est
1213 345 1300 371 Patris
1325 349 1352 371 et
1373 344 1432 371 Filii
1456 345 1562 371 mittere
1577 345 1723 378 Spiritum,
1745 352 1772 373 et

987 398 1042 417 non
1070 390 1139 417 mitti
1161 391 1195 417 ab
1207 398 1255 418 eo:
1279 399 1331 425 qua
1348 391 1441 425 utique
1457 391 1564 418 ratione
1592 392 1676 417 mittit
1693 393 1775 418 I‘ater

987 435 1132 470 Spiritum,
1151 437 1245 463 eadem
1262 442 1287 463 et
1313 436 1398 463 Filius
1411 436 1493 463 mittit
1513 436 1613 471 ipsum.
1631 437 1711 464 Mittit
1724 446 1775 464 au-

987 486 1039 508 tem
1055 482 1135 508 Peter
1163 481 1308 516 Spiritum,
1335 482 1483 508 ostendens
1505 481 1596 512 nobis,
1611 482 1675 516 quia
1693 489 1724 507 ex
1743 489 1776 508 eo

985 531 1037 553 est.
1050 527 1131 553 Mittit
1141 534 1205 561 ergo
1218 531 1244 553 et
1258 527 1342 553 Filius
1361 527 1672 561 Spiritum,signiﬁcans
1687 527 1776 558 nobis,

987 572 1051 607 quia
1065 580 1097 599 ex
1119 572 1178 606 ipso
1197 572 1269 599 Filio
1290 574 1347 607 ipse
1365 577 1418 600 est.
1436 573 1535 607 Aspice
1555 578 1648 598 autem
1660 578 1686 599 et
1703 572 1776 607 Apo—

987 618 1050 645 stoli
1064 618 1097 645 de
1109 619 1160 646 hoc
1181 619 1301 653 capitulo
1327 619 1391 646 alibi
1411 620 1593 653 diligentiam.
1618 618 1689 651 Quia
1703 619 1774 645 enim

987 665 1067 692 scivit
1084 665 1184 692 Filium
1198 666 1306 700 quidem
1322 674 1353 692 ex
1371 667 1431 693 solo
1448 666 1538 697 Patre,
1559 665 1695 700 Spiritttttt
1712 674 1776 692 vero

987 719 1019 738 ex
1032 711 1110 738 Patre
1134 711 1277 747 Filioque:
1310 713 1370 739 ideo
1387 713 1420 739 de
1445 711 1514 739 Filio
1541 713 1653 747 quidem
1668 713 1776 739 dicitad

988 756 1117 784 Galatas:
1138 758 1213 784 Misit
1243 757 1312 784 Deus
1337 757 1440 784 Filium
1463 767 1539 785 suum
1553 759 1597 790 ";
1625 759 1658 785 de
1675 759 1775 793 Spiritu

989 812 1054 831 vero
1067 808 1127 838 post
1142 811 1227 839 pauca
1242 812 1293 830 tton
1305 805 1341 831 ita
1358 805 1426 831 dixit
1441 814 1448 831 :
1468 804 1543 831 Misit
1558 804 1630 831 Deus
1645 804 1773 839 Spiritum

987 859 1075 880 suum,
1090 858 1123 876 ne
1139 857 1173 876 ex
1187 850 1247 884 ipso
1264 853 1325 878 solo
1351 851 1535 884 signiﬁcetur,
1557 851 1604 878 sed
1621 851 1779 885 quomodo?

144 909 186 930 cet
200 903 310 938 aliquis,
323 901 396 936 quod
411 901 470 935 ipsa
487 899 596 934 quidem
614 898 734 933 Spiritus
748 906 864 933 persotta
879 905 933 924 non
952 895 972 922 Β
987 894 1062 921 illisit
1091 895 1159 921 Deus
1191 894 1321 928 Spiritum
1346 895 1414 922 Filii
1446 896 1487 922 sui
1504 895 1526 911 “
1544 903 1612 929 :per
1632 901 1778 929 utrumque

145 950 263 976 mittitur
275 968 283 980 ,
301 949 348 975 sed
363 947 450 982 gratia
463 946 522 980 ejus
540 945 622 972 missa
639 945 697 979 ipse
711 944 812 971 dicitur
832 943 903 970 mitti
923 964 931 977 ,

145 997 262 1032 primum
286 994 395 1030 quidem
427 992 610 1020 dubitandum
637 995 689 1023 est,
721 996 811 1017 tttrum
843 991 931 1025 gratia

145 1043 262 1078 Spiritus
282 1041 368 1068 sancti
390 1040 426 1066 ita
449 1039 584 1070 mittatur,
610 1037 681 1064 sicut
705 1044 736 1064 ea
753 1044 814 1070 quae
831 1037 934 1063 deloco

146 1091 172 1117 in
191 1091 282 1116 loettm
312 1091 480 1116 moventur;
501 1084 598 1112 deinde
610 1084 632 1111 si
652 1083 704 1110 alia
726 1091 780 1109 non
794 1087 836 1110 est
847 1083 933 1116 gtatia

145 1136 269 1170 Spiritus
295 1141 376 1168 quain
397 1132 497 1159 Patris.
529 1129 589 1158 Una
600 1130 673 1157 enim
694 1130 776 1156 triutu
802 1136 933 1163 persona-

146 1191 204 1209 rutn
216 1185 258 1209 est
274 1180 436 1215 simpliciter
451 1179 538 1213 gratia
553 1186 560 1204 :
581 1182 608 1204 et
624 1177 725 1204 nullam
748 1176 829 1203 habet
843 1175 931 1209 Spiri-

146 1230 215 1256 ritus
235 1228 364 1262 gratiam,
385 1233 446 1260 quae
476 1225 566 1251 Patris
582 1223 710 1251 similiter
729 1227 845 1250 nonest.
863 1222 933 1255 Quid

145 1275 309 1303 familiarius
317 1278 344 1301 et
359 1272 566 1306 congruentius,
581 1269 719 1297 commttui
736 1268 823 1303 gratia
839 1269 934 1299 missa,

146 1322 266 1357 Spiritus
283 1321 391 1348 dicetur
408 1318 477 1346 tnitti
495 1326 508 1345 a
536 1317 629 1350 Patre,
655 1323 734 1350 quam
753 1315 831 1342 Pater
844 1322 858 1341 a
874 1315 935 1349 Spi-

147 1370 198 1395 ritu
213 1369 224 1394 ?
240 1368 307 1394 Num
325 1365 347 1393 si
362 1365 496 1399 scriptum
514 1362 621 1391 l‘nis<et,
634 1361 707 1396 qttod
724 1360 844 1396 Spiritus
858 1360 935 1387 misit

146 1415 263 1445 Patrem,
274 1410 547 1448 possentussitniliter
556 1408 658 1440 dicere.
671 1408 742 1442 quod
757 1407 813 1442 ipso
822 1406 934 1441 quidem

145 1469 198 1488 non
207 1460 322 1487 mittitur
331 1478 339 1491 ,
355 1458 441 1493 gratia
451 1464 515 1483 vero
524 1455 584 1489 ejus
593 1453 779 1481 missadicitur
787 1452 843 1486 ipse
853 1452 935 1480 mitti.

180 1507 250 1539 Quid
267 1512 332 1539 ergo
346 1504 404 1531 vult
418 1502 572 1537 Scriptura,
603 1505 633 1527 ut
657 1499 814 1526 iutroducat
825 1498 934 1525 Patrem

147 1555 299 1581 mittentem
325 1550 456 1584 Spiritum
472 1567 480 1580 ,
497 1548 611 1574 missum
637 1553 702 1572 vero
716 1553 730 1571 a
750 1544 854 1579 Spiritu
886 1543 935 1570 mi-

148 1599 238 1626 nime?
252 1606 286 1625 an
299 1596 364 1632 quia
381 1595 428 1622 ille
446 1595 494 1629 qui
508 1593 590 1620 mittit
604 1592 638 1619 ad
655 1591 731 1618 illum
748 1591 793 1625 qui
807 1590 934 1622 mittitur,

147 1647 174 1673 in
187 1648 318 1680 q'uantum
335 1642 427 1673 mittit,
439 1639 564 1676 principii
575 1638 657 1666 habet
668 1637 818 1670 rationem,
837 1642 880 1664 est
891 1643 938 1663 au-

149 1699 201 1720 tem
228 1697 255 1719 et
272 1691 350 1718 Pater
368 1689 532 1725 principium
562 1687 694 1722 Spiritus,
723 1685 794 1713 mitti
824 1685 935 1720 quidem

149 1741 255 1767 Patrem
269 1747 283 1766 τι
297 1737 401 1773 Spiritu
418 1734 696 1770 incongruentissime
706 1733 853 1760 diceretur.
869 1732 934 1766 Spi-

147 1788 230 1813 ritum
243 1792 308 1812 Vcro
321 1792 335 1811 a
353 1783 433 1810 Patre
458 1781 541 1813 mitti,
560 1779 810 1815 congruentissime
830 1778 934 1805 dictum

147 1837 207 1859 est:
224 1837 254 1858 ιιι
272 1838 319 1865 per
339 1830 391 1856 hoc
409 1828 489 1855 Pater
512 1826 678 1863 principium
693 1833 755 1853 esse
769 1825 888 1860 Spiritus
899 1824 936 1852 si-

147 1875 355 1913 gniﬁcetur?Et
372 1879 412 1902 est
438 1875 532 1908 utique
565 1873 669 1899 Patrem
696 1871 728 1898 ad
758 1879 809 1898 nos
827 1870 936 1897 mittere

149 1923 295 1958 Spiritum,
314 1920 381 1947 nihil
401 1919 485 1951 aliud,
512 1926 594 1953 quant
609 1921 715 1944 certum
740 1916 820 1943 nobis
835 1916 934 1947 lacere,

148 1970 219 2005 q-tod
232 1976 264 1996 ex
277 1969 335 2002 ipso
360 1965 577 2000 intemporaliter
593 1968 634 1991 est
655 1963 774 1997 Spiritus
790 1971 796 1988 :
812 1961 876 1996 quia
894 1966 936 1989 est

147 2016 258 2051 quidem
273 2013 393 2048 Spiritus
407 2011 627 2046 intemporaliter
638 2017 652 2036 a
666 2009 756 2036 Patre.
773 2008 826 2035 Nos
843 2012 934 2035 autent

149 2063 200 2090 hoc
216 2068 269 2088 non
283 2059 499 2094 intemporaliter
508 2057 713 2092 cognoscimus,
730 2055 772 2084 vel
786 2057 935 2087 credimus.

149 2107 196 2135 sed
211 2107 238 2134 in
265 2110 398 2140 tempore.
420 2104 507 2139 Igitur
536 2103 667 2138 quoniam
699 2103 724 2129 in
744 2107 867 2137 tempore
885 2101 937 2129 hoc

149 2154 229 2181 nobis
264 2151 471 2183 manifestatur,
498 2151 630 2185 scriptum
667 2154 721 2180 est,
749 2149 838 2183 ipsum
875 2148 937 2182 Spi-

148 2198 231 2225 ritum
253 2203 267 2223 a
294 2195 375 2223 Patre
404 2194 473 2222 mitti
509 2193 543 2221 ad
573 2200 642 2225 nos,
686 2192 758 2228 quod
783 2196 824 2219 est
848 2193 936 2219 mani-

986 941 1066 968 ambo
1085 941 1262 976 signiﬁcans;
1277 949 1339 968 nam
1353 945 1380 968 et
1392 942 1508 968 dicendo
1520 941 1606 968 :Misit
1623 941 1708 968 Pater
1722 941 1779 976 Spi—

985 988 1081 1020 ritum,
1101 987 1249 1023 signiﬁcat,
1275 988 1348 1022 quod
1363 989 1457 1023 ctejus
1472 994 1524 1020 est,
1542 993 1609 1015 ctcx
1631 996 1666 1015 eo
1679 998 1685 1014 :
1700 993 1725 1014 et
1737 989 1778 1015 di~

984 1035 1082 1066 cendo,
1110 1034 1241 1068 Spiritum
1262 1034 1330 1061 Filii
1359 1035 1413 1068 sui,
1430 1035 1578 1070 signiﬁcat,
1602 1035 1676 1070 qttod
1706 1042 1732 1062 et
1748 1045 1776 1062 ex

985 1078 1053 1106 Filio
1069 1084 1120 1112 est,
1138 1084 1164 1106 et
1176 1081 1212 1107 ab
1222 1087 1255 1106 eo
1268 1081 1397 1107 mittitur.

1206 1137 1345 1165 Decimum
1365 1138 1566 1174 Argumentum.

1021 1181 1071 1210 Dat
1097 1182 1254 1211 homiuilms
1279 1184 1349 1211 Deus
1364 1184 1444 1212 Pater
1471 1184 1624 1218 Spiritum.
1651 1187 1776 1214 Aitenim

986 1228 1116 1256 Dominus
1128 1230 1154 1256 ιιι
1172 1229 1253 1257 Lucae
1291 1230 1454 1266 Evangelia:
1479 1231 1585 1264 Quanto
1603 1233 1689 1266 magis
1702 1231 1779 1259 Pater

984 1279 1067 1302 vester
1079 1276 1190 1302 cmlestis
1203 1276 1277 1303 dabit
1289 1276 1419 1311 Spiritum
1433 1278 1528 1305 bonum
1539 1279 1688 1312 petentibus
1702 1287 1729 1305 se
1737 1279 1757 1294 "
1769 1279 1780 1305 ?

985 1325 1012 1347 et
1034 1321 1148 1355 apostoli
1177 1321 1205 1348 in
1231 1321 1365 1350 Actibus:
1381 1321 1437 1350 Nos
1466 1331 1558 1350 sumus
1580 1328 1660 1351 testes
1689 1324 1779 1351 [totum

985 1366 1133 1399 verborum,
1147 1373 1171 1409 et
1185 1367 1301 1402 Spiritus
1328 1375 1448 1401 sanctus,
1465 1378 1542 1406 quem
1567 1370 1639 1397 dedit
1657 1371 1781 1398 Dominus

986 1410 1107 1437 omnibus
1128 1412 1306 1439 audientibus
1341 1413 1391 1447 ipsi
1407 1414 1441 1442 ⁸⁸.
1464 1414 1493 1440 Et
1509 1415 1608 1441 iterum
1623 1425 1630 1442 :
1647 1415 1715 1448 Quis
1736 1424 1780 1450 ego

986 1464 1055 1488 sum,
1069 1461 1097 1483 ut
1112 1457 1255 1492 impediant
1266 1458 1347 1486 Deum
1360 1460 1424 1486 dare
1436 1461 1564 1494 Spiritum
1579 1467 1704 1487 sanctum
1725 1471 1780 1488 cre-

986 1502 1109 1530 dentibus
1125 1504 1150 1530 in
1171 1505 1277 1532 nomine
1303 1505 1368 1532 Iesu
1381 1506 1403 1521 θ’
1414 1506 1425 1532 ?
1436 1506 1469 1533 Et
1494 1505 1614 1534 Joannes
1630 1508 1658 1534 in
1676 1509 1779 1543 prima:

988 1545 1022 1573 In
1032 1548 1080 1574 hoc
1096 1550 1288 1583 cognoscimus,
1303 1551 1365 1586 quia
1394 1552 1420 1578 in
1433 1560 1463 1579 eo
1493 1561 1638 1585 "sanemus,
1652 1559 1677 1580 et
1692 1555 1746 1587 ipse
1758 1556 1782 1581 in

988 1593 1146 1629 nobis,quod
1162 1602 1194 1621 ea:
1214 1595 1316 1628 Spiritu
1334 1605 1382 1624 suo
1393 1598 1466 1624 dedit
1479 1600 1554 1626 nobis
1569 1600 1603 1627 "°.
1618 1600 1652 1627 Et
1667 1603 1783 1636 Aposto-

987 1638 1029 1666 lus
1041 1638 1076 1666 ad
1099 1639 1229 1668 Galatas:
1246 1641 1299 1673 Qui
1314 1643 1396 1677 igitur
1421 1643 1493 1670 dedit
1515 1646 1586 1672 vobis
1611 1634 1741 1679 Spiritum
1758 1654 1781 1675 ει

987 1690 1111 1719 operatur
1135 1687 1244 1714 uirtutes
1261 1689 1286 1714 in
1305 1689 1415 1716 vobis".
1431 1689 1462 1716 Et
1476 1691 1509 1717 ad
1531 1690 1688 1726 Ephesios:
1703 1693 1782 1720 Pater

987 1732 1079 1767 glorise
1095 1732 1136 1759 det
1154 1733 1224 1760 uobis
1238 1733 1367 1767 Spiritum
1379 1736 1517 1769 supimtitc
1529 1742 1555 1763 et
1567 1738 1734 1765 resolutionis
1746 1741 1780 1764 τ’.

989 1777 1020 1804 lit
1033 1777 1066 1804 ad
1097 1777 1377 1807 Thessalonicenses:
1395 1779 1447 1807 Sed
1477 1781 1571 1815 Deum,
1594 1784 1680 1817 quiet
1713 1784 1780 1810 dedit

989 1825 1121 1859 Spiritum
1134 1832 1256 1853 sanctum
1268 1835 1345 1854 suum
1357 1828 1384 1854 in
1401 1827 1471 1854 vobis
1484 1828 1517 1855 ".
1527 1829 1596 1862 Quia
1611 1836 1677 1856 vero
1699 1829 1783 1864 Spiri-

988 1875 1033 1898 tus
1047 1877 1162 1899 sanctus
1174 1874 1218 1899 dat
1240 1871 1361 1905 Pattem,
1394 1882 1528 1909 nusquam
1561 1875 1697 1910 scriptum
1717 1881 1779 1907 est;

988 1924 1052 1952 ergo
1065 1918 1255 1953 inseparabilis
1275 1923 1303 1946 et
1319 1920 1492 1948 indivisi-hilis
1517 1928 1580 1948 cntn
1600 1927 1677 1949 esset
1691 1922 1780 1950 Trini-

988 1967 1037 1995 tas,
1051 1963 1201 1992 dubitabile
1216 1965 1339 2000 profecto
1357 1966 1486 2000 eﬁicitur,
1502 1967 1643 2001 quomodo
1657 1975 1711 1995 ttna
1727 1976 1783 2002 per-

988 2017 1054 2037 sona
1067 2010 1148 2037 aliam
1163 2010 1219 2044 dat,
1238 2011 1280 2038 vel
1295 2013 1432 2046 quomodo
1455 2013 1584 2047 possibile
1614 2019 1657 2041 cst
1672 2022 1687 2040 a
1706 2015 1781 2041 nobis

988 2055 1072 2090 accipi
1089 2054 1219 2091 Spiritum
1234 2062 1373 2090 sanctutn,
1396 2065 1450 2085 non
1476 2059 1674 2094 accipientibus
1704 2061 1781 2087 simul

989 2106 1015 2127 et
1024 2100 1132 2128 Patretn
1141 2101 1184 2128 ?si
1199 2109 1261 2129 vero
1272 2103 1358 2129 nihilo
1380 2103 1473 2131 minus
1497 2103 1616 2137 Patrem,
1630 2112 1713 2140 qttam
1724 2107 1782 2140 Spi-

989 2147 1070 2173 ritum
1085 2147 1246 2181 accipimus,
1271 2150 1382 2183 quando
1397 2149 1528 2184 Spiritum
1541 2151 1707 2185 accipimus,
1726 2160 1781 2186 quas

991 2193 1061 2220 ratio
1072 2199 1159 2224 est,ut
1173 2202 1226 2221 non
1254 2195 1382 2223 similiter
1397 2201 1424 2222 et
1449 2194 1556 2224 Pat‘retn
1569 2205 1585 2224 a
1603 2197 1710 2232 Spiritu
1727 2200 1781 2226 dari

148 2244 247 2272 festum
279 2242 359 2269 nobis
391 2241 448 2268 ﬁeri
480 2240 514 2266 ah
527 2247 572 2272 eo,
600 2239 672 2274 quod
699 2246 733 2266 ex
758 2246 791 2266 eo
820 2243 873 2266 est.
903 2240 937 2265 At
952 2241 975 2269 D
990 2239 1145 2265 scribatur?
1163 2238 1191 2266 Si
1209 2247 1272 2266 vero
1286 2240 1357 2268 dicet
1381 2241 1490 2276 aliquis.
1501 2243 1574 2277 quod
1590 2245 1717 2278 accipere
1730 2245 1773 2279 ενι

148 2296 213 2315 vero
224 2287 351 2315 similiter
362 2284 434 2312 Patri
444 2289 471 2311 et
480 2284 565 2310 Filios
579 2283 665 2310 mittit
682 2282 828 2317 Spiritum,
844 2287 937 2310 etnon

151 2334 270 2361 tuittitur
285 2332 399 2366 abipso.
411 2329 487 2357 Licet
497 2330 570 2356 enim
587 2329 660 2356 dicat
675 2329 760 2356 Isaias
773 2337 805 2356 ex
820 2336 938 2364 persona

149 2381 210 2408 Filii
235 2390 243 2408 :
269 2379 343 2406 Misit
371 2385 411 2404 me
427 2376 556 2403 Dominus
581 2381 605 2402 et
640 2376 757 2410 Spiritus
784 2376 841 2409 ejus
852 2376 893 2408 ";
912 2380 939 2403 et

151 2429 266 2457 iterum,
285 2425 401 2460 Spiritus
428 2423 533 2450 Domini
565 2432 642 2456 super
660 2432 717 2454 me,
733 2429 840 2458 propter
868 2424 938 2459 quod

150 2476 226 2502 unxit
260 2482 310 2505 me,
330 2471 511 2506 euungetiaare
541 2469 700 2504 pauperibus
729 2470 800 2496 misit
837 2477 876 2496 me
894 2471 936 2496 "1

151 2529 241 2549 tamen
261 2528 315 2556 qua
340 2524 437 2546 natura
460 2517 588 2544 convenit
613 2515 681 2542 Filio
714 2523 813 2543 vocare
827 2516 937 2542 Patrem

151 2568 310 2598 dominum,
323 2566 368 2592 illa
387 2564 480 2598 utiqtte
495 2568 522 2590 et.
539 2562 608 2589 mitti
630 2569 644 2588 a
658 2562 760 2596 Spiritu
775 2569 803 2588 se
816 2561 864 2589 ait.
879 2561 937 2588 Non

151 2615 224 2642 enim
251 2613 318 2638 dixit
346 2611 463 2645 Spiritus
491 2609 549 2639 Dei,
571 2608 612 2636 vel
638 2608 739 2639 Patris,
760 2608 805 2636 sed
821 2607 936 2641 Spiritus

152 2659 259 2687 Domini
282 2658 353 2685 misit
368 2657 427 2683 mei.
446 2656 588 2683 Dominum
607 2662 670 2682 vero
687 2654 806 2686 Patrem,
820 2662 873 2681 non
892 2662 935 2680 sc-

151 2709 271 2734 cun‘tutn
290 2712 366 2731 suam
383 2704 522 2736 deitatem,
540 2702 586 2729 sed
611 2701 816 2728 huutauitatem.
833 2700 938 2727 Secun-

152 2754 216 2780 dutn
230 2759 295 2786 ergo
314 2751 509 2778 humanitatem
524 2749 550 2775 in
566 2747 713 2782 propositis
730 2747 811 2774 dictis
841 2746 940 2773 intelli~

485 2859 507 2874 θλ
522 2858 573 2885 Isa.
590 2865 644 2887 L'tl,
664 2857 674 2883 1
691 2865 698 2889 ;
714 2856 778 2883 an.
796 2864 833 2887 tv,
855 2856 895 2882 l8.

533 2894 555 2908 7°
584 2892 662 2918 .Iuau.
690 2900 725 2923 tv,
757 2892 798 2917 1-3.

191 2862 211 2875 "
228 2860 348 2887 lsa..u.vt
365 2868 382 2891 t,
403 2859 445 2886 16.

153 2905 180 2928 ν,
288 2896 309 2910 υ
325 2897 382 2921 Act.
400 2903 425 2925 κ,
440 2895 484 2921 Η.

938 2855 960 2872 ⁸³
980 2855 1066 2883 Galat.
1087 2864 1124 2887 tv,
1145 2856 1171 2883 ι.

850 2891 870 2906 τι
889 2891 976 2918 (ῑιιιιι.
996 2899 1035 2922 ιιι,
1049 2891 1074 2918 Pi.

993 2284 1073 2310 ritum
1087 2290 1224 2316 sancttun,
1238 2293 1299 2312 ctttn
1311 2294 1361 2313 nos
1371 2287 1406 2313 ab
1420 2295 1453 2314 eo
1463 2288 1655 2322 accipimur.et
1666 2290 1781 2323 aliquam

993 2332 1162 2366 spiritualem
1177 2333 1364 2367 operationem
1381 2336 1500 2369 patimur
1513 2336 1545 2362 ab
1557 2343 1600 2368 eo,
1615 2341 1642 2364 et
1654 2337 1778 2371 spiritua-

991 2378 1017 2404 le
1032 2377 1141 2412 aliquod
1168 2377 1270 2405 donum
1284 2378 1318 2406 ab
1331 2387 1363 2406 eo
1375 2382 1536 2415 accipimus,
1555 2382 1596 2408 vel
1613 2382 1783 2417 sapientiam,

994 2424 1033 2451 vel
1046 2424 1176 2460 linguam,
1191 2425 1231 2452 vel
1243 2426 1423 2460 prophetiam,
1450 2428 1489 2454 vel
1500 2431 1661 2460 potestatem
1678 2429 1782 2457 solven~

994 2469 1020 2496 di
1036 2475 1063 2497 et
1074 2470 1184 2504 ligandi,
1199 2470 1239 2497 vel
1253 2470 1354 2506 aliquid
1365 2472 1417 2499 tale
1427 2492 1434 2505 ,
1444 2478 1470 2499 et
1479 2473 1528 2500 ltoc
1543 2478 1583 2499 est
1597 2474 1669 2508 quod
1681 2483 1730 2501 nos
1741 2483 1782 2502 ac-

986 2517 1109 2552 Vcipimtts
1119 2517 1219 2550 ipsum;
1231 2517 1294 2552 quia
1302 2525 1317 2544 ο
1327 2525 1459 2545 converso
1472 2519 1621 2553 accipimur
1628 2525 1656 2546 ct
1668 2520 1734 2546 bene
1743 2529 1779 2556 pa-

993 2561 1076 2588 timur
1085 2562 1118 2588 ab
1129 2561 1197 2596 ipso,
1208 2561 1371 2589 inaltcrabili
1382 2567 1407 2589 et
1420 2563 1580 2591 immutabili
1589 2572 1621 2591 eo
1640 2572 1778 2592 manente:

995 2614 1037 2635 est
1061 2607 1184 2643 quidem,
1209 2616 1291 2644 prout
1318 2611 1411 2643 credo,
1429 2611 1546 2646 Spiritus
1571 2613 1695 2646 acceptio
1719 2615 1780 2639 bene

994 2661 1132 2688 exptessa,
1150 2657 1223 2690 quod
1239 2663 1302 2682 vero
1332 2657 1474 2690 quaeritur,
1496 2658 1581 2684 nihilo
1594 2659 1781 2693 magisiuven-

995 2705 1051 2727 tum
1068 2702 1171 2734 est,,vel
1188 2700 1299 2728 dubium
1327 2703 1457 2730 solutum.
1474 2703 1539 2730 Nam
1556 2704 1577 2730 si
1600 2704 1686 2731 nihilo
1703 2705 1782 2739 magis

993 2753 1007 2771 a
1027 2745 1130 2780 Spiritu
1144 2753 1241 2774 sancto
1253 2747 1411 2783 accipimur,
1434 2755 1461 2777 ct
1475 2749 1637 2777 beneﬁcium
1659 2752 1781 2786 patimur,

1227 2857 1249 2873 ⁶⁶
1270 2857 1334 2884 ibid.
1351 2857 1377 2884 6.

1113 2892 1135 2906 ⁷²
1153 2891 1250 2925 Ephes.
1274 2905 1291 2924 ι,
1308 2893 1348 2919 l7.

1416 2858 1439 2874 "
1457 2857 1522 2884 Luc.
1541 2866 1575 2888 si,
1593 2858 1637 2884 13.
1689 2858 1711 2873 ⁸⁸
1723 2863 1776 2886 .tct.

1387 2893 1538 2920 τ³1ἶ”ιιυδξ.
1559 2902 1594 2925 tv,
1615 2895 1640 2919 8.
