1868 3069
81 169 151 201 1225

773 163 848 194 PRO
869 163 1038 194 LATlNlS.

1648 162 1716 194 1325

78 231 105 254 et
120 226 194 252 dona
213 223 374 259 accipimus,
388 229 469 258 quam
494 229 510 249 a
539 221 618 248 Patre
632 219 873 254 ;:eqnaliterenim
889 222 913 250 Α
927 219 1080 254 dirigamur
1097 218 1130 246 ad
1158 219 1374 254 intelligendum,
1403 219 1476 253 quod
1509 218 1589 246 Pater
1616 219 1718 253 princi'

78 278 104 300 ct
116 271 244 300 similiter
258 278 274 298 a
289 271 377 298 tribus
399 269 523 305 personis
549 267 704 302 huiusmodi
739 265 871 294 beneﬁcia

78 319 159 346 nobis
171 318 320 346 eveniunt:
344 324 405 352 qua:
419 323 502 344 causa
520 318 602 349 est,ut
632 322 694 342 eum
715 312 871 347 huiusmodi

79 364 213 392 beneﬁcia
239 364 408 398 aequalitera
435 363 515 390 Patre
526 366 554 389 ct
577 360 680 395 Spiritu
708 360 870 395 accipimus,

78 411 160 438 Pater
177 411 286 446 quidem
297 410 404 438 dicatur
417 409 482 436 dare
491 407 570 435 nobis
583 406 714 442 Spiritum
732 409 868 438 sanctum,

79 457 153 484 hunc
173 463 238 484 vero
250 464 265 484 ε
279 462 410 482 converso
423 455 535 482 minime
548 454 686 482 scribatur
700 461 706 480 :
725 460 760 479 an
787 456 871 484 certe,

78 504 209 538 quoniam
228 510 337 536 semper
365 501 421 532 ille,
435 501 481 536 qui
499 500 545 527 dat
562 499 676 534 aliquid,
694 499 721 526 in
737 503 869 533 quantum

80 551 134 581 dat,
151 549 279 584 principii
304 549 439 575 rationem
458 546 539 574 habet
553 545 587 573 ad
616 546 641 572 id
673 545 746 580 quod
779 545 880 577 datur,

79 601 121 623 est
139 599 232 622 autem
243 598 271 622 et
283 594 363 621 Pater
375 593 537 628 principium
562 591 680 627 Spiritus
695 591 781 620 sancti
796 610 803 622 ,
816 590 871 618 dici

80 643 191 677 quidem
210 641 319 668 Patrem
337 640 397 667 dari
411 647 426 667 a
441 639 546 674 Spiritu
560 637 872 670 sancto,absurdissime

80 689 239 720 diceretur;
269 688 333 722 quia
362 694 428 714 vero
455 686 534 714 Pater
556 685 603 712 dat
629 684 782 718 Spiritutn,
807 691 872 711 con-

80 735 278 770 grnentissime
292 733 403 764 dicitur,
418 737 447 759 ut
462 732 560 759 exinde
577 732 773 766 intelligamus,
795 731 872 758 illum

80 779 192 814 quidem
210 783 339 813 tanquam
372 777 557 812 principium,
582 777 656 804 hunc
689 781 779 804 autern
810 782 872 804 tan-

80 833 163 860 quam
181 833 215 853 ει
226 832 278 858 eo;
294 830 320 852 et
334 825 371 851 ita
381 824 452 851 dicta
469 824 496 851 in
522 828 644 858 tempore
656 823 731 851 datio
755 823 872 858 Spiritus

81 871 182 903 sancti,
199 871 304 898 reducit
316 878 366 898 nos
380 870 413 898 ad
436 871 628 905 sempiternam
647 869 707 905 ejus
724 877 758 897 ex
775 870 871 897 eodem

81 917 299 951 processionetn.
321 916 356 944 At
386 924 452 944 vero
480 921 508 944 et
526 917 612 944 Filius
636 917 716 944 datin
730 916 872 951 Scriptura

83 963 216 998 Spiritum
234 968 368 991 sanctum.
385 962 539 991 lnsul'ilavit
551 964 636 996 enim,
652 969 680 991 et
708 963 777 990 dixit
793 963 876 990 disci-

83 1009 303 1044 pnlis:Accipite
332 1009 462 1043 Spiritum
486 1014 608 1036 sanctum
625 1009 656 1036 ".
685 1009 715 1036 Et
732 1009 759 1036 in
788 1010 874 1044 prima

83 1056 219 1084 catholica
234 1056 353 1090 Epistola
366 1056 404 1083 ait
419 1055 516 1083 beatus
539 1054 660 1083 Joannes
681 1055 716 1082 de
742 1055 853 1082 Christo
867 1065 874 1082 :

83 1104 115 1131 In
127 1104 178 1130 Ixoc
194 1103 383 1138 cognoscimus,
395 1104 458 1139 quia
485 1094 572 1130 manet
582 1103 608 1130 in
626 1102 711 1135 nobis,
727 1102 758 1131 de
772 1101 875 1137 Spiritu

82 1158 159 1185 quem
174 1150 246 1177 nobis
261 1149 332 1176 dedit
346 1149 380 1178 "'.
406 1149 476 1182 Quia
487 1157 551 1177 vero
564 1149 683 1184 Spiritus
706 1155 817 1177 sanctus
831 1149 877 1176 dat

83 1195 197 1228 Filium,
212 1202 345 1230 nusquam
364 1195 496 1230 scripturn
512 1200 563 1222 est.
579 1194 715 1229 Quoniam
731 1202 796 1230 ergo
811 1194 877 1222 dare

83 1242 218 1276 Spiritum
234 1247 260 1269 et
274 1249 328 1269 non
341 1241 400 1268 dari
413 1242 447 1268 ab
461 1249 506 1273 co,
533 1248 677 1268 commune
692 1245 734 1269 est
747 1241 836 1268 Patris
851 1245 878 1268 ct

82 1288 334 1320 Filii;communia
363 1295 428 1315 vero
452 1287 640 1315 indilierenter
662 1291 726 1314 sunt
753 1295 878 1315 commn-

84 1334 146 1361 nia:
165 1334 292 1361 similiter
305 1334 400 1369 utique
421 1334 556 1362 intellecta
577 1334 688 1362 datione
700 1338 727 1362 et
741 1334 877 1369 acceptio-

84 1388 117 1407 ne
131 1381 158 1407 in
173 1379 241 1408 Filio
257 1385 283 1408 et
299 1380 403 1415 Spiritu
419 1399 427 1412 ,
451 1381 522 1409 sicut
538 1381 564 1408 in
592 1381 671 1409 Patre
697 1387 724 1409 et
753 1381 855 1417 Spiritu
870 1391 877 1415 ;

85 1433 198 1453 necesse
213 1429 254 1452 est
273 1434 306 1452 es
331 1434 364 1454 eo
381 1426 439 1460 ipso
464 1427 616 1461 intelligere
628 1434 689 1459 nos,
705 1429 777 1462 quod
792 1426 879 1454 Filius

85 1472 249 1506 principium
263 1477 306 1500 est
326 1472 456 1507 Spiritus,
472 1476 499 1500 et
509 1472 632 1507 Spiritus
659 1473 879 1509 intemporaliter

83 1525 127 1547 est
140 1526 172 1545 ex
186 1519 255 1554 ipso.

297 1607 470 1637 Undecimttm
483 1609 685 1645 Argumentum.

122 1687 243 1715 Eﬂ'uudit
257 1689 284 1716 in
302 1689 442 1723 Scriptura
455 1697 533 1718 sacra
555 1690 636 1719 Pater
649 1691 782 1726 Spiritum
798 1698 879 1719 sanc-

85 1741 157 1765 tum.
174 1733 218 1760 Ait
233 1734 324 1761 enim:
341 1733 488 1769 Effundam
499 1743 517 1762 a
531 1735 634 1770 Spiritu
650 1745 706 1764 meo
734 1745 813 1772 super
827 1745 882 1764 om-

86 1787 147 1806 nem
162 1787 269 1806 carnem
285 1779 319 1807 ".
334 1779 371 1807 De
383 1788 438 1815 quo
453 1781 515 1816 quis
529 1782 629 1809 merito
650 1782 796 1816 dubitabit,
813 1792 882 1818 quo-

85 1826 170 1854 modo
185 1825 346 1858 effunditur,
364 1827 436 1862 quod
453 1835 507 1855 non
532 1833 574 1856 est
589 1829 706 1858 humidae
723 1835 828 1858 naturae
840 1831 882 1858 Vel

85 1873 251 1905 deﬂuentis,
270 1874 311 1901 vel
326 1874 464 1909 quomodo
487 1875 590 1910 patitur
611 1876 725 1912 aliquid,
756 1877 826 1912 quod
839 1885 883 1912 pe-

87 1921 163 1948 nitus
174 1924 215 1948 εει
226 1920 416 1955 impassibile;
431 1927 463 1947 ac
478 1921 500 1948 si
514 1928 578 1948 vera
589 1927 632 1950 est
654 1922 742 1951 Patris
757 1927 784 1950 et
797 1923 883 1958 Spiri-

86 1971 132 1994 tus
144 1967 232 1994 sancti
250 1967 386 2001 operatio,
399 1971 427 1994 et
441 1967 635 1996 estell‘undere
662 1970 785 2004 operatio
811 1978 885 2005 qua:—

86 2015 169 2042 dam:
187 2019 214 2042 et
230 2015 288 2049 ipse
300 2022 366 2048 ergo
378 2022 407 2042 se
438 2015 527 2050 ipsum
541 2015 668 2043 eﬂ'undit.
681 2016 733 2043 Sed
746 2017 885 2051 quomodo

86 2068 151 2088 cum
172 2067 244 2088 esset
257 2061 479 2096 simplicissimus
497 2061 555 2095 ipse
571 2061 602 2087 all
630 2063 750 2096 seipsum
765 2062 840 2095 facit,
858 2067 886 2090 et

86 2115 102 2134 a
118 2114 147 2133 se
161 2107 220 2142 ipso
234 2107 360 2139 patitur?
385 2106 408 2133 si
427 2114 491 2134 vero
509 2107 581 2134 dicet
613 2108 725 2142 aliquis,
754 2109 826 2144 quod
843 2109 886 2137 ef-

86 2154 165 2184 l'undi
183 2156 240 2188 ipse
257 2155 370 2187 dicitur,
385 2163 418 2182 eo
450 2154 523 2189 quod
546 2155 606 2190 ejus
626 2156 713 2190 gratia
726 2155 885 2190 eﬂ'unditur,

85 2207 117 2230 ut
129 2203 261 2233 scriptum
277 2207 319 2230 est
336 2203 362 2229 in
375 2202 498 2234 Actibus,
516 2203 587 2238 qttod
603 2202 637 2229 Et
653 2204 679 2229 in
694 2203 813 2237 gentibus
822 2191 885 2237 fra-

923 265 998 300 pium
1011 270 1054 293 est
1074 265 1204 300 Spiritus.
1220 264 1336 292 Necesse
1364 265 1435 292 enim
1461 270 1513 297 est,
1529 270 1559 291 nt
1575 265 1719 299 sempiter-

924 320 958 338 na
974 319 1021 346 per
1034 319 1067 338 ea
1082 319 1142 346 qua;
1157 311 1342 346 temporaliter
1368 311 1395 338 in
1408 311 1558 346 Scripturis
1570 311 1699 338 dicuntur
1711 331 1718 343 ,

924 362 1052 392 tanquam
1069 365 1116 391 per
1143 356 1269 392 quzedam
1301 357 1390 392 signa,
1422 358 1571 384 secundum
1599 357 1718 392 aliquant

923 403 1133 431 similitudinem
1165 404 1363 438 signiﬁcentur.
1379 403 1413 430 At
1428 411 1493 430 vero
1503 408 1531 431 et
1552 404 1638 431 Filius
1653 405 1720 431 dici-

923 455 966 478 tor
981 451 1008 478 in
1045 449 1187 484 Scriptura
1223 450 1365 477 effundere
1395 450 1540 485 Spiritum.
1573 451 1618 477 Ait
1646 452 1721 478 enim

923 497 1071 532 Apostolus
1089 497 1121 524 ad
1151 497 1261 523 Titum:
1294 496 1447 524 Secundum
1461 505 1538 523 suam
1571 499 1721 525 misericor-

922 546 994 571 diam
1011 544 1098 571 saluoa
1112 553 1160 572 nos
1187 545 1260 578 fecit,
1276 552 1322 578 per
1352 544 1490 571 lavacrum
1517 545 1721 579 regenerationis

921 596 946 619 et
964 591 1142 618 renovationis
1171 590 1286 625 Spiritus
1309 592 1405 622 sancti,
1419 599 1495 624 quem
1525 591 1618 625 effudit
1633 592 1723 619 aditus

922 638 1025 672 copiose
1039 645 1085 672 per
1094 637 1184 664 Iesum
1202 636 1337 663 Christum
1355 636 1523 665 Salvatorem
1552 643 1672 665 nostrum
1688 639 1723 665 ⁷⁸.

923 684 1031 712 Eﬁ'untli
1047 685 1118 712 enim
1132 685 1169 712 ait
1185 684 1315 717 Spiritum
1331 692 1379 719 per
1404 684 1515 716 Filium,
1546 686 1676 719 quoniam
1693 686 1719 712 i.|

923 731 1012 766 ipsum
1026 737 1054 758 ιιι
1069 731 1189 759 effundat
1209 731 1354 766 Spiritum,
1380 731 1461 758 habet
1477 731 1562 758 Filius
1579 739 1611 759 ex
1631 734 1722 766 Patro,

923 778 994 812 quod
1011 777 1180 812 significatur
1194 785 1225 804 ex
1243 777 1296 804 alia
1326 777 1478 810 Scriptura.
1497 777 1632 813 Scriptum
1649 779 1723 805 enim

924 829 966 852 est
981 825 1008 851 in
1035 824 1165 851 Actibus:
1188 823 1370 853 Promissione
1387 823 1502 858 Spiritus
1518 825 1604 851 sancti
1621 831 1726 859 occepta

891 888 912 915 η
926 879 942 897 (ι
956 871 1049 903 Patre,
1059 871 1158 905 effudit
1183 870 1232 897 hac
1245 871 1315 906 quod
1336 879 1404 897 nunc
1415 871 1508 898 videtis
1524 876 1548 898 et
1567 872 1664 898 auditis
1689 873 1722 900 τ’.

929 916 1006 950 Quod
1024 925 1089 944 vero
1101 917 1219 952 Spiritus
1242 917 1364 944 eﬂnndat
1391 916 1501 948 Filium,
1521 918 1652 953 scriptum
1669 926 1723 946 non

929 967 980 991 est.
994 963 1085 995 Quare
1098 968 1126 991 et
1146 971 1178 990 ex
1199 962 1250 990 hoc
1267 962 1364 990 Filium
1393 962 1558 998 principium
1585 970 1647 990 esse
1663 963 1725 997 Spi-

930 1010 1000 1036 ritus
1014 1009 1199 1036 concluditur.

1123 1078 1315 1105 Duodecimum
1331 1078 1529 1113 Argumentum.

966 1147 1094 1182 Accepta,
1109 1147 1157 1179 ait,
1173 1155 1189 1173 a
1217 1145 1299 1172 Patre
1310 1147 1483 1181 promissione
1501 1146 1617 1182 Spiritus
1628 1149 1726 1182 sancti,

931 1194 1020 1228 eﬂudit
1033 1194 1082 1220 hoc
1104 1194 1173 1228 quod
1193 1201 1261 1220 nunc
1279 1193 1372 1219 uidetis
1385 1197 1410 1219 et
1437 1194 1547 1220 auditis.
1566 1194 1622 1220 Iloc
1635 1198 1724 1221 autem

931 1241 980 1273 ait,
993 1248 1046 1268 non
1061 1239 1124 1274 quia
1142 1239 1222 1267 habet
1255 1239 1358 1273 aliquid
1373 1238 1467 1271 Pater,
1481 1240 1553 1274 quod
1569 1239 1656 1267 Filius
1672 1249 1726 1267 non

932 1293 1041 1320 semper
1076 1286 1167 1318 habet,
1182 1290 1210 1313 et
1232 1285 1408 1320 postmodum
1430 1286 1456 1313 id
1475 1287 1563 1321 ipsum
1599 1287 1700 1321 accipit
1714 1297 1727 1312 :\

931 1331 1022 1359 Patre.
1037 1330 1104 1358 Nam
1121 1331 1337 1366 intemporaliter
1348 1339 1410 1358 cum
1427 1336 1498 1359 esset
1511 1340 1525 1358 a
1541 1332 1621 1360 Patre
1635 1337 1729 1362 natus.

933 1379 985 1405 hoc
1010 1378 1070 1412 ipso
1082 1377 1155 1412 quod
1189 1377 1406 1412 intemporaliter
1422 1384 1454 1404 ex
1472 1385 1504 1404 co
1517 1381 1596 1405 natus
1625 1383 1678 1409 est,
1695 1378 1730 1405 ab

932 1427 1036 1451 aeterno
1052 1423 1156 1450 habens
1171 1430 1204 1450 ex
1226 1423 1305 1451 Patre
1319 1423 1412 1450 omnia
1436 1431 1607 1459 quaecunque
1628 1424 1708 1452 habet
1721 1444 1729 1455 ,

934 1469 1035 1497 dicitur
1049 1469 1173 1504 accipere
1187 1477 1202 1496 δ
1215 1469 1296 1497 Patre
1310 1478 1317 1502 ;
1338 1478 1392 1497 non
1407 1478 1470 1504 qua:
1486 1471 1561 1505 prius
1577 1478 1632 1498 non
1648 1472 1732 1499 habe-

934 1517 990 1548 bat,
1010 1515 1057 1543 sed
1074 1515 1240 1543 aeternaliter
1272 1523 1334 1550 quae
1368 1524 1399 1543 ex
1413 1524 1446 1543 eo
1471 1517 1609 1545 cxsistens
1639 1518 1730 1545 habet.

892 1565 914 1594 α
929 1561 1020 1594 Quare
1033 1560 1104 1595 quod
1131 1560 1264 1595 scriptum
1281 1565 1333 1593 est,
1355 1562 1480 1596 accipere
1498 1563 1586 1597 ipsum
1608 1571 1622 1590 a
1638 1562 1729 1594 Patrt-.

932 1607 1113 1642 signiﬁcatum
1132 1611 1175 1634 est
1186 1607 1352 1634 aitet-ualitcr
1365 1615 1398 1635 cx
1412 1607 1494 1636 Patre
1515 1609 1604 1643 ipsum
1619 1617 1690 1642 esse,
1706 1614 1734 1636 rt

933 1654 1033 1681 habere
1048 1660 1217 1688 quacunque
1238 1653 1329 1681 habet.
1346 1659 1381 1681 At
1407 1662 1473 1682 vero
1501 1656 1671 1683 sicutFilius
1693 1657 1734 1684 di<

933 1699 1007 1727 citur
1019 1699 1144 1733 accipere
1157 1707 1171 1726 a
1187 1699 1280 1733 Patre,
1298 1704 1325 1727 et
1352 1700 1492 1729 eﬂ'undere
1522 1703 1665 1738 apostolis,
1694 1703 1731 1730 ita

934 1745 1055 1780 Spiritus
1072 1749 1184 1773 sanctus
1209 1746 1311 1774 dicitur
1327 1748 1452 1782 accipere
1477 1756 1510 1776 ex
1534 1749 1615 1782 Filio,
1644 1756 1671 1778 et
1682 1759 1733 1778 an-

934 1792 1061 1820 nuntiare
1075 1792 1191 1820 eisdem.
1210 1791 1255 1820 Ait
1266 1793 1339 1820 enim
1361 1801 1369 1820 :
1389 1794 1427 1821 De
1437 1802 1494 1822 meo
1512 1797 1633 1832 accipiet,
1647 1803 1671 1826 et
1687 1807 1736 1826 tm-

935 1838 1068 1865 nuntiabit
1083 1838 1153 1865 vobis
1172 1838 1206 1866 ⁸⁸.
1233 1838 1325 1872 Quare
1339 1843 1367 1866 et
1385 1840 1437 1867 hoc
1458 1841 1584 1870 similiter
1598 1843 1735 1878 signiﬁca-

936 1889 993 1912 tum
1005 1883 1068 1917 erit,
1082 1884 1155 1918 quod
1171 1884 1231 1919 ipse
1253 1885 1373 1920 Spiritus
1397 1891 1510 1914 sanctus
1523 1895 1556 1914 ex
1580 1888 1736 1917 Filioaater-

935 1930 1033 1956 naliter
1047 1933 1089 1956 est
1105 1934 1132 1956 et
1152 1930 1232 1957 habet
1258 1937 1432 1966 quascunque
1458 1932 1558 1960 habet:
1580 1934 1691 1962 sicutct
1702 1943 1735 1963 ex

936 1974 1025 2002 Patre.
1044 1974 1101 2002 lioc
1118 1981 1208 2003 autem
1222 1980 1296 2010 patet
1312 1982 1340 2004 et
1364 1985 1411 2011 per
1427 1979 1607 2012 prmcedentia
1627 1981 1708 2009 verba
1724 1991 1732 2014 ;

937 2021 1006 2048 dixit
1020 2021 1113 2048 enim:
1133 2021 1200 2048 Cum
1224 2024 1322 2049 venerit
1340 2023 1385 2051 ille
1406 2023 1524 2058 Spiritus
1539 2027 1671 2061 veritatis,
1689 2028 1736 2055 do—

937 2067 1004 2094 cebit
1017 2076 1060 2094 vos
1092 2076 1193 2095 onmem
1211 2061 1346 2097 ueritatem
1360 2071 1394 2099 ".
1411 2071 1514 2100 Deinde
1540 2075 1670 2108 quoniam
1689 2085 1737 2111 per

938 2115 991 2142 hoc
1004 2116 1127 2150 quaedam
1157 2116 1305 2144 diminutio
1328 2122 1420 2152 posset
1436 2120 1525 2154 putari
1555 2121 1614 2154 ejus
1642 2121 1733 2149 Filio:

938 2162 1073 2197 siquidem
1089 2162 1187 2189 docere
1215 2164 1355 2197 apostolus
1381 2172 1491 2192 omnem
1505 2166 1660 2200 veritatem,
1679 2176 1735 2196 rem

940 2210 1054 2237 tantam,
1090 2205 1148 2240 ipse
1178 2207 1289 2241 quidem
1318 2216 1374 2236 non
1405 2209 1480 2242 fecit,
1509 2210 1638 2246 Spiritum
1671 2221 1736 2240 vero

85 2250 126 2276 tia
145 2248 261 2283 Spiritus
272 2249 360 2275 sancti
376 2248 462 2283 e/fusa
477 2254 516 2276 est
532 2249 555 2265 ⁷⁷
571 2257 578 2282 ;
600 2249 652 2276 hoc
662 2254 753 2276 autem
771 2255 881 2284 propter
897 2233 922 2264 Β
935 2255 1060 2280 sanctum
1078 2253 1129 2279 hoc
1142 2253 1180 2280 ait
1199 2253 1335 2280 facturum
1363 2255 1430 2288 fore,
1461 2233 1544 2284 inferi
1566 2266 1572 2284 :
1592 2258 1653 2285 Non
1665 2261 1736 2286 enim

84 2297 226 2330 copiosam
246 2299 273 2322 et
287 2295 473 2322 abundantem
498 2295 636 2322 donorum
660 2295 879 2323 distributionem

85 2344 119 2370 ad
135 2342 238 2370 multos
252 2342 343 2369 subito
362 2346 546 2369 transeuntem
563 2351 570 2369 :
594 2342 640 2370 sed
658 2350 720 2370 cum
736 2343 830 2370 eadem
846 2344 882 2370 sit

85 2390 173 2425 gratia
187 2389 275 2416 Patris
296 2393 323 2416 et
337 2388 453 2423 Spiritus
466 2388 566 2420 sancti,
595 2389 661 2423 quid
693 2389 779 2424 magis
807 2397 883 2417 com-

87 2436 164 2462 muni
177 2436 262 2470 gratia
279 2435 378 2468 eilitsa,
395 2434 477 2462 Pater
505 2435 607 2462 dicitur
623 2434 764 2463 ell'undere
792 2436 882 2471 Spiri-

85 2489 156 2514 tum,
173 2490 256 2517 qnam
269 2481 388 2517 Spiritus
409 2482 538 2510 Patrem?
556 2481 642 2517 Hujus
666 2487 756 2509 autem
777 2483 879 2510 solutio

85 2530 182 2557 eadem
198 2530 291 2562 utique
306 2534 358 2559 est.
375 2537 436 2564 qua:
448 2534 475 2556 et
500 2529 633 2565 priorum.
662 2528 795 2562 Quoniam
805 2530 882 2556 enim

85 2574 133 2600 ille
152 2573 198 2608 qui
215 2573 340 2605 cﬂ‘undit,
355 2573 423 2600 adid
444 2573 515 2608 quod
531 2573 689 2603 eﬂunditur.
703 2573 729 2600 iu
746 2579 879 2608 quantum

87 2621 216 2652 elfundit,
236 2619 366 2655 principii
396 2619 479 2647 habet
497 2620 655 2653 rationem;
680 2625 721 2647 cst
747 2625 837 2647 autem
853 2625 881 2647 ct

87 2669 168 2695 Pater
188 2667 350 2702 principium
369 2666 487 2702 Spiritus
503 2667 618 2699 ;mcrito
648 2668 787 2695 communi
817 2675 880 2702 gra-

87 2724 124 2743 ua
136 2716 220 2742 clinsa
238 2715 315 2742 Pater
330 2714 439 2749 quidem
454 2713 555 2741 dicitur
570 2714 709 2742 eil'undere
727 2715 859 2749 Spiritum
872 2723 880 2747 ς

88 2762 210 2796 Spiritus
226 2770 290 2799 vero
303 2762 407 2789 Patrem
418 2770 487 2794 non,
504 2767 532 2790 ιιι
545 2770 576 2790 ει
601 2762 756 2798 hnjusmodi
770 2763 883 2791 Vocibus

126 2859 148 2875 ⁷⁸
162 2859 240 2888 Joan.
257 2869 301 2890 xu.
331 2861 377 2888 9.2.

89 2895 114 2911 '°
124 2896 206 2924 Joan.
222 2905 277 2928 xrt,
299 2898 339 2924 14.

435 2863 456 2878 ⁷⁵
472 2862 480 2889 1
496 2861 574 2888 Joau.
595 2870 632 2890 ιν,
648 2864 673 2890 6.

379 2896 400 2912 ⁸¹
416 2897 494 2925 ibid.’
518 2898 558 2924 15.
596 2898 618 2913 θ’
632 2899 696 2926 ibid.

732 2864 755 2879 ⁷⁸⁸
767 2865 834 2893 Jocl.
859 2873 888 2896 ιι,
903 2864 948 2891 28.

936 2304 1059 2333 loquetur
1075 2307 1091 2325 a
1106 2300 1266 2334 semetipso,-
1283 2300 1328 2326 sed
1345 2309 1507 2335 quarumque
1530 2305 1630 2337 audiet,
1645 2306 1734 2340 loque-

937 2351 982 2373 tur
997 2365 1004 2377 ,
1023 2349 1047 2371 et
1063 2353 1120 2380 qua:
1134 2350 1244 2371 ventura
1267 2351 1337 2379 sum,
1365 2349 1536 2376 anituntiabit
1562 2351 1631 2376 vobis
1647 2350 1681 2377 “.
1697 2352 1736 2377 Ac

937 2390 962 2417 si
980 2391 1081 2418 diceret
1097 2391 1192 2424 :Quod
1209 2390 1255 2418 ille
1267 2399 1315 2419 vos
1326 2392 1407 2420 ducat
1421 2394 1453 2420 ad
1466 2402 1575 2422 omnem
1592 2396 1732 2423 veritatem

936 2442 964 2464 et
977 2438 1122 2464 annuntiat
1139 2437 1216 2465 vobis
1232 2443 1347 2466 ventura
1361 2459 1369 2471 ,
1395 2440 1482 2474 gloria
1520 2448 1579 2468 mea
1593 2445 1646 2474 est,
1665 2451 1733 2476 quo-

932 2483 1006 2510 niam
1022 2483 1093 2511 sicut
1110 2491 1161 2518 cgo
1185 2485 1349 2519 accipiensa
1375 2485 1454 2513 Patre
1477 2486 1614 2514 elinndam
1646 2489 1734 2518 vobis.

931 2529 968 2557 ita
984 2529 1029 2557 ille
1042 2530 1180 2565 accipiens
1191 2539 1222 2559 ex
1236 2539 1297 2558 meo
1311 2533 1484 2559 annuntiabit
1501 2533 1588 2561 vobis.
1605 2534 1661 2562 Hoc
1682 2542 1734 2568 est,

933 2575 1010 2603 Sicut
1026 2584 1076 2612 ego
1094 2577 1310 2612 intemporaliter
1342 2578 1477 2606 exsistens
1493 2587 1524 2607 ex
1543 2579 1623 2608 Patre
1654 2582 1688 2608 ab
1703 2589 1736 2608 eo

933 2623 1155 2658 intemporalitcr
1169 2625 1255 2652 habeo
1266 2632 1437 2660 quacunque
1452 2626 1538 2653 hahoo
1546 2632 1571 2653 ct
1586 2626 1656 2654 facio
1673 2637 1679 2654 :
1697 2628 1734 2655 ita

936 2669 1055 2704 Spiritus
1072 2671 1105 2698 de
1120 2678 1164 2700 me
1179 2671 1396 2706 intemporaliter
1408 2674 1597 2706 etsistcnsuic
1611 2681 1670 2701 meo
1687 2674 1734 2700 ha-

938 2716 983 2743 bet
992 2717 1083 2744 omnia
1097 2725 1268 2753 quascunque
1294 2719 1374 2746 habet
1389 2725 1414 2747 et
1428 2719 1500 2747 facit.
1523 2720 1613 2753 Quare
1637 2721 1736 2747 ducere

938 2770 990 2790 vos
1004 2763 1030 2790 in
1046 2770 1154 2791 omnem
1170 2765 1322 2798 veritatem,
1339 2767 1372 2794 dc
1390 2773 1450 2794 meo
1477 2772 1619 2801 acceptum
1637 2767 1733 2794 intom-

1004 2866 1027 2882 "
1039 2866 1099 2893 Act.
1125 2876 1152 2899 Χ,
1169 2868 1202 2895 43
1270 2869 1293 2885 ⁷³
1307 2869 1348 2897 Tit
1389 2878 1429 2902 tu,
1444 2871 1468 2897 5.
1525 2871 1548 2887 "
1565 2872 1622 2898 At'l.
1645 2879 1675 2904 tl,
1689 2871 1732 2898 53.
