1868 3069
148 174 159 204 1
165 174 215 206 327

720 176 917 206 BABLAAMI
938 175 986 205 DE
1007 176 1220 207 SEMINARIA

1711 175 1776 207 3323

148 232 275 267 pot-aliter
298 230 389 263 habet,
420 231 550 266 quoniam
579 231 606 258 in
633 231 674 259 nis
706 233 815 267 quidem
851 231 1152 269 verbisAtemporalis
1165 239 1231 259 Vero
1253 235 1279 258 et
1296 231 1445 266 corporalis
1476 231 1510 259 de
1533 238 1582 259 ore
1611 232 1673 266 ejus
1700 233 1778 261 ﬂatus

148 278 301 307 Ostenditur
315 278 446 313 Spiritum
463 282 589 305 sanetum
602 286 661 306 esse
683 286 715 305 ex
728 279 796 313 ipso.
812 279 941 313 Superius

147 333 211 352 vero
234 325 342 352 dixerat
373 332 434 352 esse
459 324 534 351 illurn
561 332 593 351 ex
621 323 710 357 Patre,
723 325 769 352 ubi
786 325 844 352 ait:
863 325 942 358 Quia

130 403 136 414 Δ
148 372 229 399 Patre
247 372 363 407 procedit
399 371 434 400 ⁸³;
452 372 546 399 volens
562 372 651 399 adhuc
661 371 830 399 manifestius
849 375 942 398 osten-

147 419 221 450 dere,
238 418 310 452 quod
328 425 473 444 commune
490 422 532 444 est
555 417 644 444 Patris
667 422 694 444 et
709 418 797 452 ipsius
812 425 883 449 esse,
900 417 942 444 vi-

143 464 254 493 delicet.
267 471 301 490 ex
316 462 450 489 ambobus
469 462 600 496 Spiritum
616 462 719 489 inducit
735 471 742 489 :
758 461 855 489 Omnia
870 470 941 496 quaa-

148 519 248 545 cunqtte
258 510 335 536 habet
351 509 431 536 Pater
447 517 504 536 mea
518 513 587 535 sunt.
615 508 751 541 ldeodt‘xi,
765 509 826 543 quia
842 508 874 534 de
886 516 942 534 meo

148 556 258 588 accipiet
281 555 316 588 ⁸⁸,
348 559 378 582 ttt
410 555 534 589 superius
566 554 752 586 dixerat;setl
785 559 943 588 permutans

148 608 254 635 tempus
267 602 353 632 verbi,
370 602 406 628 ait
421 610 428 627 :
443 601 503 636 quia
519 601 550 627 de
567 609 622 627 meo
637 601 728 634 accipit
746 609 753 627 :
766 605 795 627 ut
811 601 836 627 id
851 601 942 634 ipsum

147 649 219 683 quod
232 648 331 682 accipit
348 646 464 682 Spiritus
477 655 509 673 ex
528 646 609 679 Filio,
626 645 693 672 nihil
709 646 780 673 aliud
798 646 942 680 signiticet,

147 703 228 729 qnatn
249 701 310 722 esse
330 693 544 728 intemporaliter
563 700 595 720 ex
612 693 681 727 ipso.
699 692 731 718 Et
755 692 846 727 aspice
871 691 944 719 Scri-

148 745 254 775 ptui-am
286 739 432 774 Scriptura:
459 738 820 774 coaptando,admirandam
849 737 943 765 atrato-

148 788 229 821 giam.
250 786 336 813 Filius
348 786 486 819 aecipicns
511 793 525 812 a
543 784 634 818 Patre,
660 784 773 812 ell'undit
791 783 943 818 apostolis;

150 832 267 867 Spiritus
305 836 420 860 sanctus
450 830 586 864 accipiens
616 830 649 857 de
690 829 769 862 Filio,
802 829 945 858 annuntiat

148 880 301 914 apostolis:
344 879 408 905 itetn
441 877 558 912 apostoli
589 876 754 910 accipientes
792 883 806 902 a
836 874 940 908 Spiritu

993 278 1067 306 illius
1086 284 1177 306 motus
1193 284 1320 313 tanquam
1338 278 1446 313 signum
1463 286 1511 306 seu
1529 278 1615 313 ﬁgura
1640 278 1773 314 intempo-

992 325 1071 358 ralis,
1088 329 1114 352 et
1133 325 1299 359 incorporea:
1315 329 1342 351 et
1369 325 1561 359 inseparabilis
1591 325 1775 359 processiortis

995 371 1113 406 Spiritus
1134 373 1220 399 sancti
1235 392 1243 404 ,
1259 379 1291 398 ex
1309 372 1408 399 deitate
1421 371 1493 402 Filii,
1510 376 1539 398 ut
1570 379 1618 405 per
1630 372 1680 397 hoc
1696 371 1776 398 intel-

992 418 1108 452 ligamus
1126 418 1257 452 Spiritum
1276 418 1382 445 aPatre
1410 417 1604 452 procedentem
1635 417 1717 444 etiam
1741 424 1774 444 ex

992 462 1062 490 Filio
1080 463 1206 491 similiter
1223 464 1370 498 procedere
1384 463 1395 489 Τ
1409 463 1496 498 Hujus
1520 468 1618 490 autem
1633 463 1691 490 dua
1716 469 1778 489 sunt

993 509 1180 543 probationes.
1202 509 1270 541 Una,
1289 509 1360 543 quod
1376 510 1459 536 etiam
1476 512 1589 536 sanctus
1607 509 1776 542 Augustinus

994 555 1031 582 ita
1048 555 1175 589 explanat
1194 560 1221 582 et
1247 555 1354 582 reducit
1387 555 1468 583 istttm
1500 555 1589 581 loettm
1608 555 1775 589 Scripturze;

994 601 1045 628 alia
1059 609 1123 628 vero
1137 622 1144 634 ,
1160 601 1232 636 quod
1249 602 1301 628 nisi
1316 602 1351 629 ita
1368 602 1505 636 aperiatur
1535 601 1581 628 ille
1614 601 1775 633 insumatus,

993 648 1157 682 relinquitur
1168 647 1271 682 absque
1289 648 1395 674 ratione
1408 647 1496 674 lactus
1510 656 1518 679 ;
1534 647 1607 681 quod
1623 652 1665 674 est
1680 648 1776 680 impos-

995 692 1085 719 sibile.
1099 692 1226 719 Procedit
1243 700 1309 727 ergo
1329 697 1355 719 et
1367 701 1398 719 ex
1420 692 1489 719 Filio
1505 693 1626 727 Spiritus
1643 697 1752 719 sanctus
1767 701 1774 718 :

995 739 1055 767 ideo
1070 739 1142 766 enim
1161 739 1237 773 prius
1255 739 1411 771 insulilavit,
1427 739 1526 766 deinde
1541 739 1611 765 dixit
1628 748 1635 766 :
1653 739 1776 773 Accipite.

995 785 1197 817 utostenderet,
1213 785 1285 820 qttod
1301 786 1489 820 temporaliter
1520 786 1681 813 hominibus
1714 787 1775 812 dare

995 831 1128 865 Spiritum
1147 835 1271 857 sanctttm
1286 831 1369 858 habet
1395 831 1464 865 ipse,
1480 838 1513 858 ex
1532 839 1565 858 eo
1578 831 1650 865 quod
1665 837 1776 858 aeterna-

995 876 1057 903 liter
1070 884 1102 903 ex
1120 876 1180 911 ipso
1198 877 1339 911 procedit;
1370 877 1498 911 quoniam
1529 876 1603 903 illius
1636 881 1679 903 cst
1714 878 1775 903 dare

148 931 243 953 saneto
258 925 421 952 annuntiant
433 925 544 951 mundo.
562 924 606 950 Ait
619 923 692 950 enim
706 922 759 949 alia
781 921 933 955 Scriptura:
958 914 977 941 Β
995 923 1095 957 ipsum,
1113 922 1160 958 qui
1175 923 1287 957 quidem
1301 926 1344 950 est
1368 922 1535 957 principium
1562 923 1624 957 ejus
1654 923 1776 950 subst“-

149 972 290 1006 Accipiett't
306 972 427 997 virtutem
459 978 490 997 ea:
514 969 569 996 alto
595 967 798 1003 sttrervenicntis
829 966 943 1002 Spiritus

149 1020 234 1045 sancti
253 1025 330 1051 super
344 1025 399 1050 vos,
418 1022 442 1043 et
467 1017 539 1043 eritis
558 1015 622 1042 mihi
646 1018 721 1041 testes
740 1014 766 1040 in
781 1013 942 1044 Jerusalem,

152 1070 176 1092 et
207 1065 330 1092 universa
361 1063 457 1090 Judtea
473 1067 497 1089 et
524 1061 658 1092 Samaria.
675 1066 698 1088 et
730 1068 812 1095 usque
834 1063 868 1086 ad
894 1064 943 1085 ter<

151 1113 235 1138 minos
253 1117 327 1138 terra:
347 1110 380 1137 ⁸⁸.
394 1109 421 1137 ld
438 1116 512 1141 vero,
525 1108 596 1143 quod
615 1107 715 1134 dictttm
742 1110 794 1138 est,
825 1105 865 1132 De
887 1113 944 1132 meo

148 1159 268 1192 accipiet,
281 1164 330 1191 pro
342 1163 374 1184 eo
388 1156 490 1183 diclttm
506 1159 558 1186 est,
587 1154 660 1190 quod
693 1153 766 1180 dicat
778 1152 809 1179 de
835 1160 885 1182 me,
903 1152 944 1178 vel

150 1215 182 1234 cn:
199 1213 237 1232 me
253 1213 262 1232 :
279 1209 308 1232 ιιι
322 1212 368 1238 per
386 1204 436 1230 hoc
461 1195 626 1236 intelligatur
655 1201 713 1235 ipsa
739 1199 800 1226 Filii
817 1205 943 1234 persona,

148 1257 229 1287 prout
247 1255 383 1278 testantur
402 1248 606 1282 Evangeliorutn
636 1247 816 1281 exposituros.
833 1250 945 1273 sanctus

148 1298 269 1325 Joannes
282 1296 494 1331 Chrysostotnus
517 1299 543 1321 et
569 1293 667 1320 beatus
691 1292 819 1326 Cyrillus.

304 1362 420 1390 Tertium
447 1361 576 1387 decimum
590 1359 792 1394 Argumentum.

188 1433 231 1458 Ait
246 1430 364 1458 Joannes
394 1430 420 1456 in
438 1427 598 1464 Apocalypsi
613 1435 620 1454 :
641 1425 672 1452 Et
688 1425 801 1452 ostendit
817 1424 882 1451 milii
893 1424 945 1459 ﬂu-

150 1481 219 1506 vium
237 1485 311 1512 aqua:
323 1477 387 1503 viva:
399 1475 501 1502 clarum
525 1479 653 1507 tanquam
681 1470 833 1506 crystallum
856 1477 946 1505 prece-

150 1526 252 1552 dctttem
269 1523 299 1549 de
314 1522 373 1549 sede
389 1521 433 1546 Dei
445 1526 470 1546 et
495 1520 563 1554 Agni
577 1519 611 1546 ⁸⁸.
625 1517 653 1544 lu
668 1518 710 1545 his
738 1517 946 1552 lluriumaquat

152 1570 219 1595 viva:
236 1568 368 1601 Spiritum
385 1570 509 1593 sanetum
531 1568 574 1591 est
594 1562 737 1595 nominari,
753 1570 849 1597 agnum
880 1569 945 1589 vero

152 1614 252 1641 Filium
270 1612 315 1638 Dei
333 1620 338 1642 ;
358 1610 486 1645 quoniam
503 1615 567 1635 t'cro
592 1607 713 1642 procedit
740 1606 857 1641 Spiritus
881 1613 944 1632 san-

153 1665 213 1687 ctus
232 1665 257 1686 ct
270 1666 300 1685 ex
319 1657 402 1689 Filio,
423 1664 475 1682 non
494 1655 519 1682 in
535 1659 667 1689 quantum
687 1654 768 1680 homo
786 1657 827 1680 est
848 1652 943 1683 Filius,

153 1706 200 1734 sed
220 1707 245 1732 in
262 1708 393 1739 quantum
419 1703 490 1729 Deus
517 1706 568 1732 est,
585 1706 611 1728 et
625 1700 746 1735 ejusdem
765 1699 837 1727 sedis
851 1698 922 1725 Patri
937 1707 942 1724 :

154 1752 214 1779 ideo
224 1750 411 1785 aitproeedet'e
426 1747 535 1779 (luvium
553 1747 585 1774 de
595 1746 659 1774 sede
673 1746 720 1773 Dei
737 1751 764 1772 cl.
774 1746 853 1780 Agni,
871 1745 943 1779 quod

152 1803 193 1825 est
209 1798 242 1824 de
258 1801 354 1824 natura
377 1795 430 1826 illa,
442 1802 495 1828 qua
511 1797 552 1820 est
573 1793 665 1827 Agnus
679 1793 846 1827 syntlironus
861 1790 943 1823 Patri,

153 1849 182 1871 ut
210 1851 257 1878 per
281 1844 332 1869 hoc
357 1841 534 1875 signiﬁcetur,
565 1838 669 1874 Agnum
684 1842 821 1866 auctorem
845 1845 905 1866 esse
917 1837 943 1864 itt

157 1894 290 1924 qttantum
307 1888 363 1921 ipse
376 1886 469 1920 Agnus
497 1885 568 1912 Deus
583 1889 634 1910 est.

309 1955 439 1982 ltccimum
455 1958 580 1988 quartato
590 1953 789 1987 Argumentum.

190 2025 253 2053 ltcm
267 2025 304 2051 ait
315 2023 435 2051 Joannes
447 2022 474 2048 in
495 2020 643 2055 Evangelia
654 2020 688 2047 de
698 2019 809 2046 Christo
825 2027 832 2045 :
849 2017 942 2052 [nauf-

154 2075 228 2108 [tartt
240 2071 340 2098 etdizit
353 2070 490 2105 discipulis
502 2077 511 2095 :
525 2068 644 2102 Accipite
661 2066 792 2102 Spiritum
806 2071 940 2093 sanctum.

154 2119 207 2145 Sed
225 2116 362 2152 quomodo
375 2116 454 2144 datur
471 2114 512 2142 vel
530 2113 664 2147 accipitur
681 2111 800 2146 Spiritus
816 2116 939 2144 sanctus,

153 2165 196 2192 rel
211 2165 270 2198 ejus
281 2163 407 2190 dona‘iet
425 2161 488 2196 quid
507 2165 548 2188 est
559 2167 622 2187 eum
636 2158 695 2186 dari
709 2163 736 2186 et
746 2158 833 2192 accipi
844 2158 855 2184 ‘3
867 2163 893 2185 et
908 2158 940 2185 ad

156 2211 251 2246 quales
267 2209 321 2237 Deo
350 2209 478 2236 decentes
495 2206 687 2240 intelligentias
704 2212 751 2239 per
781 2204 939 2238 hujusmodi

156 2265 237 2285 voces
248 2260 354 2291 oportet
373 2263 422 2282 nos
453 2253 556 2285 reduci,
583 2252 710 2287 superius
731 2255 855 2285 apertum
887 2256 938 2277 est.
957 2249 979 2276 ῐ)

155 2305 233 2331 Nunc
251 2307 342 2330 autent
356 2300 521 2328 iusulllatum
537 2303 641 2326 tantttm
658 2297 868 2325 examinandum
892 2297 938 2324 sit.

155 2351 265 2378 Certum
280 2353 320 2375 est
334 2347 418 2378 enim,
431 2345 504 2381 quod
526 2345 620 2372 dicetis
641 2344 771 2371 Dominus
789 2353 796 2370 :
825 2344 940 2376 Accipite

155 2396 285 2430 Spiritum
299 2398 433 2423 sanctum,
450 2391 589 2425 nonjubet
603 2390 733 2424 apostolis
758 2390 881 2424 accipere
908 2390 941 2416 il-

155 2443 427 2475 lutneorporcumet
446 2438 564 2470 humane
591 2435 623 2462 dc
658 2435 780 2469 pretioso
808 2443 856 2462 ore
880 2435 940 2470 ejus

155 2489 337 2525 prodeuntem
353 2484 499 2519 Spiritum.
515 2486 543 2508 ut
556 2482 629 2508 illutn
640 2482 820 2509 absorbenles
836 2482 942 2516 possint

159 2534 308 2561 dimittere.
326 2535 352 2557 el.
369 2536 460 2556 tenere
474 2532 594 2563 peccata.
610 2526 710 2561 Ergosi
726 2527 786 2553 sine
802 2526 942 2554 ittsuﬂlano

157 2583 184 2610 di
200 2586 273 2610 artu,
290 2577 370 2605 dictis
385 2574 556 2603 solummodo
578 2573 689 2608 reliquis
700 2574 803 2605 verbis,
820 2573 941 2600 eamdem

157 2626 273 2662 apostoli
312 2624 462 2655 reciperent
491 2620 629 2655 gratiam:
657 2619 724 2654 quid
756 2619 864 2646 volebat
890 2619 942 2647 sibi

157 2669 316 2700 insulllare?
337 2675 370 2694 an
384 2667 429 2693 ille
447 2664 555 2700 quidem
573 2671 722 2699 corporeus
737 2665 849 2698 spiritus
868 2672 945 2691 surn-

157 2725 219 2752 ptus
236 2714 341 2744 exstitit
354 2718 483 2747 tanquam
500 2711 608 2746 signum
621 2710 744 2744 Spiritus
757 2710 857 2743 sancti,
873 2711 943 2738 sicut

158 2765 233 2800 prius
259 2760 407 2791 columba,
439 2757 545 2784 Domini
585 2764 649 2783 vero
678 2764 779 2791 corpus
812 2761 941 2791 tanquam

158 2809 310 2844 symbolum
329 2805 450 2837 tte-italis,
469 2803 510 2830 cui
527 2802 708 2837 personaliter
723 2803 829 2829 unitum
857 2808 915 2829 erat
931 2804 942 2830 ?

410 2894 455 2923 26.

195 2898 307 2925 "Joan.
333 2905 377 2928 xv,
410 2894 455 2923 26.
494 2893 602 2921 ’“Joatt.
623 2900 677 2925 xt‘t,
695 2892 734 2919 [ὅ.

774 2892 795 2907 ’⁸⁸
818 2893 867 2919 Aet
897 2902 913 2926 t,
931 2893 955 2925 7,
972 2895 996 2920 8.

994 969 1048 996 tiat.

1153 1014 1286 1042 Decimum
1298 1015 1417 1049 quintum
1433 1016 1640 1051 Argumentum.

1030 1072 1145 1107 Oportet
1161 1078 1251 1099 autent
1266 1077 1329 1107 post
1345 1073 1403 1101 haec
1418 1081 1578 1108 comparare
1608 1059 1673 1101 huic
1700 1073 1772 1101 facta

994 1126 1042 1153 per
1053 1126 1103 1146 nos
1119 1119 1359 1151 demonstrationi,
1388 1120 1421 1147 de
1456 1120 1634 1154 proeessione
1661 1120 1774 1155 Spiritus

995 1164 1096 1196 sancti,
1113 1169 1140 1191 et
1158 1172 1189 1191 ex
1200 1164 1431 1196 Filio,sermones
1449 1172 1543 1192 eorum
1558 1167 1606 1200 qui
1623 1167 1775 1200 oppositum

995 1210 1140 1238 ostendere
1156 1211 1291 1244 nituntur,
1309 1216 1335 1239 et
1363 1211 1455 1239 videre
1485 1217 1620 1247 quantum
1656 1214 1776 1240 interest.

996 1255 1034 1283 Illi
1052 1257 1123 1283 enim
1143 1262 1189 1284 aut
1201 1257 1376 1285 contumeliis
1392 1263 1416 1285 et
1433 1258 1616 1293 blasphemiis
1632 1267 1684 1286 nos
1715 1267 1775 1294 pcr-

995 1303 1140 1333 cuticntes,
1157 1308 1183 1330 et
1198 1303 1245 1330 tali
1262 1303 1354 1338 specie
1391 1312 1550 1331 scrmonutn
1579 1309 1700 1337 utentes,
1735 1311 1778 1332 aut

996 1354 1177 1383 supponentcs
1196 1349 1276 1376 verba
1291 1353 1396 1382 nostra,
1412 1350 1453 1377 vcl
1476 1351 1660 1384 quorumdam
1695 1352 1780 1379 dicto-

996 1395 1321 1428 rumexpositiones,vel
1355 1400 1598 1430 argumenta,non
1629 1397 1702 1423 sicut
1735 1406 1780 1424 nos

996 1441 1337 1476 intelligimusetdieitrus
1368 1445 1395 1468 ct
1427 1442 1611 1476 exponimus.
1639 1444 1687 1470 sed
1714 1445 1782 1471 sicut

996 1486 1047 1522 ipsi
1063 1487 1154 1514 dicere
1169 1495 1218 1514 nos
1246 1492 1273 1514 et
1293 1487 1445 1522 intelligere
1477 1493 1592 1522 putant:
1625 1494 1673 1518 attt
1701 1491 1780 1517 etiam

996 1533 1128 1568 fingentes
1141 1534 1192 1569 ipsi
1214 1539 1307 1562 nostra
1327 1535 1418 1568 verba,
1450 1541 1532 1570 prout
1564 1537 1605 1564 eis
1638 1537 1719 1564 facile
1750 1538 1783 1564 sit

959 1583 980 1612 c
997 1580 1148 1613 destruere,
1165 1580 1201 1607 ita
1218 1580 1350 1607 adversus
1367 1588 1417 1607 nos
1431 1581 1664 1608 sermocinantur.

1035 1625 1173 1653 Dictorum
1190 1631 1280 1653 autem
1294 1634 1379 1654 sacra:
1395 1626 1557 1661 Scriptum,
1568 1635 1617 1661 per
1633 1636 1695 1662 qu-c
1711 1627 1778 1654 nihil

997 1673 1206 1700 eomtniscentes
1216 1672 1256 1700 eis
1271 1672 1336 1699 ttihil
1355 1672 1498 1700 forinsecae
1510 1673 1634 1700 scientia:
1670 1679 1782 1708 possent

996 1718 1151 1749 ostendere,
1169 1725 1201 1745 ex
1223 1717 1280 1744 solo
1301 1717 1380 1745 Patre
1391 1725 1452 1745 esse
1481 1717 1615 1752 Spiritunt
1644 1724 1782 1750 sanctum,

997 1765 1097 1792 nullam
1113 1768 1321 1798 consequuntur
1349 1765 1517 1792 facultatem.
1538 1764 1593 1792 Nos
1628 1771 1719 1792 autem
1756 1767 1782 1792 in

996 1810 1120 1844 exposito
1159 1810 1211 1837 hoc
1238 1817 1364 1837 sermone
1395 1809 1570 1840 contumelia,
1593 1811 1670 1837 omni
1700 1811 1783 1837 absti-

996 1862 1101 1887 nentes,
1115 1860 1140 1882 et
1161 1856 1226 1882 nihil
1244 1856 1413 1883 ealumniosc
1427 1860 1628 1890 supponentes,
1646 1864 1694 1891 per
1722 1858 1780 1891 ipsa

995 1911 1072 1930 sacra
1105 1902 1213 1937 eloquia
1243 1902 1311 1928 nihil
1338 1910 1414 1929 vantc
1447 1902 1566 1930 scientia:
1597 1907 1780 1934 assumentes,

995 1948 1176 1979 ostendimus,
1194 1947 1266 1982 qttod
1282 1955 1314 1974 ex
1328 1947 1395 1974 Filio
1410 1948 1534 1982 procedit
1565 1947 1687 1982 Spiritus
1719 1957 1782 1976 san-

995 2000 1067 2020 ctus.
1081 1993 1171 2026 Quare
1183 1994 1204 2020 si
1218 1993 1279 2027 quis
1291 2001 1344 2020 non
1356 1993 1479 2021 sullicere
1489 1998 1566 2028 putat
1576 1994 1645 2021 hanc
1660 1999 1781 2022 nostram

994 2039 1264 2071 demonstrationem,
1296 2039 1342 2066 sed
1375 2039 1465 2066 adhuc
1490 2038 1599 2066 dubitat
1612 2044 1639 2067 et
1672 2046 1783 2068 veretur

994 2085 1164 2112 conclusioni
1181 2084 1327 2112 assentiri:
1343 2085 1427 2112 multo
1444 2085 1532 2119 magis
1548 2085 1612 2112 talis
1624 2085 1706 2113 debet
1735 2086 1784 2113 dU<

994 2131 1080 2158 bitare
1097 2136 1123 2158 et
1139 2130 1235 2158 timere
1253 2131 1383 2166 recipere,
1401 2130 1474 2165 quod
1486 2139 1518 2158 ex
1532 2131 1592 2158 solo
1610 2132 1690 2159 Patre
1715 2132 1777 2167 Spi-

995 2178 1062 2204 ritus
1075 2182 1127 2209 est,
1141 2185 1202 2203 eum
1219 2177 1300 2211 hujus
1317 2177 1389 2203 nulla
1412 2177 1474 2204 talis
1488 2177 1578 2211 possit
1589 2185 1651 2205 esse
1667 2178 1782 2206 demon-

994 2223 1099 2249 stratio.
1114 2221 1329 2248 Namtitnentem
1343 2222 1486 2249 admittere
1503 2223 1540 2253 id,
1557 2223 1630 2257 quod
1647 2231 1696 2257 per
1713 2224 1782 2250 mul-

996 2273 1020 2294 ta
1035 2267 1199 2298 ostenditur,
1218 2267 1349 2294 audacter
1365 2267 1511 2301 aﬁirmare,
1525 2268 1597 2302 quod
1613 2276 1661 2303 per
1678 2269 1781 2295 nullum

995 2313 1096 2340 dictum
1111 2320 1195 2339 sacrm
1209 2311 1358 2346 Scripturac
1371 2317 1503 2347 apparet,
1522 2313 1613 2347 passio
1628 2319 1669 2341 est
1681 2315 1783 2341 ratione

997 2359 1103 2393 penitus
1119 2366 1225 2385 carens.

1157 2425 1291 2451 Decimum
1307 2432 1408 2452 textum
1424 2426 1625 2459 Argumentum.

1033 2483 1099 2515 Quia
1116 2490 1190 2514 vero,
1203 2483 1274 2510 sicut.
1293 2487 1380 2517 potest
1397 2482 1502 2517 aliquid
1517 2483 1625 2510 ostendi
1639 2491 1688 2517 per
1716 2483 1784 2510 divi-

998 2537 1059 2555 nam
1072 2529 1241 2563 Seripturam
1255 2537 1349 2556 eorutn
1364 2537 1424 2564 quae
1439 2530 1530 2556 verbis
1541 2530 1608 2564 ipsis
1619 2538 1674 2557 non
1689 2531 1784 2557 dictut-

997 2580 1051 2607 tnr,
1066 2583 1113 2609 per
1127 2583 1237 2602 sensum
1254 2583 1319 2602 vero
1336 2575 1521 2602 diversiutodc
1549 2575 1689 2603 dictorum
1721 2585 1786 2603 rou-

997 2620 1157 2652 cluduntur,
1174 2625 1201 2647 ct
1215 2629 1332 2655 praesens
1346 2621 1460 2656 quzeslio
1475 2621 1546 2649 bene
1571 2626 1597 2648 et
1619 2622 1785 2649 sufﬁcit-nter

996 2671 1104 2694 ostensa
1120 2672 1173 2697 est.
1190 2668 1253 2695 itide
1269 2667 1444 2695 manifestum
1460 2667 1599 2702 :Spiritus
1615 2674 1728 2695 sanctus
1746 2669 1786 2695 in—

996 2717 1103 2741 creatus
1123 2720 1147 2741 el
1161 2715 1405 2742 consubstantialis
1417 2713 1490 2740 Patri
1504 2718 1530 2741 et
1547 2714 1620 2741 Filio
1633 2722 1695 2742 esse
1726 2724 1785 2741 crc-

994 2760 1076 2792 ditur,
1088 2761 1139 2787 hoc
1154 2768 1207 2786 non
1221 2761 1382 2795 verbisipsis
1391 2761 1482 2788 divina
1498 2760 1640 2795 Scriptura
1660 2761 1769 2788 dicente
1780 2782 1786 2789 .

995 2807 1040 2834 sed
1053 2815 1100 2841 pt-r
1114 2809 1196 2833 tnu‘ta
1211 2807 1262 2834 alia
1274 2807 1416 2843 diligenter
1426 2815 1483 2834 eam
1496 2808 1649 2842 legentibus
1661 2808 1686 2835 id
1699 2809 1787 2843 ipsum

1037 2896 1058 2911 λε
1075 2897 1156 2927 Mune.
1173 2905 1238 2925 xxii.
1263 2897 1286 2922 l.
