1868 3069
126 125 196 159 132)

799 130 873 162 PRO
889 132 1054 172 LATINIS.

1679 133 1754 166 1330

122 183 305 219 signiﬁcante.
322 185 357 211 At
371 193 434 212 vero
452 186 474 213 si
493 187 555 220 quis
582 187 698 215 voluerit
717 189 769 216 illis
793 189 906 216 demon—
923 192 944 219 Α
960 195 1051 224 ptura,
1068 198 1091 217 st
1104 198 1166 225 quts
1181 198 1234 218 ttou
1251 191 1325 219 dicat
1341 199 1451 218 causam
1470 199 1531 219 esse
1543 210 1551 223 ,
1566 194 1639 225 quod
1665 191 1754 221 Filius

122 230 314 262 strationibus‘,
329 238 379 265 per
408 239 476 266 quas
510 233 667 260 ostenditur
692 235 724 261 de
753 234 906 269 Scriptura,

122 276 274 303 increatunt
293 282 320 303 et
334 278 594 306 consubstantialem
616 280 690 307 Patri
710 285 735 307 et
749 280 818 307 Filio
847 275 909 308 esse

124 321 256 355 Spiritum
273 329 409 355 sanctum,
421 331 581 357 comparare
596 325 656 358 Itas,
676 333 724 360 per
737 334 804 360 quas
817 331 909 353 osten—

123 366 217 394 dimus
247 367 379 402 Spiritum
411 376 443 395 ex
469 369 550 396 Patre
575 369 699 404 Filioque
733 371 907 406 procedere:

122 412 243 440 inveniet
258 414 284 439 in
307 415 380 441 ttullo
398 414 450 442 illis
465 414 674 447 inferiores,‘sed
690 415 746 442 fere
759 416 887 442 fortiores
902 425 908 442 :

122 458 216 486 divina
227 458 368 493 Scriptura
386 460 518 494 majorem
539 460 694 487 facultatem
705 460 738 487 ad
755 463 815 492 has,
828 468 910 495 quam

123 506 156 531 ad
176 503 245 536 il-las,
264 506 418 539 praebente,
434 510 461 531 ut
475 506 683 533 demonstrabo.

159 549 287 576 Omnium
302 551 437 578 dictorum
465 551 564 578 divina:
583 551 744 585 Scriptura,
772 557 820 585 per
851 557 913 584 qua

123 596 220 624 Patres
233 596 384 623 ostendunt
400 598 550 624 increatunt
581 598 665 624 Deum
685 604 746 624 esse
775 596 910 630 Spiritum

124 648 262 676 sanctum,
278 643 400 670 haeretici
418 643 629 671 adinveniebant
652 643 733 670 aliam
763 643 912 676 expositio-

125 697 199 721 nem,
217 690 279 716 licet
296 698 349 717 ttun
368 697 479 723 veram;
497 690 544 717 sed
571 690 608 716 ita
636 689 855 724 persuasibiletn,
884 692 912 715 et

125 742 228 764 tantatn
256 737 443 771 apparentiam
471 737 627 770 habentem,
657 740 687 763 ut
713 743 761 763 eos
779 736 826 770 qui
858 743 912 763 non

124 783 369 817 perscrutabantur
382 783 552 818 Scripturas,
569 790 658 817 neque
679 782 714 810 ab
732 782 792 816 ipso
806 782 912 816 Spiritu

123 829 301 863 iuvabantur,
319 829 387 856 satis
401 829 551 863 decipiant,
584 828 763 862 blasphemia:
794 835 913 855 consen-

125 875 188 902 tire.
207 874 259 901 Sed
277 875 373 901 ltorutn
392 881 439 907 per
459 881 519 908 quae
530 881 580 901 nos
592 874 762 902 ostendimus
781 873 913 908 Spiritum

125 924 253 947 sanctum
269 923 296 947 et
308 928 341 947 ex
354 919 424 947 Filio
437 927 509 953 esse,
528 920 604 947 nulla
621 920 675 947 alia
692 919 831 953 expositio
866 926 915 954 po-

125 971 179 993 test
196 966 312 993 inveniri
334 967 369 993 ita
388 967 517 1001 opposita
533 967 666 994 adversus
677 971 812 998 nostraut,
825 970 854 992 ut
867 965 914 992 illa

125 1012 239 1044 credita,
259 1012 316 1039 haec
332 1012 490 1040 necessario
505 1013 680 1040 excludatur.
697 1012 784 1039 Habet
798 1011 870 1038 enim
886 1018 917 1038 se

126 1065 170 1084 res
185 1057 245 1084 ita:
264 1058 292 1084 itt
323 1057 424 1093 quibus
453 1058 546 1085 divina
573 1057 716 1092 Scriptura
730 1058 765 1085 de
792 1057 862 1085 Filio
888 1061 916 1085 et

126 1103 230 1137 Spiritu
247 1103 376 1138 disputat,
406 1112 466 1138 quae
493 1105 563 1131 ittter
597 1105 674 1138 ipsos
702 1108 768 1131 suttt
791 1104 915 1136 tradens,

127 1151 221 1176 decem
236 1151 358 1184 quaedam
373 1150 450 1184 ponit
479 1159 533 1176 ttott
549 1151 747 1182 convertentia,
767 1154 797 1177 ttt
823 1155 917 1177 osten-

127 1202 191 1222 sum
209 1200 266 1227 cst;
284 1203 344 1229 quae
357 1203 404 1230 per
419 1195 471 1223 hoc
486 1196 551 1222 nihil
567 1196 641 1222 aliud
659 1196 914 1230 significant,qu;tm

127 1241 228 1268 Filium
245 1242 407 1276 principiqu
423 1250 483 1269 esse
495 1242 623 1276 Spiritus.
635 1241 736 1277 Utpote
753 1242 830 1277 (nihil
844 1243 915 1270 enim

129 1287 258 1322 prohibet
274 1295 306 1315 ea
325 1288 491 1315 resumendo
501 1289 579 1324 juxta
593 1289 710 1316 invicem
727 1289 838 1324 ponere)
855 1299 861 1317 :

165 1332 303 1368 Scriptum
317 1338 368 1366 est,
385 1334 456 1368 quod
472 1334 557 1362 Filius
582 1335 725 1362 brachium
746 1340 787 1363 est
804 1335 862 1367 Dei,
889 1339 916 1363 et

129 1379 249 1414 Spiritus
266 1380 368 1414 digitus
392 1386 434 1407 est
459 1381 517 1408 Dei.
546 1381 671 1416 Cumque
703 1381 792 1409 omnis
815 1381 916 1415 digitus

130 1425 284 1459 dependeat
300 1426 333 1453 de
347 1425 473 1459 brachio,
494 1426 576 1461 hujus
589 1434 604 1454 e
620 1434 751 1455 converso
782 1427 915 1461 scriptum

130 1478 184 1497 non
197 1475 250 1498 est.

962 237 1128 271 principium
1141 244 1182 264 cst.
1202 237 1331 272 Spiritus,
1347 238 1449 265 nullam
1473 238 1554 265 aliant
1572 246 1683 265 cattsattt
1711 239 1754 266 in-

961 282 1052 309 veniet
1071 292 1077 310 :
1093 290 1220 317 quaerens
1246 288 1273 310 et
1288 291 1347 310 cum
1371 284 1415 311 his
1444 284 1651 319 proccssioncm
1678 284 1753 311 flttvii

961 335 1038 361 aqu-.e
1053 327 1130 359 vivae,
1150 328 1183 353 de
1196 328 1260 355 sede
1276 327 1322 354 Dei
1340 333 1365 355 et
1380 329 1469 362 Agni;
1485 333 1511 355 et
1534 333 1595 363 post
1626 337 1751 356 resurre-

962 373 1081 400 ctionem
1099 373 1272 406 insumatus;
1289 374 1356 400 nihil
1386 374 1458 400 aliud
1481 375 1638 409 significare
1663 375 1754 409 possi—

962 419 1015 446 bile
1024 423 1075 452 est,
1093 427 1174 453 quam
1192 420 1321 453 Spiritum
1335 428 1367 446 ex
1379 419 1447 447 Filio
1460 428 1520 447 esse

998 464 1064 492 Item
1075 465 1245 498 contemplor
1260 466 1342 492 etiam
1357 465 1436 497 illud,
1450 466 1524 500 quod
1541 467 1587 500 qui
1600 466 1664 492 olint
1682 473 1752 492 con-

963 515 1005 537 tra
1022 514 1188 545 pttgnatores
1205 510 1325 545 Spiritus
1361 512 1516 543 certabant,
1544 519 1597 538 tton
1625 516 1753 546 poterant

964 559 1097 586 reducere
1108 566 1137 586 se
1150 559 1182 586 ad
1198 559 1322 587 seniores
1337 559 1483 592 doctores;
1498 559 1545 594 qui
1568 560 1754 586 communiter

965 612 1013 639 per
1027 604 1121 632 ambas
1135 609 1226 639 partes
1242 613 1293 639 pro
1309 606 1413 633 sanctis
1431 606 1611 638 haberentur,
1624 611 1653 633 et
1669 607 1753 633 Deum

964 650 1117 677 increatum
1132 658 1193 678 esse
1211 650 1345 685 Spiritum
1361 656 1488 678 sanctum
1504 651 1531 677 itt
1550 652 1610 678 suis
1639 652 1753 686 scriptis

965 701 1058 731 aperte
1075 696 1226 728 traderent,
1243 701 1272 723 ut
1289 697 1397 724 illorttnt
1421 698 1581 725 testimmtio
1610 698 1756 725 haereticos

964 741 1130 776 compellant
1153 750 1168 769 a
1198 742 1365 776 blasphemia
1398 743 1550 770 discedere.
1577 743 1631 770 Nos
1663 749 1754 771 autem

965 795 1039 815 nuttc
1053 788 1186 815 habemus
1205 793 1332 815 sanctum
1348 787 1548 822 Augustinum,
1566 789 1674 816 beatnut
1703 789 1757 824 Cy-

966 833 1069 866 rillutn,
1090 839 1217 860 sanctum
1229 834 1409 861 Athanasium
1422 837 1450 861 et
1465 834 1556 868 plures
1571 835 1642 861 alios
1661 844 1668 861 :
1704 836 1752 870 qui

966 883 994 906 et
1009 879 1105 914 primis
1122 879 1274 907 honoribus
1285 879 1320 906 ab
1337 879 1379 906 ltis
1395 880 1442 914 qui
1455 880 1535 906 ttobis
1549 880 1756 912 contradicunt,

967 924 1117 956 ducuntur,
1133 924 1301 959 etSpiritum
1330 929 1455 952 sanctum
1485 929 1512 951 et
1533 932 1566 951 ex
1591 924 1661 952 Filio
1695 932 1756 952 esse

966 974 1061 1005 aperte
1076 973 1222 997 testantur.
1238 970 1330 1003 Quare
1345 970 1438 997 multis
1451 970 1539 997 modis
1554 970 1633 997 nobis
1647 969 1756 997 facilius

967 1019 1010 1043 est
1024 1015 1182 1046 ostendere,
1197 1015 1270 1050 quod
1291 1023 1323 1042 ex
1342 1015 1410 1042 Filio
1431 1014 1551 1049 Spiritus
1581 1019 1639 1046 cst,
1671 1022 1754 1048 quant

968 1060 1090 1094 antiquis
1110 1060 1238 1087 Patribus
1251 1061 1410 1092 ostendere,
1429 1060 1502 1095 quod
1526 1059 1598 1087 Deus
1616 1060 1756 1087 increatus

969 1106 1088 1140 Spiritus
1099 1112 1151 1133 est.

1004 1152 1097 1180 Potest
1108 1157 1199 1180 autem
1214 1153 1239 1179 id
1256 1153 1345 1187 ipsum
1378 1151 1487 1179 ostendi
1499 1156 1525 1180 et
1543 1153 1616 1179 inde.
1643 1151 1753 1178 Certum

968 1200 1107 1232 cstenim,
1131 1200 1203 1234 quod
1236 1207 1344 1233 semper
1372 1199 1520 1226 incertiora
1536 1203 1562 1225 et
1591 1199 1754 1225 obscuriora

967 1245 1178 1280 quaerendorum
1192 1245 1366 1279 percertiora
1396 1249 1422 1271 et
1455 1244 1571 1272 clariora
1601 1249 1665 1270 nata
1692 1250 1756 1270 sunt

967 1291 1086 1318 ostendi.
1100 1291 1200 1317 Beatus
1216 1298 1278 1317 vero
1290 1291 1408 1325 Cyrillus
1419 1290 1446 1317 in
1464 1290 1606 1317 Thesauris
1623 1291 1756 1318 adversus

968 1335 1110 1363 haereticos
1125 1335 1302 1369 disputando,
1314 1335 1390 1370 prius
1410 1343 1459 1371 per
1475 1335 1646 1369 Scripturaut
1662 1339 1756 1363 osten-

968 1382 1007 1408 dit
1023 1387 1049 1410 et
1061 1381 1210 1414 concludit,
1224 1386 1250 1409 et
1265 1390 1298 1410 ex
1314 1381 1385 1409 Filio
1404 1390 1463 1410 esse
1478 1381 1609 1416 Spiritum
1619 1387 1755 1409 sanetum.

969 1428 1072 1455 Deinde
1092 1436 1139 1463 per
1159 1427 1212 1455 hoc
1232 1428 1370 1456 concludit
1387 1428 1649 1456 consubstantialem
1668 1428 1756 1461 ipsum

968 1474 1121 1507 essc,Patri
1139 1479 1165 1501 et
1179 1474 1260 1501 Filio.
1272 1474 1361 1507 Quare
1376 1475 1402 1500 itt
1418 1475 1475 1507 ipsa
1504 1474 1595 1501 divina
1611 1473 1756 1508 Scriptura

167 1517 244 1548 item,
256 1518 390 1552 scriptum
404 1523 457 1551 est,
471 1519 542 1554 quod
576 1519 698 1554 Spiritus
731 1523 844 1547 sanctus
873 1524 915 1547 est
929 1523 950 1551 (‘.
968 1520 1019 1548 hoc
1044 1525 1085 1547 est
1099 1521 1222 1554 apertius
1234 1524 1261 1547 et
1281 1520 1382 1547 clarius
1398 1520 1455 1547 illo.

130 1563 187 1590 oris
202 1562 261 1590 Filii
277 1568 304 1590 et
322 1563 405 1590 liema
421 1565 490 1600 ejus.
508 1564 560 1592 Sed
578 1565 673 1597 Filius,
696 1565 758 1600 quia
775 1565 863 1599 Logos
878 1569 919 1592 est

130 1607 229 1640 Patris,
245 1609 376 1643 scriptum
396 1615 457 1637 est:
477 1611 540 1645 quia
572 1618 636 1638 vero
668 1611 755 1639 Rema
785 1611 917 1645 Spiritus,

132 1654 173 1682 vel
188 1655 243 1682 oris
262 1654 391 1690 Spiritus,
409 1664 545 1691 nusquam
565 1657 699 1691 scriptunt
721 1661 773 1685 est.

166 1699 231 1727 Item
244 1701 344 1728 dicitur
357 1702 384 1728 in
399 1701 542 1737 Scriptura
571 1701 690 1736 Spiritus
716 1708 829 1730 sanctus
857 1711 918 1731 esse

132 1746 195 1774 Filii
208 1753 233 1774 et
250 1748 339 1784 imago
358 1748 677 1784 ejus;sed'F~iliusquia
699 1749 788 1776 Patris
816 1754 868 1783 est,
892 1754 919 1778 et

132 1795 222 1828 imago
236 1794 295 1828 ejus
310 1795 443 1830 scriptum
458 1800 499 1823 est
517 1803 523 1821 :
540 1795 616 1830 quod
630 1803 696 1822 vero
720 1795 839 1830 Spiritus
875 1797 918 1824 vel

131 1840 292 1874 simpliciter
304 1841 345 1868 vel
360 1841 461 1875 imago,
479 1841 591 1868 minitne
606 1841 739 1876 scriptum
758 1847 812 1869 est.

165 1887 231 1914 ltent
248 1888 276 1915 in
294 1887 435 1920 Scriptura
457 1887 540 1915 mittit
554 1891 582 1914 et
594 1888 650 1921 dat,
666 1893 693 1915 et
707 1887 919 1915 efl‘uuditFilius

132 1934 262 1969 Spiritum
275 1930 367 1962 :‘mitti
385 1942 451 1962 vero
466 1935 508 1962 vel
534 1936 593 1962 dari
611 1935 653 1962 vel
669 1935 771 1962 effundi
788 1935 918 1971 aSpirittt

131 1989 187 2008 non
207 1981 307 2008 dicitur
318 1981 401 2008 Filius
413 2001 420 2014 ,
437 1989 594 2016 quanquam
611 1981 637 2009 in
657 1982 798 2017 Scriptura
817 1984 918 2011 missus

130 2031 158 2054 et
173 2027 252 2054 datus
267 2035 282 2054 a
294 2027 374 2054 Patre
389 2026 507 2054 dicatur.
841 2028 843 2030 “

166 2071 229 2099 Item
242 2072 344 2106 Spiritu
355 2076 382 2099 et
393 2080 439 2106 per
453 2072 584 2107 Spiritunt
601 2073 690 2101 facere
707 2073 793 2101 Filius
814 2074 918 2102 dicitur

131 2118 185 2144 Dco
213 2118 336 2145 decentia
366 2125 459 2153 opera.
490 2118 559 2146 Filio
585 2127 652 2147 vero
684 2125 712 2147 et
737 2127 783 2154 per
809 2119 918 2154 Filium,

130 2164 193 2198 quia
209 2164 288 2192 Pater
302 2164 377 2196 facit,
394 2165 528 2199 scriptum
541 2170 581 2193 est
593 2173 602 2194 :
615 2165 678 2201 quia
699 2174 763 2194 vero
784 2167 915 2202 Spiritus,

131 2210 253 2238 minime.

165 2256 232 2283 Item
246 2257 347 2291 accipit
362 2257 387 2284 itt
422 2258 564 2293 Scriptura
590 2258 713 2292 Spiritus
741 2262 853 2285 sanctus
884 2258 916 2285 de

130 2302 209 2330 Filio.
226 2303 277 2329 Sed
296 2302 381 2331 Filius
390 2311 423 2331 ex
438 2304 519 2332 Patre
529 2304 639 2340 quidem
650 2305 774 2339 accipere
791 2305 892 2332 dicitur
908 2313 915 2332 :

130 2356 163 2376 ex
179 2348 282 2382 Spiritu
301 2357 365 2376 vero
383 2358 436 2377 non
453 2351 594 2378 scribitur.

164 2393 236 2430 Ergo
249 2399 277 2421 ttt
291 2396 347 2423 haec
359 2404 413 2424 tton
428 2398 617 2425 convertenlia
632 2397 776 2425 videantur
805 2398 832 2425 in
843 2397 917 2425 Scri-

1004 1566 1114 1594 Ccrtum
1131 1572 1220 1594 autem
1235 1567 1260 1594 id
1279 1567 1365 1602 ipsutu
1379 1572 1419 1595 est
1442 1571 1469 1594 et
1483 1575 1530 1602 per
1544 1568 1677 1602 opposita.
1690 1567 1756 1594 Nam

969 1613 1179 1640 etostensiones
1195 1613 1346 1647 eorumqui
1380 1617 1515 1640 conantur
1549 1613 1695 1640 ostendere
1723 1620 1758 1640 ex

971 1658 1030 1686 solo
1046 1659 1126 1686 Patre
1140 1667 1201 1686 esse
1220 1659 1365 1694 Spiritum,
1394 1659 1481 1686 multo
1502 1664 1567 1686 suttt
1593 1659 1758 1686 infirmiores

970 1707 1023 1733 illis
1035 1707 1136 1740 quibus
1149 1711 1316 1741 pugttatores
1335 1706 1453 1741 Spiritus
1470 1707 1627 1733 utebantur.

972 1757 980 1782 't
1006 1752 1046 1779 illi
1059 1752 1129 1779 enint
1141 1760 1194 1779 non
1211 1759 1296 1786 pauca
1314 1752 1396 1779 verba
1413 1752 1591 1780 habebantde
1603 1751 1758 1786 Scriptura,

969 1806 1030 1833 quae
1053 1806 1108 1826 non
1133 1798 1224 1825 debite
1254 1798 1321 1825 lecta
1355 1803 1381 1826 et
1406 1798 1564 1830 intellecta,
1594 1799 1757 1826 videbantur

969 1845 1148 1880 blasphemiae
1175 1852 1270 1872 eorutn
1302 1844 1446 1880 sufTragari
1466 1845 1568 1872 :sicuti
1592 1845 1649 1877 illa,
1684 1846 1756 1880 quod

969 1890 1090 1925 Spiritus
1109 1895 1221 1918 sanctus
1239 1890 1366 1924 mittitur,
1391 1891 1482 1923 datur,
1509 1890 1668 1923 effunditur,
1692 1895 1720 1918 et
1742 1899 1757 1918 a

970 1937 1061 1971 seipso
1079 1944 1131 1964 non
1147 1937 1285 1971 loquitur;
1300 1937 1348 1964 sed
1367 1943 1538 1971 qumcnnque
1555 1937 1641 1969 audit,
1657 1941 1686 1963 et
1710 1937 1758 1964 de-

970 1983 1082 2015 siderat,
1096 1987 1122 2010 et
1139 1990 1188 2017 pro
1208 1983 1311 2010 sanctis
1343 1983 1575 2011 incnarrabilibus
1609 1982 1756 2018 gentilibus

970 2029 1133 2064 interpellat,
1152 2033 1179 2056 ct
1189 2029 1252 2056 talia
1265 2037 1325 2064 qua:
1339 2037 1393 2057 non
1409 2029 1499 2057 debite
1510 2029 1678 2063 examinata,
1699 2037 1757 2057 ser-

970 2075 1032 2102 vilis
1047 2075 1176 2103 videntur
1192 2083 1252 2102 esse
1264 2081 1380 2103 naturae.
1402 2076 1433 2102 Hi
1448 2082 1552 2109 autem,
1573 2077 1619 2110 qui
1640 2083 1673 2103 ex
1699 2077 1756 2104 solo

969 2119 1051 2147 Patre
1071 2121 1216 2154 afﬁrmant,
1230 2121 1333 2148 nullunt
1347 2121 1458 2156 penitus
1474 2121 1508 2147 de
1527 2121 1667 2155 Seriptura
1692 2121 1758 2148 sub-

971 2167 1070 2193 sidium
1089 2165 1190 2193 habent
1205 2174 1211 2192 :
1226 2174 1280 2193 tton
1305 2167 1464 2198 dictionem,
1481 2174 1535 2193 non
1560 2166 1674 2199 dictum,
1702 2175 1755 2194 tton

972 2211 1126 2248 syntbolum
1142 2219 1187 2237 seu
1204 2210 1329 2245 figurant,
1348 2220 1400 2238 non
1419 2211 1502 2245 aliud,
1533 2220 1580 2246 per
1602 2212 1687 2246 quod,
1714 2213 1756 2240 vel

971 2266 1019 2292 per
1045 2266 1105 2293 quae
1120 2265 1214 2285 eorum
1227 2258 1318 2292 opinio
1338 2264 1410 2285 stare
1422 2265 1524 2293 posset.
1542 2257 1634 2291 Quare
1651 2259 1755 2286 nullum

970 2305 1081 2333 dubium
1097 2311 1148 2337 cst,
1166 2305 1237 2339 quod
1248 2309 1340 2332 nostra
1358 2305 1493 2333 scutentia
1526 2305 1592 2341 bene
1607 2313 1655 2341 per
1682 2305 1757 2332 Scri‘

971 2355 1077 2385 ptttram
1089 2350 1304 2382 demonstratur,
1319 2354 1345 2376 et
1356 2349 1394 2380 hi,
1413 2350 1459 2384 qui
1491 2357 1522 2377 ea
1544 2340 1613 2377 non
1631 2350 1756 2379 crcdunt.

973 2397 1093 2424 haeretici
1107 2401 1206 2424 suntet
1217 2404 1231 2424 a
1249 2395 1382 2423 catholica
1397 2395 1447 2423 ﬁde
1463 2396 1555 2423 alicui.
