1868 3069
134 139 197 173 1331

680 141 882 174 BAHLAAMI
904 143 952 173 DE
974 143 1193 175 SEMINARIA

1684 143 1745 176 133'}

610 350 693 407 BA
704 350 965 409 RLAAMI
1011 352 1280 409 ORATIO

816 477 897 508 PRO
923 477 1074 509 UNIONE

449 559 606 590 Aoem’one
618 558 726 590 habita
746 567 851 590 coram
865 558 1036 590 Benedicto
1051 559 1116 591 XII
1135 560 1287 599 Ponti/ica
1313 561 1465 592 Maximo.

744 642 831 675 (Allat.
843 643 1012 673 Decorum,
1032 650 1058 675 ι).
1071 643 1139 669 ἸϐἸΛ

172 793 334 821 Benedictus
349 793 540 825 duodecimus,
557 794 656 821 certior
681 793 770 822 factus
793 794 828 823 ab
858 795 914 822 An-
932 794 954 822 Α
970 801 1044 826 rum,
1064 801 1126 828 qum
1144 801 1193 828 per
1206 793 1310 821 'l‘urcos
1323 792 1447 820 inﬁdeles
1463 792 1490 819 in
1502 791 1692 827 praejudicium
1706 791 1753 818 im~

136 840 243 867 drouici
258 839 381 867 Juuioris
402 840 517 872 nuntiis,
531 839 642 868 Gnaeos
669 841 767 868 reverti
781 844 807 867 et
825 847 923 868 recon-

136 885 223 912 ciliari
239 893 301 912 cum
316 885 437 913 Romana
451 885 573 914 Ecclesia
590 886 668 918 velle,
685 886 777 914 statim
793 886 865 914 datis
879 886 923 913 lit-

135 932 202 959 teris
216 931 249 958 ad
265 932 451 960 Andronicum
467 936 494 960 et
514 932 588 961 illius
618 940 743 965 uxorem,
764 933 833 961 duos
848 933 923 960 misit

136 978 298 1013 Byzantium
314 979 429 1013 legatos,
457 982 486 1006 ut
503 979 588 1006 refert
611 978 749 1015 Gregoras
763 979 814 1007 lib.
829 988 857 1012 ι,
873 980 922 1014 qui

135 1024 169 1051 de
185 1031 250 1059 pace
264 1028 291 1052 et
306 1024 451 1051 concordia
469 1024 654 1052 Ecclesiarum
667 1028 866 1060 pertractarent
882 1033 889 1052 :
907 1032 922 1052 a

134 1077 189 1103 qua
210 1077 264 1096 non
278 1069 382 1097 alienos
396 1069 481 1097 fuisse
495 1069 805 1106 Byzantinos,idemmet
817 1075 922 1103 narrat,

135 1121 265 1151 tauquam
286 1117 332 1152 qui
352 1117 538 1152 patriarcham
558 1117 591 1145 ad
616 1118 769 1153 negotium,
786 1124 835 1145 nec
853 1117 922 1146 citra

135 1164 297 1195 tumultum,
320 1168 462 1198 urgerent.
484 1163 647 1198 Audiamus,
663 1163 730 1199 quid
756 1164 806 1191 hac
825 1164 921 1192 eadem

136 1210 169 1236 de
189 1217 218 1236 re
234 1209 400 1237 Benedictus
416 1209 461 1236 ΧΠ
477 1210 509 1237 ad
528 1208 690 1243 Bobertum,
705 1209 805 1237 Sicilia:
820 1217 922 1244 regem,

136 1260 240 1287 narret.
254 1264 286 1283 ex
302 1255 471 1283 Bibliotheca
495 1255 643 1283 Barberina
661 1265 668 1283 :
686 1265 696 1282 ‹
712 1255 883 1283 Cbarissimo
895 1256 923 1282 in

138 1302 251 1330 Christo
264 1301 344 1334 Filio,
360 1301 482 1329 Roberto
496 1303 551 1337 regi
565 1301 665 1329 Siciliae
680 1301 789 1330 illustri.
805 1301 923 1329 Veniens

134 1347 243 1383 pridem
255 1347 288 1374 ad
308 1347 482 1383 praesentiam
499 1351 621 1374 nostram
634 1346 753 1379 Barlam.
768 1347 853 1374 abbas
864 1354 923 1374 mo-

136 1394 251 1422 nasterii
267 1395 376 1422 Domini
389 1394 475 1422 nostri
495 1393 558 1422 Jesu
570 1393 675 1421 Christi
688 1393 838 1422 Salvatoris
849 1393 922 1421 Con-

135 1443 385 1478 stantiuopolitani,
399 1442 522 1474 nuntius,
535 1449 563 1470 ut
577 1443 685 1476 asserit,
696 1442 786 1477 magni
796 1442 836 1470 sui
848 1441 923 1477 prin-

135 1489 206 1523 cipis
219 1481 380 1522 Audronici,
397 1489 579 1516 moderatoris
607 1489 765 1516 Graecorum
794 1487 921 1520 illustris,

136 1537 273 1570 quoddam
304 1537 445 1571 negotium
474 1536 616 1564 reunionis
635 1535 794 1563 Graecorum
821 1540 924 1563 sanctae

139 1581 271 1608 Romana!
300 1581 431 1609 Ecclesiae
459 1580 592 1608 facienda:
610 1581 751 1616 tangentia
782 1581 925 1616 proposuit

140 1635 234 1655 coram
251 1627 331 1655 nobis
346 1635 353 1654 :
371 1634 454 1661 super
476 1627 576 1662 quibus
589 1626 730 1655 serenitati
746 1627 828 1662 regia:
853 1627 923 1654 scri-

137 1677 202 1702 bere
217 1674 385 1702 intendimus
396 1674 482 1709 magis
496 1674 585 1709 plene.
601 1673 684 1707 Sane,
696 1673 761 1709 quia
773 1671 862 1702 dictus
877 1674 933 1701 ab-'

137 1722 187 1748 bas
201 1721 235 1748 de
251 1721 423 1756 beneplacito
440 1726 536 1749 nostro
554 1721 699 1749 revertitur
712 1722 745 1749 ad
758 1721 923 1754 mittentem.

138 1768 228 1802 ipsum
254 1768 336 1802 regite
349 1767 548 1796 benevolentiae
563 1767 727 1803 propensius
744 1769 924 1796 commenda-

139 1823 211 1842 mus.
230 1814 327 1841 Datum
346 1814 485 1842 Avenione
497 1821 547 1847 ,ιιι
565 1813 624 1841 Kal.
650 1813 831 1849 Septembris,
853 1822 925 1842 anno

138 1869 164 1887 γ.
183 1869 195 1887 ι
208 1861 239 1888 lu
257 1861 369 1889 nomine
381 1861 487 1888 Domini
504 1860 591 1888 nostri
608 1860 671 1888 Jesu
691 1861 806 1894 Christi,
823 1868 896 1888 anno
910 1868 925 1888 a

137 1908 286 1936 Nativitate
301 1908 387 1943 ipsius
401 1907 547 1935 millesimo
572 1907 763 1935 trecentesimo
786 1907 926 1934 tricesimo

138 1963 222 1987 nouo,
235 1955 267 1982 ad
280 1955 453 1988 pncsentiam
469 1955 641 1983 sanctissimi
659 1955 763 1982 domini
776 1954 866 1982 Patris
878 1955 927 1982 Be-

138 2001 240 2029 nedicti
253 2001 345 2029 divina
359 2001 530 2029 Providentia
542 2009 618 2036 papa:
627 2001 686 2034 XII,
703 2002 773 2036 apud
787 2002 926 2029 civitatem

139 2050 160 2074 Λ
169 2048 372 2080 lenionensem,
390 2047 436 2075 ubi
450 2055 513 2075 cum
541 2056 590 2075 sua
606 2047 684 2074 curia
697 2048 846 2081 residebat,
862 2048 927 2075 Bar-

140 2096 194 2122 lam
210 2094 301 2122 dictus
316 2095 402 2122 abbas
419 2094 579 2122 monasterii
607 2093 717 2121 Domini
744 2094 831 2122 nostri
862 2093 925 2122 Jesu

973 841 1042 875 perii
1064 839 1223 868 Graecorum
1246 842 1384 874 occupatze
1407 838 1525 866 detineri
1543 838 1684 869 dicuntur,
1709 845 1753 871 per

974 887 1062 922 ipsum
1075 887 1217 914 dominum
1230 893 1369 914 summum
1385 883 1551 920 pontificem,
1568 888 1597 911 et
1606 883 1752 910 Ecclesiain

973 934 1114 967 dictasque
1127 940 1215 967 reges,
1234 940 1266 960 ac
1281 931 1374 959 ﬁdeles
1392 931 1472 964 alios,
1489 934 1669 965 prmstaretur
1683 929 1756 956 auxi-

974 974 1096 1011 lium,'ct
1124 979 1185 1006 alia:
1209 986 1263 1006 non
1282 977 1382 1005 modici
1399 976 1528 1013 ponderis
1549 976 1646 1011 gratia!
1663 984 1678 1003 a
1697 977 1757 1003 sedc

973 1027 1123 1062 apostolica
1146 1026 1250 1055 Graecis
1269 1026 1467 1054 exhiberentur
1480 1024 1631 1059 praedictis.
1649 1024 1681 1051 Et
1700 1023 1757 1050 licet

974 1074 1097 1108 praedicti
1111 1073 1217 1100 Barlam
1231 1077 1258 1099 et
1273 1073 1363 1104 miles.
1380 1071 1544 1105 interrogati
1558 1070 1594 1097 ab
1604 1070 1703 1097 eodem
1715 1069 1748 1097 do

974 1119 1051 1147 mino
1075 1124 1169 1147 nostro
1185 1125 1295 1146 summo
1312 1117 1456 1152 pontiﬁce.
1474 1115 1618 1151 ipsiusque
1636 1114 1757 1149 collegio,

973 1165 996 1193 si
1014 1165 1133 1192 habeant
1157 1171 1240 1197 super
1255 1163 1416 1199 praemissis,
1434 1161 1476 1189 vel
1495 1161 1557 1188 aliis
1577 1159 1759 1195 proponendis

973 1217 1000 1240 et
1014 1211 1150 1243 dicendis,
1167 1211 1200 1238 ab
1221 1210 1267 1237 illo
1290 1209 1337 1244 qui
1365 1216 1394 1237 se
1407 1208 1473 1236 dicit
1488 1207 1675 1243 patriarcbam
1690 1205 1756 1232 Cou-

974 1259 1250 1293 stantinopolitanum
1263 1257 1291 1284 iu
1301 1256 1357 1284 illis
1372 1255 1507 1292 partibus,
1523 1258 1571 1281 aut
1588 1253 1759 1280 moderatore

973 1306 1115 1342 pracdicto,
1141 1305 1183 1332 vel
1199 1304 1261 1331 aliis
1284 1303 1410 1340 personis
1429 1301 1606 1337 magnatibus
1624 1299 1757 1327 dictarunt:

973 1352 1092 1388 partium
1117 1350 1312 1379 ecclesiasticis
1340 1355 1387 1378 aut
1414 1348 1560 1376 mundanis
1582 1347 1693 1374 litteras
1720 1345 1760 1372 vel

974 1399 1146 1432 mandatum,
1164 1406 1197 1425 ne
1217 1396 1392 1424 frustratorie
1408 1399 1455 1422 aut
1476 1393 1615 1421 delusorie
1630 1391 1759 1427 procede-

975 1449 1051 1472 retur
1066 1451 1150 1478 super
1164 1443 1210 1476 iis,
1233 1449 1295 1469 cutn
1313 1441 1385 1468 sicut
1397 1447 1431 1467 ex
1449 1438 1533 1475 gestis
1547 1437 1672 1472 antiquis
1687 1436 1761 1463 colli-

977 1491 1059 1525 gitur,
1081 1490 1145 1517 olim
1164 1496 1247 1523 super
1264 1487 1364 1515 unione
1377 1486 1506 1521 prtedicta
1520 1484 1696 1513 solemnibus
1710 1488 1761 1511 tra-

976 1533 1095 1561 ctatibus
1116 1532 1229 1563 habitis.
1248 1536 1275 1558 et
1299 1530 1407 1566 negotio
1422 1528 1601 1561 concordato,
1616 1532 1761 1563 pOstquam

976 1580 1097 1608 Joannes
1122 1584 1187 1607 tunc
1202 1578 1359 1614 patriarcha
1384 1575 1721 1610 Coustautinopolitanus,
1736 1579 1763 1601 et

977 1627 1114 1662 quondam
1127 1625 1238 1653 Michael
1255 1624 1421 1658 Palmologus
1431 1623 1586 1650 moderator
1594 1621 1763 1652 Graecorum.

978 1673 1139 1708 synodatico
1157 1679 1209 1700 suo
1224 1671 1364 1699 celebrato
1385 1669 1504 1698 concilio
1518 1676 1566 1703 per
1584 1675 1651 1695 suos
1666 1666 1765 1693 solem-

978 1727 1028 1746 nes
1039 1718 1231 1754 apocrisiarios
1254 1717 1361 1744 idoneis
1382 1715 1518 1743 mandatis
1542 1713 1672 1742 sulIultos
1686 1714 1762 1739 [idem

979 1764 1156 1797 catholicam,
1169 1770 1250 1798 quam
1267 1765 1353 1795 tenet,
1372 1762 1463 1794 docet,
1480 1765 1507 1787 et
1521 1759 1654 1795 praedicat
1669 1757 1762 1785 cadent

979 1811 1103 1838 Romana
1113 1810 1245 1842 Ecclesia,
1260 1809 1372 1836 fuerunt
1387 1808 1414 1835 in
1430 1807 1550 1842 generali
1562 1805 1683 1833 concilio
1697 1804 1765 1839 Lug-

979 1857 1096 1885 dunensi
1125 1855 1252 1891 professi.
1283 1854 1506 1889 retrospicientes
1533 1851 1726 1880 datuuabilitcr
1750 1857 1765 1876 a

981 1903 1152 1939 professione
1167 1901 1325 1937 huiusmodi
1342 1904 1527 1932 recesserunt,
1544 1903 1571 1926 et
1583 1897 1617 1926 ad
1631 1896 1764 1924 vomitum

981 1951 1133 1983 redierunt,
1146 1949 1241 1977 eadem
1256 1948 1379 1977 Romana
1394 1947 1527 1978 Ecclesia,
1540 1949 1674 1980 quantum
1692 1944 1717 1970 in
1729 1943 1767 1970 eis

982 1997 1042 2030 fuit,
1063 2001 1223 2025 remanente
1238 1997 1332 2024 delusa
1359 1994 1486 2022 ﬁnaliter.
1503 1992 1611 2020 Barlam
1636 1996 1664 2018 et
1690 1990 1767 2018 miles

982 2044 1182 2080 responderunt
1207 2041 1339 2077 praedicti,
1355 2048 1384 2068 se
1400 2047 1571 2075 nequaquam
1597 2038 1699 2065 habere
1716 2037 1767 2064 hu-

979 2090 1133 2126 juscemodi
1149 2090 1258 2117 litteras
1272 2088 1314 2116 vel
1339 2087 1511 2114 mandatum.
1537 2085 1641 2111 'l‘amen
1662 2081 1767 2117 praefati

139 2142 241 2170 Christi
259 2141 409 2169 Salvator-is
425 2140 731 2175 Constantiuopolitani,
742 2148 795 2168 una
807 2149 868 2168 cum
882 2149 932 2168 no-
945 2144 968 2176 ρ
984 2136 1114 2165 dominus
1125 2139 1230 2167 noster,
1245 2133 1368 2168 elipsius
1384 2130 1539 2165 collegium,
1554 2129 1715 2156 reuuionetn
1728 2127 1767 2153 al-

140 2189 189 2217 bili
205 2189 264 2216 viro
282 2189 421 2224 Stephano
436 2188 469 2216 de
497 2187 622 2215 Dandulo
647 2188 734 2215 milite
751 2188 875 2220 veniens,
901 2192 929 2215 et

140 2236 232 2263 ferens
249 2235 356 2262 litteras
369 2234 548 2261 Dominorum
563 2233 681 2269 Philippi
697 2233 819 2260 Francia:
835 2238 862 2260 et
875 2233 931 2260 Ro-

140 2283 210 2310 berti
224 2282 325 2309 Sicilia:
343 2288 436 2316 regum
449 2280 608 2313 illustrium,
619 2280 872 2308 continentesinter
880 2287 932 2307 cae-

141 2335 211 2361 tera,
239 2328 311 2363 quod
337 2328 408 2355 idem
430 2326 537 2353 Barlam
553 2334 617 2353 cum
643 2327 728 2354 milite
746 2326 878 2361 pradicto
896 2334 929 2354 ex

141 2380 219 2409 parte
234 2375 324 2409 magni
335 2372 466 2408 principis
474 2372 621 2399 Androuici
633 2371 811 2400 moderatoris
820 2372 915 2399 Graeco
922 2385 931 2392 -

142 2429 214 2454 nun,
225 2428 276 2456 pro
288 2419 397 2455 negatio
409 2418 550 2446 reunionis
562 2417 720 2445 Graecorum
733 2417 863 2446 Ecclesiae
876 2418 932 2445 Ro-

143 2475 231 2494 mana:
247 2474 279 2493 ac
293 2465 381 2501 ipsius
401 2462 530 2491 Ecclesiae
543 2462 659 2494 unitate,
677 2462 778 2489 missus
796 2463 886 2490 fuerat
897 2463 931 2490 ad

143 2515 193 2541 bas
208 2518 309 2548 partes,
327 2519 421 2539 coram
441 2508 555 2545 praefato
583 2508 694 2536 dontiuo
710 2514 806 2537 nostro
822 2517 931 2537 summo

149 2561 284 2596 pontiﬁce,
306 2560 448 2595 ipsiusque
463 2564 543 2585 sacro
555 2556 670 2591 collegio
685 2556 859 2584 dominorum
872 2564 932 2584 car-

146 2609 278 2638 diualium
296 2608 323 2634 in
338 2605 436 2634 ell‘ectu
454 2604 609 2639 proposuit,
623 2611 684 2638 quae
700 2609 870 2638 sequuntur;
889 2603 932 2630 vi-

144 2656 255 2687 delicet,
276 2653 348 2689 quod
363 2653 388 2680 in
406 2651 526 2688 generali
544 2650 663 2678 concilio
676 2658 725 2684 per
736 2650 862 2677 eumdem
879 2649 931 2675 do-

146 2703 250 2730 minum
268 2705 393 2728 nostrqu
413 2707 550 2727 summum
566 2697 722 2733 pontiﬁcem
739 2698 932 2728 convocanda,

143 2750 279 2778 articulus
293 2749 326 2776 de
339 2747 515 2782 proccssione
532 2745 652 2781 Spiritus
664 2744 764 2776 sancti,
777 2751 824 2777 per
840 2741 934 2777 dispu-

146 2799 262 2826 tationes
279 2803 305 2826 et
316 2796 535 2825 concertationes
546 2793 646 2820 ibidem
660 2790 878 2818 coneordaretur
891 2788 934 2815 in-

980 2183 1115 2211 fectantes
1133 2180 1301 2216 prtedictam,
1318 2186 1350 2206 ex
1364 2185 1428 2213 qua,
1445 2177 1467 2204 si
1484 2176 1595 2203 daretur
1610 2182 1626 2201 a
1643 2174 1767 2204 Domino,

980 2229 1055 2256 salus
1068 2228 1222 2255 animarum
1239 2225 1388 2252 multarum
1401 2221 1497 2258 procul
1513 2220 1597 2248 dubio
1613 2219 1767 2249 resultaret,

980 2283 1011 2303 ea
1025 2281 1086 2310 quae
1099 2273 1165 2301 dicti
1177 2271 1283 2299 Barlatn
1300 2275 1328 2298 et
1340 2270 1419 2296 miles
1433 2267 1556 2296 volebant
1569 2271 1723 2301 proponere
1736 2263 1766 2290 ad

980 2319 1187 2353 experiendum,
1205 2318 1229 2346 si
1243 2318 1348 2345 [ructus
1363 2315 1461 2343 exinde
1475 2318 1567 2349 posset
1580 2312 1682 2346 aliquis
1697 2310 1766 2342 elici,

983 2367 1054 2395 unde
1070 2367 1110 2394 via
1121 2366 1194 2393 utilis
1207 2364 1308 2400 aperiri
1321 2363 1423 2390 valeret
1433 2360 1543 2396 negotio
1552 2358 1695 2386 reuuionis
1705 2364 1769 2392 pra:-

981 2413 1060 2440 dicta
1075 2421 1082 2445 ;
1102 2411 1229 2438 fecerunt
1242 2409 1294 2436 sibi
1307 2408 1378 2440 dari,
1393 2413 1453 2441 qua:
1464 2404 1630 2440 quibusdam
1648 2403 1767 2430 colorata

982 2455 1136 2484 rationibus
1146 2458 1300 2486 sequuntur
1308 2453 1335 2480 in
1345 2452 1419 2479 hunc
1429 2450 1539 2477 modum
1552 2457 1604 2476 :—
1613 2457 1623 2473 ‹
1635 2447 1768 2480 Quoniam

982 2504 1106 2531 divinutn
1125 2507 1152 2530 et
1171 2501 1313 2529 adorabile
1326 2499 1481 2526 [nandatum
1498 2496 1601 2524 factum
1620 2500 1663 2522 est
1676 2493 1741 2521 mihi
1756 2500 1769 2518 ει

983 2556 1076 2578 vestra
1091 2549 1249 2580 sanctitate,
1266 2552 1296 2575 ut
1319 2547 1411 2574 dicam
1425 2545 1536 2572 modum
1561 2550 1609 2578 per
1627 2549 1711 2576 quem
1728 2547 1769 2567 re~
1784 2563 1787 2566 .

984 2603 1049 2632 puto
1064 2605 1116 2633 ego
1131 2595 1261 2631 possibile
1272 2602 1344 2626 esse,
1356 2592 1522 2621 Orientalem
1533 2590 1687 2618 Ecclesiam
1701 2587 1769 2614 uniri
1799 2610 1802 2619 ,

984 2643 1153 2672 Occidentali
1175 2641 1313 2673 Ecclesia:,
1331 2645 1419 2667 vestro
1446 2637 1600 2666 obcdiendo
1629 2635 1769 2665 mandato,
1799 2655 1803 2675 ί

984 2697 1038 2718 hoc
1059 2691 1134 2718 dicto
1152 2689 1315 2724 procedente
1330 2687 1386 2722 jam
1413 2685 1525 2712 faciant.
1542 2683 1666 2710 Primum
1682 2686 1770 2707 autent

984 2738 1112 2770 omnium
1126 2737 1256 2771 deprecor
1278 2735 1374 2766 Deum,
1399 2737 1439 2765 ut,
1456 2732 1527 2759 sicut
1552 2737 1603 2764 ego
1619 2736 1683 2756 cum
1701 2727 1772 2753 omni

985 2785 1101 2821 veritate
1113 2788 1139 2810 ct
1153 2782 1269 2817 puritate
1280 2780 1371 2808 cordis
1387 2779 1482 2813 l0quar
1494 2777 1527 2804 de
1542 2776 1613 2807 istis,
1627 2774 1667 2801 sic
1681 2779 1707 2801 (-t
1719 2774 1773 2808 ipse

145 2853 187 2872 ter
203 2845 315 2872 Latinos
331 2850 357 2871 et
371 2843 492 2874 (it-meos,
511 2840 640 2875 quodque
655 2843 718 2864 ante
735 2836 828 2863 omnia
849 2842 931 2868 super
950 2834 971 2861 D
985 2832 1096 2860 emittat
1117 2831 1150 2858 ad
1166 2834 1290 2858 sanctam
1315 2827 1434 2854 animam
1453 2829 1583 2852 vestram.
1600 2821 1674 2871 quod
1693 2819 1773 2870 sitad

146 2892 352 2928 tecupcratiouc
366 2892 446 2919 trium
469 2889 511 2916 \‘cl
530 2891 647 2919 quatuor
661 2883 804 2911 civitatum
820 2888 930 2916 magna-

986 2879 1100 2914 glorimn
1124 2877 1235 2912 quidem
1251 2880 1278 2904 et
1295 2873 1401 2902 laudem
1430 2874 1526 2898 vestrm
1554 2865 1770 2902 magniﬁcentia,
