1868 3069
111 147 182 179 1333

725 153 871 185 ORATIO
893 154 969 186 PRO
991 151 1150 186 UNIONE.

1668 156 1735 188 Ῑ3Ῑῖί

105 205 322 233 destructionem
336 211 428 234 autem
442 205 600 241 impiorum,
620 207 816 242 perfectionem
833 218 897 238 vero
913 214 935 243 Α
951 212 1039 243 missi.
1053 219 1143 248 neque
1161 219 1175 239 a
1190 216 1306 247 quatuor
1322 212 1496 247 patriarclds.
1518 213 1565 247 qui
1580 213 1736 248 gubernant

105 257 132 279 et
159 252 291 281 unitatem
315 255 436 282 omnium
453 251 685 284 Christianorum.
713 256 895 286 Sanctissime

106 299 198 333 Pater,
212 301 268 327 duo
283 306 348 328 sttnt
364 302 446 335 modi,
460 311 508 338 per
519 311 585 338 quos
600 309 689 338 potest
700 304 800 340 aliquis
817 313 895 339 repu-

107 352 166 374 tare
182 347 312 382 possibile
326 355 397 381 esse,
412 348 469 375 fieri
484 349 642 384 praedictam
658 350 798 378 unionem.
815 350 893 378 Unus

105 392 217 426 quidem
233 394 279 423 sit.
313 393 458 427 violenter,
474 395 525 422 hoc
542 400 594 428 est,
613 396 636 423 si
652 396 705 422 vim
723 396 795 430 passi
818 397 895 424 habi-

105 443 197 466 tantes
210 438 362 472 Orientem,
377 440 503 468 nolentes
520 441 653 476 recipiant
678 447 796 470 vestram
817 450 894 470 com-

107 485 270 513 Inunitatem
287 495 294 513 :
312 486 384 513 alius
399 494 473 520 vero,
489 488 535 523 q‘ui
557 488 627 515 liber
643 488 689 521 sit,
711 489 763 516 hoc
778 495 830 521 est,
847 496 895 523 per

103 530 269 558 doctrinalia
286 532 367 559 verba
382 532 482 560 eruditi
502 539 527 561 et
545 534 690 567 humiliati,
708 534 831 562 volentes
848 543 894 562 vo-

104 577 211 604 biscum
231 578 374 606 uniantur.
390 578 493 606 Horum
520 586 585 614 ergo
613 580 731 607 duorum
747 581 893 609 modorum

104 624 183 658 prior
208 624 318 659 quidem
344 625 458 653 omnino
483 625 647 660 dimittatur,
666 628 796 662 quoniam
816 627 894 655 vobis

103 671 204 705 placet.
217 670 360 699 Secundus
370 675 473 703 autem.
485 673 532 708 qui
544 677 586 701 εει
596 673 782 707 voluntarius,
793 674 894 710 duplex

102 722 156 744 est.
172 716 248 744 Alius
263 723 304 745 est
318 718 390 745 enim
412 719 521 751 modus,
541 727 590 754 per
607 727 688 755 quem
705 721 837 756 possibile
852 727 895 750 est

102 762 242 797 sapientes
266 769 374 792 nostros
391 765 554 792 concordari
580 766 744 799 vobiscum;
768 771 796 794 et
810 767 893 800 alius,

103 815 153 841 per
167 815 260 842 quem,
285 810 415 845 populum
434 818 623 838 communem.
638 811 814 846 Sapientium
829 813 894 848 qui-

103 854 166 881 dem
179 855 278 884 modus
292 856 406 891 simplex
424 863 466 885 est
482 863 510 885 et
526 854 612 885 facilis
628 867 635 886 :
652 867 715 886 nam
732 859 755 887 si
768 860 894 887 venerint

947 257 1115 285 Orientalem
1134 257 1295 291 Ecclesiam,
1317 266 1405 293 neque
1420 266 1435 285 a
1451 259 1562 293 populo,
1582 259 1629 286 sed
1644 268 1658 285 a
1675 261 1735 286 solo

949 304 1126 339 imperatore,
1138 304 1184 339 qui
1200 309 1314 332 conatus
1326 304 1376 332 fuit
1390 305 1478 332 facere
1499 306 1627 332 unionem
1641 306 1733 333 voltis-

948 357 1009 377 cum
1026 358 1059 377 ex
1077 350 1102 377 vi
1120 370 1127 382 ,
1146 356 1172 378 et
1188 358 1241 378 non
1255 350 1417 378 voluntarie.
1437 351 1463 377 Si
1483 359 1548 385 ergo
1566 357 1656 378 vestra
1672 359 1735 379 san—

947 396 1030 423 ctitas
1047 398 1188 429 concedit,
1208 402 1236 424 ut
1251 397 1295 424 fiat
1312 398 1345 424 de
1359 397 1412 425 isto
1428 397 1556 432 generale
1571 399 1730 429 concilium,

946 441 982 469 sit
994 442 1085 469 taliter
1101 441 1162 476 ejus
1177 442 1294 470 initiutn.
1313 442 1456 469 Mittantur
1469 449 1483 467 a
1497 442 1573 469 vobis
1586 442 1619 468 ad
1636 442 1734 469 Oricu-

946 487 1027 514 taletn
1049 487 1201 515 Ecclesiatn
1228 488 1320 523 legati,
1343 489 1393 515 viri
1421 488 1541 522 religiosi
1566 493 1593 515 et
1607 489 1734 515 timentes

947 531 1045 566 Deum,
1061 539 1088 562 et
1110 535 1180 569 pleni
1196 535 1293 569 spiritu
1311 535 1474 562 humilitatis
1494 539 1521 562 et
1539 535 1685 568 patientiae,
1707 541 1734 562 et

946 585 1077 616 portenta
1087 581 1163 609 vobis
1176 581 1281 609 litteras
1295 582 1427 609 habentes
1440 583 1522 609 istum
1538 582 1645 608 tnodum
1659 581 1734 609 :V'iri

948 626 1058 658 fratres,
1077 626 1165 659 scitis,
1181 627 1245 661 quia
1256 627 1411 655 communis
1429 627 1556 654 inimicus
1569 633 1661 654 noster
1675 628 1735 654 dia‘

946 670 1023 698 bolus
1036 671 1128 705 posuit
1141 671 1270 699 scandala
1286 671 1358 698 inter
1373 679 1421 699 vos
1436 676 1464 698 et
1481 679 1541 704 nos,
1556 676 1583 700 et
1597 672 1734 706 separavit

947 723 997 743 nos
1012 716 1046 743 ab
1070 716 1199 743 invicem.
1216 715 1352 744 Debemus
1367 724 1432 751 ergo
1446 721 1473 744 et
1491 725 1543 744 nos
1561 723 1588 744 et
1604 725 1652 745 vos
1682 718 1733 744 tri-

946 760 1015 787 slari
1030 768 1111 796 super
1122 760 1187 794 hoc,
1202 764 1228 788 et
1241 768 1387 788 commune
1402 760 1534 788 damnum
1552 767 1678 796 reputare
1695 763 1733 789 is.

947 810 1003 833 tam
1015 808 1230 841 separationem.
1245 806 1384 842 Rogamus
1399 814 1463 842 ergo
1491 815 1540 835 vos
1556 813 1584 835 ut
1597 808 1695 836 fratres
1708 809 1733 835 in

946 852 1070 886 Christo,
1089 854 1273 888 patriarcham
1288 854 1633 890 Constantinopolitanum,
1647 859 1674 882 et
1689 863 1735 890 pa-

103 898 139 926 ad
155 906 272 928 vestram
290 902 492 929 sanctissimam
509 903 678 938 majestatem
691 911 725 931 ex
738 905 837 932 nostris
851 913 896 932 εει-
911 892 931 919 Β
948 900 1097 938 triarcham
1113 901 1343 934 Alexandrinum,
1364 901 1565 929 Antiochenam
1592 906 1620 929 et
1637 901 1734 929 Hiero-

103 946 243 980 pientibus
259 947 369 982 triginta
386 952 434 975 aut
449 949 638 984 quadraginta,
653 956 701 977 aut
715 957 895 986 quotcunque

103 993 171 1025 sint,
190 992 259 1021 bene
270 993 339 1026 scio,
352 995 417 1030 quia
432 995 673 1023 concordabuntur
686 997 827 1025 vobiscum
840 1002 895 1025 sta-

103 1040 153 1066 tim
174 1038 312 1068 facillime.
330 1040 442 1074 Quare?
455 1042 518 1077 quia
544 1050 633 1078 neque
649 1051 697 1071 vos
710 1044 848 1079 quan-itis,
864 1048 895 1072 ut

103 1087 275 1115 irrationalis
288 1089 425 1123 appetitus
439 1089 539 1121 vincat.
557 1097 646 1125 neque
659 1090 697 1118 illi
711 1100 718 1118 :
737 1091 784 1119 sed
801 1095 827 1119 et
844 1099 894 1119 vos

103 1139 131 1161 et
150 1135 186 1161 illi
200 1135 334 1169 quaeritis,
350 1141 379 1163 ut
393 1136 482 1163 vincat
496 1137 606 1164 veritas.
624 1136 705 1172 Ergo,
722 1138 852 1172 quoniam
867 1142 895 1166 et

103 1178 187 1206 ambo
206 1179 370 1208 desideratis
386 1182 541 1214 veritatem,
566 1183 732 1210 credendum
750 1190 804 1216 εει,
829 1186 894 1219 quia

103 1230 132 1253 et
148 1226 204 1253 cito
217 1226 304 1260 ipsam
324 1227 480 1259 invenietis,
506 1232 534 1255 et
560 1229 616 1256 cito
641 1230 893 1258 concordabimini.

104 1271 159 1299 Sed
185 1272 241 1306 isti,
260 1278 406 1308 postquam
424 1274 542 1303 fuissent
559 1275 721 1303 concordati
739 1276 893 1309 vobiscum,

105 1319 209 1345 reversi
226 1319 258 1346 ad
270 1319 423 1351 Orientem.
440 1328 494 1348 non
515 1325 643 1355 poterunt
659 1321 791 1349 reducere
807 1329 894 1357 popa.

103 1365 161 1391 lum
178 1370 302 1393 nostrum
321 1365 354 1393 ad
372 1367 550 1400 credendum,
573 1368 635 1402 quia
650 1367 760 1396 fuerunt
775 1376 894 1396 concor-

104 1410 163 1438 dati
180 1411 336 1443 vobiscum.
353 1420 414 1440 cum
431 1413 510 1440 salva
527 1418 620 1441 essent
636 1414 763 1449 dogmata
779 1419 891 1442 sancto-

106 1465 166 1484 rum
182 1458 294 1486 Patrum
308 1468 315 1486 :
327 1458 375 1486 sed
390 1464 503 1494 surgent.
517 1460 563 1487 alii
576 1460 700 1494 quidam,
714 1466 761 1489 aut
782 1465 893 1496 propter

106 1503 249 1537 invidiam,
266 1510 313 1532 aut
333 1512 430 1532 vanam
445 1505 574 1540 gloriam.
589 1511 639 1534 aut
654 1506 723 1534 forte
740 1508 893 1541 reputando

105 1549 177 1577 bene
190 1549 289 1582 facere,
303 1555 331 1578 et
345 1550 480 1579 docebunt
492 1556 578 1580 totum
590 1553 756 1581 contrarium
770 1554 852 1589 plebi,
866 1559 893 1582 et

106 1596 221 1624 dicent:
238 1596 297 1625 Viri
317 1597 428 1631 fratres,
444 1599 535 1627 videte
552 1607 587 1627 ne
600 1601 785 1634 seducatnini,
803 1609 893 1636 neque

105 1642 200 1670 audite
217 1650 285 1676 eos;
304 1643 350 1671 isti
377 1645 450 1672 enim
470 1653 533 1672 cum
559 1646 615 1674 sint
641 1647 763 1682 corrupti
781 1653 892 1682 propter

107 1696 220 1716 munera
232 1693 259 1716 et
273 1697 369 1717 vanam
384 1691 510 1725 gloriatur,
532 1693 626 1720 dicunt
639 1701 700 1728 qua:
717 1694 812 1722 dicunt
825 1703 833 1728 ',
850 1695 893 1722 ni-

107 1735 147 1762 hil
168 1743 236 1769 ergo
251 1738 418 1765 removeatis
435 1745 468 1766 ex
485 1738 519 1765 iis
535 1746 596 1774 quae
620 1740 730 1768 tenetis.
746 1740 793 1769 isti
816 1748 892 1776 ergo,

104 1782 280 1810 sanctissime
293 1783 382 1815 Pater,
396 1784 512 1812 dicendo
525 1785 588 1812 talia
600 1786 694 1819 verba,
707 1787 894 1815 hutniliabunt

106 1828 212 1862 plebem
225 1829 337 1856 credere
347 1830 398 1857 eis.
413 1829 558 1864 Sapientes
569 1835 673 1864 autem,
688 1833 735 1868 qui
752 1834 892 1861 vobiscum

107 1874 209 1901 fuerint
226 1875 396 1909 concortlati,
410 1875 478 1903 nihil
492 1876 582 1904 facere
598 1882 736 1912 poterunt,
748 1880 795 1907 sed
808 1881 894 1915 magis

104 1925 187 1947 erunt
198 1921 224 1947 iu
240 1921 360 1955 pericttlo
376 1929 391 1949 a
405 1923 485 1950 turba
497 1924 640 1957 pereundi.
652 1923 730 1952 Unde
746 1927 893 1960 praedictus

107 1967 206 1993 modus
223 1972 333 2002 propter
345 1968 455 2002 quidem
468 1968 605 2004 sapientes
617 1970 754 1999 sufﬁciens
768 1976 820 2004 est,
833 1980 894 2007 pro-

106 2017 165 2046 pter
183 2020 248 2040 vero
265 2013 395 2048 populum
413 2022 598 2049 nequaquam.
616 2015 684 2048 Quis
700 2024 765 2052 ergo
777 2022 818 2044 est
836 2026 893 2046 mo-

105 2059 168 2089 dus,
184 2059 230 2092 qui
248 2063 276 2086 et
299 2059 406 2094 plebem
423 2065 449 2087 et
466 2061 604 2095 sapientes
631 2062 714 2090 simul
730 2063 846 2091 adducet
860 2065 893 2092 ad

106 2105 236 2132 unionem
255 2106 396 2133 vestram?
416 2106 472 2142 Ego
487 2107 586 2134 dicam.
612 2108 755 2136 Audicndo
768 2117 893 2138 εοιιιιιιιι-

107 2151 149 2178 nis
165 2151 292 2186 populus.
306 2151 378 2186 quod
391 2153 479 2181 sexies
493 2153 595 2180 factum
607 2159 648 2182 est
662 2156 788 2189 generale
803 2158 895 2184 conci-

106 2198 186 2229 lium,
204 2202 240 2231 et,
259 2199 367 2233 quoties
384 2198 485 2226 factum
502 2204 554 2231 est,
579 2201 612 2228 ad
630 2202 824 2234 perfectionem
841 2203 892 2230 Ec.

946 947 1150 983 solymitanum,
1164 953 1190 976 et
1206 948 1276 976 alios
1293 948 1435 984 pontifices
1451 953 1478 976 et
1493 948 1596 976 electos
1608 949 1692 981 viros,
1705 955 1735 977 ut

945 994 1143 1022 conveniamus
1169 994 1250 1022 simul
1267 995 1294 1022 in
1319 994 1412 1029 aliquo
1439 995 1512 1027 loco,
1528 999 1556 1022 et
1579 1002 1734 1030 quaeramus

945 1041 1132 1069 communiter
1151 1049 1212 1069 cum
1230 1041 1367 1076 spirituali
1384 1040 1483 1068 affectu
1507 1041 1542 1068 de
1567 1041 1732 1076 praepositis,

945 1091 973 1114 et
984 1088 1056 1122 quod
1071 1087 1150 1115 nobis
1165 1087 1300 1115 revelabit
1313 1087 1431 1122 Spiritus
1443 1092 1566 1120 sanctus,
1582 1088 1635 1115 hoc
1646 1088 1733 1115 deter-

947 1133 1109 1167 minabitur,
1127 1140 1154 1162 et
1174 1142 1318 1168 speramus
1338 1135 1364 1162 in
1379 1135 1571 1162 misericordia
1587 1135 1646 1167 Dei,
1669 1135 1733 1170 quia

946 1180 1076 1208 scandala
1091 1179 1167 1208 foras
1187 1181 1344 1216 ejicicntur,
1369 1186 1397 1208 et
1414 1181 1582 1209 unanimitas
1608 1185 1636 1210 et
1656 1188 1733 1208 amor

946 1227 1160 1255 dominabuntur
1187 1228 1283 1256 vestri.
1310 1227 1339 1255 Si
1366 1226 1417 1260 sic,
1441 1228 1616 1255 sanctissime
1641 1227 1732 1259 Pater.

946 1278 1089 1302 mansueta
1102 1274 1183 1302 verba
1196 1274 1334 1302 audierint
1351 1273 1516 1306 Orientales,
1527 1275 1732 1308 imperatorque

945 1325 972 1349 et
988 1321 1153 1356 patriarchae
1175 1326 1202 1349 et
1213 1323 1331 1356 populus
1353 1321 1470 1348 maxime
1485 1321 1642 1355 gaudebunt
1655 1330 1663 1354 ;
1677 1325 1733 1348 sta-

946 1369 994 1395 tim
1013 1368 1146 1403 incipient
1166 1369 1275 1403 operari
1302 1368 1336 1396 ad
1356 1368 1538 1403 propositum,
1555 1371 1582 1394 et
1594 1375 1655 1394 cum
1686 1375 1732 1395 vc-

945 1414 1011 1442 stris
1023 1415 1128 1443 nuntiis
1149 1414 1313 1442 ordinabnnt
1325 1415 1448 1446 modum,
1458 1417 1568 1448 tempus
1592 1419 1618 1441 et
1629 1414 1729 1444 locum,

945 1460 973 1487 in
991 1468 1047 1495 quo
1066 1460 1222 1487 universale
1236 1460 1281 1487 fiet
1295 1459 1454 1492 concilium,
1471 1460 1498 1486 in
1512 1467 1567 1494 quo
1582 1460 1641 1487 sine
1657 1459 1731 1486 otnui

945 1507 1030 1534 dubio
1041 1511 1083 1535 est
1099 1506 1277 1539 credendum,
1294 1506 1356 1540 quia
1374 1506 1438 1533 unio
1453 1505 1567 1532 firmiter
1583 1505 1655 1532 facta
1668 1506 1731 1533 erit.

945 1554 1044 1582 Postea
1060 1558 1184 1589 quoquot
1197 1553 1371 1581 interfuerint
1385 1553 1430 1580 isti
1445 1552 1561 1580 concilio
1574 1553 1688 1580 exibunt
1699 1553 1733 1579 ad

945 1608 1120 1628 communem
1156 1600 1306 1634 populum,
1333 1604 1359 1626 et
1390 1597 1583 1626 dicent:Viri
1622 1597 1732 1626 fratres.

945 1651 1070 1674 sanctum
1086 1651 1113 1673 et
1127 1646 1255 1681 generale
1269 1645 1418 1673 concilium
1433 1644 1622 1672 determinavit
1638 1644 1694 1671 haec
1707 1649 1734 1671 et

947 1693 1024 1726 haec;
1049 1693 1154 1720 debetis
1174 1699 1240 1727 ergo
1260 1693 1383 1727 recipere
1403 1698 1445 1718 ea.
1464 1690 1495 1717 Et
1510 1698 1606 1718 omnes
1624 1697 1655 1717 ea
1673 1690 1734 1717 sine

945 1739 1029 1768 dubio
1048 1739 1191 1774 recipient.
1210 1739 1273 1770 iste.
1288 1738 1464 1766 sanctissime
1479 1738 1570 1770 Pater,
1587 1736 1663 1764 solus
1677 1744 1734 1764 mo-

945 1786 996 1814 dus
1013 1791 1065 1818 est,
1089 1786 1160 1813 sicut
1174 1784 1284 1811 videtur
1300 1784 1378 1817 mihi,
1394 1791 1443 1818 per
1460 1791 1542 1818 quem
1558 1783 1622 1810 unio
1641 1782 1734 1810 Eccle-

945 1832 993 1860 sia:
1010 1832 1067 1860 fieri
1081 1836 1181 1868 potest.
1196 1831 1317 1859 Consnlo
1331 1835 1422 1858 autem
1437 1837 1465 1858 et
1481 1830 1550 1862 hoc;
1571 1830 1657 1864 magis
1668 1837 1733 1857 vero

945 1878 1091 1913 deprecor.
1111 1877 1139 1905 In
1159 1876 1258 1904 Turcia
1274 1883 1392 1911 quatuor
1407 1881 1473 1903 sunt
1486 1876 1611 1903 civitates
1628 1883 1732 1911 magna:

945 1929 972 1953 et
983 1925 1089 1957 divites,
1106 1932 1168 1959 qua:
1179 1924 1314 1951 hactenus
1328 1923 1438 1950 fuerunt
1451 1922 1619 1953 Grmcorum.
1632 1927 1658 1950 et
1671 1930 1731 1957 pro-

946 1976 1006 2007 pter
1023 1974 1134 2006 peccata
1149 1975 1241 1998 nostra
1258 1968 1345 1997 multo
1357 1968 1543 2003 tcmporcjam
1560 1969 1666 1996 traditae
1677 1969 1734 1997 fue-

947 2022 1011 2045 runt
1026 2018 1058 2044 in,
1071 2024 1167 2044 ntanus
1188 2016 1334 2051 impiorum
1353 2025 1360 2043 :
1390 2023 1462 2043 nunc
1493 2023 1558 2042 vero
1574 2015 1620 2049 qui
1638 2019 1732 2042 tenent

945 2068 973 2092 et
984 2063 1145 2092 custodiunt
1172 2063 1242 2094 illas,
1257 2066 1336 2090 erant
1353 2061 1465 2097 quidem
1480 2061 1643 2093 Christiani,
1657 2069 1688 2088 ex
1708 2061 1732 2088 vi

946 2115 1036 2138 autem
1059 2110 1123 2138 facti
1140 2114 1205 2137 sunt
1222 2108 1314 2136 Turci.
1335 2107 1381 2134 Isti
1405 2114 1481 2141 ergn,
1500 2106 1618 2134 volendo
1635 2107 1732 2133 iterum

946 2157 1047 2184 reverti
1061 2156 1095 2182 ad
1111 2155 1299 2183 Christianam
1314 2153 1406 2184 fidem,
1424 2156 1518 2179 notum
1536 2152 1662 2179 fecerunt
1681 2154 1734 2178 do-

947 2204 1022 2230 mino
1034 2210 1094 2230 meo
1106 2201 1274 2237 imperatori,
1287 2205 1318 2227 ut
1328 2199 1411 2227 vadat
1421 2206 1481 2226 cum
1494 2198 1614 2225 exercitu
1628 2198 1660 2224 ad
1672 2205 1732 2228 eos,

105 2245 197 2272 clesiaa
214 2244 315 2272 factum
330 2250 383 2278 est,
398 2250 425 2273 et
437 2246 470 2272 ad
485 2247 684 2274 correctionem
695 2255 832 2280 errorum,
845 2250 891 2284 qui
908 2249 930 2277 D
947 2253 974 2277 et
995 2249 1046 2284 ipsi
1071 2248 1110 2276 illi
1137 2247 1245 2275 tradent
1261 2246 1407 2281 praedictas
1431 2245 1565 2272 civitates.
1583 2243 1733 2279 Imperator

105 2295 186 2318 erant
211 2291 237 2318 in
260 2291 314 2318 illis
334 2292 515 2326 temporibus,
542 2292 700 2327 opinionctn
731 2299 894 2329 receperunt

105 2345 203 2365 omnes
217 2338 250 2364 ad
272 2338 379 2365 animas
395 2346 461 2365 suas
476 2357 483 2370 ,
501 2339 564 2373 quia
581 2339 655 2373 quod
669 2339 707 2366 sit
726 2340 893 2368 determina-

105 2390 163 2412 tum
176 2391 189 2411 a
200 2384 319 2419 generali
332 2385 460 2416 concilio,
477 2389 581 2412 rectum
597 2389 623 2413 et
636 2392 734 2413 sanum
744 2391 797 2414 est.
810 2387 892 2422 Ergo,

105 2433 129 2460 si
148 2432 193 2458 liet
210 2436 238 2459 et
263 2439 337 2459 nunc
360 2431 393 2459 de
419 2430 594 2464 dilfcrcntiis,
618 2440 687 2467 quas
709 2433 815 2461 habetis
830 2442 893 2461 cum

105 2478 219 2509 Graecis.
241 2478 368 2514 generale
391 2478 549 2511 concilium,
572 2483 602 2506 ut
629 2486 679 2506 nos
705 2480 891 2512 osteinlemus,

106 2531 280 2560 qutecunque
293 2531 308 2551 a
320 2524 441 2558 generali
457 2524 574 2552 concilio
586 2524 767 2552 determinata
781 2524 892 2558 fuerint,

106 2579 206 2599 omnes
229 2570 384 2598 Orientales
398 2570 517 2599 libenter
533 2571 590 2599 haec
605 2571 750 2606 recipient,
767 2576 794 2598 et
814 2579 892 2599 nemo

106 2619 160 2645 erit
175 2617 221 2651 qui
238 2617 280 2644 his
304 2616 488 2649 contradicat,
503 2623 531 2645 et
556 2618 596 2645 sic
615 2618 781 2646 unanimitas
801 2619 892 2646 statim

105 2669 134 2690 ct
145 2663 209 2690 unio
229 2663 299 2689 facta
321 2663 384 2690 erit.
392 2661 420 2690 Si
436 2668 527 2691 autem
543 2664 641 2699 aliquis
661 2664 743 2696 dicat,
756 2666 820 2700 quia
834 2666 890 2699 jam

107 2710 210 2737 factum
234 2714 275 2736 est
288 2709 322 2736 de
342 2709 402 2736 istis
418 2709 547 2745 generale
562 2710 708 2738 concilium
732 2711 758 2737 in
775 2710 893 2746 Lugdu—

107 2758 195 2789 nensi,
213 2757 239 2783 in
259 2764 315 2792 quo
332 2757 442 2784 fuerunt
459 2762 485 2784 et
503 2756 601 2790 Graeci,
621 2758 700 2791 sciat,
718 2759 791 2793 quod
813 2766 894 2786 nemo

107 2803 209 2837 poterit
227 2802 372 2830 humiliore
388 2803 517 2838 populum
532 2803 701 2836 Grircorum,
717 2809 744 2830 ut
762 2804 895 2840 recipiant

107 2849 173 2876 tnud
196 2849 344 2877 concilium
359 2849 420 2876 sine
436 2849 489 2876 alio
506 2849 633 2878 concilio.
652 2850 837 2884 Quaro?quia
855 2849 893 2878 dli

107 2895 207 2929 Gnrci,
225 2896 271 2931 qui
296 2895 480 2925 interfuerunt
494 2897 538 2925 isti
556 2897 684 2932 concilio,
711 2905 763 2925 non
784 2896 894 2926 fuerunt

946 2305 1021 2330 vero,
1040 2303 1095 2324 non
1112 2294 1276 2323 confidendo
1291 2293 1318 2320 in
1334 2293 1393 2321 sola
1412 2300 1461 2321 sua
1481 2297 1571 2327 gente,
1593 2292 1667 2319 misit
1681 2299 1731 2318 nos

946 2343 979 2370 ad
995 2342 1264 2371 Christianissimum
1284 2347 1375 2373 regem
1400 2339 1581 2369 Francorum,
1606 2346 1731 2372 qu:ercns

947 2392 1057 2421 propter
1073 2386 1125 2413 hoc
1150 2385 1295 2413 auxilium.
1320 2384 1388 2411 Nam
1404 2384 1427 2412 si
1442 2383 1617 2419 apprehenste
1632 2382 1732 2409 fuerint

946 2433 1000 2460 illa:
1014 2433 1151 2463 civitates,
1169 2436 1197 2459 et
1213 2439 1329 2459 reversae
1347 2431 1381 2458 ad
1399 2438 1458 2463 nos,
1483 2430 1601 2464 primum
1621 2429 1730 2464 quidem

947 2484 1030 2507 totam
1045 2479 1186 2512 virtutem,
1203 2486 1284 2512 quam
1297 2477 1398 2504 habent
1416 2476 1499 2504 Turci
1516 2484 1564 2510 per
1579 2483 1664 2508 mare,
1677 2480 1729 2502 sta-

946 2525 993 2553 tim
1010 2524 1133 2560 perdent,
1150 2529 1177 2551 et
1192 2523 1319 2551 deficient
1331 2523 1402 2550 mala
1417 2530 1479 2558 quae
1495 2522 1638 2558 patiuntur
1653 2522 1732 2548 Chri-

946 2571 1028 2599 stiani
1046 2579 1093 2606 per
1107 2578 1202 2602 mare;
1218 2569 1252 2596 ab
1267 2569 1307 2596 cis
1317 2569 1401 2596 etiam
1415 2569 1539 2604 regiones
1550 2572 1578 2596 et
1593 2568 1729 2600 civitates,
1747 2568 1754 2586 ‘-

946 2624 1006 2652 qtnc
1027 2621 1090 2643 sunt
1112 2616 1184 2642 inter
1209 2614 1352 2648 praedictas
1370 2613 1495 2640 civitates
1511 2617 1538 2640 et
1559 2620 1609 2640 vos
1623 2621 1731 2644 omnes.

946 2662 1088 2689 tradentur
1102 2661 1182 2688 nobis
1195 2669 1203 2692 ς
1215 2664 1241 2688 et
1254 2659 1306 2687 erit
1318 2667 1415 2694 magna
1428 2659 1511 2693 janua
1525 2665 1620 2693 aperta
1636 2663 1732 2687 sancto

946 2708 1083 2744 passagio.
1110 2707 1142 2734 Et
1165 2706 1279 2734 audiens
1310 2705 1368 2732 haec
1393 2712 1439 2731 rex
1456 2703 1638 2737 Francorum,
1656 2705 1732 2732 misit

947 2763 997 2783 nos
1012 2755 1045 2782 ad
1059 2762 1117 2788 vos,
1143 2759 1171 2781 ut
1188 2753 1296 2786 dicatis,
1312 2751 1378 2787 qttid
1399 2750 1476 2778 vobis
1489 2750 1523 2777 de
1542 2750 1594 2777 isto
1614 2753 1729 2785 placeat.

947 2802 1024 2830 Unde
1038 2801 1224 2837 supplicamus
1236 2799 1324 2831 vobis,
1337 2797 1510 2825 sanctissime
1523 2797 1613 2828 ['atrr,
1627 2801 1655 2824 ut
1666 2805 1732 2824 con-

947 2849 1060 2880 cedatis,
1083 2852 1112 2874 ut
1138 2847 1263 2874 mittatur
1281 2844 1410 2872 auxilium
1429 2843 1462 2871 ad
1479 2848 1571 2878 partes
1594 2843 1666 2874 illas,
1684 2848 1732 2870 ant

947 2895 1108 2930 priusquam
1125 2895 1223 2922 va-Jant
1247 2893 1311 2920 illuc
1327 2891 1447 2927 pratdicti
1472 2890 1554 2918 vcstri
1574 2889 1665 2924 legati,
1684 2895 1731 2915 aot
