1868 3069
149 187 217 218 1335

147 302 222 321 mttm
235 293 356 328 quident,
373 292 444 327 quod
457 291 618 318 naturaliter
630 297 725 316 omnes
736 289 862 316 homines
877 296 933 315 ina-

147 340 189 374 gis
214 340 307 366 volunt
336 338 477 374 subjugari
502 336 740 365 benefacieutibus
770 335 821 367 eis,
851 343 932 369 quatit

147 391 244 412 contra
263 385 439 412 facientibus.
453 384 521 411 Nam
536 389 564 410 et
583 382 681 414 Judtei,
692 390 754 409 cum
774 381 828 408 sint
844 381 936 415 ingra-

148 431 248 458 tissimi
264 431 386 457 omnium
404 430 558 461 hominum,
579 434 669 455 tamen
684 427 795 462 quando
808 427 934 454 Christus

148 478 262 504 ttutrivit
276 485 323 504 eos
337 484 368 503 ex
380 477 500 510 quinque
512 476 626 510 panibus
643 475 668 501 itt
681 475 801 506 deserto,
812 480 874 500 eum
888 480 934 499 vo-

148 524 257 550 luerunt
274 531 369 551 eorum
387 531 477 557 regem
495 521 593 549 facere.
607 522 679 556 Ergo
691 526 717 548 et
728 521 826 551 Gratri,
842 520 936 546 viden-

149 575 202 602 tes,
216 571 266 597 sibi
277 571 334 605 jam
349 569 450 596 factum
463 574 584 596 vestrum
599 568 744 600 auxilium,
758 567 843 602 magis
856 574 937 594 erant

149 617 241 651 parati
259 617 381 650 recipere
395 616 476 642 verba
495 621 647 642 vestrorum
665 614 826 648 legatorum,
840 618 865 640 et
879 613 937 648 ipsa

150 663 322 696 adimplere;
340 662 422 688 etiam
443 669 503 693 nos,
523 660 570 696 qui
595 660 787 687 desideramus
810 659 938 686 Ecclesia:

150 709 294 739 unionem,
309 708 459 742 poterimus
476 707 640 733 liducialiter
661 706 790 733 unionem
808 705 937 740 populum

151 754 251 780 docere
265 761 273 786 ;
286 759 311 780 et
325 753 473 788 imperator
485 758 588 783 noster,
603 752 741 787 accipiens
756 751 939 782 occasionem,

151 799 254 833 poterit
280 804 307 825 et
325 799 488 833 patriarcha:
507 803 533 825 et
554 798 615 824 aliis
630 796 810 831 pontificibus
826 796 917 822 dicere
933 804 939 821 :

153 845 261 878 Videte,
279 846 416 879 quomodo
427 844 517 871 Latini
529 849 592 871 sunt
608 843 672 870 boni
686 843 822 874 homines.
835 848 861 869 et
873 849 943 876 quo-

154 891 236 918 ntodo
257 895 382 925 quarunt
399 899 449 918 nos
464 890 615 918 fructuosis
628 890 758 924 operibus
776 894 802 916 et
815 889 942 923 gratiosis

153 939 261 966 verbis!
278 938 410 965 debemus
425 945 490 972 ergo
506 942 532 964 et
547 944 597 964 nos
613 936 740 964 similiter
758 935 873 970 diligere
883 942 941 965 eos.
958 919 982 949 Β

153 991 181 1012 et
197 992 320 1020 quaerere
334 984 457 1016 modum,
474 991 522 1018 per
539 991 619 1018 quem
635 990 697 1009 cum
713 982 781 1016 ipsis
794 981 945 1009 concorde-

156 1040 228 1059 mur.
246 1032 372 1059 Secunda
386 1035 476 1058 autem
493 1031 562 1057 ratio
577 1035 618 1057 est
631 1030 680 1057 ista
695 1038 702 1056 ε
717 1037 770 1056 non
783 1029 882 1063 poterit
894 1027 946 1054 int-

159 1083 269 1112 perator
280 1079 346 1105 dare
358 1086 388 1104 se
400 1077 434 1104 ad
446 1077 630 1104 ordinandum
643 1075 769 1112 generale
785 1075 945 1106 concilium,

158 1125 212 1153 nisi
229 1125 304 1160 prius
317 1132 427 1160 guerra,
443 1132 525 1158 quant
536 1123 617 1150 habet
628 1131 690 1150 cum
702 1122 811 1153 Turcis,
830 1121 947 1148 dillinia-

159 1178 205 1200 tur
220 1182 227 1203 ;
246 1180 334 1207 neque
352 1172 425 1199 enim
444 1172 517 1199 dum
531 1178 629 1205 guerra
646 1170 689 1201 sit,
711 1169 810 1204 poterit
828 1173 948 1202 quatuor

160 1219 330 1254 patriarchas
346 1223 371 1245 et
386 1218 455 1245 alios
471 1216 616 1252 pontifices
629 1216 656 1242 iit
672 1223 754 1241 unum
769 1220 948 1249 congregare,

162 1274 212 1293 nec
223 1265 342 1293 concilio
358 1264 458 1299 poterit
470 1264 612 1295 interesse,
630 1267 658 1289 et
672 1267 816 1296 propterea
830 1263 949 1293 oportet,

163 1319 192 1340 ut
208 1313 260 1347 ipsi
270 1312 362 1340 aemuli
381 1311 456 1346 prius
471 1311 505 1338 ab
522 1310 637 1344 imperio
654 1309 826 1343 aliquantum
842 1307 952 1342 longius

161 1360 334 1395 expelluntur
347 1366 354 1391 ;
367 1363 393 1385 et
406 1363 471 1384 tttnc
486 1358 644 1391 imperator,
669 1360 780 1390 accapta
796 1353 952 1388 tranquilli-

163 1411 231 1438 tate,
258 1410 391 1439 quantum
417 1411 450 1431 ex
468 1411 516 1432 sua
534 1407 612 1438 parte
635 1407 687 1433 est,
708 1401 807 1436 poterit
835 1399 954 1434 perfecte

166 1453 329 1485 adimplere.
347 1450 426 1482 Quod
439 1446 610 1477 vero'dicmtt
620 1448 732 1483 quidam
745 1455 776 1474 ex
790 1447 880 1477 vobis,
892 1445 954 1479 quia

167 1503 275 1534 oportet
293 1499 367 1532 prius
396 1496 468 1523 uniri
486 1496 628 1524 vobiscum
645 1494 765 1525 Graecos,
781 1498 808 1520 et
825 1498 890 1519 ttttte
904 1491 956 1518 ibi-

169 1553 231 1572 mus
248 1549 343 1571 contra
358 1543 473 1575 Turcos,
488 1550 541 1569 non
561 1541 626 1568 mihi
643 1541 749 1567 videtur
767 1540 836 1566 bene
853 1539 955 1564 dictum

169 1599 242 1621 esse,
266 1594 377 1626 propter
391 1597 437 1616 sex
453 1581 626 1624 argumenta.
646 1586 780 1616 Primum.
799 1585 861 1619 quia
875 1583 956 1610 Turci
971 1597 994 1627 C

171 1644 226 1665 tzttn
243 1638 332 1665 solum
349 1641 450 1663 nocent
468 1634 581 1665 Gratcis,
596 1633 643 1660 sed
663 1632 745 1659 etiam
761 1631 912 1660 Armeniis,
930 1634 956 1656 et

171 1683 326 1720 Cyprianis,
339 1689 365 1710 et
380 1681 523 1714 Ilerodiis,
538 1682 600 1715 quia
615 1686 710 1706 omnes
723 1682 787 1707 sunt
798 1677 899 1705 subdtti
911 1684 960 1704 no-

171 1732 235 1764 stri,
248 1730 412 1758 ctomniltus
437 1727 624 1755 habitantibus
649 1725 762 1753 insulas.
777 1724 862 1756 Unde,
876 1730 962 1759 quan-

172 1781 208 1806 do
225 1783 334 1813 pr0ptt:r
347 1777 458 1803 Graecos
471 1783 524 1802 non
535 1774 619 1801 vultis
633 1772 741 1800 mittere
753 1771 887 1799 auxilium
898 1777 964 1797 con-

174 1831 216 1853 tra
245 1825 362 1857 Turcos,
380 1822 413 1849 ad
441 1821 532 1848 utith
559 1824 670 1855 propter
688 1819 804 1845 miseros
820 1817 965 1850 Armenios

175 1874 223 1908 qui
240 1878 303 1899 sunt
318 1872 374 1906 jam
393 1869 520 1900 desolati,
534 1873 560 1895 et
574 1871 685 1902 propter
698 1866 766 1893 alios
781 1864 963 1896 Christianos,

176 1919 303 1947 subditos
317 1922 437 1947 nostros,
449 1913 555 1942 debetis
567 1914 675 1940 mittere
685 1912 719 1939 ad
731 1915 822 1946 partes
836 1909 897 1936 illas
922 1916 968 1935 ve-

176 1972 264 1994 strum
281 1965 423 1992 auxilium.
441 1961 596 1990 Secundum
610 1980 618 1994 ,
633 1960 698 1995 quia
713 1958 795 1986 Turci
813 1959 968 1992 expugnant

178 2014 301 2044 Gnaeos,
319 2019 372 2038 non
389 2015 518 2044 tanquam
535 2008 655 2039 Graecos,
670 2014 721 2033 nec
735 2004 868 2040 quoniam
889 2001 966 2029 diﬁ‘ev

178 2065 244 2088 ruttt
259 2067 274 2086 a
288 2058 374 2090 vobis,
387 2056 434 2083 sed
447 2056 509 2091 quia
521 2061 631 2082 crucem
648 2057 710 2079 sunt
723 2051 880 2078 adorantes.
891 2047 970 2075 Unde

179 2115 230 2143 per
246 2113 275 2132 se
289 2104 399 2140 quidem
414 2104 571 2136 expugnant
580 2105 701 2130 crucem,
713 2104 760 2132 per
777 2095 906 2122 accidens
921 2100 970 2119 au-

179 2159 235 2179 tem
255 2151 375 2178 Gnaeos.
394 2148 423 2175 Si
446 2152 512 2182 ergo
526 2144 652 2173 abieritis
673 2147 770 2171 contra
785 2140 900 2172 Turcos,
918 2146 970 2165 uou

182 2199 258 2226 ibitis
273 2197 306 2225 ad
324 2195 456 2223 auxilium
479 2193 650 2223 Graecorum,
665 2189 713 2218 sed
727 2188 827 2219 crucis,
854 2193 914 2221 quae
932 2190 973 2212 est

185 2244 341 2273 communis
354 2243 427 2270 salus
444 2241 567 2268 outnium
597 2238 833 2265 Christianorum.
845 2235 916 2268 Ergo
929 2232 974 2266 ju-

186 2299 258 2320 stum
273 2291 406 2322 cst,sicut
424 2287 512 2314 erci
527 2291 592 2314 sunt
606 2285 766 2312 defensores
774 2282 875 2313 crucis,
888 2285 914 2307 et
928 2287 975 2306 vos
993 2285 1014 2310 ι)
1031 2276 1106 2306 lium;
1126 2269 1285 2299 secundam,

187 2339 316 2368 similiter
335 2336 406 2364 silis.
425 2334 548 2360 Tertium
563 2353 570 2365 ,
591 2331 656 2366 quia
677 2338 750 2357 nunc
774 2328 897 2363 quidem,
913 2327 976 2352 dum

189 2389 226 2415 sit
242 2386 347 2412 salvum
364 2380 509 2416 imperium
527 2378 694 2409 Gnecorum,
725 2382 752 2403 et
768 2376 804 2402 sit
821 2375 847 2400 in
871 2372 979 2407 juriltus

190 2435 259 2465 suis,
277 2430 439 2458 facillimum
454 2432 496 2453 est
511 2425 615 2452 Latinis
624 2431 685 2450 cum
698 2423 860 2456 imperatore
871 2419 980 2446 Crzeco-

191 2490 252 2509 rum
267 2479 373 2506 Turcos
395 2478 578 2510 prosternere.
589 2470 703 2504 Quare?
717 2468 906 2503 quiaprimutn
920 2464 981 2499 qni-

192 2529 266 2560 dem,
274 2526 367 2553 Graeca
375 2521 469 2549 militia
480 2520 531 2547 scit
539 2519 606 2545 bene
615 2524 662 2551 per
669 2524 699 2542 ex
705 2514 864 2551 pcrientiatn
873 2512 983 2539 modum

195 2582 300 2611 sueta-.2
328 2571 480 2598 Tttrcorutu
501 2575 508 2600 ;
533 2570 560 2592 et
583 2565 695 2598 insuper
720 2571 766 2598 per
801 2565 883 2588 totam
914 2559 985 2584 Tur-

196 2624 265 2650 ci.tm
294 2625 320 2646 et
343 2615 518 2646 Saraceuiatn
548 2618 611 2640 suttt
636 2609 771 2638 commisti
805 2606 928 2642 plurimi.
961 2609 988 2631 et

198 2670 288 2696 adhuc
312 2662 473 2693 Christiani,
489 2665 516 2689 et
536 2659 581 2686 alii
603 2658 657 2694 jam
685 2655 817 2690 renegati,
842 2653 888 2688 qui
910 2652 987 2678 valde

199 2717 316 2751 diligunt
332 2710 483 2738 dominium
500 2708 670 2737 Graecorum;
684 2704 726 2730 isti
743 2710 807 2736 ergo
820 2707 881 2727 cum
897 2699 989 2725 audie-

200 2764 265 2794 rittl,
283 2759 346 2795 quia
362 2765 421 2784 cum
432 2755 553 2783 exercitu
571 2753 716 2787 imperator
732 2748 805 2774 vadit
816 2747 848 2773 ad
861 2753 918 2775 eos,
935 2749 991 2771 sta-

200 2811 250 2837 tim
267 2805 432 2836 unanimiter
445 2800 627 2836 subjicieutur
644 2797 695 2824 sibi
718 2804 724 2821 :
747 2794 770 2821 si
792 2796 895 2822 autem,
918 2789 991 2824 quod

205 2856 276 2882 Deus
303 2861 356 2880 nott
381 2850 530 2886 permittat,
548 2846 702 2873 everterent
720 2839 864 2874 imperium
885 2836 994 2864 Grieco-

207 2909 278 2934 ruut,
294 2904 371 2926 tanto
384 2901 464 2924 erunt
477 2893 613 2924 fortiores,
628 2897 660 2917 ex
675 2893 772 2915 natura
785 2884 837 2912 loci
849 2887 876 2910 et
887 2890 974 2909 rerum
987 2889 994 2907 :

210 2948 271 2982 quia
289 2950 379 2973 autetn
395 2943 507 2971 omnino
520 2936 687 2972 impossibile
704 2938 731 2960 et
744 2929 930 2959 dilllcillitnunt
946 2927 997 2955 erit

695 181 843 211 BARLAA
850 181 891 209 Ml
914 179 962 208 DE
983 174 1198 207 SEMINAREA

146 248 241 275 simul.
257 247 314 274 Hoc
331 251 421 273 autent
441 245 503 272 dico
516 248 626 279 propter
643 243 710 269 duas
725 242 853 268 rationes.
868 239 927 267 Pri—
944 244 967 271 Α
984 237 1060 264 vobis
1077 241 1251 271 prosternere
1275 240 1342 264 eos;

1701 160 1759 193 1336

1362 229 1442 262 unde,
1458 227 1546 255 donec
1561 229 1604 252 est
1620 222 1697 250 facile
1710 229 1761 256 pro-

986 288 1108 311 sternere
1124 289 1183 313 eos,
1200 290 1234 308 ne
1254 287 1301 306 vos
1326 278 1427 313 pigeat,
1452 282 1503 301 nec
1520 269 1665 300 dimittatis
1683 267 1764 295 venire

987 330 1054 357 illud
1083 334 1201 362 tempus,
1232 326 1259 352 in
1284 331 1340 359 quo
1362 323 1415 350 erit
1438 320 1516 347 vobis
1545 315 1696 346 meditatio,
1721 321 1764 339 non

986 375 1125 411 quomodo
1147 373 1222 400 ibitis
1248 378 1331 406 super
1355 376 1413 400 ens,
1436 367 1482 394 sed
1504 363 1642 399 quomodo
1668 359 1767 387 cavebi-

988 423 1053 450 tttini
1070 422 1104 448 ab
1118 421 1157 448 eis
1171 440 1178 450 ,
1198 423 1225 446 et
1237 418 1289 445 erit
1303 422 1431 450 magnum
1450 413 1514 447 quid
1528 410 1617 440 vobis,
1635 406 1725 435 ulcisci
1739 406 1767 432 ab

988 472 1039 498 eis.
1064 469 1209 501 Quartum,
1236 465 1259 492 si
1278 463 1329 491 soli
1346 461 1428 488 Turci
1453 458 1595 485 venissent
1612 455 1645 482 ad
1664 461 1719 482 vos.
1733 452 1767 478 di-

988 521 1082 542 ecntes
1101 523 1108 541 :
1129 512 1151 540 Ο
1176 511 1276 541 Latini,
1304 508 1431 535 volumus
1456 503 1565 539 quidem
1597 508 1657 527 esse
1683 499 1767 526 saltent

989 562 1084 594 Turci,
1107 566 1196 587 tamen
1213 563 1341 592 rogamus
1362 561 1422 582 vos.
1437 557 1466 578 ut
1481 549 1560 578 simul
1575 547 1715 575 vobiscum
1730 552 1770 570 ex-

989 599 1149 645 pugnentus'
1172 605 1314 634 'fartaros,
1349 601 1514 629 Saracenos,
1541 600 1567 622 et
1593 592 1770 627 disperdautus

989 665 1048 687 eos.
1074 652 1248 688 recepissctis
1275 650 1369 683 utique
1395 652 1492 672 eorum
1533 639 1771 676 supplicatiout'ut;

990 703 1094 738 quare?
1106 701 1170 735 quia
1188 698 1276 733 magis
1286 699 1358 724 esset
1372 693 1437 721 utile
1453 690 1531 718 vobis
1547 697 1610 716 cum
1622 685 1718 712 Turcis
1734 691 1773 710 ex-

992 755 1111 784 pugnare
1123 745 1256 773 Tartarus
1273 747 1300 769 et
1313 740 1475 768 Saracenos,
1490 741 1571 768 quam
1589 733 1612 759 si
1637 729 1687 757 soli
1702 735 1775 760 expu-

992 793 1127 830 gnassetis
1140 796 1236 818 omnes
1251 793 1316 815 tres.
1337 786 1375 812 Ex
1392 783 1475 811 simili
1493 788 1559 814 ergo
1573 777 1670 805 utilius
1687 780 1726 801 est
1736 781 1776 798 v0-

993 843 1046 874 ltis,
1073 848 1135 868 cunt
1161 837 1274 867 Graecis,
1304 839 1357 861 tam
1382 831 1406 859 si
1432 826 1601 856 Concordant
1629 822 1774 849 vobisutnt,

995 895 1076 923 quam
1092 885 1114 912 si
1129 891 1192 914 neu,
1210 881 1308 916 impios
1321 882 1489 912 expugnare,
1505 879 1586 906 quam
1602 869 1624 896 si
1643 867 1692 895 soli
1705 873 1780 898 expu-

1418 921 1430 923 "
1456 921 1462 923 ·
1616 915 1681 923 ἰι-μ
1706 915 1721 923 ,ι
1738 909 1780 923 LI...

997 909 1084 967 gnetis
1103 929 1209 957 Turcos
1234 932 1261 952 ct
1285 923 1394 958 impios.
1413 921 1544 952 Quintum
1557 936 1564 948 .
1583 915 1683 942 scitote
1698 909 1784 938 ethoc

998 986 1072 1009 vere,
1090 976 1153 1011 quia
1170 982 1224 1001 non
1238 977 1345 998 tantum
1364 965 1516 995 differentia
1533 965 1691 997 tlogtnatum
1708 964 1781 989 sepa-

1636 1005 1652 1011 ..
1759 1001 1781 1011 _,

1003 1001 1040 1005 η.
1050 1001 1072 1009 μ,
1092 1001 1124 1011 π

998 1028 1041 1051 rat
1054 1022 1137 1050 corda
1154 1021 1312 1047 Graecorum
1328 1024 1343 1042 a
1355 1013 1443 1043 vobis,
1459 1013 1592 1045 quatttttm
1608 1005 1703 1032 odium
1719 1001 1787 1036 quod

999 1069 1112 1098 intravit
1129 1068 1155 1094 in
1175 1066 1282 1093 auitnos
1297 1069 1393 1089 eorum
1411 1063 1507 1086 contra
1525 1054 1641 1082 Latinos
1669 1058 1702 1076 ex
1720 1047 1787 1075 initl-

1001 1118 1036 1145 tis
1050 1110 1077 1143 et
1092 1113 1198 1148 magnis
1212 1110 1301 1142 malis,
1318 1114 1378 1143 quae
1396 1113 1443 1138 per
1460 1103 1567 1130 diversa
1583 1103 1710 1147 tempora
1723 1093 1789 1129 passi

1002 1139 1164 1192 sutttGrmiti
1177 1167 1191 1185 a
1204 1156 1319 1187 Latinis,
1331 1159 1356 1180 et
1365 1152 1453 1180 adhuc
1465 1140 1666 1184 patiuntur'per
1676 1139 1792 1175 singulos

1002 1210 1078 1240 dies;
1093 1205 1165 1241 quod
1178 1204 1270 1231 odium
1290 1200 1343 1227 nisi
1368 1197 1445 1233 prius
1460 1193 1608 1229 abjiciatur
1622 1189 1659 1217 ab
1674 1188 1726 1218 eis,
1744 1194 1792 1212 uolt

1004 1232 1060 1237 υ..-
1072 1232 1078 1240 ,
1096 1232 1120 1241 τ
1137 1232 1141 1233 ,
1371 1232 1374 1233 ν

1004 1255 1102 1291 poterit
1117 1252 1181 1279 unio
1196 1250 1265 1277 lieri.
1281 1247 1490 1274 Verumtamen,
1514 1239 1567 1267 ttisi
1591 1237 1670 1273 prius
1696 1234 1742 1261 fiat
1760 1232 1794 1258 eis

1640 1290 1643 1291 ν
1660 1280 1794 1291 ννμλιῖιιι..,,,

1004 1280 1134 1335 inagnum
1159 1306 1174 1324 a
1204 1295 1283 1322 vobis
1312 1290 1486 1320 beneﬁcium,
1519 1290 1610 1319 neque
1639 1280 1795 1317 pmdictunt

1430 1334 1434 1335 ⁷
1488 1331 1493 1335 ⁸
1564 1334 1567 1335 ⁷
1605 1328 1622 1335 ⁸-
1676 1334 1681 1335 γ
1696 1326 1701 1335 l
1712 1332 1748 1335 ›-ς
1763 1322 1786 1335 ΙΑ

1160 1322 1174 1324 ἡ

1006 1348 1097 1375 odium
1126 1343 1280 1378 altjicietur,
1298 1344 1387 1372 neque
1411 1331 1511 1367 aliquis
1525 1328 1626 1365 poterit
1648 1326 1750 1353 audere
1763 1322 1798 1349 lo-

1006 1394 1051 1429 qui
1079 1394 1112 1419 ad
1129 1397 1176 1418 eos
1190 1396 1222 1415 ca
1239 1393 1298 1421 quat
1320 1387 1384 1412 sunt
1402 1379 1524 1408 ultionis.
1541 1377 1656 1404 Sextum
1670 1392 1678 1406 ,
1706 1370 1798 1398 scitote

1461 1425 1466 1429 ‘
1511 1422 1528 1429 “
1687 1415 1797 1429 —-....I.._-

1007 1415 1033 1466 ἓι
1062 1439 1125 1467 hoc.
1151 1434 1214 1470 quia
1241 1440 1295 1459 non
1328 1425 1484 1456 communis
1509 1422 1668 1450 Graecorum
1687 1415 1798 1451 populus

1008 1485 1084 1512 misit
1102 1491 1155 1514 itte,
1172 1485 1201 1508 ut
1213 1483 1336 1514 quagram
1348 1483 1363 1502 a
1379 1473 1456 1501 vobis
1471 1469 1603 1498 auxilium
1616 1471 1644 1493 et
1660 1463 1799 1490 ultionem,

1009 1531 1056 1558 sed
1076 1531 1226 1562 imperator
1242 1524 1318 1552 solus
1329 1524 1435 1549 secrete
1449 1526 1457 1551 ;
1474 1516 1534 1553 qui,
1549 1513 1604 1541 nisi
1620 1511 1700 1546 prius
1714 1509 1800 1535 mitta-

1011 1583 1054 1605 tur
1072 1575 1204 1602 auxilium
1224 1572 1257 1598 ad
1274 1574 1365 1605 partes
1382 1567 1454 1604 illas,
1474 1571 1528 1590 tton
1551 1558 1654 1594 poterit
1692 1553 1802 1583 manife-

1015 1632 1087 1653 stare
1096 1631 1125 1650 se
1140 1620 1209 1656 plebi
1221 1626 1287 1651 suae,
1300 1616 1372 1652 quod
1385 1614 1440 1641 vult
1452 1615 1569 1639 vestram
1584 1607 1730 1635 unionem.
1741 1601 1804 1628 Ero:

1015 1672 1071 1700 dixi
1082 1675 1109 1698 et
1129 1667 1237 1696 narravi
1253 1651 1330 1691 vobis
1345 1661 1447 1689 omnia.
1465 1659 1536 1685 Deus
1552 1654 1635 1682 faciat
1662 1651 1736 1687 qttod
1752 1656 1804 1674 nte-

1016 1720 1070 1746 lius
1081 1722 1132 1744 est.
1148 1714 1310 1742 Praedictum
1326 1709 1437 1744 quidem
1456 1705 1566 1732 modum
1585 1698 1699 1728 unionis
1723 1695 1805 1723 habeo

1018 1763 1205 1794 manifestam,
1220 1764 1247 1787 et
1263 1758 1286 1785 si
1308 1754 1439 1791 possibile
1456 1756 1497 1779 est
1520 1748 1597 1776 vobis
1615 1746 1717 1783 facere
1739 1749 1805 1770 eam,

1019 1810 1105 1847 gratia
1122 1808 1157 1836 sit
1171 1806 1237 1833 Deo.
1249 1804 1278 1831 Si
1295 1810 1358 1829 vero
1376 1807 1441 1831 non,
1455 1798 1544 1825 dicam
1561 1792 1641 1820 vobis
1654 1791 1738 1818 alium
1754 1794 1807 1814 mo-

1527 1845 1530 1847 λ
1634 1845 1644 1847 μ
1654 1839 1722 1847 -......
1741 1834 1807 1847 ιιΛιιὲ

1019 1834 1085 1885 dum
1106 1854 1151 1889 qui
1174 1853 1202 1879 in
1218 1849 1302 1878 dubio
1320 1847 1430 1882 quidem
1457 1847 1509 1875 est,
1525 1845 1617 1868 tamen
1633 1839 1725 1872 potest
1741 1834 1808 1860 Deus

1513 1886 1522 1889 -
1578 1886 1583 1889 ,
1690 1882 1695 1887 ,
1765 1877 1808 1889 ,λς

1020 1877 1085 1885 νυ...
1107 1877 1151 1889 Ἰ-.
1330 1877 1336 1882 _

1020 1903 1110 1930 facere
1122 1905 1149 1927 et
1165 1906 1213 1933 per
1235 1897 1325 1931 ipsum
1343 1892 1484 1920 unionem.
1506 1886 1585 1920 Quod
1604 1890 1671 1917 ergo
1686 1882 1743 1916 jam
1757 1877 1809 1905 dixi

1022 1954 1150 1983 magnum
1165 1944 1268 1974 odium,
1285 1939 1396 1968 intravit
1411 1938 1438 1964 in
1452 1935 1559 1962 animas
1572 1931 1734 1958 Grazcorum
1749 1931 1810 1952 con-

1609 1977 1614 1981 ·
1691 1979 1698 1983 -
1717 1972 1748 1983 ΑΙ.
1767 1971 1809 1983 λζιη

1024 1971 1150 1983 ...νπηη
1170 1971 1176 1972 ,
1261 1971 1267 1974 ,

1024 2002 1064 2023 tra
1081 1994 1194 2021 Latinos
1208 1998 1244 2017 ex
1258 1986 1353 2015 multis
1364 1984 1454 2014 malis,
1470 1988 1531 2016 quae
1543 1977 1616 2014 passi
1634 1979 1701 2002 sunt
1715 1972 1750 1999 ab
1765 1971 1810 2001 eis;

1024 2041 1097 2078 quod
1112 2040 1206 2067 odium
1225 2035 1277 2064 nisi
1299 2033 1375 2068 prius
1389 2029 1526 2065 ejiciatur,
1543 2031 1625 2052 nemo
1641 2021 1745 2063 poterit
1766 2019 1811 2045 do-

1523 2071 1557 2078 "‘
1630 2077 1635 2078 ν
1681 2076 1709 2078 VA
1723 2068 1811 2078 )1_-..._‘

1025 2068 1087 2117 cere
1101 2086 1212 2114 Gnaeos
1227 2086 1347 2109 vestram
1364 2077 1506 2105 unionem.
1523 2071 1561 2100 Ut
1575 2077 1640 2105 ergo
1656 2068 1812 2103 pnedictum

1026 2136 1117 2164 odiuttt
1135 2132 1210 2166 prius
1225 2128 1361 2164 ejiciatur,
1380 2123 1579 2158 supplicamus,
1602 2122 1632 2144 ut
1647 2112 1814 2148 adimpieatis

1028 2182 1106 2209 ttobis
1124 2180 1190 2207 istas
1206 2182 1261 2203 tres
1278 2163 1514 2208 Supplicationem
1532 2166 1661 2200 primam.
1679 2167 1710 2188 ut
1722 2167 1815 2188 conce-

1028 2228 1098 2256 datis
1116 2225 1170 2259 regi
1187 2223 1355 2249 Francorum
1382 2217 1488 2242 mittere
1504 2213 1536 2239 ad
1554 2216 1646 2246 partes
1663 2208 1727 2235 illas
1744 2205 1815 2232 auti-

1305 2270 1334 2292 ut
1352 2263 1421 2291 detis
1433 2258 1630 2294 indulgentiam
1644 2259 1815 2290 peccatorum

1030 2320 1158 2348 omnibus
1190 2313 1347 2342 volentibus
1370 2309 1502 2343 adjuvare
1524 2313 1585 2333 cuin
1607 2303 1692 2329 rebus
1717 2307 1817 2327 eorum,

1031 2375 1057 2394 et
1075 2365 1203 2392 omnibus
1228 2357 1411 2388 morientibus
1429 2355 1455 2381 in
1474 2353 1546 2380 bello
1569 2350 1745 2378 Tui-corum:
1769 2353 1814 2373 ter-

1033 2413 1109 2441 tiam,
1128 2414 1157 2436 ut
1172 2414 1268 2435 otnues
1288 2403 1386 2435 Gl‘tDCi,
1404 2400 1451 2435 qui
1473 2400 1586 2426 fuerunt
1602 2394 1706 2421 venditi
1725 2403 1739 2418 a
1759 2393 1821 2419 Lali-

1035 2459 1087 2490 nis,
1115 2457 1271 2487 ubicunque
1293 2451 1358 2481 sitit,
1377 2449 1537 2475 liberentur,
1560 2447 1588 2469 ct
1612 2442 1646 2468 de
1670 2446 1783 2467 ea'tt-ru,
1799 2443 1821 2463 ut

1036 2514 1089 2532 non
1105 2502 1257 2530 vendantur
1272 2497 1369 2527 Graeci,
1385 2499 1412 2521 et
1437 2493 1461 2520 si
1486 2489 1626 2526 quondam
1643 2486 1822 2514 vendiderint.

1037 2552 1078 2579 vel
1094 2549 1211 2578 emeriut
1233 2554 1291 2578 eos,
1317 2543 1358 2570 vel
1383 2540 1484 2567 vadant
1515 2541 1609 2564 contra
1626 2541 1688 2567 eos,
1714 2533 1771 2559 sint
1787 2540 1824 2557 ct-

1038 2595 1259 2627 comtnunicati;
1288 2596 1325 2622 et.
1358 2589 1519 2624 priusquam
1546 2584 1616 2610 facta
1646 2584 1742 2607 essent
1769 2579 1822 2607 ista.

1040 2646 1186 2672 mittantur
1205 2650 1218 2667 ιι
1238 2638 1314 2666 vobis
1331 2636 1364 2663 ad
1382 2639 1472 2670 partes
1491 2631 1551 2658 illas
1574 2630 1717 2655 ductores.
1741 2629 1768 2651 ct
1784 2624 1824 2649 du-

1041 2695 1122 2719 ccant
1137 2689 1276 2724 populum,
1295 2685 1459 2717 imperatore
1483 2678 1563 2704 dante
1577 2675 1618 2701 eis
1634 2673 1824 2700 securitatem;

1043 2745 1071 2766 et
1091 2737 1204 2764 forsitan
1224 2732 1339 2768 populus
1354 2730 1397 2756 tlle
1412 2727 1536 2753 videntes
1549 2722 1624 2757 prius
1642 2725 1737 2747 vestra
1755 2718 1827 2744 bette-

1045 2784 1116 2816 licia,
1131 2778 1399 2808 verecundabuutur,
1417 2778 1445 2800 et
1462 2769 1681 2798 ltumiliabuutur
1703 2765 1827 2798 reciperr.

1046 2837 1073 2857 et
1090 2830 1148 2856 sine
1167 2824 1286 2862 generali
1303 2821 1431 2852 concilio,
1443 2823 1560 2846 vestram
1575 2815 1719 2841 unionem.
1735 2809 1828 2838 'l‘amett

1046 2870 1171 2911 supplico
1194 2871 1367 2900 sanctitatem
1393 2871 1530 2895 vestram,
1567 2867 1597 2889 ut
1625 2861 1647 2888 si
1677 2856 1830 2886 inveneritis

1049 2924 1132 2950 alium
1149 2920 1270 2951 modum,
1284 2924 1331 2952 per
1342 2922 1423 2950 quem
1439 2909 1570 2948 possibile
1581 2907 1634 2936 erit
1649 2905 1781 2942 populum
1797 2911 1830 2929 rt:-
