1868 3069
112 151 178 181 1337

708 149 851 179 ORATIO
874 150 947 179 PRO
969 151 1127 183 UNIONE.

1671 151 1739 182 1338

103 208 197 240 ciperc
222 211 338 233 vestram
354 205 649 238 unionem,ostemlatis
661 205 739 232 nobis
752 206 852 240 ipsum,
867 209 894 232 et
910 209 932 235 Α
948 214 1008 234 men
1025 207 1056 234 ad
1071 207 1224 241 hujusmodi
1236 211 1262 233 ct
1277 207 1347 234 alios
1364 207 1538 242 erpellendos
1563 207 1596 233 de
1611 207 1740 234 cordibus

106 261 171 285 nos,
184 252 396 288 quodpossibile
404 256 455 282 est.
467 252 552 286 parati
566 259 661 279 sumus
674 253 773 278 ducere
784 252 815 278 ad
829 250 895 278 clie-

107 305 193 326 ctum.
210 308 219 324 ι
239 313 275 318 -
292 298 397 331 Quibus
423 307 469 333 per
489 299 600 325 eosdem
615 298 756 324 dominum
768 301 893 324 nostrum

107 353 247 372 summum
267 345 422 380 pontiticem
447 348 474 372 et
491 344 634 379 collegium
653 344 717 370 visis
733 348 761 370 et
779 343 896 377 diligen-

107 390 166 416 tius
185 390 342 422 intellectis,
367 390 512 424 habitaquo
536 397 619 423 super
636 389 675 416 eis
699 388 896 416 deliberatione

108 443 230 467 matura,
257 436 374 463 breviter
398 436 595 470 responderunt
612 455 620 466 ,
634 436 705 470 quod
725 441 786 461 eum
802 435 865 460 olim
882 441 898 460 a

108 482 215 508 sanctis
227 481 364 513 l’atribus,
379 486 405 508 et
417 480 482 508 viris
493 480 635 507 catholicis
649 480 676 506 in
688 479 823 514 Ephesino
837 487 898 514 par-

109 527 178 555 tium
196 526 317 558 Gra:cia:,
335 526 407 561 quod
423 531 464 554 est
476 534 559 553 unum
573 527 605 553 de
618 531 733 561 quatuor
742 525 900 560 principali-

109 574 161 601 bus
178 573 319 606 conciliis;
334 581 384 600 nec
410 581 463 601 non
490 573 634 605 Toletano,
658 572 843 608 Lugdunensi,
873 577 900 599 et

109 621 173 647 aliis
192 620 310 648 diversis
323 619 448 647 conciliis
473 627 520 654 per
543 619 682 646 Romanos
705 619 848 654 pontifices
873 622 900 646 et

60 661 68 688 ιλ
107 666 256 693 ecclesiam
286 665 450 699 Romanam,
468 666 509 693 vel
535 666 697 692 auctoritate
722 666 843 699 ipsorum
874 665 900 692 iu

107 711 227 738 diversis
259 711 350 738 mundi
380 711 503 746 partibus
533 716 586 738 tam
604 710 804 742 Orientalibus,
819 717 901 745 quam

109 757 331 784 Occidentalibus
357 757 518 790 celebratis,
549 757 709 784 solemniter
735 755 902 784 determina-

110 808 170 830 tum
187 803 320 830 catholice
334 803 425 835 fuerit,
444 811 476 830 ae
489 803 570 830 etiam
584 803 741 835 ditlinitum,
755 802 826 837 quod
840 801 904 836 Spi-

109 848 182 875 ritus
198 853 309 876 sanctus
325 849 494 876 :eterualiter
506 857 521 876 a
536 849 616 876 Patre
629 853 656 876 et
672 848 750 880 Filio,
775 853 902 882 tanquam

108 894 144 920 ab
160 901 214 920 uno
232 894 366 931 principio
380 899 406 922 et
419 895 624 930 conspiratione
644 894 776 929 procedit,
791 899 818 921 et
832 902 903 928 qua:-

108 940 152 967 vis
165 940 259 974 opinio
272 941 408 968 contraria
421 941 565 975 reprobata
583 941 720 968 eXstiterit
747 945 774 968 et
790 941 904 968 damna—

109 992 156 1019 ta;
177 995 230 1014 nou
253 992 324 1014 esset
342 987 439 1015 decens
465 994 515 1015 nec
537 987 686 1022 expediens
713 987 827 1022 praefato
854 987 904 1015 do-

109 1033 187 1060 mino
207 1038 312 1066 nostro,
327 1038 354 1061 et
372 1033 501 1061 Ecclesiae
523 1039 625 1062 sancta
641 1034 699 1067 Dei,
717 1034 855 1069 coetuique
871 1034 902 1060 ti-

110 1074 282 1110 delium.’sic
302 1079 418 1112 clarum,
435 1079 648 1107 determinatum
668 1083 695 1106 et.
711 1079 856 1107 dilIinitum
874 1080 904 1107 tl-

109 1125 154 1151 dci
173 1125 319 1152 articulum
333 1126 502 1160 hujusmodi,
521 1134 602 1161 quem
614 1126 701 1154 Graeci
712 1127 904 1162 antiquissimo

112 1176 247 1205 tempore,
266 1173 317 1206 pia:
334 1173 474 1200 memoriae
491 1172 617 1200 Ormisda
635 1181 704 1208 papa
727 1171 862 1205 Romano,
878 1178 906 1200 et

111 1218 219 1246 Joanne
251 1220 407 1254 patriarcha
435 1219 906 1254 Constantinopolitano,Ecclesiis

112 1268 178 1290 tunc
197 1265 415 1305 praesidentibus,
426 1270 452 1292 et
464 1264 745 1300 Justinoimperatore
763 1271 904 1301 regnante,

110 1310 229 1345 professi
262 1311 373 1338 fuerunt
397 1318 536 1344 expresse,
556 1319 608 1338 nec
630 1319 684 1338 non
707 1311 907 1345 subsequenter

112 1362 174 1391 post
194 1357 300 1391 lapsum
315 1357 390 1392 longi
415 1358 547 1392 temporis
564 1365 646 1392 super
668 1357 840 1393 professione
864 1359 905 1393 ip-

113 1404 172 1430 sius
188 1404 296 1431 articuli
309 1403 430 1432 Joannes
447 1409 511 1431 tunc
536 1406 693 1439 patriarcha
711 1405 907 1432 Constantino—

121 1449 276 1484 politanus,
292 1454 321 1477 et
370 1449 485 1476 Michael
508 1449 678 1485 l’ala-ologus
697 1455 761 1478 tunc
778 1451 908 1485 temporis

115 1495 453 1528 moderatorGraecorum,
478 1496 554 1529 prius
574 1496 608 1523 ab
638 1496 733 1524 eodem
752 1498 907 1532 patriarcha

947 252 1104 280 Grmcorum
1125 260 1244 283 errores,
1262 253 1391 288 ipsosque
1409 252 1579 280 inducendos
1595 252 1628 279 ad
1645 253 1740 279 unita-

949 299 984 326 tis
1001 299 1143 326 catbolica:
1155 299 1309 330 veritatem,
1323 299 1392 326 idem
1409 299 1537 326 dominus
1551 304 1645 325 noster
1659 298 1740 324 aliam

947 345 1018 372 viam
1037 345 1122 379 magis
1146 345 1252 372 facilem
1269 349 1296 371 et
1313 345 1529 377 accommodant,
1553 352 1613 379 qua!
1639 344 1689 371 sibi
1716 349 1742 370 et

948 391 1023 418 dicto
1035 391 1150 425 collegio
1174 390 1347 418 dominorum
1366 390 1546 416 cardinalium
1565 389 1741 420 occurrebat,

950 436 1096 471 prtelibatis
1113 436 1219 463 Barlam
1241 441 1267 462 et
1284 436 1363 462 militi
1394 435 1598 473 Ostendendam,
1618 435 1743 461 videlicet

950 484 1022 518 quod
1035 492 1082 518 per
1099 484 1186 515 illum,
1201 483 1248 518 qui
1262 491 1290 511 sc
1309 484 1335 510 in
1349 483 1474 518 partibus
1488 482 1542 509 illis
1557 482 1740 516 patriareliam

951 529 1282 565 Constantinopolitanum
1319 530 1449 564 appellat,
1485 533 1511 555 et
1544 529 1742 555 moderatorem

951 576 1108 604 Graecorum
1126 577 1173 611 qui
1189 584 1261 603 nunc
1272 581 1325 609 est,
1349 575 1508 602 convocatis
1528 574 1593 606 illis,
1610 574 1656 608 qui
1682 573 1744 599 Alc-

952 623 1105 653 xandrinze,
1127 623 1305 649 Antiochenm
1323 625 1349 649 et
1380 621 1634 655 Hierosolyniitamc
1652 619 1747 646 Ecclu-

953 668 1056 696 siarum
1071 669 1208 696 antistites
1218 670 1244 696 in
1261 668 1301 696 eis
1309 668 1432 703 partibus
1447 667 1635 696 nominantur,
1647 672 1660 691 a
1673 664 1748 691 clero

954 715 1071 749 partium
1098 714 1255 741 earumdem
1275 713 1482 748 principalibus,
1506 717 1533 738 et
1560 712 1699 738 nobilibus
1716 715 1744 737 et

955 760 1108 795 majoribus
1128 759 1218 794 populi
1242 759 1268 786 in
1285 759 1444 794 synodatico
1457 757 1574 785 concilio
1588 757 1750 783 convocatis

954 807 1022 834 certi
1033 811 1237 834 assumerentur
1251 806 1398 840 sapientes,
1412 810 1437 831 et
1449 805 1481 831 ad
1496 804 1544 830 has
1560 807 1651 838 partes
1666 803 1749 832 Oecl-

954 852 1078 879 dentales
1091 855 1273 882 mltterentur,
1290 851 1396 878 idoneis
1411 849 1546 876 mandatis
1558 849 1671 878 sut'fulti,
1703 848 1750 881 qui

957 905 1018 924 cum
1035 891 1096 924 aiiis
1115 897 1181 924 viris
1196 896 1378 931 sapientibus,
1393 896 1479 922 doctis
1498 896 1524 921 in
1549 895 1607 927 lege
1630 894 1750 923 Domini,

957 948 984 971 et
998 943 1105 977 peritis.
1121 950 1169 977 per
1185 943 1278 970 sedem
1296 942 1474 977 apostolicam
1492 948 1574 974 super
1595 940 1646 966 hoc
1662 940 1751 974 depu-

958 990 1058 1020 tandis,
1073 997 1126 1016 non
1149 997 1197 1023 per
1214 989 1324 1015 modum
1339 987 1532 1022 disputationis
1548 987 1590 1013 vel
1607 991 1750 1013 concerta-

959 1037 1051 1067 tionis,
1069 1035 1116 1063 sed
1142 1035 1344 1066 instructionis,
1362 1033 1452 1068 quoad
1477 1033 1587 1060 Grmcos
1605 1033 1680 1066 ipsos
1708 1040 1753 1058 sa-

958 1082 1066 1110 lutifere
1088 1082 1221 1109 baberent
1246 1084 1382 1112 maturos,
1395 1084 1422 1106 et
1445 1079 1588 1114 diligenter
1610 1082 1751 1106 tractatos.

959 1133 988 1156 ut
1011 1128 1119 1155 tandem
1145 1135 1229 1162 super
1246 1126 1375 1161 praedicto
1399 1125 1526 1157 articulo,
1554 1130 1579 1151 et
1601 1124 1702 1154 dubiis,
1726 1115 1750 1149 si

959 1183 1019 1210 quze
1037 1174 1123 1202 Graeci
1144 1173 1265 1208 praedicti
1288 1173 1402 1200 habeant
1425 1172 1478 1199 alia
1500 1171 1573 1198 circa
1602 1171 1693 1202 tidetn,
1719 1171 1753 1196 ab

960 1221 1028 1257 ipsis
1043 1220 1156 1252 Graecis,
1180 1220 1241 1247 luce
1260 1219 1402 1246 catholicae
1420 1217 1543 1245 veritatis
1567 1221 1707 1251 perm-pta,
1725 1220 1754 1243 et

959 1267 993 1294 de
1009 1266 1138 1294 cordibus
1154 1273 1248 1293 eorum
1265 1265 1364 1299 fugatis
1379 1263 1508 1294 tenebris.
1523 1262 1556 1289 ad
1578 1262 1652 1289 ovile
1665 1269 1755 1288 rech

961 1315 1084 1340 terentur
1097 1310 1282 1341 Dominicum,
1295 1310 1376 1344 cujus
1389 1314 1429 1336 cst
1442 1317 1511 1335 unus
1523 1312 1626 1343 pastor,
1640 1311 1666 1333 (ιι
1677 1311 1754 1333 extra

960 1358 1033 1392 quod
1050 1365 1104 1384 non
1122 1354 1163 1384 est
1184 1357 1266 1384 alicui
1283 1355 1370 1390 gratia
1389 1362 1478 1390 neque
1495 1355 1580 1382 salus.
1604 1353 1672 1380 Nam
1689 1360 1756 1380 con—

961 1404 1016 1430 cilii
1036 1403 1171 1438 generalis
1201 1402 1448 1436 convocatio,'qu-.e
1461 1400 1535 1435 longi
1554 1400 1685 1433 temporis
1701 1404 1758 1425 tra—

961 1455 1034 1477 ctum
1049 1449 1149 1484 exiget,
1164 1456 1195 1475 ac
1210 1455 1356 1482 expensas,
1368 1453 1395 1474 et
1411 1447 1519 1474 labores
1532 1446 1621 1472 varios
1643 1451 1669 1472 et
1685 1445 1757 1472 into-

962 1494 1100 1526 lerabiles,
1122 1493 1210 1529 quoad
1226 1492 1414 1520 Occidentales
1434 1492 1561 1527 praelatos
1579 1496 1606 1518 et
1624 1498 1757 1525 personas

115 1543 247 1576 synodico
257 1543 394 1569 celebrato
406 1542 533 1575 conbilio,
548 1542 698 1570 solemnem
710 1543 851 1576 epistolam
866 1552 908 1571 re-
925 1550 945 1577 ί)
963 1540 1174 1572 ecclesiasticas,
1187 1540 1305 1573 necinon
1317 1547 1405 1574 reges,
1419 1539 1556 1574 principes
1570 1543 1596 1565 et
1607 1538 1679 1565 alios
1689 1545 1756 1564 cott-

117 1589 237 1616 coiendae
253 1589 391 1615 Inemoria‘
400 1587 498 1615 Joanni
512 1597 588 1624 papae
601 1588 659 1616 XXI
675 1589 820 1622 miserunt,
835 1599 909 1618 nttnc

118 1643 167 1670 per
184 1644 268 1663 novas
283 1635 493 1669 disputationes,
507 1636 548 1662 vel
565 1636 767 1669 altercationes,
783 1641 831 1664 aut
842 1637 910 1664 alias

117 1682 336 1717 quomodolibet,
354 1682 380 1708 in
400 1682 511 1709 dubium
529 1690 682 1715 revocare;
698 1690 748 1710 nec
765 1683 911 1717 providen-

116 1730 154 1756 tia
168 1729 241 1756 sedis
255 1728 410 1763 apostolicae
430 1728 640 1762 cireumspecta,
652 1736 713 1762 qua:
729 1728 756 1755 in
770 1729 830 1756 suis
845 1729 911 1756 arti.

118 1776 172 1803 bus
187 1779 215 1802 ct
226 1775 410 1810 processibus,
426 1775 543 1802 maxime
557 1782 641 1809 Super
654 1776 687 1802 iis
702 1783 762 1809 quae
772 1775 852 1802 tidem
863 1783 911 1802 or-

119 1822 266 1849 thodoxam
282 1827 463 1852 concernunt.
477 1821 660 1848 maturitatem
676 1822 825 1849 observare
840 1821 910 1849 solet

117 1877 133 1896 a
150 1869 321 1896 rectitudinis
331 1874 358 1896 et
367 1868 487 1895 veritatis
502 1868 610 1895 tramite
626 1875 678 1894 non
695 1867 849 1899 discedens,
870 1867 911 1895 fc-

117 1915 186 1942 cerit
201 1923 244 1948 ea,
260 1923 321 1950 qua:
343 1922 390 1950 per
411 1922 470 1942 eam
490 1913 612 1948 provide,
628 1914 787 1941 solemniter
805 1925 810 1946 ι
824 1919 850 1941 ct
864 1922 911 1941 ca-

119 1963 219 1989 tholice
236 1961 416 1989 determinata
438 1965 466 1988 et
491 1961 604 1988 ditliuita
627 1965 701 1992 sunt,
719 1960 746 1987 in
771 1965 913 1988 concerta-

120 2009 208 2036 tiones
218 2008 256 2035 t‘el
266 2008 464 2042 disputationes
471 2007 622 2041 superﬂuas
631 2007 775 2037 deducere.
794 2006 912 2033 maxime

120 2062 169 2088 per
186 2053 424 2081 schismaticorum
449 2056 476 2078 et
494 2051 683 2078 haereticorum
707 2050 910 2084 iustigationem

121 2100 162 2127 vel
182 2099 353 2131 instantiam,
380 2098 544 2136 consuevit:
569 2102 607 2130 et,
630 2097 653 2123 si
670 2097 722 2124 hoc
744 2096 802 2123 tieri
828 2103 912 2130 super

121 2147 236 2173 articulo
253 2151 413 2177 men-orato,
429 2144 610 2171 determinato
621 2143 698 2178 juxta
711 2143 854 2170 veritatem
869 2151 913 2169 ca—

122 2193 262 2224 tholicam,
278 2197 304 2219 et
320 2191 469 2226 praisertim
484 2191 653 2224 permitteret
669 2190 741 2216 circa
755 2189 830 2216 illum
842 2188 912 2216 vidc-

122 2241 185 2266 licct
208 2238 345 2268 dubitare,
372 2237 444 2271 quod
462 2236 544 2263 absit.
572 2235 679 2263 Rursus
703 2243 764 2262 cum
791 2234 912 2270 praedicti

123 2286 229 2313 Barlam
256 2289 283 2311 et
306 2284 395 2315 miles,
427 2282 585 2316 huiusmodi
611 2283 791 2316 responsione
811 2281 915 2313 audita,

121 2334 254 2364 dicereut,
268 2331 340 2366 quod
356 2330 463 2360 saltem.
488 2329 560 2364 quod
576 2329 599 2356 si
627 2329 660 2355 ad
679 2328 858 2363 proﬁtendum
875 2327 917 2353 di-

123 2385 197 2407 ctum
214 2378 361 2405 articulum
386 2376 473 2404 Graeci
498 2376 590 2403 forsan
611 2375 701 2402 induci
719 2382 772 2401 non
796 2378 916 2408 possent,

125 2425 256 2453 reunioue
289 2424 358 2450 facta
383 2422 606 2457 permitterentur
632 2422 682 2456 ipsi
713 2419 813 2451 Graeci,
842 2419 918 2454 quod

125 2479 208 2505 super
233 2470 328 2496 eodem
356 2468 472 2495 articttlo
496 2471 600 2496 tcucut,
626 2466 749 2498 credere,
775 2464 919 2498 Latinique

127 2518 272 2544 crederent
291 2516 437 2548 catholit-e,
462 2514 594 2548 Spiritum
620 2519 745 2540 saucttttu
763 2519 777 2538 a
794 2511 873 2538 Patre
893 2516 920 2538 ct

127 2565 196 2594 Filio
211 2563 357 2599 procedere
370 2561 521 2588 Secundum
541 2560 679 2587 veritatem
693 2558 867 2590 catholicam,
882 2557 921 2584 si-

127 2619 171 2641 cut
187 2611 322 2643 credunt;
341 2616 503 2643 responsuri)
521 2607 636 2638 exstitit,
655 2606 705 2632 hoc
726 2613 787 2632 esse
802 2604 920 2630 nullate-

128 2667 180 2686 nus
195 2657 378 2687 tolerandum,
391 2654 454 2688 quia
471 2654 498 2680 in
514 2653 572 2688 ipsa
595 2651 716 2680 Ecclesia
729 2650 876 2680 catholica.
893 2649 919 2675 in

128 2712 182 2739 qtta
206 2711 258 2729 uua
279 2702 344 2728 tidcs
359 2707 420 2727 esse
436 2698 568 2730 noscitur,
594 2698 634 2724 sic
655 2696 745 2731 quoad
764 2695 815 2722 hoc
830 2693 921 2728 dupli-

129 2757 187 2778 cem
203 2749 281 2775 tidcln
301 2747 391 2773 minus
405 2744 537 2770 veraciter
554 2747 626 2770 esset
639 2742 714 2772 dare,
733 2741 824 2768 dictus
834 2739 923 2766 domi-

131 2804 183 2824 nus
197 2799 290 2822 noster
306 2799 431 2820 summus
446 2789 566 2825 pontifex
587 2797 649 2816 cum
662 2789 720 2822 ipsa
737 2787 856 2815 Beclesia
873 2787 923 2813 hu—

131 2841 248 2878 iusmodi
262 2839 408 2867 manifesto
421 2846 473 2864 non
487 2836 648 2866 resistendo.
662 2835 749 2862 errori
768 2833 923 2861 viderentur

137 2888 234 2920 eidem,
248 2887 322 2922 quod
334 2888 438 2913 avertat
450 2882 592 2915 Dominus,
607 2881 770 2910 consentire.
782 2879 923 2907 Verumta-

964 1588 1105 1615 vocandos
1131 1587 1163 1614 ad
1182 1586 1259 1619 illud,
1286 1593 1377 1613 secum
1402 1586 1532 1617 traheret,
1557 1592 1611 1612 non
1637 1584 1757 1614 videtur,

962 1633 1114 1667 praesertim
1133 1633 1186 1659 hoc
1201 1631 1329 1666 praesenti
1347 1630 1457 1657 turbato
1482 1636 1507 1657 et
1538 1631 1674 1664 impacato
1691 1634 1759 1656 tent-

962 1686 1038 1713 pore.
1051 1678 1179 1713 peccatis,
1193 1685 1241 1711 pro
1256 1677 1351 1704 dolor!
1366 1676 1549 1711 exigentibus,
1563 1675 1703 1709 expedire.
1720 1674 1761 1701 Ad

963 1724 1015 1750 hoc
1028 1727 1118 1751 autem
1136 1723 1209 1757 quod
1225 1723 1257 1750 de
1272 1722 1425 1757 praestando
1448 1722 1550 1748 eisdem
1566 1721 1668 1748 Graecis
1698 1726 1762 1746 ante

963 1771 1054 1798 omnia
1067 1769 1200 1802 subsidio,
1214 1774 1240 1796 et
1253 1769 1314 1796 aliis
1328 1768 1490 1795 exhibendis
1508 1767 1614 1801 gratiis,
1627 1772 1655 1793 ut
1668 1767 1762 1801 εχιπὶ-

963 1817 1056 1847 mitur,
1070 1814 1196 1850 superius
1224 1813 1376 1849 petebatur,
1389 1818 1417 1840 et
1429 1812 1593 1840 fulcit-batur
1618 1819 1666 1846 pro
1685 1815 1762 1845 parte

964 1861 1030 1889 dicti
1048 1861 1157 1888 Barlam
1179 1859 1333 1887 rationibus
1351 1859 1525 1894 quibusdam,
1543 1858 1576 1884 ab
1591 1865 1623 1884 eo
1638 1857 1708 1884 dalis
1735 1857 1762 1883 in

963 1909 1083 1943 scriptis,
1098 1912 1127 1935 ut
1141 1906 1265 1941 sequitur
1280 1905 1307 1932 in
1329 1906 1402 1932 hunc
1433 1905 1572 1931 modum.»
1586 1918 1621 1923 -~
1640 1903 1762 1930 Licentia

964 1953 1029 1982 mihi
1046 1953 1109 1979 data
1120 1959 1135 1979 a
1145 1956 1233 1978 vestra
1246 1950 1392 1978 sanctitate
1410 1949 1587 1983 respondere,
1599 1948 1763 1976 fiducialiter

963 1996 1144 2032 respondebo.
1163 1995 1263 2023 Dicunt
1275 1995 1397 2029 quidam,
1417 1992 1611 2021 inconveniens
1649 2000 1720 2023 esse.
1739 1991 1763 2017 si

963 2043 1137 2078 posuerimus
1152 2042 1250 2070 iterum
1262 2041 1289 2069 in
1302 2040 1532 2069 exanimationem
1543 2039 1615 2074 quod
1629 2038 1764 2065 habemus

961 2090 1017 2123 jam
1046 2090 1120 2117 sicut
1140 2087 1406 2121 manifestum,mibi
1427 2091 1518 2114 autem
1549 2085 1657 2112 videtur
1675 2089 1762 2112 totum

964 2135 1152 2168 contrarium;
1168 2135 1191 2162 si
1211 2134 1388 2162 manifestum
1400 2138 1451 2166 est,
1462 2133 1547 2159 multo
1558 2132 1646 2166 magis
1663 2139 1763 2158 conve'

964 2183 1005 2209 nit
1026 2181 1089 2216 poni
1105 2181 1195 2216 ipsum
1213 2179 1390 2210 inexamine,
1407 2178 1430 2205 si
1459 2177 1543 2212 aliqui
1575 2177 1702 2204 dubitant
1731 2176 1764 2202 de

967 2236 1067 2260 eo,per
1078 2232 1195 2262 quatuor
1203 2227 1333 2258 rationes,
1344 2233 1458 2260 quarum
1480 2224 1567 2259 prima
1585 2227 1625 2251 est
1635 2224 1697 2250 ista.
1711 2222 1764 2249 Vos

969 2273 1135 2303 confitemini
1144 2281 1229 2304 nunc,
1241 2273 1305 2308 quia
1315 2272 1551 2307 Spiritussanctus
1559 2270 1682 2305 procedit
1691 2274 1718 2296 et
1733 2277 1764 2296 ex

970 2322 1051 2354 Filio,
1069 2321 1141 2349 sicut
1157 2326 1184 2348 et
1201 2328 1234 2347 ex
1256 2320 1353 2352 Patre;
1369 2321 1416 2346 sed
1440 2319 1491 2346 hoc
1506 2326 1521 2344 a
1537 2317 1641 2345 Grzecis
1659 2316 1766 2343 dubita~

973 2373 1028 2396 tur.
1046 2367 1074 2394 Si
1087 2372 1177 2394 autem
1191 2374 1285 2393 verum
1300 2371 1352 2397 est,
1374 2371 1401 2392 et
1416 2370 1533 2400 ponetur
1547 2366 1573 2391 iu
1590 2371 1765 2391 communem

972 2414 1213 2446 cxaminatiouem,
1229 2413 1302 2440 sicut
1323 2417 1365 2439 est
1382 2419 1453 2438 nunc
1477 2411 1553 2438 vobis
1580 2409 1766 2440 manifestum,

972 2462 1012 2488 sic
1027 2466 1054 2488 et
1068 2466 1132 2487 tunc
1147 2460 1191 2487 (iet
1207 2464 1233 2486 et
1245 2458 1347 2486 Grazcis
1362 2457 1536 2485 manifestum
1549 2466 1555 2488 ;
1573 2457 1644 2492 quod
1660 2464 1708 2484 vos
1721 2456 1766 2483 de-

973 2508 1072 2536 beretis
1102 2506 1218 2533 maxime
1230 2503 1666 2537 considerare.Quemadmodum
1695 2502 1767 2529 enim

973 2559 1068 2582 natura
1083 2555 1360 2585 aromatum.quanto
1379 2550 1441 2585 quis
1453 2549 1506 2576 ista
1523 2554 1613 2576 movet
1628 2548 1767 2580 manibus,

973 2601 1105 2635 majorem
1122 2597 1222 2625 emittit
1236 2597 1359 2627 odorem,
1379 2595 1420 2622 sic
1435 2600 1462 2622 et
1475 2600 1570 2622 natura
1584 2595 1652 2627 veri,
1665 2600 1769 2628 quanto

974 2646 1060 2680 magis
1079 2644 1253 2672 cxaminatur
1268 2641 1466 2676 disputatione,
1485 2644 1562 2667 tanto
1589 2640 1675 2674 magis
1700 2648 1769 2674 pura

974 2699 1001 2720 ct
1016 2692 1088 2719 clara
1104 2694 1226 2725 apparet.
1245 2688 1340 2716 Omnis
1354 2687 1428 2714 enim
1445 2686 1614 2714 exatninatio
1633 2693 1687 2713 non
1702 2693 1769 2713 con-

975 2738 1062 2766 suevit
1080 2737 1168 2764 l'acerc
1181 2734 1261 2762 dubia
1276 2741 1337 2768 quae
1352 2733 1442 2768 primo
1454 2736 1533 2759 crant
1552 2731 1708 2764 manifesta,
1724 2732 1770 2758 scd

975 2783 1153 2812 contrarium.
1169 2781 1207 2809 Ea
1221 2780 1295 2808 enim
1313 2787 1374 2814 qua:
1396 2779 1470 2813 prius
1486 2782 1565 2805 erant
1590 2777 1684 2809 dubia,
1710 2778 1769 2812 ipsa

976 2830 1145 2859 examinatio
1161 2829 1241 2856 habet
1265 2836 1279 2855 a
1304 2831 1402 2854 natura
1427 2825 1462 2852 ad
1484 2825 1589 2852 clarum
1606 2824 1716 2852 ducere.
1732 2824 1770 2851 Ea

977 2886 1054 2913 ergo,
1069 2885 1130 2912 qua:
1147 2876 1223 2912 ptius
1241 2879 1319 2902 erant
1341 2883 1354 2900 ιι
1367 2872 1496 2905 auifcsta,
1520 2871 1580 2907 ipsa
1601 2871 1769 2900 examinatio
