1868 3069
123 139 189 171 1339

685 136 882 166 ΒΛΜΛΛΜΙ
910 135 960 164 DE
978 135 1192 166 SEMINABIA

1686 135 1755 168 13m

120 194 307 223 manifestiora
324 193 400 222 facit.
423 193 551 222 Secunda
576 194 646 221 ratio
668 199 709 221 est
727 194 787 221 ista.
802 193 910 220 iustum
929 193 951 221 Δ
966 193 1136 224 substantia»,
1164 192 1301 220 sufﬁciant
1326 192 1377 220 ista
1416 192 1507 226 nobis,
1544 197 1573 220 ut
1605 192 1755 220 habeamus

115 247 169 274 est,
185 245 216 269 ut
242 248 289 268 vos
305 240 459 275 exemplum
485 240 631 275 assignetis
654 247 668 266 a
693 239 796 266 sanctis
819 237 906 265 Patri-

116 289 178 315 hus.
205 287 243 314 Illi
260 287 332 314 enim
357 286 492 313 habebant
510 285 619 320 quidem
642 285 830 317 manifestum,
846 285 910 320 quia

114 332 201 359 Filius
231 332 352 366 ejusdem
389 330 550 358 substantias
579 335 621 358 est
653 330 755 364 Patri;
791 336 910 363 tamen,

114 378 245 413 quoniam
271 378 365 406 Ariani
386 378 545 405 dubitarunt
564 378 598 405 de
615 378 677 410 hoc,
692 383 841 412 posuerunt
858 378 910 405 hoc

116 421 143 452 in
161 425 374 458 examinatione,
392 429 421 451 ut
436 429 460 452 et
480 425 548 451 alios
564 424 702 452 salvarent
714 432 722 450 :
736 424 863 452 similiter
882 428 910 451 et

116 472 143 500 in
166 471 227 500 aliis
254 471 379 499 conciliis
402 471 546 498 orthodoxi
574 471 668 498 Patres
689 471 827 499 habebant
848 471 911 506 qui-

117 518 340 545 dem'manifcsta
358 524 400 547 ea.
429 517 463 544 de
484 516 582 551 quibus
603 517 719 544 haeretici
739 517 909 550 dubitabant,

117 570 208 592 tamen
219 565 347 599 quoniam
366 563 555 591 desiderabant
571 569 598 590 et
618 563 678 592 illos
694 564 801 598 juvare,
824 572 909 598 pone-

116 611 182 638 bant
203 618 234 637 ca
254 610 282 637 in
301 617 475 637 communem
492 610 732 638 exanimationem.
754 611 811 638 Non
836 612 908 639 enim

113 663 173 685 eral.
185 658 212 684 in
221 657 261 685 eis
281 657 346 692 quid
359 657 508 692 prohibens
521 664 568 684 eos
581 657 670 684 facere
683 666 690 690 ;
704 662 731 685 et
745 658 908 692 credebant;

115 705 271 739 verc,quia,
281 711 340 738 qua:
349 703 484 731 habebam
493 704 543 737 ipsi
555 703 707 736 manifesta,
717 704 803 739 posita
814 704 840 731 in
847 712 909 732 eaa-

115 750 305 782 miuationcm,
315 750 405 777 adhuc
423 750 609 778 manifestiora
622 750 695 782 ﬁent,
707 755 735 777 et
750 750 852 778 multos
866 751 910 785 ju-

115 797 310 831 vahunttergo
329 799 422 827 etvos,
432 796 454 823 si
464 796 590 823 similiter
602 796 742 824 volueritis
760 796 859 828 facere,
875 796 908 823 ad

115 842 229 877 gloriam
251 843 328 869 vobis
353 843 502 876 continget.
519 841 608 869 Tertia
629 843 697 869 ratio
713 847 755 870 est
771 842 834 871 ista.
853 843 909 878 Ego

115 889 226 920 quidem
252 889 343 916 sciens
366 889 443 920 bene,
463 888 574 916 Latinos
597 896 737 924 nunquam
757 889 791 916 de
809 890 850 917 eis
859 889 909 916 ali-

113 935 185 969 quod
201 935 423 969 blasphemiam;
442 935 592 970 prudentes
617 936 689 963 enim
719 936 790 963 viros
806 941 834 964 et
859 944 903 964 sa-

113 982 302 1016 pientissimos
315 982 392 1014 scio;
409 981 456 1009 sed
476 982 522 1009 alii
537 980 637 1013 Graeci,
655 982 700 1016 qui
715 990 768 1009 uolt
785 988 901 1010 noscunt

111 1036 160 1056 eos
180 1028 251 1056 sicut
266 1035 328 1062 ego,
343 1027 444 1059 dicent,
460 1027 536 1062 quia,
563 1035 612 1062 pro
639 1027 793 1061 timiditat»,
809 1027 901 1055 nolue-

114 1079 178 1102 runt
197 1074 290 1102 venire
310 1074 343 1102 ad
358 1073 599 1106 examinationem,
616 1073 748 1107 timendo,
773 1081 808 1102 ne
831 1074 902 1102 forte

112 1123 258 1149 vidcantur
286 1121 373 1149 Graeci
398 1121 492 1148 dicere
511 1121 619 1148 veriOra
647 1128 729 1156 quam
757 1121 806 1156 ipsi
829 1121 900 1157 ;qui

112 1168 185 1195 enim
203 1167 317 1195 conlidit
334 1167 398 1199 sibi,
415 1171 443 1195 et
461 1171 568 1202 reputat
584 1167 698 1195 ﬁrmiter
720 1168 819 1195 habere
832 1169 899 1195 reri-

113 1219 207 1247 tatem,
222 1221 274 1242 non
285 1214 379 1249 eﬁ‘ugit
390 1215 621 1242 examinatiouem
634 1224 641 1248 ;
656 1215 702 1248 qui
723 1220 813 1242 autem
830 1214 902 1243 hanc

112 1261 219 1294 eﬁ'ugit,
247 1265 358 1295 praestat
375 1260 558 1294 suspicionem
591 1260 755 1287 timiditatis.
783 1260 813 1288 Si
839 1260 901 1295 quis

111 1310 196 1342 enim,
221 1308 361 1336 cambiens
387 1315 497 1340 aurum,
520 1311 601 1342 negat
628 1307 744 1342 experiri
759 1308 785 1334 in
803 1308 900 1342 lapide,

112 1363 174 1383 cum
190 1355 324 1390 recipiens
351 1356 440 1389 ipsum
462 1358 534 1388 petat
557 1357 584 1380 et
612 1354 664 1381 hoc
682 1354 750 1385 ﬁeri.
770 1354 903 1388 suspicio-

113 1410 175 1429 nem
194 1403 252 1433 dat.
270 1401 334 1436 quia
365 1409 418 1428 non
448 1401 545 1433 credit,
575 1407 675 1434 purum
708 1407 770 1428 esse
802 1407 901 1427 aurum

113 1456 193 1475 suum
219 1448 283 1475 :sic
310 1451 338 1474 et
364 1452 477 1474 vocatus
502 1446 530 1473 in
557 1446 690 1481 iudicium
711 1451 738 1474 et
764 1447 903 1474 examina-

114 1496 214 1522 tionem
229 1501 278 1528 pro
294 1493 384 1528 aliqua
399 1501 437 1525 re,
454 1497 481 1520 et
494 1493 589 1520 nolens
601 1492 744 1525 accedere,
768 1493 899 1527 suspicio-

113 1549 173 1568 nem
189 1541 244 1572 dat,
260 1540 324 1574 quia
342 1546 394 1566 non
412 1539 525 1566 conﬁdit
541 1539 568 1565 in
583 1545 612 1566 se
633 1539 703 1573 ipso,
719 1546 808 1572 neque
823 1545 903 1573 repu-

966 238 1105 266 unioncm.
1136 239 1172 266 De
1201 239 1377 273 processione
1402 245 1493 266 autem
1519 237 1640 273 Spiritus
1669 239 1755 266 sancti

964 293 1017 312 non
1034 285 1189 312 dividantur
1205 286 1239 313 ab
1266 285 1404 317 invicem;
1421 285 1468 312 sed
1484 285 1624 320 sapientes
1644 285 1754 320 quidam

963 332 1050 359 nostri
1063 340 1128 360 cum
1144 332 1244 360 vestris
1260 333 1398 367 disputent
1417 332 1450 359 de
1468 332 1520 359 ista
1534 332 1701 367 quastione,
1730 332 1754 358 si

962 380 1070 407 volunt.
1092 379 1282 407 Communiter
1293 387 1360 407 vero
1387 387 1441 406 non
1456 379 1622 406 haberemus
1641 383 1755 413 propter

963 425 1016 453 hcc
1032 426 1259 458 divisionem,sed
1277 430 1367 454 tenete
1380 433 1438 458 vos,
1456 426 1528 457 quod
1544 426 1629 453 vultis
1646 425 1680 452 de
1690 426 1752 457 isto,

960 477 989 500 et
1016 479 1067 500 nos
1087 472 1223 505 similiter,
1249 476 1349 500 etnon
1375 472 1536 500 damnemus
1564 477 1676 507 propter
1703 471 1753 498 hor

962 518 1140 551 alterutrum;
1158 519 1204 546 sed
1233 519 1334 546 factum
1349 519 1385 546 sit
1411 523 1526 547 tantum.
1556 517 1612 545 Vos
1643 517 1752 553 quidem

961 565 1024 592 date
1049 564 1181 592 Ecclesia
1195 564 1327 592 Romanas
1348 565 1424 592 illum
1444 565 1591 598 honorem,
1609 572 1689 600 quem
1703 564 1751 591 da-

961 611 1026 639 bant
1044 616 1071 639 et
1095 611 1200 646 antiqui
1230 611 1392 646 patriarchre
1424 613 1451 639 in
1477 617 1601 646 tempore
1630 611 1751 642 unionis,

959 666 1042 694 quam
1071 659 1322 686 determinaverunt
1336 663 1363 686 et
1391 659 1463 693 leges
1492 659 1700 693 imperatorum.
1725 663 1751 685 et

960 712 1081 732 canones
1094 709 1252 732 sanctorum
1268 704 1390 736 Patrum,
1405 709 1432 731 et
1447 704 1507 739 plus
1525 712 1579 731 non
1604 704 1721 738 petimus
1735 711 1750 729 ι

959 752 1048 780 vobis.
1077 751 1132 779 Nos
1155 756 1246 778 autem
1266 752 1354 786 parati
1371 758 1467 779 sumus
1493 751 1568 782 dare,
1584 755 1613 778 et
1644 750 1751 777 ﬁrmare

961 797 1090 825 Ecclesiae
1104 797 1247 830 Orientali,
1262 802 1289 824 et
1303 797 1459 831 specialiter
1475 797 1605 824 Ecclesia:
1617 796 1749 824 Constan-

961 843 1155 878 tinopolitanae,
1166 847 1193 871 et
1206 843 1322 878 imperio
1333 843 1642 877 Constantinopolitano
1656 843 1748 868 omnia

922 888 1031 943 Bjura,
1059 897 1119 924 qua:
1139 893 1202 916 sunt
1219 889 1261 916 vel
1277 889 1312 916 ab
1338 889 1448 923 antiqua
1471 888 1682 920 consuetudine,
1709 888 1749 913 vel

959 935 1139 962 determinata
1157 939 1205 962 aut
1222 943 1238 963 a
1255 935 1360 970 legibus
1375 935 1634 970 imperatorum,aut
1660 942 1676 961 a
1701 941 1749 960 ra-

956 981 1076 1009 nonibus
1092 986 1252 1008 sanctorum
1272 981 1394 1010 Patrum.
1415 982 1467 1009 ista
1481 981 1575 1013 verba,
1589 981 1749 1008 sanctisime

951 1027 1044 1060 Pater,
1060 1028 1204 1056 audientes
1219 1027 1321 1060 Graeci,
1350 1028 1372 1056 si
1397 1035 1494 1055 oruues
1518 1027 1664 1065 recipient,
1695 1034 1749 1054 non

952 1082 1064 1110 possum
1075 1075 1165 1102 dicere
1176 1083 1184 1107 ;
1199 1079 1288 1102 tamen
1301 1075 1394 1106 credo,
1405 1075 1468 1109 quia
1479 1074 1589 1110 plurimi
1601 1074 1748 1108 recipient.

952 1123 980 1148 et
995 1119 1114 1148 forsitan
1141 1128 1190 1156 per
1222 1121 1304 1148 istum
1331 1119 1442 1147 modqu
1472 1119 1544 1147 Deus
1566 1119 1643 1146 dabit
1669 1119 1748 1147 nobis

953 1168 1096 1195 unionem.
1113 1166 1217 1196 Tamen
1230 1166 1419 1202 supplicamus
1427 1171 1547 1194 vestram
1563 1166 1747 1197 sanctitatem,

954 1222 1006 1242 nou
1033 1214 1167 1241 omittatis
1185 1221 1235 1241 nos
1249 1213 1308 1242 sine
1332 1219 1441 1248 portare
1456 1213 1577 1247 aliquam
1597 1213 1714 1248 gratiam
1731 1221 1747 1239 a

953 1261 1033 1289 vobis
1061 1260 1172 1288 domino
1203 1268 1265 1288 meo
1278 1260 1449 1295 imperatori,
1469 1265 1498 1287 ut
1513 1264 1636 1295 optatum
1656 1267 1747 1293 suum,

952 1306 1026 1342 quod
1035 1306 1116 1334 habet
1130 1307 1238 1334 unionis
1247 1307 1376 1334 Ecclesiae
1389 1314 1443 1334 non
1456 1308 1466 1318 ‘
1479 1308 1488 1317 ·
1503 1308 1511 1317 ·
1523 1307 1570 1334 Sed
1583 1307 1677 1341 potius
1689 1307 1748 1333 illu-

953 1354 1100 1381 minetur.»
1115 1367 1149 1373 -—
1164 1352 1346 1387 Supradictus
1359 1352 1488 1380 dominus
1505 1359 1601 1380 uoster
1621 1361 1747 1380 summus

954 1400 1163 1435 pontiiex,cum
1187 1407 1238 1428 suo
1248 1399 1364 1435 collegio
1391 1399 1529 1433 praedicto,
1557 1400 1748 1434 respondendo

954 1449 1033 1482 dixit,
1048 1449 1133 1483 quod.
1150 1448 1252 1476 eisdem
1269 1447 1421 1475 rationibus
1438 1455 1611 1482 nequaquam
1630 1447 1746 1474 obstan-

954 1497 1039 1528 tibus,
1053 1504 1085 1523 ex
1103 1503 1135 1523 eo
1159 1496 1233 1532 justa
1257 1495 1384 1531 praedicta
1413 1495 1509 1530 petitio
1538 1503 1591 1522 non
1616 1495 1744 1527 Videtur;

953 1542 1016 1577 quia
1031 1542 1053 1569 si
1075 1541 1223 1574 fortiﬁcati,
1248 1540 1338 1573 ditati,
1352 1540 1462 1567 exaltati
1493 1545 1520 1568 et
1535 1539 1682 1567 confcrtati
1697 1547 1746 1573 per

114 1593 153 1615 tat
168 1586 295 1619 lirmiter,
319 1585 422 1613 ﬁrmari
440 1585 467 1612 in
491 1585 616 1612 veritate.
631 1583 772 1611 Attendile
785 1591 862 1618 ergo,
880 1584 904 1612 si
916 1588 940 1620 α
956 1588 1048 1617 sedem
1065 1587 1253 1623 apostolicam,
1272 1594 1360 1621 reges,
1374 1587 1510 1622 principe.
1523 1590 1552 1614 ει
1566 1585 1682 1621 populos
1697 1593 1746 1612 ω-

114 1636 215 1661 bonum
229 1637 280 1664 est.
293 1632 373 1659 talem
387 1631 543 1666 opinionem
558 1631 623 1658 dare
631 1630 771 1665 aliquibus
779 1630 813 1658 de
827 1630 905 1658 vobis

114 1681 189 1714 ipsis,
203 1680 266 1714 quia
279 1679 313 1705 ab
325 1678 451 1705 omnibus
462 1676 618 1704 hominibus
634 1676 904 1704 tliﬁertissecundum

112 1734 202 1754 meam
217 1725 373 1760 opinionem
391 1723 524 1759 sapientia
533 1727 561 1750 et
570 1723 782 1758 magniﬁcentia.
801 1723 904 1756 Quarta

113 1774 182 1801 ratio
196 1777 237 1800 est
246 1772 307 1800 ista.
318 1771 376 1798 Non
383 1771 461 1798 debet
470 1770 568 1805 aliquis
595 1771 702 1801 timere,
722 1777 754 1796 ne
764 1769 832 1797 forte
840 1777 906 1797 con-

113 1818 335 1853 tiugatEcclcsise
345 1817 392 1844 Dei
405 1824 437 1843 ex
454 1816 507 1844 isto
521 1815 637 1843 concilio
651 1815 743 1851 aliqua
759 1815 903 1848 desolatio,

112 1864 315 1892 considerando
340 1863 406 1898 quia
433 1862 542 1897 quoties
578 1862 679 1889 factum
709 1866 751 1889 est
778 1861 904 1896 generale

112 1910 270 1943 concilium,
285 1916 392 1943 semper
408 1907 442 1935 ad
459 1908 653 1935 exaltationem
669 1912 696 1935 et
711 1907 841 1934 honorem
851 1906 904 1934 Ec-

113 1957 213 1988 clesiae,
228 1961 255 1983 et
274 1955 407 1988 majorem
425 1953 580 1981 ﬁrmitatem
601 1953 726 1981 veritatis
737 1953 838 1981 factum
850 1957 903 1987 est;

114 2012 179 2038 ergo
194 2008 221 2032 ct
237 2011 310 2031 nunc
321 2003 486 2030 credendum
501 2007 552 2035 est,
569 2003 644 2037 quia,
659 2003 683 2030 si
696 2002 741 2029 ﬁat
755 2002 789 2029 de
802 2009 903 2037 propo-

114 2050 174 2077 sitis
188 2049 312 2085 generale
327 2049 486 2081 concilium,
504 2053 530 2076 et
546 2048 673 2076 exaltatio
691 2055 788 2083 magna
805 2047 901 2076 Eccleo

114 2097 162 2124 sin:
175 2101 314 2130 sequetur.
332 2095 359 2123 Si
371 2096 469 2130 aliquis
482 2100 572 2124 autem
587 2096 642 2122 vult
656 2095 757 2127 dicere,
771 2095 835 2131 quia
863 2095 901 2123 is~

113 2144 160 2170 tud
177 2152 246 2178 opus
264 2143 365 2177 indiget
380 2144 473 2171 multis
490 2143 660 2178 temporibus
677 2147 704 2170 et
729 2142 834 2178 magnis
853 2150 901 2168 ex-

114 2191 216 2223 pensis.
245 2191 324 2222 sciat,
345 2191 408 2225 quia
437 2198 485 2226 pro
515 2192 569 2218 isto
598 2198 680 2225 opere
709 2198 762 2216 non
793 2194 899 2216 tantum

114 2237 242 2272 pecunias
261 2243 288 2264 et
304 2242 423 2272 tempora
448 2245 496 2270 pro
511 2237 596 2264 nihilo
617 2237 746 2264 debemus
761 2241 898 2270 reputare,

113 2282 160 2308 md
180 2286 206 2308 et
221 2281 380 2316 sanguinem
411 2287 533 2308 nostrum
566 2281 681 2310 libenter
707 2286 818 2317 propter
849 2281 901 2308 hoc

113 2327 261 2360 (-ﬁ'undcrc,
283 2327 306 2354 si
334 2333 447 2354 necesse
466 2325 582 2359 fuissnt;
616 2327 677 2361 quia
709 2327 797 2362 majus
820 2334 899 2361 opus,

113 2381 195 2406 quam
219 2372 292 2400 uniri
311 2371 419 2399 Graecos
447 2379 506 2398 cum
534 2372 648 2405 Latinis,
669 2374 721 2400 sub
747 2373 817 2400 cmlo
846 2381 900 2400 non

115 2419 215 2453 poterit
235 2419 316 2446 homo
333 2418 466 2445 invenire.
483 2418 568 2451 Quem
582 2426 647 2453 ergo
663 2419 748 2445 habeo
761 2419 899 2446 residuum

116 2465 226 2492 modum
247 2464 367 2497 uniouis,
394 2464 450 2498 jam
469 2465 557 2490 diram
576 2468 681 2491 tantum
702 2466 899 2499 protestando,

115 2512 179 2546 quia
191 2511 344 2538 certissime
361 2510 470 2544 quidem
486 2517 540 2536 non
559 2517 670 2544 possum
688 2511 788 2544 dicere,
805 2512 827 2539 si
856 2511 902 2539 ﬁet

116 2566 164 2592 ιιι-ι·
179 2559 261 2585 istum
281 2557 391 2584 moduni
417 2556 493 2588 unio,
520 2560 609 2584 tamen
635 2559 726 2592 credo,
756 2559 819 2594 quia
846 2559 902 2586 Deo

115 2603 245 2638 possibile
270 2607 321 2630 est.
348 2601 474 2634 Potestis,
491 2602 513 2629 si
543 2603 632 2635 vultis,
661 2604 768 2631 mittere
784 2605 817 2631 ad
833 2612 901 2639 qua-

116 2655 178 2676 tuor
194 2650 365 2684 patriarchas
376 2649 522 2677 Orientalis
539 2649 677 2683 Ecclesi:c,
705 2655 733 2678 et
760 2651 794 2678 ad
816 2651 901 2685 impe-

117 2700 248 2726 ratorem,
276 2695 378 2730 legatos
396 2700 510 2727 vestros,
542 2695 684 2723 dicentes:
714 2697 769 2723 Viri
790 2696 900 2730 fratres,

115 2744 246 2776 quoniam
262 2747 288 2770 et
303 2750 351 2770 vos
365 2746 392 2770 ct
403 2751 452 2771 nos
467 2742 632 2770 conﬁtemur
647 2744 674 2770 in
699 2743 802 2770 divinis
817 2751 898 2770 uuam

116 2789 307 2820 substantiam.
323 2795 349 2817 et
369 2794 423 2818 tres
439 2796 582 2825 personas,
598 2790 679 2816 etiarn
701 2797 782 2816 unum
800 2789 902 2823 prim-i-

116 2833 189 2866 pium
202 2842 209 2865 ;
222 2839 249 2861 et
266 2843 353 2870 neque
370 2843 417 2862 vos
437 2843 524 2870 neque
540 2842 591 2861 nos
612 2835 772 2862 adducimus
789 2835 815 2862 in
832 2834 901 2861 divi-

117 2878 220 2906 nisaut
253 2881 419 2910 idcntitatcm
449 2888 638 2916 personarum,
664 2886 709 2908 aut
736 2881 898 2909 divisionem

957 1633 1073 1661 tbolicos
1102 1638 1165 1660 ante
1185 1633 1344 1660 reunionem
1367 1632 1535 1667 praedictam,
1552 1636 1644 1666 postea
1670 1636 1744 1664 terga

957 1683 984 1706 et
998 1687 1051 1706 non
1070 1678 1166 1707 facient
1179 1683 1319 1706 verterent
1340 1677 1471 1705 Romana:
1486 1677 1615 1705 Ecclesia
1641 1684 1743 1703 memo-

956 1729 1033 1758 ratae,
1048 1725 1120 1753 sicut
1134 1725 1213 1758 alias,
1231 1727 1295 1752 dum
1310 1725 1492 1753 credebantur
1519 1725 1630 1757 reuniti,
1661 1730 1742 1759 prout

956 1779 1116 1806 expressum
1144 1776 1185 1799 est
1205 1773 1342 1806 superius,
1369 1771 1467 1799 fecisse
1493 1775 1661 1803 noscuntur;
1680 1779 1742 1804 prn-

956 1819 1001 1846 cui
1013 1819 1096 1846 dubio
1114 1818 1334 1846 idem’dOminus
1358 1825 1482 1845 summus
1499 1817 1630 1852 pontifex,
1649 1817 1742 1844 Eccle-

955 1865 1007 1897 sia,
1027 1870 1054 1892 et
1069 1863 1161 1892 ﬁdeles
1180 1865 1226 1891 alii
1250 1869 1424 1892 remanerent
1439 1864 1568 1895 delusi,et
1583 1863 1636 1891 dici
1653 1868 1742 1898 posset

955 1911 1131 1946 opprobrium
1147 1918 1200 1938 non
1216 1910 1366 1943 modicum,
1384 1911 1456 1946 quod
1468 1918 1534 1938 suos
1549 1915 1576 1937 et
1591 1910 1653 1937 ﬁdei
1664 1911 1741 1945 λιπες

955 1962 1018 1984 rant
1035 1962 1062 1985 et
1076 1957 1289 1985 fortiﬁcaveraut
1303 1957 1428 1985 inimicos
1454 1962 1482 1984 et
1506 1957 1610 1990 hostes,
1634 1957 1735 1992 partici-

954 2010 1120 2041 passentque
1150 2004 1308 2032 scaudalosa
1325 2011 1387 2031 cum
1400 2005 1461 2037 eis;
1488 2004 1535 2032 sed
1559 2004 1581 2031 si
1599 2012 1648 2038 per
1665 2004 1741 2031 illu

954 2052 999 2085 qui
1012 2059 1118 2078 omnem
1137 2051 1275 2078 hominem
1294 2051 1447 2079 venientem
1463 2051 1489 2078 in
1507 2051 1581 2078 hunc
1607 2051 1739 2077 mundum

954 2097 1098 2130 illuminat,
1118 2096 1275 2124 eorumdem
1292 2095 1450 2124 Graecorum
1467 2096 1607 2128 cordibus.
1634 2097 1740 2124 fusione

953 2143 1104 2177 spiritualis
1129 2143 1222 2178 gratiae
1238 2143 1394 2175 illustratis,
1407 2150 1457 2177 per
1475 2143 1544 2169 viam
1575 2148 1676 2171 rectam
1694 2151 1737 2177 per

952 2189 1079 2216 eumdem
1096 2189 1238 2216 dominum
1254 2193 1390 2221 nostrum,
1410 2189 1449 2216 vel
1473 2189 1555 2216 aliam
1586 2197 1732 2216 arcommo

953 2235 1014 2262 dum
1034 2239 1062 2262 et
1082 2236 1236 2267 hOuestam,
1264 2235 1298 2262 ad
1327 2234 1523 2267 obedientiam,
1552 2235 1684 2262 unitatem
1712 2242 1737 2263 rt

954 2282 1122 2309 devotionem
1138 2281 1198 2314 ejus
1224 2280 1352 2308 Romanae
1371 2281 1499 2308 Ecclesia:
1523 2281 1613 2309 redire
1628 2289 1732 2310 curave-

954 2329 1007 2356 rint
1033 2336 1094 2356 cum
1123 2329 1232 2360 cﬁ‘ectu,
1254 2329 1328 2363 ipsos
1357 2334 1422 2356 tunc
1449 2328 1541 2356 effusis
1569 2330 1686 2364 gaudiis,
1707 2338 1737 2357 ac

953 2375 1048 2409 gratiis
1070 2379 1095 2401 et
1120 2375 1258 2402 favoribus
1280 2375 1401 2410 largiﬁue
1415 2375 1592 2409 dispensatis,
1610 2381 1736 2411 tauquam

953 2420 986 2448 de
1003 2421 1113 2456 regione
1127 2420 1361 2448 dissimilitudinis
1373 2425 1551 2453 revertentes,
1568 2421 1627 2456 ipse
1645 2422 1735 2448 Domi-

953 2474 1005 2494 nus
1022 2473 1116 2493 noster
1132 2471 1160 2493 et
1176 2467 1326 2500 apostolica
1349 2466 1417 2494 ﬁdes
1433 2466 1565 2500 recipiant
1580 2475 1629 2494 eos
1649 2467 1735 2493 chari-

953 2513 1045 2540 lativis
1058 2513 1177 2540 brachiis
1193 2513 1384 2547 amplexando,
1410 2520 1464 2540 nou
1494 2513 1582 2540 solum
1609 2515 1734 2547 superis

952 2566 1013 2593 qua:
1026 2562 1131 2592 petunt,
1139 2559 1185 2586 sed
1199 2559 1353 2594 super1aliis
1365 2566 1459 2586 eorum
1469 2560 1732 2593 opportunitatihm,

951 2604 1099 2631 exhibituri
1124 2609 1198 2635 tunc,
1228 2610 1358 2638 quantum
1383 2613 1444 2632 cum
1474 2605 1528 2632 Deo
1543 2610 1569 2632 ct
1597 2607 1734 2632 honestate

953 2650 1010 2677 ﬁeri
1039 2650 1158 2685 poterit,
1178 2651 1290 2683 auxilia,
1307 2651 1422 2678 consilia
1449 2657 1476 2678 et
1505 2651 1622 2680 favores.
1650 2651 1734 2678 Porio

952 2701 1014 2731 post
1025 2698 1164 2730 prtemissa
1176 2697 1266 2724 dictus
1279 2696 1395 2730 Barlam,
1411 2698 1457 2732 qui
1473 2698 1505 2724 ad
1521 2704 1610 2730 partes
1624 2699 1734 2726 Gron-ia:

951 2741 1094 2776 przcdictas
1113 2747 1181 2772 erat,
1214 2745 1243 2767 ut
1272 2742 1400 2773 asseruit,
1432 2741 1580 2773 rediturus,
1607 2741 1733 2776 quamvis

952 2787 1155 2821 responsionem
1180 2786 1335 2820 huiusmodi
1361 2787 1464 2821 justam
1490 2793 1517 2814 et
1542 2787 1731 2814 rationabilem

950 2838 1098 2868 reputaret,
1113 2834 1184 2861 viam
1197 2837 1285 2861 tamen
1303 2841 1383 2868 quant
1400 2833 1434 2861 de
1445 2833 1585 2862 mittendis
1596 2842 1645 2868 pro
1658 2839 1733 2868 parte

951 2879 1106 2908 Cra-corum
1137 2880 1331 2916 praedictorum
1362 2881 1530 2916 sapientibus
1562 2884 1674 2913 tactam,
1704 2885 1732 2907 ut
