1868 3069
91 133 156 168 1341

626 140 765 170 ETHICA
785 138 996 170 SECUNDUM
1015 138 1178 169 STOICOS.

1642 139 1715 171 1342

88 193 275 227 praemiltitur,
291 194 426 223 dillicilem
444 203 492 224 seu
508 195 705 232 impossibilem
723 197 874 230 existimat,
891 200 912 227 Α
928 197 1079 224 voluissent
1095 196 1206 230 venire;
1224 199 1252 224 et
1280 197 1355 231 dato,
1385 198 1458 233 quod
1484 198 1540 234 jam
1564 199 1717 228 venissent,

87 239 141 266 nisi
162 239 242 273 Deus,
259 241 303 267 cui
321 241 442 269 uihilest
456 242 635 277 impossibile,
657 242 731 269 illam
747 243 803 270 sola
822 251 870 270 sua

86 286 188 313 virtute
218 287 349 321 perﬁcere
378 288 554 323 dignaretur:
578 296 675 316 causas
704 288 870 319 dillicultatis

87 331 247 367 hujusmodi
279 334 458 368 exprimendo
484 343 532 371 per
559 338 705 372 quamdam
735 337 871 369 cedulam,

86 385 170 411 quam
181 386 208 405 tn
220 380 328 414 scriptis
338 381 504 410 tradiditsub
514 383 565 412 hac
577 383 664 412 forma
673 392 723 411 :—
735 383 873 411 tSanctis-

85 423 156 451 sime
174 424 264 458 Pater,
278 427 402 460 quamvis
417 429 565 463 receperim
591 437 606 456 a
622 430 698 457 vobis
720 429 872 465 perfectum

87 478 263 506 responsum,
279 473 370 501 adhuc
397 475 523 510 supplico
551 481 648 504 Vestrae
675 477 826 508 sanctitati,
843 481 874 504 ut

84 517 216 552 dignetur
231 519 326 546 audire
355 525 382 548 et
399 520 449 548 ista
476 529 563 556 pauca
582 523 685 556 verba;
716 523 873 551 necessaria

85 563 160 591 enim
180 568 254 598 sunt,
269 569 295 592 et
311 565 377 593 mihi
389 567 480 594 dicere
492 573 520 595 et
536 568 612 596 vobis
628 569 708 596 scire.
726 569 802 602 Quod
816 569 872 603 jaut

84 614 177 637 vestra
194 611 325 640 sanctitas
353 613 420 640 mihi
443 613 548 641 dixerat
564 622 646 649 super
669 615 742 643 facto
762 615 873 642 unionis

85 656 215 684 Ecclesize
231 658 400 692 ortltodoxat,
426 665 455 687 ut
471 661 582 688 veniam
594 670 625 689 cx
636 662 758 697 partibus
768 662 822 689 illis
833 661 874 689 le-

85 701 155 736 gati,
188 702 319 730 habentes
338 703 444 732 litteras
478 705 634 739 imperiales
664 710 691 732 et
716 705 872 740 synodicas,

85 755 172 774 exoro
184 748 313 780 Deum,ut
327 749 409 777 l'aciat
424 750 494 778 istud
510 751 651 786 possibile,
668 753 730 786 quia
742 758 774 778 ex
790 758 819 778 se
832 754 874 778 est

85 791 166 818 valde
193 791 313 824 diliicile,
343 794 436 821 multis
464 795 498 822 de
523 796 626 823 causis.
644 795 791 828 Videlicet,
809 796 873 830 quia

85 836 237 871 imperator
262 846 315 865 non
350 840 432 866 audet
455 841 630 871 manifestare
654 849 694 873 se,
722 840 794 875 quod
810 841 874 868 velit

87 884 160 910 uttiri
189 882 351 918 vobiscum;
379 887 521 921 quoniam,
552 888 577 915 si
604 888 808 917 manilestasset
832 896 872 920 se.

86 929 166 956 multi
177 938 208 956 ex
223 924 391 966 principibus
401 933 470 964 suis,
480 934 562 961 etiam
573 942 604 962 ex
614 935 724 969 populo,
735 935 871 969 timentes,

928 247 952 270 et
971 250 1066 270 omnes
1083 241 1250 270 unanimiter
1270 243 1484 271 concordassent
1506 244 1540 271 ad
1557 244 1717 271 mittendum

926 290 1027 324 legatos
1047 297 1127 324 super
1153 289 1300 324 praedictis,
1328 290 1378 325 ipsi
1403 298 1457 318 non
1480 290 1575 318 darent
1587 291 1716 324 junquam

925 336 1035 370 plenum
1066 344 1144 370 posse
1162 344 1244 371 super
1260 337 1311 363 hoc
1329 337 1431 364 talibus
1456 337 1562 371 legatis,
1583 344 1632 364 nec
1650 345 1715 371 pro-

924 382 1071 415 mitterent,
1086 381 1150 409 illud
1166 382 1239 416 quod
1260 382 1361 409 factum
1378 381 1476 410 fuisset
1494 391 1541 417 per
1554 383 1629 416 ipsos
1644 383 1716 416 lega-

925 431 968 456 tos
983 433 1072 456 ratum
1088 428 1204 458 habere.
1224 428 1277 455 nisi
1297 429 1348 456 sub
1361 430 1445 456 certis
1467 429 1591 456 articulis
1609 429 1713 462 pactis—

924 481 998 509 que;
1017 481 1078 508 quas
1095 480 1172 509 pacta
1190 482 1238 503 vos
1254 474 1413 502 nullatenus
1428 475 1622 502 admitteretis.
1639 474 1716 506 Qua-

925 525 1036 555 propter
1049 521 1156 548 videtur
1170 521 1248 554 ntibi,
1267 521 1340 555 quod
1357 521 1425 548 tales
1440 521 1523 555 legati
1558 520 1715 555 aliqualiter

925 574 979 594 non
996 567 1130 599 venirent,
1146 574 1179 594 eo
1195 567 1266 602 quod
1281 567 1331 600 ipsi
1345 567 1458 598 scirent,
1478 570 1620 601 pactorum
1647 566 1714 593 arti-

923 614 984 642 cula
1002 621 1049 648 per
1074 621 1123 641 vos
1139 613 1294 641 nullatenus
1311 613 1487 641 admittenda.
1507 613 1593 646 Unde,
1607 613 1629 640 si
1649 613 1716 640 tales

925 661 1028 696 legatos
1047 661 1186 694 contingat
1211 661 1245 687 ad
1260 665 1378 687 vestram
1408 660 1580 687 sanctitatem
1607 659 1712 689 venire,

926 707 1048 735 habeatis
1062 709 1135 742 quod
1146 715 1178 734 ex
1193 706 1246 734 Deo
1271 711 1322 737 est,
1339 707 1382 734 ctti
1402 706 1510 733 diliicile
1527 705 1594 733 nihil
1610 710 1660 732 est.
1687 705 1715 732 Si

926 757 1017 780 autent
1040 760 1094 780 non
1122 752 1244 786 veniant,
1273 760 1328 780 nott
1358 751 1508 787 imputetur
1545 751 1715 786 imperatori,

925 806 1012 833 neque
1028 799 1195 833 suspicetur,
1211 798 1283 833 quod
1295 797 1354 831 ejus
1367 797 1535 833 negligentia
1555 796 1591 824 sit
1604 797 1630 823 in
1652 803 1718 823 eau-

924 853 965 877 sa,
981 852 1042 872 cum
1065 845 1125 879 ipse
1153 844 1200 871 diu
1229 844 1263 871 ad
1291 843 1448 879 praedictam
1480 842 1607 870 unionem
1636 841 1717 868 fuerit

925 891 1072 918 animatus.
1088 889 1193 925 Adjccit
1211 896 1322 925 qu0que
1348 888 1523 924 pesttnodutn
1550 888 1717 915 verbotenus

925 936 1030 964 Barlam
1058 935 1241 970 supradictus,
1259 935 1333 971 quod
1349 942 1402 961 tton
1418 934 1555 965 obstante,
1575 934 1658 968 quod,
1687 938 1719 960 ut

86 983 120 1002 tte
136 975 205 1003 l'orte
218 976 240 1003 si
262 977 319 1011 ipse
335 978 425 1012 vellet,
441 979 513 1007 sicdt
528 980 590 1008 fecit
612 980 679 1015 ipsis
695 980 807 1008 Michael
822 981 873 1008 Pa—
890 980 911 1007 Β
926 982 1062 1018 promisit,
1093 981 1233 1016 praemissa
1252 984 1280 1009 et
1311 980 1430 1009 diliicilia
1462 980 1504 1007 vel
1534 979 1716 1014 impossibilia

86 1021 227 1056 lacologus,
251 1029 405 1057 quaererent
432 1026 662 1060 opportunitatem
694 1026 874 1054 interﬁciendi

86 1066 177 1094 illum.
206 1066 340 1097 Praeterea
360 1069 482 1099 Ecilesia
500 1071 803 1107 Constantinopolitana
820 1080 873 1100 non

86 1113 241 1141 remitteret
256 1115 289 1142 ad
306 1115 357 1143 hoc
373 1118 511 1152 negotium
538 1118 640 1152 legatos
655 1126 719 1146 suos
734 1119 794 1146 sine
807 1126 875 1146 con-

85 1160 149 1188 silio
164 1166 190 1188 et
205 1169 340 1190 consensu
355 1164 585 1199 patriarcharum,
611 1164 798 1198 Alexandrini,
817 1166 874 1193 An-

86 1207 208 1234 tiocheni
237 1211 264 1235 et
291 1207 551 1245 Hierosolyntitani;
580 1219 665 1246 quare
680 1218 805 1248 oportere
828 1220 875 1240 eos

86 1251 200 1279 insimul
227 1260 413 1289 congregare;
439 1256 513 1289 quod
542 1261 584 1284 est
615 1257 722 1286 dilﬁcile
763 1262 874 1293 propter

86 1303 210 1332 guorras.
222 1299 255 1326 Et
266 1305 364 1335 praeter
374 1302 426 1329 hoc
436 1301 569 1330 incertum
582 1307 636 1336 est,
650 1304 672 1332 si
685 1304 772 1332 vocati
785 1305 874 1332 adhuc

925 1028 1080 1060 vidcantur,
1097 1027 1154 1062 ipse
1174 1031 1263 1055 tamen
1281 1027 1353 1054 circa
1364 1034 1394 1054 ea
1413 1026 1527 1054 ﬁdeliter
1539 1025 1686 1053 laborabit.
1705 1034 1714 1051 t

925 1089 962 1094 —
972 1074 1004 1102 Et
1019 1074 1060 1102 sic
1075 1074 1110 1102 ab
1126 1074 1221 1102 eodem
1232 1073 1343 1101 domino
1355 1077 1450 1101 nostro
1460 1079 1568 1100 sutnmo
1576 1071 1715 1107 pontilicc,

925 1121 1079 1155 explicante
1093 1119 1259 1155 expressius,
1284 1118 1358 1154 quod
1384 1118 1463 1146 aliter
1483 1118 1570 1145 eidem
1587 1117 1717 1151 dictoque

925 1166 1040 1201 collegio
1071 1173 1151 1200 posse
1169 1173 1223 1192 non
1243 1164 1397 1197 videbatur,
1426 1163 1479 1191 nisi
1496 1169 1575 1198 prout
1590 1162 1717 1196 superius

926 1211 1042 1245 dixerat,
1057 1215 1085 1239 et
1098 1212 1234 1246 tetigerat,
1249 1211 1385 1246 negotium
1404 1211 1496 1244 perlici
1513 1209 1715 1244 supradii-tutn;

927 1257 1048 1289 rediens,
1060 1261 1090 1284 ut
1104 1257 1183 1289 dixit,
1203 1255 1333 1291 prtel‘atus
1353 1255 1459 1283 Barlam
1476 1255 1509 1282 ad
1537 1259 1627 1290 partes
1642 1252 1716 1281 Cra:-

927 1304 975 1332 cia:
993 1304 1136 1339 praedictas
1153 1303 1289 1331 discessit.

91 1392 1191 1406 ...Ἦ

369 1457 635 1517 ETHICA
680 1422 1068 1519 SECUNDUM
1109 1456 1435 1515 STOlCOS.

427 1623 483 1668 D.
506 1623 874 1669 BARLAAMUM
907 1624 980 1668 DE
1012 1585 1373 1669 SElllINABIA.

679 1718 874 1747 EPISCOPUM
889 1717 1122 1746 GYRACENSEM

227 1800 270 1830 Ex
287 1799 432 1839 pluribus
451 1798 670 1830 voluminibus
686 1799 879 1831 eorumdem
897 1798 1076 1830 Stoicorum
1090 1799 1150 1830 sub
1166 1797 1358 1838 compendio
1387 1798 1574 1836 composita.

696 1888 840 1934 PARS
889 1890 1098 1934 PRIMA.

241 2066 306 2096 Cap.
323 2067 343 2095 Ι.
362 2066 505 2094 Beatitudo
522 2067 585 2101 quid
609 2067 725 2094 dicatur.

127 2135 275 2163 Hominum
293 2135 376 2162 alium
390 2134 456 2167 alio,
472 2135 622 2162 secundum
639 2134 712 2170 quod
728 2134 811 2161 homo
825 2138 877 2166 est,

91 2183 190 2210 melius
204 2182 293 2209 vivere
303 2186 431 2216 putamus
441 2202 448 2214 ,
467 2185 494 2209 et
508 2185 629 2209 statuum
642 2181 783 2208 hominum
794 2181 878 2208 aliunt

91 2228 296 2264 cligibiliorcm,
312 2227 396 2254 alium
415 2227 505 2254 minus
524 2227 678 2262 eligendum
699 2227 878 2255 arbitramur.

92 2276 165 2310 Ergo
180 2282 242 2301 cum
260 2278 358 2301 natura
374 2278 470 2301 nostra
485 2273 521 2300 sit
536 2274 622 2305 ﬁnita,
639 2279 666 2301 et
694 2281 748 2300 non
767 2273 802 2301 sit
819 2274 879 2300 inli-

90 2321 155 2348 nitte
169 2320 300 2348 bonitatis
310 2327 407 2354 capax,
423 2319 504 2346 aliam
519 2319 571 2346 alia
588 2319 729 2347 meliorem
740 2319 823 2346 vitam
836 2326 881 2346 ra-

91 2368 166 2396 tione
177 2371 329 2398 sumentes,
345 2374 400 2393 non
418 2365 450 2392 ad
468 2366 604 2392 infinitum
620 2366 814 2400 procedemus,
831 2365 877 2393 sed

90 2413 284 2450 perveniemus
299 2419 438 2448 posuemo
456 2412 488 2439 ad
507 2412 626 2446 aliquem
644 2412 791 2439 terminum
811 2412 880 2439 bene

91 2460 212 2490 vivendi,
231 2467 312 2494 quem
328 2459 384 2494 jam
411 2458 607 2485 transcendere
623 2462 720 2485 natura
736 2462 828 2485 nostra
847 2457 880 2484 de

90 2507 133 2534 sui
151 2505 309 2533 conditione
325 2505 437 2532 mininte
462 2504 561 2531 valeat.
580 2503 710 2536 Quamvis
737 2504 809 2532 enim
825 2511 880 2531 non

91 2556 254 2585 habeamus,
273 2561 354 2588 quem
376 2553 591 2588 assignabimus,
606 2560 674 2588 pure
691 2553 723 2579 ad
739 2560 801 2579 eutn
821 2560 883 2587 per-

91 2601 224 2628 venisse:
252 2606 342 2627 tamen
358 2599 423 2634 quia
437 2599 621 2626 substantiam
640 2603 666 2625 et
683 2599 765 2625 vitam
784 2604 880 2626 natura

90 2648 237 2674 lintitatam
263 2645 408 2676 habemus.
426 2652 539 2672 necesse
564 2649 606 2672 est
623 2646 718 2676 etiam,
742 2652 880 2672 summum

91 2694 207 2729 gradum
221 2698 321 2719 nostrae
337 2691 524 2726 perfectionis,
539 2697 564 2718 et
575 2692 709 2725 Optimum
725 2696 824 2718 statum
842 2692 882 2718 vi-

893 2069 914 2097 C
932 2066 1022 2094 solum
1037 2071 1079 2093 est
1106 2071 1202 2094 contra
1227 2073 1390 2093 contmunes
1406 2065 1531 2094 notiones
1547 2087 1554 2098 ,
1573 2067 1620 2094 sed
1636 2067 1717 2094 etiam

931 2112 1000 2139 tollit
1016 2119 1125 2138 ontttetn
1146 2111 1306 2146 appetitum.
1336 2110 1476 2145 Siquidem
1500 2112 1718 2145 expetendorum

930 2161 1083 2184 extremum
1102 2164 1155 2184 tton
1178 2160 1230 2188 est,
1244 2156 1288 2183 ubi
1298 2164 1327 2184 se
1337 2157 1473 2191 appetitus
1484 2156 1631 2184 novissime
1644 2158 1717 2190 I‘lgal.

931 2203 1008 2231 llunc
1032 2203 1114 2238 igitur
1139 2203 1299 2235 terminum,
1328 2207 1355 2230 et
1378 2203 1448 2230 hanc
1479 2202 1622 2236 optimam,
1639 2207 1720 2237 prout

930 2247 1060 2282 possibile
1077 2253 1128 2279 cst,
1147 2247 1268 2274 hominis
1283 2248 1377 2280 vitam,
1403 2255 1458 2274 uno
1483 2247 1575 2281 verbo,
1603 2249 1672 2275 sicut
1691 2253 1717 2274 ct

931 2294 988 2325 alii.
1006 2294 1201 2321 beatitudinem
1221 2294 1400 2328 appellantes,
1414 2302 1571 2329 quatrantus
1589 2295 1653 2329 quid
1671 2295 1718 2326 sit,

931 2346 957 2368 et
976 2341 1001 2368 itt
1030 2340 1131 2376 quibus
1145 2340 1290 2368 consistat.
1320 2339 1386 2367 Inde
1413 2345 1503 2367 autent
1533 2340 1718 2375 suscipiamus

931 2388 1085 2415 exordium.

966 2445 1030 2472 CAP.
1045 2445 1077 2472 ΙΙ.
1099 2444 1166 2472 Vera
1196 2445 1330 2472 beatitudo
1357 2444 1480 2478 hominis,
1497 2450 1524 2472 ul
1540 2446 1618 2473 homo
1634 2450 1684 2474 est.

968 2503 1067 2531 Verani
1079 2503 1199 2531 hominis
1209 2504 1404 2531 beatitudinem
1417 2504 1586 2539 quaerimus:
1599 2505 1659 2532 talis
1671 2513 1719 2532 an-

933 2556 985 2578 tcm
1002 2558 1055 2577 non
1075 2553 1164 2585 potest
1178 2558 1250 2581 csse,
1266 2550 1318 2577 nisi
1336 2550 1370 2578 sit
1387 2550 1506 2578 hominis
1523 2555 1549 2578 ut
1567 2551 1724 2578 ltotnocstt.

932 2597 1000 2625 Nam
1022 2598 1043 2624 si
1065 2597 1267 2630 :tSsignabintus
1286 2597 1406 2624 hominis
1434 2597 1643 2630 beatitudinem,
1661 2606 1720 2633 qm

934 2653 987 2672 non
1003 2644 1056 2671 erit
1067 2643 1196 2674 hominis,
1214 2648 1243 2670 ιιι
1256 2643 1337 2670 homo
1352 2648 1394 2669 est
1406 2662 1413 2674 ,
1428 2650 1482 2670 non
1498 2647 1550 2669 ertt
1560 2651 1635 2670 vera.
1650 2644 1719 2678 Ergo

934 2695 1040 2725 oportet
1055 2695 1084 2717 ttt
1098 2693 1207 2716 constet
1221 2697 1253 2716 ex
1268 2688 1396 2716 omnibus
1412 2688 1466 2715 illis
1480 2689 1569 2721 hortis,
1582 2697 1642 2724 q'tze
1656 2695 1720 2716 sunt

90 2739 185 2768 vendi.
201 2739 352 2766 secundum
369 2738 442 2772 quod
457 2737 698 2772 proportionalitas
713 2742 805 2764 nostra
821 2738 879 2764 cxi-
894 2747 918 2776 ι)
930 2738 1061 2769 hominis,
1079 2737 1105 2763 itt
1123 2740 1255 2770 quantum
1267 2735 1351 2761 homo
1363 2739 1414 2761 est.
1427 2734 1497 2767 Quia
1512 2735 1538 2762 si
1549 2742 1582 2761 ex
1601 2735 1674 2767 aliis,
1693 2739 1719 2762 ct

91 2786 143 2820 git,
159 2785 255 2811 eadem
285 2789 382 2811 natura
402 2783 542 2817 prmlixuttt
559 2788 586 2810 ct
606 2788 700 2810 uotuut
718 2791 788 2811 csse.
809 2783 877 2811 Nam

90 2830 200 2866 opinari
216 2832 318 2858 linilam
339 2835 463 2856 uolutant
479 2829 512 2856 ad
532 2830 666 2856 ittlinitunt
687 2831 830 2864 prolicere,
851 2835 878 2857 et

90 2877 197 2914 perﬁci,
219 2884 284 2905 suos
313 2884 366 2904 non
392 2875 548 2904 cxcedcndo
567 2873 678 2908 limites,
697 2884 776 2910 posse
792 2897 799 2910 ,
822 2885 876 2904 uott

933 2792 986 2812 nott
1012 2791 1045 2810 ex
1064 2781 1163 2808 talibus
1179 2801 1187 2813 ,
1206 2788 1259 2807 non
1276 2779 1449 2810 lmbeb'tutus,
1472 2780 1544 2814 quod
1559 2781 1717 2814 quaerimus.

935 2830 1038 2857 Etenim
1055 2829 1076 2855 si
1090 2837 1142 2855 non
1158 2836 1190 2855 ex
1202 2828 1331 2855 omnibus
1348 2826 1506 2862 huiusmodi
1519 2827 1600 2855 bonis
1611 2832 1707 2854 constu

931 2876 979 2908 bit,
997 2884 1051 2903 nott
1066 2874 1118 2902 erit
1130 2881 1266 2902 sumntum
1279 2873 1393 2907 bonum,
1410 2871 1474 2908 quia
1491 2873 1513 2901 si
1527 2881 1581 2909 qua
1599 2877 1640 2901 cst
1655 2872 1718 2900 bca~
