1868 3069
161 139 232 170 1343

707 137 905 167 BARLAAMI
928 136 976 166 DE
998 136 1215 168 SEMINABIA

1717 137 1778 169 1311

160 197 257 228 11111110,
267 195 420 223 euidesunt
429 195 520 229 aliqua
529 194 662 226 hominis,
675 194 702 221 in
714 199 847 229 quantum
864 196 946 222 homo

1013 203 1115 221 urinam
1132 194 1308 221 beatitudinis
1324 194 1473 228 pertinent.
1488 193 1642 221 Sicutennn
1658 192 1685 220 itt
1697 201 1778 220 omni-

157 247 209 273 cst.
230 242 408 270 manifestum
425 247 477 273 est,
495 242 568 276 quod
593 241 647 268 illis
670 241 771 268 additis
793 242 946 275 augebitnr.

159 290 211 318 Sed
238 290 311 324 quod
326 291 421 322 augeri
440 294 538 324 potest,
560 297 698 316 summttm
716 297 769 315 non
786 295 845 321 est;
860 289 948 315 beati-

160 337 281 363 tudinem
299 343 373 366 vero,
391 344 473 370 quam
491 337 652 370 quaerimus,
670 343 809 363 summum
826 335 948 362 hominis

158 383 259 409 bonum
282 390 345 409 esse
363 383 502 409 volumus.

194 428 278 462 Igitur
294 436 326 454 ex
341 428 472 455 omnibus
490 428 572 455 dictis
587 427 666 454 bonis
680 426 829 459 constabit,
840 434 872 453 ac
884 434 948 453 vero

158 482 190 500 ex
204 475 281 501 SoIIs.
301 474 370 507 Quia
387 475 408 502 si
427 483 479 508 qua
505 480 570 502 sunt
585 475 639 502 alia
657 475 726 501 bona
744 475 875 506 hominis,
895 482 947 501 non

159 525 250 546 tamen
270 527 299 546 ut
315 521 398 547 homo
418 525 470 553 est,
487 521 662 548 manifestum
679 526 731 550 081,
750 521 823 554 quod
840 521 884 547 illa
902 521 950 547 ad-

159 566 216 592 dita
234 566 271 592 illi
288 566 460 599 beatitudini,
476 574 536 600 qua:
553 571 662 593 constat
673 573 705 593 ex
724 565 803 593 bonis
818 566 948 597 hominis,

160 617 189 638 ut
210 612 291 638 homo
304 617 361 644 est,
389 620 443 638 non
460 612 600 646 augebunt
615 619 687 643 eam,
703 617 733 638 ut
751 616 894 646 propterea
913 611 949 637 sit

161 657 249 692 magis
261 658 401 685 beatitudo
416 658 548 690 hominis,
566 664 596 685 ut
608 659 691 685 homo
706 662 766 685 est:
780 657 843 692 quia
857 658 883 684 in
900 657 949 683 tali

158 703 240 729 etiam
253 704 454 736 compositione
472 708 528 731 tota
546 711 579 730 ex
589 704 733 738 utriusque
751 704 951 739 generisbmis

158 750 313 783 complexio
333 757 389 776 non
416 750 566 781 diceretur,
597 757 646 776 nec
666 750 878 783 intelligeretur,
900 758 952 778 nec

158 801 232 823 esset
246 795 386 823 beatitudo
399 795 530 828 hominis,
546 800 575 823 ut
593 796 675 822 homo
691 801 743 826 est,
758 796 808 822 nisi
826 804 858 822 ex
873 801 951 830 parte

159 837 268 868 illorum
297 843 433 869 bonorum
448 842 580 873 hominis.
592 850 652 877 quae
668 846 761 870 essent
775 841 846 868 bona
860 842 951 869 homi-

159 888 213 919 nis,
233 888 258 914 in
275 892 407 922 quantum
426 889 508 915 homo
525 893 576 919 est,

213 944 277 972 CAP.
295 944 339 972 111.
361 944 429 972 Vera
452 945 585 972 beatitudo
609 946 701 980 augeri
725 954 777 973 non
800 951 895 981 potest.

197 1000 267 1028 Vera
286 1009 350 1035 ergo
366 1002 507 1029 beatitudo
534 1002 633 1029 additis
652 1003 705 1030 illis
722 1005 815 1038 augeri
832 1012 886 1031 non
903 1012 951 1039 po-

159 1052 223 1074 test.
235 1048 268 1075 Et
283 1049 390 1075 merito.
405 1048 484 1075 Nulla
499 1049 572 1076 enim
587 1050 743 1084 aggregatio
755 1051 847 1085 augeri
862 1055 950 1084 potest

160 1094 301 1121 additione
319 1094 435 1121 aliarum
454 1103 544 1121 rcrutn
571 1103 669 1129 genere
685 1096 869 1124 diversarum.
895 1096 951 1124 Nec

160 1141 233 1167 enim
253 1141 330 1168 linea:
348 1141 447 1167 additis
464 1141 573 1175 punctis
586 1162 593 1174 ,
613 1149 664 1168 nec
677 1142 835 1176 superficies
850 1142 949 1169 additis

161 1186 240 1214 lineis
253 1206 261 1219 ,
281 1195 329 1214 nec
343 1187 428 1214 solida
445 1187 545 1214 additis
556 1188 763 1222 superﬁciebns,
781 1193 844 1216 ‘nec
860 1189 950 1216 diver-

165 1240 259 1260 sorum
277 1232 452 1259 humidorum
470 1233 626 1261 commistio
642 1234 740 1261 additis
757 1234 894 1262 coloribus
907 1235 950 1262 vel

161 1279 307 1313 saporibus
326 1283 471 1313 augentur.

162 1333 225 1360 (Lm.
244 1332 288 1360 IV.
305 1333 592 1374 Bcatitudo'hqmim‘s,
610 1339 638 1361 ut
654 1335 730 1362 homo
742 1340 791 1369 est,
808 1344 840 1363 ex
854 1337 948 1371 quibus

407 1374 574 1402 potissmium
591 1375 703 1398 constet.

198 1423 267 1458 Ergo
285 1424 306 1451 si
329 1425 399 1451 bona
417 1425 547 1456 hominis,
567 1430 596 1453 ut
620 1426 703 1452 homo
728 1431 780 1458 est,
796 1435 893 1462 genere
908 1428 951 1455 di-

162 1477 243 1497 versa
262 1475 326 1496 sunt
339 1473 372 1497 ab
389 1470 442 1498 illis
458 1479 519 1505 quae
531 1479 584 1499 non
604 1477 668 1499 sunt
684 1472 813 1505 hominis,
827 1477 855 1500 ut
870 1474 952 1501 homo

162 1522 214 1546 est,
233 1516 409 1543 manifestum
430 1523 471 1543 est
490 1519 562 1552 qttod
590 1519 739 1551 beatitudo,
764 1528 824 1553 quae
843 1524 951 1547 constat

163 1570 195 1588 ex
210 1562 289 1589 bonis
306 1562 438 1593 hominis,
456 1568 485 1589 ut
501 1564 583 1590 homo
598 1569 649 1596 est,
670 1573 723 1591 non
740 1566 884 1598 augebitur
903 1566 950 1593 ad-

161 1608 281 1642 jectiono
300 1607 409 1635 illorum
427 1609 574 1641 bonorum,
591 1617 652 1643 qua:
668 1618 723 1636 tton
737 1617 801 1637 sunt
819 1612 951 1644 hominis,

165 1655 191 1680 111
211 1658 342 1687 quantum
371 1655 454 1681 homo
472 1661 524 1682 est.
544 1654 638 1690 Itaque
658 1657 776 1691 perfecta
795 1662 821 1684 et
845 1665 951 1685 summa

164 1699 285 1726 hominis
303 1700 440 1726 beatitudo
464 1708 495 1727 ex
514 1701 568 1728 11118
595 1702 662 1729 80118
679 1702 827 1735 constabit,
845 1708 874 1729 111
896 1703 953 1738 jam

167 1745 305 1779 possimus
333 1745 447 1772 1010111111
477 1747 558 1781 hnjtts
587 1747 763 1774 beatitudinis
791 1748 953 1776 brevissime

165 1792 528 1825 0010111011001101111-8,11110111
543 1793 604 1827 ejus
621 1795 809 1822 deﬁnitionem
832 1796 864 1822 ad
879 1803 955 1831 qua:-

166 1836 248 1864 renda
268 1841 295 1864 et
310 1837 523 1865 demonstranda
540 1846 707 1873 supponere.

165 1894 228 1921 CAP.
244 1893 277 1921 Υ.
294 1892 362 1925 Quid
390 1899 428 1921 est
454 1895 588 1936 bentur/(to
611 1896 725 1936 Itomt'm's
751 1904 824 1930 vera,
850 1901 876 1924 et
891 1897 954 1932 quid

466 1939 523 1965 ejus
538 1939 657 1957 nttserm.

201 1987 298 2016 Veram
324 1987 520 2015 beatitudinem
547 1987 666 2015 hominis
694 1996 755 2016 esse
784 1989 952 2016 cumulatam

167 2035 381 2070 complexionem
394 2034 517 2060 omnium
531 2034 665 2061 bonorum
684 2034 813 2066 hominis,
828 2039 857 2062 ut
871 2036 953 2063 homo

167 2087 225 2114 est;
241 2089 272 2108 ac
287 2089 336 2114 per
350 2088 532 2115 consequens,
549 2088 684 2107 summam
711 2081 848 2108 miseriam
867 2082 956 2110 homi-

168 2129 209 2155 nis
230 2136 290 2155 csse
322 2128 488 2155 cumulatam
522 2127 737 2162 complexionem
757 2128 880 2154 omnium
898 2136 957 2156 ma-

167 2174 255 2201 lorum
273 2174 404 2204 hominis,
422 2178 452 2200 ut
469 2174 548 2200 homo
564 2178 622 2200 est:
640 2179 669 2200 ut
689 2174 732 2201 cui
750 2174 801 2201 hoc
818 2174 888 2201 inest
903 2174 956 2201 tui-

168 2222 298 2248 serrimus
317 2222 398 2248 homo
406 2222 524 2248 dicatur.
540 2221 587 2248 Est
599 2225 688 2248 autem
703 2221 843 2248 beatitudo
860 2228 907 2256 per
923 2227 954 2248 se
970 2225 993 2252 1)

169 2268 329 2303 expetenda,
345 2271 372 2294 et
387 2267 496 2294 miseria
513 2266 651 2300 fugienda.

401 2323 466 2350 Car.
479 2322 522 2350 VI.
543 2321 633 2349 Virtus
651 2323 723 2358 quid.

204 2381 381 2415 Snpponatur
397 2381 478 2407 etiam
493 2383 520 2407 et
538 2381 647 2407 virtutis
663 2380 797 2414 deﬁnitio,
816 2389 876 2414 quae
895 2381 956 2408 talis

170 2427 323 2455 secundum
339 2434 432 2453 omnes
450 2425 676 2460 pltilosotihantes
692 2429 745 2452 est.
916 2427 920 2430 “

208 2473 340 2499 Virtutem
352 2479 412 2499 esse
427 2471 558 2505 optimam
577 2469 746 2497 11110011000111
761 2471 845 2498 animi
856 2479 888 2498 ex
903 2480 957 2506 qua

172 2520 387 2553 proﬁciscuntur
405 2517 483 2545 bonae
503 2521 529 2542 et
544 2516 695 2544 laudabiles
714 2517 878 2549 voluntates,
893 2525 957 2544 sen-

173 2567 273 2597 tentias,
290 2565 410 2593 actiones
422 2573 428 2590 :
440 2571 557 2598 quarunt
571 2563 698 2597 quotlibet
712 2573 761 2591 suo
779 2565 838 2592 loco
855 2565 958 2598 optima

173 2618 215 2640 est
231 2622 238 2646 ;
252 2619 312 2648 qua‘
322 2616 417 2642 01008,
433 2610 460 2637 10
475 2609 576 2644 quibus
594 2614 646 2641 est,
663 2610 749 2637 bonos
762 2615 788 2637 01
808 2610 959 2638 laudabiles

173 2659 262 2687 0111011.

174 2727 238 2754 Car.
255 2725 309 2753 VII.
328 2725 350 2751 A
366 2723 526 2752 beatitudine
542 2724 656 2751 hominis
673 2745 680 2754 .
695 2731 721 2750 ut
742 2726 819 2752 homo
837 2728 887 2756 est,
905 2732 961 2751 om-

403 2769 447 2788 nes
465 2768 532 2788 artes
547 2759 733 2788 excluduntur.

212 2818 259 2846 llis
279 2817 436 2852 prtemissis,
455 2824 537 2854 patet,
564 2817 638 2853 quod
659 2825 755 2845 omnes
776 2821 802 2843 et
829 2816 962 2850 universae

178 2865 306 2899 opiﬁcum
328 2869 399 2894 artes
416 2866 597 2895 esciuduntur
615 2864 648 2891 ab
667 2863 720 2892 illis
738 2863 828 2897 bonis,
855 2871 914 2897 qua:
929 2864 961 2891 ad

1002 241 1053 268 bus
1069 241 1130 268 aliis
1151 241 1196 268 illa
1218 241 1287 267 bona
1306 240 1487 275 intelligimus
1515 239 1778 274 uniuscujuscunque

1002 287 1053 319 rei,
1073 294 1102 314 ut
1120 287 1164 314 illa
1186 295 1229 314 res
1245 291 1297 318 081,
1314 295 1374 321 qua:
1394 287 1482 322 ipsam
1501 294 1558 313 rem
1576 286 1673 312 bonam
1690 290 1715 312 01
1731 286 1778 312 Iau-

1001 333 1119 360 dabilem
1134 333 1250 364 iaciunt,
1266 338 1315 360 eta
1332 333 1430 367 quibus
1442 333 1499 366 ipsa
1520 340 1564 359 res
1577 332 1639 366 jure
1654 332 1777 364 laudatur,

1000 383 1028 406 et
1044 379 1113 405 bona
1127 379 1279 413 appellatur
1294 387 1301 409 ς
1323 380 1360 406 ita
1379 385 1406 406 et
1424 378 1542 405 hominis
1555 379 1638 409 bona,
1661 384 1690 404 ut
1706 379 1776 405 homo

1001 430 1053 456 est,
1070 425 1116 452 illa
1133 430 1239 452 tantum
1258 425 1445 459 intelligimus,
1462 433 1522 459 qua:
1539 426 1629 459 ipsum
1648 425 1775 451 hominem

1001 470 1103 496 bonum
1124 475 1151 496 et
1169 471 1331 497 laudabilem
1347 471 1461 503 faciunt,
1476 475 1502 498 et
1518 478 1532 498 a
1547 471 1648 505 quibus
1659 471 1718 505 jure
1729 471 1777 497 Iau-

1002 516 1094 548 datur,
1112 522 1139 543 et
1156 516 1245 543 bonus
1258 517 1419 551 appellatur.

1001 584 1067 612 CAP.
1082 584 1240 618 VII|.;Vera
1260 585 1395 611 beatitudo
1411 584 1534 617 hominis,
1551 590 1580 611 ut
1601 586 1678 612 homo
1695 591 1740 618 est,
1754 586 1776 612 in

1213 621 1306 654 quibus
1323 621 1490 653 potissimum
1513 620 1577 646 sita.

1039 677 1091 704 Sed
1106 677 1247 704 beatitudo
1269 677 1388 703 hominis
1405 678 1455 704 sita
1469 677 1551 704 estin
1565 677 1620 704 illis
1638 677 1714 704 bonis
1730 682 1778 703 lan-

1003 728 1071 755 111111,
1089 732 1149 757 qua:
1167 729 1229 750 sunt
1244 724 1373 755 hominis,
1386 729 1415 750 ut
1429 724 1511 751 homo
1523 729 1564 751 est
1579 733 1586 750 :
1600 724 1658 751 sola
1670 732 1729 757 ergo
1739 725 1776 750 illa

1004 771 1155 797 Iormaliter
1169 771 1314 805 perﬁciunt
1332 771 1440 798 beatam
1461 771 1558 802 vitam,
1577 779 1639 805 qute
1655 771 1776 797 Immineat

1004 825 1067 844 vere
1084 818 1184 843 bonum
1201 823 1227 844 ct
1242 818 1404 844 laudabilem
1421 817 1525 844 fat-inut
1537 838 1544 848 ,
1561 821 1587 843 et
1603 823 1711 851 propter
1728 825 1778 850 qua:

966 866 987 893 Β
1000 867 1063 898 jure
1073 864 1209 895 laudatur,
1223 869 1249 890 et
1258 857 1346 890 bonus
1359 864 1521 898 appellatur.
1534 862 1586 890 Sed
1599 871 1630 891 ex
1649 863 1718 890 nulla
1730 863 1779 897 opi-

1006 910 1088 937 ﬁcum
1120 916 1179 937 arte
1197 911 1254 937 11100
1278 911 1360 938 homo
1385 917 1515 937 meretur.
1542 910 1779 944 Quantumcunque

1005 957 1076 984 001111
1093 962 1134 984 081
1149 957 1231 984 homo
1243 957 1318 984 faber
1326 958 1480 989 bonus,aut
1490 956 1584 987 cerdo.
1597 962 1647 983 aut
1657 957 1777 990 scriptor,

1006 1011 1060 1030 non
1077 1008 1167 1030 tamen
1189 1003 1298 1030 ratione
1318 1003 1399 1038 hujus
1423 1003 1491 1030 artis
1506 1003 1596 1030 bonus
1620 1003 1778 1037 appellatur;

1004 1050 1079 1075 Velut
1104 1049 1212 1083 sapiens
1228 1048 1320 1080 homo,
1338 1053 1385 1075 aut
1402 1049 1532 1084 prudens,
1560 1053 1609 1075 aut
1639 1049 1780 1082 intelligens

1005 1094 1168 1128 simpliciter
1189 1094 1327 1121 laudatur.
1343 1094 1414 1129 Ergo
1432 1095 1464 1121 ad
1484 1094 1600 1121 1010111111
1616 1094 1780 1122 beatitudinis

1005 1140 1132 1174 opiﬁcum
1149 1145 1221 1166 artes
1237 1140 1348 1167 minime
1360 1145 1423 1167 sunt
1437 1140 1579 1167 vocand-re.

1005 1196 1069 1224 CAP.
1087 1196 1132 1223 IX.
1147 1196 1267 1224 Scientia
1282 1197 1308 1222 in
1324 1197 1398 1223 bonis
1411 1196 1526 1222 hominis
1541 1196 1654 1222 minime
1669 1196 1779 1222 locanda.

1042 1254 1230 1289 Similiterque
1245 1255 1434 1288 scientiarum,
1451 1262 1569 1288 quarum
1587 1254 1653 1280 ﬁnis
1679 1258 1718 1280 est
1736 1261 1779 1279 non

1002 1301 1175 1329 extrinsecus
1191 1301 1321 1334 eﬁ'ecttts,
1338 1302 1384 1329 sed
1400 1301 1549 1328 intrinseca
1565 1301 1637 1328 visio
1653 1301 1779 1330 veritatis;

1006 1348 1070 1375 licet
1081 1348 1107 1375 in
1119 1348 1197 1375 bonis
1206 1348 1293 1381 ipsius
1300 1348 1412 1380 mentis,
1421 1352 1450 1374 ut
1462 1355 1539 1374 mens
1548 1352 1600 1379 est,
1609 1348 1701 1374 omnis
1709 1347 1782 1374 scien-

1005 1393 1042 1422 tia
1056 1398 1229 1428 compntetur
1243 1403 1250 1421 :
1266 1399 1356 1421 tamen
1366 1401 1535 1428 quaecunque
1547 1394 1617 1420 tales
1631 1399 1706 1425 sunt,
1717 1398 1741 1419 ut
1752 1393 1779 1418 1111

1007 1441 1047 1468 018
1068 1448 1122 1468 non
1150 1441 1238 1475 possit
1255 1441 1338 1467 homo
1352 1441 1514 1475 simpliciter
1531 1440 1620 1468 bonus
1653 1440 1779 1475 appellari,

1008 1487 1050 1514 vel
1075 1492 1105 1514 ut
1129 1487 1210 1514 homo
1228 1487 1337 1521 sapiens
1358 1492 1386 1513 et
1404 1486 1569 1520 intelligens,
1596 1491 1646 1512 aut
1674 1486 1780 1520 prudens

964 1535 985 1564 (ζ
1001 1533 1062 1569 jure
1074 1532 1180 1560 laudari
1196 1543 1202 1560 :
1218 1540 1271 1560 11011
1285 1537 1350 1560 sunt
1368 1532 1394 1558 in
1412 1532 1466 1559 illis
1483 1532 1562 1559 bonis
1583 1532 1781 1566 iubendaque

1004 1579 1201 1606 beatitudinem
1217 1579 1302 1612 ipsius
1316 1579 1447 1611 hominis,
1462 1579 1634 1613 inquantum
1651 1579 1728 1605 homo
1738 1582 1780 1607 est.

1004 1626 1187 1652 consdtuunt.
1204 1624 1349 1652 Hominem
1362 1625 1435 1652 enim
1452 1632 1505 1651 non
1517 1624 1604 1659 ipsam
1618 1629 1733 1651 mentem
1743 1627 1780 1650 aut

1005 1672 1138 1698 rationem
1152 1671 1334 1706 appellamus,
1350 1671 1397 1698 sed
1409 1671 1512 1697 animal
1528 1671 1645 1697 rationis
1655 1676 1683 1697 ct
1697 1670 1780 1696 mentis

1005 1718 1150 1753 particeps,
1162 1718 1240 1751 cujus
1258 1725 1331 1745 nunc
1353 1717 1548 1745 beatitudinem
1564 1719 1723 1752 quae-rimus,
1735 1724 1780 1743 rem

1004 1765 1142 1797 videlicet,
1159 1772 1212 1799 qua
1238 1766 1352 1800 optime,
1376 1764 1440 1791 dum
1461 1765 1572 1797 vivitur,
1591 1765 1648 1791 vita
1663 1764 1719 1797 ejus
1739 1763 1780 1789 du-

1006 1817 1095 1839 catur.

1005 1880 1071 1907 Car.
1087 1879 1191 1912 X.Qu(e
1206 1879 1354 1905 hominibus
1365 1883 1389 1905 et
1409 1878 1498 1905 besliis
1515 1877 1680 1910 communia,
1696 1885 1742 1903 non
1761 1877 1782 1903 in

1113 1916 1186 1941 bonis
1198 1915 1321 1946 hominis,
1335 1920 1362 1940 ut
1372 1915 1449 1940 homo
1458 1918 1507 1944 est,
1522 1913 1692 1940 collocanda.

1042 1972 1077 1998 At
1090 1980 1154 1999 vero
1171 1991 1180 2004 ,
1197 1979 1247 1999 nec
1260 1978 1431 2006 quaecunque
1447 1975 1522 2002 sunt,
1535 1975 1582 1997 aut
1594 1978 1657 1996 esse
1673 1973 1780 2005 possunt.

1006 2018 1161 2045 communia
1172 2018 1291 2045 hominis
1305 2023 1332 2044 et
1340 2017 1488 2044 bestiarum
1502 2037 1509 2049 ,
1526 2018 1553 2043 In
1571 2017 1628 2043 illis
1645 2016 1722 2043 bonis
1731 2019 1782 2041 sunt

1007 2065 1143 2097 habenda,
1159 2072 1191 2091 ex
1212 2064 1315 2098 quibus
1328 2063 1446 2090 hotninis
1461 2062 1604 2089 beatitudo
1619 2061 1781 2089 constat.llla

1006 2111 1079 2137 enim
1098 2110 1200 2142 omnia,
1214 2115 1242 2136 ut
1258 2109 1454 2144 prazdeﬁnitutn
1471 2114 1523 2140 est,
1535 2112 1600 2135 sunt
1618 2108 1690 2135 bona
1707 2107 1783 2134 hon.i-

1008 2157 1063 2188 nis,
1077 2161 1107 2183 ut
1127 2156 1209 2182 homo
1230 2160 1283 2183 est.
1302 2155 1355 2182 Sed
1372 2155 1415 2182 illa
1432 2163 1492 2189 quae
1508 2159 1583 2186 sunt,
1599 2160 1647 2180 aut
1661 2162 1719 2182 esse
1734 2161 1783 2186 pos-

1007 2207 1071 2229 sunt
1084 2202 1239 2229 communia
1255 2201 1376 2228 hominis
1403 2205 1430 2227 et
1445 2201 1596 2227 bestiarum
1611 2220 1620 2233 ,
1637 2206 1662 2227 et
1676 2208 1721 2235 per
1730 2207 1782 2225 con-

1005 2255 1125 2282 sequens
1141 2255 1203 2282 qua:
1237 2247 1325 2282 gratia
1342 2247 1456 2274 istorum
1478 2248 1669 2280 requiruntur,
1693 2245 1772 2272 tut-ﬂe

1007 2293 1090 2326 cliva,
1107 2297 1153 2319 aut
1169 2292 1404 2324 conscrvativa,ct
1422 2292 1445 2318 si
1461 2299 1521 2325 qme
1535 2291 1697 2317 eornmdem
1715 2290 1782 2315 111111

1007 2343 1047 2366 108
1063 2347 1124 2367 esse
1136 2339 1275 2372 dicuntur,
1291 2346 1344 2365 non
1358 2342 1422 2365 sunt
1433 2338 1503 2364 bona
1519 2337 1654 2368 hominis,
1672 2342 1700 2363 111
1717 2337 1783 2362 11011ιο

1007 2389 1060 2416 081,
1076 2390 1102 2412 01
1115 2385 1175 2412 ideo
1190 2392 1238 2411 nec
1255 2386 1280 2411 in
1294 2385 1348 2412 illis
1365 2386 1443 2412 bonis
1457 2389 1521 2412 sunt
1537 2384 1674 2416 habenda,
1689 2390 1742 2417 quzu
1756 2381 1782 2407 ad

1008 2430 1206 2459 beatitudinem
1221 2432 1370 2466 pertinent.

1009 2497 1073 2525 Car.
1098 2496 1143 2524 XI.
1166 2497 1312 2525 Miseri-imi
1338 2498 1468 2531 rte/initio,
1484 2501 1530 2524 aut
1557 2497 1603 2532 qui
1635 2504 1694 2524 rere
1719 2495 1785 2521 mirer

1348 2534 1461 2560 dicatur.

1045 2589 1124 2620 Item,
1151 2589 1214 2623 quia
1237 2588 1409 2616 miserrimus
1433 2588 1515 2615 homo
1544 2595 1595 2614 nec
1614 2587 1657 2614 ille
1683 2586 1784 2618 est.qui

1011 2643 1147 2669 nusquam
1165 2639 1226 2667 est,
1242 2643 1291 2662 nec
1307 2635 1361 2668 ille,
1379 2635 1425 2669 qui
1442 2626 1532 2661 .homo
1549 2642 1603 2661 non
1621 2635 1690 2667 esti:
1712 2637 1785 2665 equus

1011 2682 1085 2709 enim
1103 2689 1156 2708 non
1177 2681 1279 2708 dicitur
1301 2683 1382 2708 homo
1403 2681 1577 2708 miserrimus
1594 2689 1602 2707 :
1621 2679 1783 2707 manifestum

1013 2733 1065 2759 est,
1084 2728 1155 2761 quod
1177 2732 1242 2754 sunt
1260 2728 1350 2762 aliqua
1376 2727 1534 2753 communia
1551 2726 1670 2753 hominis
1685 2723 1752 2752 beati
1764 2727 1786 2748 et

1015 2773 1174 2801 miserrimi.
1188 2773 1255 2801 Cum
1273 2781 1338 2799 Vero
1363 2772 1535 2799 tniserrimus
1550 2771 1666 2802 dicatur,
1686 2768 1729 2803 qui
1745 2769 1785 2793 ha-

1015 2817 1060 2843 bet
1076 2817 1167 2844 omnia
1184 2817 1254 2843 mala
1272 2816 1402 2849 hominis,
1415 2821 1445 2843 ut
1460 2816 1543 2843 homo
1563 2820 1616 2848 est,
1636 2815 1670 2841 ita
1689 2818 1716 2840 ut
1730 2811 1787 2839 nihil

1017 2863 1078 2890 boni
1098 2863 1230 2895 hominis,
1249 2867 1277 2889 ut
1294 2862 1375 2890 ho:no
1393 2867 1443 2895 est,
1463 2863 1486 2889 ei
1505 2861 1691 2896 relinquatur:
1707 2855 1784 2892 sequi-
