1868 3069
133 160 202 191 1345

671 158 807 188 ETlIICA
827 158 1038 189 SECUNDUM
1063 158 1144 189 STOI
1151 159 1229 190 COS.

1691 160 1758 192 1346

130 222 176 244 tur
192 217 260 244 nihil
285 225 378 245 eorum
396 226 456 252 qua:
472 223 546 250 sunt,
572 223 620 245 aut
636 226 696 245 esse
714 223 827 252 possunt
843 225 917 244 com-
931 220 955 248 Α
969 219 1089 245 externis
1102 238 1108 249 ,
1122 226 1182 252 qua:
1198 217 1318 245 secunda
1343 222 1370 246 et
1387 218 1469 245 tertia
1497 223 1642 251 vocantur,
1659 227 1756 254 magna

131 263 225 290 munia
243 263 314 290 beati
330 268 356 290 ct
371 263 528 296 miserrimi,
542 271 654 298 qua-quc
669 265 754 298 gratia
767 270 862 290 eorum
877 271 919 290 re-

131 308 291 342 quiruntur,
305 308 406 335 bonum
419 316 480 335 esse
493 308 624 340 hominis,
635 313 663 335 ut
677 309 757 334 homo
766 313 817 334 est.
830 307 920 340 Quare

133 362 182 381 nec
202 354 228 380 in
251 354 304 381 illis
325 354 479 389 hujusmodi
505 360 567 381 sunt
582 355 718 386 habenda,
736 362 796 389 quae
824 354 919 381 deﬁni-

131 402 206 427 tione
229 401 407 427 beatitudinis
426 401 707 435 comprehenduntur.

131 458 199 485 Car.
217 457 275 486 XII.
299 458 363 490 Qua:
386 457 412 483 in
427 456 502 484 bonis
524 457 635 484 hominis
650 457 710 492 iure
725 456 846 484 habenda
862 465 920 484 cen—

466 497 588 521 seantur.

167 549 245 581 Item,
260 550 282 577 si
292 549 337 577 illa
350 550 418 577 bona
430 555 533 577 tantum
550 549 650 576 faciant
664 556 712 584 per
729 557 759 575 se
776 548 914 576 hominem

131 594 255 627 beatum,
267 603 326 629 qua:
338 595 427 630 ipsum
444 595 593 626 hominem,
610 597 640 621 ut
651 599 790 620 ostensum
803 597 855 624 est,
873 593 919 620 bo-

131 648 197 667 num
216 641 379 675 simpliciter
395 646 423 668 et
438 640 601 667 laudabilem
624 639 740 670 iaciunt,
760 642 786 665 et
806 642 917 672 propter

130 694 191 721 quae
213 687 273 720 jure
296 687 434 719 laudatur,
450 691 476 713 et
508 687 590 713 homo
621 687 710 712 bonus
734 685 914 719 appellatur;

129 733 222 758 omnia
238 740 302 758 vero
327 732 483 766 hujusmodi
501 737 564 759 sunt
584 731 750 761 voluntaria,
767 735 792 756 et
819 730 845 756 in
867 737 916 764 po-

129 782 230 804 testate
248 778 368 804 hominis
381 777 513 812 jacentis,
528 782 554 804 et
567 777 655 803 amitti
669 776 764 802 invitis
776 781 917 808 nequeun-

131 824 168 850 tia
182 832 189 849 :
204 823 308 849 nullum
321 830 385 857 ergo
399 823 505 857 fragile,
518 821 732 853 eteaducnm,et
743 824 915 848 extraneum.

130 869 158 895 in
182 874 274 895 nostra
290 872 424 903 potestate
447 877 500 895 non
515 868 662 899 exsistens,
680 870 706 893 et
718 866 855 901 exstingui
887 869 914 892 et

971 268 1012 291 est
1031 265 1157 298 qmestio.

1011 311 1126 342 Quidam
1142 309 1213 336 enim
1227 310 1264 336 nil
1277 314 1374 344 praeter
1388 311 1511 344 virtutes,
1521 310 1640 338 hominis
1654 312 1755 338 bonum

970 362 1041 387 esse,
1056 355 1084 381 in
1101 357 1233 389 quantum
1252 356 1335 382 homo
1350 362 1401 387 est,
1422 364 1476 383 non
1491 357 1626 389 dubitant,
1641 357 1687 383 sed
1701 357 1755 382 adi-

970 406 1075 428 mentes
1094 402 1229 435 praedicta:
1261 402 1424 433 deﬁnitioni,
1448 406 1611 436 postremam
1635 403 1753 429 additio-

970 454 1043 478 nem,
1059 453 1085 474 et
1111 447 1275 481 simpliciter
1302 451 1434 482 ponentes
1453 448 1660 479 beatitudinem,
1678 456 1755 475 com-

969 494 1123 527 plexionem
1140 501 1200 521 esse
1217 495 1351 520 bonorum
1370 494 1488 521 hominis
1501 513 1508 526 ,
1522 495 1645 521 nituntur
1660 503 1755 528 aggre-

968 547 1033 574 gare
1043 539 1076 566 ad
1091 540 1194 566 beatam
1211 540 1292 566 vitam
1310 540 1483 574 explendam,
1503 545 1531 567 et
1547 547 1675 574 corporea
1694 548 1754 568 om<

970 585 1025 616 nia,
1040 589 1066 611 et
1080 589 1205 615 externa,
1222 585 1299 620 quasi
1323 585 1382 612 sine
1399 585 1458 612 istis
1471 593 1640 620 nequaquam
1656 586 1700 612 illa
1715 587 1756 612 in-

970 634 1044 663 tegra
1067 631 1157 656 valeat
1179 638 1250 656 esse.
1266 630 1317 662 Qui
1337 631 1511 657 vehementer
1527 638 1620 658 errare
1640 631 1753 658 convin-

969 679 1078 708 crintur,
1093 682 1126 701 ex
1151 675 1193 702 his
1217 683 1277 709 qua:
1295 675 1478 702 communiter
1496 681 1522 702 et
1542 676 1704 703 naturaliter
1720 677 1754 703 de

967 721 1047 748 beata
1060 721 1116 748 vita
1143 723 1287 749 sentimus.
1312 721 1510 750 Beatitudinem
1530 723 1602 749 enim
1623 727 1751 757 tanquam

966 776 1105 796 summum
1124 769 1224 796 bonum
1240 777 1337 796 omnes
1352 769 1548 804 intelligimus;
1563 777 1616 804 quo
1633 769 1691 803 ipsa
1708 777 1752 797 res

969 822 1077 842 summe
1092 814 1162 842 bona
1175 823 1225 842 suo
1242 823 1340 849 genere
1351 815 1477 843 edicitur.
1493 815 1563 850 Ergo
1574 820 1600 843 et
1616 823 1751 842 summum

967 860 1087 887 hominis
1102 860 1202 888 bonum
1219 861 1423 896 intelligendum
1445 867 1497 894 est,
1513 861 1594 895 cujus
1606 862 1752 896 praesentia

129 915 218 942 amitti
242 920 338 949 potens
355 915 462 945 invitis,
479 914 632 941 habendum
655 913 734 941 estin
754 920 785 940 eo
805 919 897 948 generi

1002 914 1051 933 imo
1064 914 1171 933 summe
1186 907 1274 934 bonus
1289 907 1368 933 homo
1386 907 1516 934 efficitur.
1535 908 1605 935 Sola:
1618 915 1682 942 ergo
1697 908 1753 934 vir-

128 962 202 996 quod
214 962 269 989 vita
285 962 363 989 beata
377 961 579 996 complectitur.

127 1031 193 1059 CAP.
209 1031 277 1058 XIII.
297 1031 372 1057 Bona
394 1038 519 1065 corporea
540 1036 648 1057 externa
665 1030 701 1056 ad
721 1029 913 1056 beatitudinem

234 1067 356 1098 hominis,
370 1071 396 1092 ut
412 1067 489 1092 Itonia
506 1071 554 1098 est,
567 1074 617 1092 non
633 1066 773 1100 pertinent.

165 1121 243 1149 Patet
258 1122 340 1157 igitur
357 1129 388 1149 ex
410 1121 565 1153 conclusis,
585 1122 658 1156 quod
683 1129 731 1148 nec
752 1121 913 1158 indolentia,

130 1176 181 1196 nec
195 1176 327 1202 corporea
341 1169 478 1203 voluptas,
495 1175 545 1195 nec
557 1169 671 1194 omnino
690 1167 793 1202 aliquid
817 1175 912 1195 eorum

128 1225 191 1251 qua:
205 1217 333 1244 dicuntur
357 1223 487 1250 corporea
503 1216 572 1242 bona
587 1220 613 1242 et
626 1220 736 1242 externa
753 1236 759 1247 ,
775 1214 809 1242 ad
824 1214 912 1242 beati-

129 1262 263 1294 tudinem,
282 1269 362 1296 quam
379 1262 540 1296 quaerimus,
555 1261 682 1296 pertinet.
697 1259 814 1292 illorum
838 1260 911 1288 enitn

128 1310 182 1336 alia
210 1314 274 1336 sunt
295 1308 451 1335 communia
470 1307 588 1334 hominis
611 1311 638 1334 et
654 1307 828 1336 bestiarum:
848 1307 910 1339 alia,

126 1354 198 1381 beati
217 1354 335 1380 hominis
357 1357 383 1380 et
400 1352 566 1382 miserrimi;
583 1355 610 1379 et
625 1351 716 1378 omnia
730 1352 912 1378 connnuniter

125 1406 191 1427 sunt
213 1405 290 1427 extra
313 1404 434 1426 nostram
459 1403 632 1432 potestatem,
647 1403 672 1424 et
685 1397 803 1432 fragilia,
825 1402 852 1424 et
867 1405 912 1424 ea;

126 1445 208 1478 dnca,
229 1451 256 1472 et
273 1445 408 1478 exstingui
424 1444 547 1471 etamitti
560 1443 652 1480 iqvitis
677 1447 910 1477 possunt;etnec

125 1493 217 1520 omnia
236 1491 329 1522 simul,
346 1498 394 1518 nec
410 1490 501 1523 aliqua
518 1489 627 1516 illorum
642 1497 690 1515 sua
704 1489 849 1523 praesentia
860 1488 910 1515 lio-

126 1539 228 1565 minem
239 1537 341 1564 bonutn
356 1536 469 1567 faciunt,
485 1535 527 1562 vel
542 1535 576 1562 ab
590 1535 630 1562 eis
641 1535 724 1562 homo
736 1535 798 1568 jure
813 1534 908 1561 lauda-

127 1587 212 1614 tur.et
227 1583 315 1610 bonus
332 1582 496 1616 appellatur.
517 1581 586 1615 Ergo
601 1588 664 1608 cum
679 1580 836 1615 hujusmodi
849 1588 907 1607 om-
923 1572 944 1600 (ἶ

126 1630 172 1656 nia
187 1630 298 1657 exclusa
315 1633 407 1656 essent
420 1635 435 1655 a
450 1627 618 1655 beatitudine
633 1646 640 1660 ,
657 1632 685 1654 et
700 1627 761 1662 ipsa
776 1633 909 1662 corporea

125 1681 153 1703 et
164 1681 276 1703 externa
291 1675 448 1703 necessario
465 1673 660 1702 excluduntur.

162 1742 226 1770 CAP.
241 1741 312 1770 XIV.
323 1742 389 1776 Quae
403 1742 489 1777 forma
506 1741 676 1769 beatitudinis
691 1740 873 1768 includantur.

161 1800 254 1835 Itaque
262 1800 478 1835 circumscriptis
488 1799 616 1827 omnibus
623 1799 694 1832 aliis,
707 1799 740 1826 de
748 1798 848 1834 quibus
860 1798 909 1825 du-

125 1838 208 1873 bitari
221 1846 317 1880 possit,
329 1854 363 1873 ne
375 1846 403 1872 in
416 1845 503 1873 forma
519 1845 695 1873 beatitudinis
710 1844 906 1876 includantur;

125 1891 227 1918 relictis
243 1898 307 1918 vero
321 1891 387 1918 solis
402 1890 487 1917 animi
500 1890 655 1922 virtutibus,
667 1895 798 1917 eteorum
812 1889 906 1916 lauda-

125 1937 226 1964 bilihus
241 1937 408 1970 actionibus,
432 1944 494 1972 quae
512 1937 638 1964 videlicet
664 1944 714 1964 nec
731 1935 861 1967 hominis,
879 1940 907 1962 et

123 1983 288 2015 belluarum,
306 1991 355 2010 nec
369 1983 440 2011 beati
457 1988 484 2010 et
500 1984 649 2011 miserrimi
667 1990 827 2011 communes
846 1989 907 2009 esse

124 2033 250 2064 possunt,
267 2035 294 2057 et
309 2029 396 2056 amitti
413 2030 503 2056 invitis
517 2029 594 2056 nobis
613 2037 667 2056 non
683 2033 808 2063 possunt.
833 2035 907 2062 quae-

123 2083 176 2110 que
197 2083 260 2102 vero
276 2076 414 2103 hominem
440 2076 544 2102 bonum
560 2079 587 2102 et
608 2075 770 2102 laudabilem
790 2074 904 2106 faciunt,

122 2127 149 2149 et
160 2130 174 2148 a
190 2122 290 2157 quibus
307 2123 389 2148 homo
403 2121 464 2155 jure
478 2121 604 2148 laudatur
615 2141 623 2153 ,
640 2127 667 2148 et
680 2121 767 2148 bonus
782 2121 905 2156 appella—

123 2173 186 2195 tur:
204 2167 377 2195 maniiestnm
390 2172 441 2200 est,
455 2168 526 2202 quod
540 2167 566 2193 in
574 2167 630 2194 sola
642 2167 696 2193 vita
710 2167 829 2194 virtuosa
841 2168 905 2195 bea-

123 2214 210 2241 titudo
231 2214 353 2241 consistit
370 2222 376 2246 ;
395 2218 422 2240 et
437 2214 524 2240 virtus
538 2213 629 2247 seipsa
660 2218 702 2240 est
715 2218 854 2245 contenta,
870 2214 902 2240 ad

124 2260 193 2287 bene
211 2260 343 2294 beateque
363 2259 518 2288 vivendum.

160 2305 336 2339 Reliquorum
366 2313 429 2331 vero
458 2305 525 2332 nihil
541 2304 575 2332 ad
595 2313 687 2332 veram
708 2305 902 2332 beatitudinem

124 2352 240 2385 pertinet
255 2359 262 2384 ;
279 2351 324 2378 sed
342 2351 405 2378 dum
422 2351 503 2377 homo
521 2351 667 2378 virtutibus
680 2356 721 2378 est
737 2351 868 2383 imbutus,
879 2356 905 2379 et

123 2405 218 2424 (mnes
234 2404 299 2424 suas
315 2398 492 2431 cogitationes
516 2401 543 2423 et
559 2397 692 2427 actlones,
705 2402 731 2424 et
751 2397 832 2424 vitam
849 2398 904 2423 vir-

125 2444 227 2470 tutibus
244 2444 403 2478 regulariter
418 2447 445 2470 et
464 2443 629 2475 moderatur,
645 2448 672 2469 et
685 2443 777 2477 dirigit
791 2452 797 2469 :
817 2443 906 2470 omni-

124 2490 173 2516 bus
184 2489 245 2516 aliis
255 2489 335 2516 rebus
345 2489 520 2516 nascentibus
531 2493 558 2515 et
571 2488 741 2520 cadentibus,
754 2494 782 2515 et
794 2497 904 2523 quoquo

123 2537 203 2562 modo
218 2543 248 2563 se
269 2535 432 2562 habentibus
446 2555 454 2567 ,
480 2535 515 2561 nil
529 2535 657 2561 adimitur
673 2539 720 2561 aut
736 2535 844 2562 additur
867 2536 901 2567 ei,

123 2589 176 2615 quo
192 2581 278 2616 magis
301 2580 425 2608 minusve
436 2581 470 2608 sit
482 2581 585 2610 beatus.

121 2652 183 2678 Cir.
203 2651 258 2677 XV.
282 2650 404 2677 Secunda
427 2654 451 2675 et
476 2650 564 2679 tertia,
594 2657 651 2683 quia
679 2653 814 2679 rotantur,
843 2658 903 2676 num

158 2688 250 2720 [erutae
267 2686 416 2720 quwrenda.’
437 2685 609 2711 beatitudinis
622 2684 724 2710 includi
747 2684 867 2710 debeant.

158 2742 194 2769 De
208 2741 331 2768 scientiis
345 2741 454 2775 quidem
472 2744 498 2767 et
515 2740 630 2771 artibus,
645 2740 712 2766 nulli
730 2739 905 2775 philosopho-

123 2794 181 2812 rum
201 2786 336 2818 dubitant,
353 2790 445 2812 utrum
472 2786 656 2811 necessarium
675 2785 712 2811 sit
737 2789 783 2812 aut
811 2793 905 2812 omnes

121 2832 315 2864 scientias,aut
328 2831 433 2866 aliquas
446 2836 527 2862 artes,
539 2831 564 2857 in
579 2830 663 2857 forma
682 2831 904 2865 ψιωι-οιιιιίιξΙν-ει-

121 2878 246 2905 ιίιιιιιὶιιίς
262 2877 374 2906 includi.
394 2879 429 2905 De
437 2877 518 2905 dictis
534 2885 599 2905 vero
617 2878 758 2912 corporeis
772 2878 851 2904 bonis
879 2884 903 2904 et

967 955 1040 980 tutes
1058 952 1236 980 beatitudinis
1257 953 1381 980 obtinent
1396 954 1590 987 principatum.

1089 1009 1153 1036 CAP.
1170 1008 1239 1037 XVI.
1253 1008 1352 1036 Beatus
1363 1009 1448 1044 qualis
1458 1017 1511 1036 esse
1525 1009 1627 1037 debeat.

1001 1064 1068 1092 Item
1084 1065 1210 1092 volumus
1225 1065 1311 1097 illum,
1326 1072 1407 1099 quem
1421 1065 1537 1099 perfecte
1547 1066 1656 1093 beatum
1666 1066 1748 1094 intel-

965 1111 1085 1146 ligimus,
1102 1116 1189 1138 tutum
1210 1111 1538 1145 esse,inexpugnabilem,
1556 1116 1674 1146 septum,
1689 1121 1748 1139 mll-

965 1157 1063 1190 nitum,
1075 1157 1136 1185 'suis
1147 1157 1225 1184 bonis
1238 1157 1418 1183 inerrabiliter
1433 1157 1625 1188 conﬁdentem,
1642 1165 1748 1193 semper

965 1203 1064 1231 habere
1073 1203 1146 1237 quod
1159 1203 1255 1234 vult,et
1270 1210 1420 1236 nunquam,
1430 1203 1500 1237 quod
1518 1210 1571 1229 non
1587 1203 1642 1230 vult
1659 1212 1749 1230 :nnn-

964 1256 1046 1283 quam
1062 1248 1294 1280 dubitare,utrum
1313 1247 1389 1274 adest
1407 1247 1458 1274 sibi
1480 1247 1583 1282 integre
1597 1248 1745 1278 beatitudo.

963 1303 997 1321 an
1011 1302 1064 1321 non
1079 1302 1086 1326 ;
1104 1302 1243 1329 nunquam
1263 1294 1366 1324 limere.
1383 1301 1416 1320 ne
1431 1293 1532 1320 invitus
1543 1294 1649 1321 amittat
1663 1301 1722 1321 eam
1739 1302 1746 1326 ;

964 1340 1037 1372 iorti,
1056 1343 1082 1366 et
1105 1341 1228 1372 robusto,
1241 1344 1269 1366 et
1281 1340 1399 1370 excelso,
1418 1343 1444 1366 et
1459 1347 1556 1372 magno
1572 1340 1664 1366 animo
1674 1347 1746 1372 esse,

963 1393 1125 1420 semperque
1142 1386 1168 1412 in
1189 1386 1282 1412 animo
1309 1385 1544 1420 tranquillitatem.
1558 1390 1582 1412 cl
1613 1386 1746 1412 securita-

961 1435 1027 1462 tem,
1041 1436 1068 1458 et
1085 1431 1295 1465 placidissimam
1314 1438 1417 1465 pacem,
1436 1435 1463 1457 et
1486 1435 1656 1458 constantem
1681 1432 1746 1459 hila-

962 1478 1068 1504 ritatem
1088 1477 1200 1508 habere,
1213 1481 1239 1503 ct
1255 1475 1405 1503 terroribus
1420 1481 1447 1503 et
1463 1478 1611 1510 angoribus
1632 1481 1658 1504 et
1681 1484 1746 1504 moe-

961 1523 1034 1551 stitia
1055 1530 1170 1549 vacuum
1187 1529 1259 1549 esse.

1031 1578 1098 1606 Car.
1112 1578 1193 1606 XVII.
1211 1578 1281 1611 Quid
1298 1579 1325 1605 in
1340 1586 1367 1605 se
1382 1579 1512 1605 contineat
1531 1579 1674 1606 beatitudo.

996 1635 1059 1663 Haec
1086 1640 1175 1662 autem
1195 1635 1287 1662 omnia
1315 1635 1436 1662 continet
1453 1635 1588 1662 sententia
1610 1636 1742 1663 confcctm

963 1681 1159 1708 conclusionis.
1190 1681 1256 1708 Nam
1275 1681 1298 1708 si
1312 1681 1385 1714 quis,
1416 1689 1476 1708 cum
1494 1682 1528 1708 sit
1543 1682 1691 1714 virtnosus,
1708 1682 1743 1709 ita

961 1727 1119 1754 conclusam
1138 1727 1170 1753 de
1184 1726 1351 1754 beatitudine
1367 1727 1543 1758 sententiam,
1559 1727 1647 1754 vivam
1660 1733 1686 1754 et
1697 1727 1737 1754 ef-

959 1774 1069 1801 ﬁcacem
1085 1774 1176 1806 habet,
1192 1778 1218 1801 et
1230 1778 1315 1800 totum
1332 1775 1454 1800 animum
1477 1782 1525 1808 per
1539 1782 1635 1801 omnes
1649 1779 1742 1808 partes

959 1824 1158 1854 penetrantem,
1189 1823 1218 1845 ut
1238 1822 1265 1846 et
1288 1820 1378 1846 omnis
1396 1819 1532 1853 appetitus
1557 1818 1740 1846 sitconsonus

960 1866 1010 1897 illi,
1025 1871 1051 1892 et
1079 1865 1170 1900 aliqua
1191 1872 1347 1899 repugnans
1367 1864 1460 1899 opinio
1473 1873 1525 1891 non
1543 1865 1580 1891 sit
1596 1865 1687 1892 animo
1699 1865 1738 1891 Ia-

959 1917 1028 1944 tens,
1044 1919 1103 1946 qua:
1121 1910 1209 1945 possit
1229 1911 1377 1946 aliquando
1402 1911 1434 1937 ad
1447 1910 1614 1937 contrarium
1635 1911 1743 1946 appeti-

958 1963 1014 1986 tum
1027 1958 1148 1985 animum
1169 1957 1341 1984 distrahere:
1358 1956 1402 1984 IIIC
1419 1964 1480 1983 cum
1500 1956 1570 1983 nihil
1599 1956 1696 1983 habeat
1713 1957 1739 1984 in

958 2003 1037 2031 bonis
1050 2003 1102 2031 nisi
1128 2004 1267 2036 virtutem,
1296 2008 1323 2030 et
1338 2003 1408 2037 quod
1426 2010 1456 2029 ea
1474 2008 1570 2037 agatur
1585 2021 1592 2034 ,
1621 2003 1740 2037 reliqua-

957 2058 1017 2077 rum
1032 2058 1097 2076 vero
1118 2057 1220 2081 rerum,
1234 2049 1300 2076 nihil
1319 2049 1371 2076 sibi
1383 2050 1483 2076 bonum
1503 2049 1544 2076 vel
1564 2049 1665 2076 malum
1696 2057 1740 2076 re-

958 2100 1044 2131 putet,
1057 2096 1201 2130 videatque
1213 2095 1286 2130 quod
1300 2095 1390 2122 solum
1406 2095 1507 2121 bonum
1529 2095 1615 2123 novit.
1632 2102 1736 2130 semper

957 2143 1007 2170 sibi
1027 2148 1111 2169 totum
1136 2151 1266 2177 prtesens,
1293 2147 1320 2169 et
1333 2142 1421 2169 amitti
1448 2142 1533 2169 invito
1548 2150 1602 2169 non
1621 2143 1738 2177 patiens,

957 2197 1069 2217 necesse
1077 2189 1252 2216 eslutomnia
1265 2189 1309 2216 illa
1320 2189 1343 2216 ei
1356 2189 1522 2224 contingant,
1537 2196 1597 2223 qum
1610 2190 1738 2224 exposui-

920 2238 944 2268 υ
958 2242 1018 2260 mus
1033 2234 1214 2260 communiter
1225 2241 1286 2260 vere
1302 2233 1335 2260 dc
1351 2234 1430 2260 beato
1442 2234 1563 2267 intelligi.
1581 2233 1653 2261 Talis
1667 2235 1738 2261 enim

956 2285 1031 2306 ttttus
1047 2284 1098 2310 est,
1113 2278 1345 2312 inexpugnabilis,
1358 2279 1603 2306 inerrabilitcrillis
1614 2288 1672 2314 qum
1688 2288 1737 2307 sua

957 2326 1026 2352 bona
1039 2325 1100 2356 scit,
1130 2324 1290 2352 conﬁdens:
1313 2332 1423 2359 semper
1440 2325 1520 2352 habet
1542 2325 1614 2360 quod
1634 2326 1699 2358 vull,
1712 2331 1738 2352 et

956 2379 1108 2405 nunquam,
1131 2369 1204 2405 qttod
1219 2378 1272 2397 non
1297 2370 1365 2397 vult.
1389 2370 1473 2398 Vacat
1487 2371 1558 2397 enitn
1576 2371 1662 2402 vitiis,
1678 2380 1736 2406 qnze

956 2425 1009 2444 non
1026 2417 1081 2444 vult
1093 2417 1204 2448 habere,
1219 2421 1245 2443 et
1260 2415 1282 2442 si
1292 2421 1423 2449 terrores,
1441 2420 1468 2444 et
1488 2416 1636 2448 mmstitim,
1653 2422 1679 2443 et
1690 2425 1737 2442 an-

956 2471 1046 2498 gorcs,
1063 2468 1091 2490 et
1109 2463 1168 2490 ηΙίξε
1182 2463 1412 2500 perturbationes,
1433 2471 1494 2498 qua:
1506 2464 1669 2498 contingunt
1705 2473 1737 2490 o-

956 2512 1086 2543 minibus,
1102 2517 1210 2546 propter
1232 2519 1378 2545 corporcas
1393 2518 1420 2539 et
1445 2517 1572 2540 externas
1591 2521 1650 2540 res:
1674 2515 1736 2548 quia

956 2561 1050 2592 putant
1072 2564 1118 2584 eas
1137 2556 1221 2583 malas
1235 2557 1276 2583 vel
1297 2556 1384 2584 bonas
1400 2564 1470 2590 esse,
1497 2562 1524 2584 et
1552 2558 1690 2592 pertinere
1705 2560 1737 2585 ad

956 2611 1036 2631 suum
1052 2603 1153 2630 bonum
1176 2603 1218 2630 vel
1241 2603 1341 2629 malum
1358 2608 1478 2631 statum:
1496 2604 1668 2631 manifestum
1686 2611 1736 2637 est,

956 2650 1027 2685 quod
1048 2651 1069 2677 si
1085 2650 1146 2684 quis
1165 2649 1320 2684 hujusmodi
1331 2649 1485 2684 opinionem
1502 2655 1528 2676 et
1542 2650 1690 2684 appetitum
1704 2651 1738 2678 ab

957 2697 1053 2724 iisdem
1071 2697 1151 2723 rebus
1165 2697 1275 2731 penitus
1288 2697 1449 2727 removerit,
1461 2696 1526 2723 nihil
1538 2688 1649 2731 quoquo
1659 2697 1740 2724 modo

957 2742 1097 2774 acciderit,
1134 2748 1236 2769 terrere
1265 2745 1292 2769 et
1308 2742 1466 2776 perturbare
1486 2750 1547 2769 cum
1567 2742 1675 2775 valebit,
1692 2749 1739 2770 aut

957 2788 1028 2822 angi,
1047 2793 1073 2814 ct
1093 2796 1107 2814 ιι
1120 2787 1274 2815 constantia
1294 2788 1396 2820 egredi,
1420 2792 1446 2814 et
1463 2795 1578 2815 maerere
1597 2788 1686 2816 faciet.
1707 2789 1739 2816 Ει

957 2833 1017 2860 ilen
1046 2841 1155 2867 semper
1183 2834 1236 2860 erit
1260 2834 1422 2867 tranquillus
1467 2834 1574 2868 sibique
1605 2835 1737 2868 placatus.

958 2879 1100 2914 I’ropterea
1120 2879 1199 2906 fortis
1217 2880 1474 2915 magnanimusque,
1488 2887 1597 2914 semper
1609 2880 1737 2911 invictus,
