1868 3069
130 141 198 172 1347

128 205 143 224 ιι
153 195 227 223 nullo
238 195 322 231 frangi
332 194 473 223 etdetnitti
485 193 577 221 animo
589 193 704 228 patiens.
718 192 835 219 Maxime
844 190 916 218 enim
932 192 953 219 Δ

129 243 323 271 scithumanas
339 248 383 269 res
402 245 591 272 contemnere,
601 244 629 266 et
653 239 687 266 ab
701 238 740 265 eis
764 245 813 264 nec
829 237 918 264 efferri

129 298 180 317 nec
195 288 282 325 frangi
295 297 301 314 :
320 287 369 321 qui
384 295 432 315 eas
452 294 502 314 nec
516 287 604 314 bonas
620 292 670 312 nec
685 284 820 312 malassui
833 284 918 318 gratia

127 337 242 371 indicat.
251 334 384 363 Similiter
397 338 426 362 et
435 339 607 368 quaecunque
617 331 669 358 alia
682 331 716 358 de
725 330 807 358 beato
818 329 920 357 intelli-

129 386 239 418 gentes,
262 381 400 416 praedictae
430 379 602 408 conclusioni
627 377 706 413 plene
738 380 919 404 concttrrnnt.

129 438 193 466 Car.
217 437 311 465 XVIII.
333 436 374 475 [id
402 436 544 475 perfectam
579 433 766 475 beatitudinem
791 440 854 458 num
878 439 921 460 se-

269 473 372 502 ,cunda
386 477 411 498 et
425 472 505 498 tertia
520 471 573 497 sint
589 471 754 497 necessaria.

163 521 193 548 Si
208 527 275 548 vero
301 525 490 554 supponamus
520 517 639 552 aliquem
657 524 719 544 cum
736 517 817 544 bonis
834 515 920 544 animi

130 567 212 595 etiam
230 574 290 601 quae
301 566 432 593 dicuntur
445 564 516 591 bona
530 563 670 598 corporis,
692 567 719 590 et
730 567 845 591 externa
859 570 920 590 om-

130 614 175 641 nia
192 613 302 645 habere,
322 616 349 639 et
366 611 402 639 sit
416 610 469 638 sibi
496 610 543 638 illa
559 610 586 637 in
611 609 705 636 animo
724 609 859 637 sententia
878 609 921 636 in-

131 661 195 690 sita.
208 663 236 686 et
258 659 394 693 appetitus
409 657 555 685 sententias
567 663 714 691 congruos.
728 656 801 691 quod
811 655 863 683 ista
875 663 921 683 se—

131 706 219 733 cunda
240 711 267 733 et
286 705 363 732 tertia
379 705 412 731 ad
433 703 626 739 perficiendam
648 702 756 737 plenam
772 700 919 729 beatitudi-

130 761 192 780 nem
206 756 268 780 sunt
281 750 453 778 necessaria:
479 748 652 784 impossibile
668 753 712 777 est
726 748 751 776 ei
762 749 855 776 omnia
873 748 919 775 illa

131 805 306 831 concurrere,
322 804 383 832 quae
397 798 431 824 de
447 796 527 823 beato
543 795 735 830 intelligimus.
752 795 785 822 Et
795 794 855 822 ideo
871 801 919 829 per

132 851 314 878 consequens,
327 850 389 870 cum
404 842 498 870 credat
511 842 611 869 habere
628 849 658 869 se
675 840 766 868 omnia
779 848 841 876 quae
854 848 922 875 snp-

131 876 231 924 petant-
247 889 280 916 ad
301 889 408 916 beatam
431 887 526 917 vitam.
550 894 603 914 non
631 886 683 914 erit
704 890 796 914 tamen
814 887 920 915 beatus.
939 876 960 903 Β

132 936 200 963 Nam
219 943 279 962 cum
294 934 363 962 sciat
380 934 463 966 vires,
487 933 682 966 valetudinem,
702 933 862 965 sanitatem,
876 940 922 960 ve-

131 981 284 1012 locitatem,
302 985 485 1012 venustatem,
510 978 695 1014 integritatem
711 986 854 1013 sensuum.
876 987 922 1006 va-

132 1028 260 1055 cuitatem
286 1026 401 1059 doloris,
427 1026 545 1061 denique
565 1025 650 1053 vitam
669 1025 773 1060 ipsam;
789 1028 920 1059 praeterea

133 1080 226 1108 regna,
253 1073 377 1107 imperia,
396 1072 586 1107 magistratus,
607 1072 766 1107 dignitates,
792 1071 923 1101 honores.

134 1119 288 1152 facultates,
301 1119 409 1154 copias,
421 1126 498 1154 opes,
514 1119 662 1154 potentias,
677 1118 785 1145 divitias
800 1137 808 1151 ,
824 1117 923 1145 subdi-

133 1171 224 1192 torum
254 1165 489 1197 benevolentiam,
521 1166 689 1200 optimorum
718 1164 871 1192 amicorum
897 1169 923 1191 et

133 1212 403 1247 consanguineorum
426 1213 588 1239 societatem
608 1207 623 1239 ἐ
640 1212 696 1239 haec
712 1211 804 1239 omnia
822 1210 925 1239 caduca

135 1264 234 1286 natura
259 1266 308 1286 sua
335 1266 408 1292 esse,
426 1263 453 1286 et
469 1259 554 1287 simul
580 1259 666 1286 invito
682 1259 771 1286 amitti
787 1266 879 1293 posse,
896 1265 924 1285 et

133 1313 228 1333 eorum
242 1305 381 1334 contraria
412 1305 544 1334 evenire:
560 1305 700 1340 quomodo
716 1305 811 1332 beatus
825 1304 887 1337 erit,
903 1304 927 1331 si

134 1357 175 1379 tot
191 1352 280 1383 bonis,
297 1351 358 1378 sine
372 1351 474 1386 quibus
492 1358 546 1378 non
562 1355 673 1386 reputat
690 1352 823 1386 integram
841 1352 920 1379 beati-

135 1399 256 1426 tudinem
269 1398 321 1425 sibi
334 1405 414 1432 posse
428 1398 536 1429 adesse.
551 1405 605 1424 non
631 1397 745 1425 confidit
755 1417 762 1431 ,
779 1402 806 1425 et
821 1402 928 1433 totquaa

134 1447 243 1478 reputat
253 1451 315 1471 esse
330 1443 399 1470 maia
414 1448 442 1470 et
454 1444 649 1472 beatitudinem
664 1444 794 1472 violantia
808 1445 860 1473 sibi
878 1447 929 1472 im-

135 1490 253 1524 pendere
276 1489 367 1516 videt?
396 1489 435 1516 Ita
451 1490 525 1516 enim
546 1490 657 1524 sapiens
675 1494 700 1518 et
719 1490 886 1526 intelligens,
901 1496 929 1519 et

134 1536 180 1562 illa
192 1536 262 1562 bona
279 1542 442 1569 permanere
473 1535 541 1568 sibi,
555 1540 583 1562 et
597 1543 651 1562 non
668 1536 756 1564 delabi
783 1541 924 1573 appetens,
942 1552 964 1583 ο

135 1589 197 1608 cum
214 1581 271 1607 vult
285 1588 347 1608 esse
365 1588 473 1615 semper
489 1581 584 1609 beatus
609 1590 616 1609 :
634 1583 772 1618 quomodo
784 1591 839 1611 non
853 1593 927 1612 sem-

136 1637 185 1663 per
204 1633 350 1661 terrorum,
369 1631 396 1655 et
420 1635 562 1663 angornm,
587 1632 614 1656 et
647 1628 840 1658 sollicitudinis
871 1631 928 1666 ple-

136 1683 200 1703 num
217 1674 340 1702 animum
361 1674 470 1702 habebit
482 1674 494 1701 τ
507 1674 542 1702 At
556 1682 621 1702 vero
634 1683 685 1702 nec
699 1682 876 1705 contemnere
902 1682 929 1705 et

135 1721 281 1755 despicere
301 1728 343 1748 res
357 1720 492 1747 humanas
510 1721 590 1748 facile
608 1722 719 1756 poterit,
734 1723 782 1758 qtti
795 1724 827 1751 ad
844 1724 930 1752 beati-

136 1766 259 1795 tudinem
281 1766 324 1794 vel
341 1767 480 1795 miseriam
497 1767 609 1804 aliquod
630 1769 736 1803 pondus
765 1777 812 1798 eas
827 1770 929 1799 habere

135 1815 293 1843 crediderit.
321 1815 374 1843 Sed
391 1815 451 1844 sine
476 1816 657 1851 despicientia
684 1824 777 1845 rerum
793 1817 930 1846 humana-

137 1870 213 1896 rum,
244 1862 376 1890 fortitudo
390 1867 417 1889 et
444 1864 656 1898 magnanimitas
675 1869 701 1891 et
715 1865 859 1892 excelsitas
873 1873 928 1893 non

135 1908 266 1936 videntur
281 1909 401 1944 possein
423 1910 516 1937 animo
532 1911 658 1945 generari
674 1921 680 1938 :
700 1911 800 1946 quibus
818 1913 930 1940 virtuti-

135 1954 187 1982 bus
201 1954 350 1981 iustructus
369 1954 508 1982 virtuosus
524 1955 550 1982 in
576 1955 650 1982 omni
660 1955 769 1984 fortuna
788 1957 930 1991 aequabili-

136 2004 219 2026 tatem
247 2004 403 2027 conservat.
428 2000 541 2028 Carehit
568 2001 666 2036 igitur,
684 2002 732 2037 qui
747 2030 751 2037 _
765 2002 878 2030 beatum
899 2011 930 2031 se

137 2051 198 2072 esse
217 2048 307 2079 putat,
324 2045 385 2073 istis
399 2045 558 2074 virtutibus.

172 2095 211 2118 Ac
224 2091 306 2118 etiam
336 2097 427 2126 potest
457 2093 616 2127 contingere
626 2100 727 2127 casus,
740 2093 767 2122 in
785 2102 851 2130 quo,
868 2103 928 2123 cum

137 2137 212 2163 salva
241 2137 298 2164 sint
326 2138 379 2165 sibi
411 2138 503 2165 omnia
535 2139 607 2166 bona
622 2142 930 2177 externa,tamenipse

139 2184 256 2218 ignoret,
283 2189 376 2211 utrum
395 2185 470 2212 salva
489 2185 554 2217 sint,
574 2194 679 2221 necne;
702 2188 838 2216 dubitabit
853 2197 928 2223 ergo,

139 2233 230 2255 utrum
249 2229 327 2256 adest
349 2229 402 2257 sibi
432 2231 536 2265 integra
553 2231 703 2259 beatitudo.
720 2233 792 2268 Ergo
807 2242 860 2262 non
880 2222 930 2262 Ita-
948 2222 969 2249 D

146 2275 219 2301 behit
231 2275 303 2309 quod
320 2275 398 2302 vult;
415 2276 495 2302 vellet
507 2279 579 2304 enim
597 2286 650 2306 non
664 2279 800 2308 dubitare.
818 2280 928 2308 Conrn-

139 2324 227 2351 ιίυιιιι·
240 2331 306 2358 ergo
320 2324 506 2358 tranquillitas
521 2330 548 2352 et
563 2333 613 2361 pax
634 2328 718 2354 animi
736 2329 815 2357 istius
827 2337 841 2356 a
859 2337 927 2357 con-

140 2371 241 2397 stantia
259 2379 319 2398 sua.
333 2370 391 2397 Non
412 2378 477 2405 ergo
494 2376 580 2405 tutus,
598 2377 628 2400 ut
651 2374 779 2402 dominus
793 2375 928 2404 bonorum

139 2424 272 2444 suorum:
303 2423 357 2443 non
383 2417 617 2452 inexpugnabilis,
648 2428 703 2447 non
734 2422 862 2458 quietus;
880 2432 930 2452 nec

149 2469 237 2490 reatus
253 2471 327 2498 ergo.
360 2463 502 2490 Sententia
518 2472 584 2499 ergo
603 2465 658 2499 illa,
679 2475 739 2502 quas
757 2476 887 2502 corporea
904 2475 930 2498 et

141 2514 252 2536 externa
267 2514 394 2544 aggregat
413 2511 446 2535 ad
464 2509 673 2542 beatitudinem,
693 2520 774 2547 quem
795 2517 928 2550 supponi-

139 2562 202 2580 mus
237 2562 298 2581 csse
324 2555 445 2586 beatum,
473 2554 541 2582 facit
559 2563 613 2583 nou
628 2565 688 2585 esse
719 2560 841 2592 beattun;
862 2561 930 2589 falsa

138 2607 204 2636 ergo
221 2606 273 2627 est.
288 2600 360 2627 NiIiiI
376 2603 449 2628 enint
466 2609 560 2629 verum
576 2608 628 2635 est,
640 2612 671 2631 es
690 2612 745 2639 quo
759 2606 930 2641 impossibile

140 2647 237 2673 oritur.
255 2646 340 2682 Magis
351 2651 442 2673 autem
458 2647 579 2682 dignitas
593 2653 621 2676 et
634 2649 763 2684 splendor
773 2654 929 2687 sententiae,

140 2699 222 2726 quant
239 2692 423 2726 defenditntts,
439 2693 500 2721 inde
514 2695 668 2730 apparebit.

192 2748 254 2777 Car.
285 2748 357 2776 XIX.
378 2748 493 2778 Collatia
517 2752 631 2780 duorum
650 2762 703 2781 non
727 2755 875 2784 beatorum.

174 2809 371 2844 Supponuntur
397 2813 451 2838 duo
480 2819 533 2840 ιιοιι
551 2813 634 2846 beati,
653 2814 771 2842 similem
788 2815 926 2845 defectum

141 2863 168 2882 -.n
181 2855 283 2889 animo,
305 2856 333 2883 in
354 2864 470 2892 corpore
496 2863 522 2887 ct
548 2859 575 2886 itt
590 2860 715 2887 externis
731 2861 882 2896 patientes:
902 2868 929 2890 et

692 134 888 166 BARLAAMI
914 133 963 164 DE
985 132 1198 164 SEMINAI’tlA

1697 130 1769 162 13I8

968 189 1013 217 illa
1019 197 1079 224 quae
1088 189 1212 217 Vttlentur
1221 196 1281 216 esse
1292 189 1486 216 excellentiora
1496 188 1632 223 corporis,
1641 192 1667 214 et
1675 192 1768 216 exter—

973 241 1083 266 norum,
1114 241 1285 269 nequaquam
1301 233 1444 266 habentes,
1458 239 1485 260 et
1499 234 1656 268 aliquorum
1666 240 1696 259 ex
1713 232 1766 264 eis,

973 288 1034 314 quae
1048 280 1161 313 desunt,
1177 280 1320 314 desperata
1333 280 1369 308 sit
1380 279 1526 314 acquisitio
1536 300 1543 311 ,
1561 284 1589 306 et
1612 279 1649 305 ita
1679 279 1768 305 omni-

973 326 1024 354 bus
1039 334 1099 361 quae
1119 326 1229 359 tuentis,
1243 334 1303 361 qum
1324 332 1439 358 naturae,
1459 334 1520 360 quae
1543 325 1662 352 fortuna:
1690 329 1767 357 sunt,

974 379 1023 407 per
1038 373 1129 400 omnia
1145 372 1307 406 adaequatis,
1328 372 1365 400 sit
1382 372 1428 400 uni
1458 371 1566 398 illorum
1592 378 1765 406 persuasum.

974 421 1047 456 quod
1065 425 1121 448 tota
1135 421 1274 448 beatitudo
1285 421 1312 447 in
1323 420 1471 447 virtutibus
1483 419 1568 447 animi
1587 418 1766 451 vertitur,al.i

974 475 1040 494 vero
1057 467 1191 503 tripartita
1208 467 1254 494 illa
1272 467 1417 500 sententia,
1433 471 1459 494 et
1474 467 1594 493 habeant
1610 472 1701 501 parem
1718 473 1767 499 ap—

974 513 1088 549 petitum
1109 513 1288 541 beatitudinis
1302 522 1309 540 :
1327 514 1506 541 manifestum
1530 513 1616 548 igitur
1629 518 1681 544 est,
1692 512 1766 546 quod

974 559 1080 595 primus
1098 559 1189 588 minus
1198 566 1281 594 aegre,
1295 564 1324 587 et
1333 561 1424 588 minus
1448 560 1541 593 anxie,
1551 564 1580 587 et
1607 559 1764 595 jucundius,

975 610 1002 633 et
1015 606 1190 641 tranquillius
1205 607 1289 635 ducet
1302 614 1380 634 suam
1395 607 1493 640 vitam,
1507 614 1593 642 quam
1609 606 1763 638 secundus;

975 653 1063 681 tribtts
1076 661 1110 681 ex
1125 654 1228 682 causis.
1241 653 1320 688 Quod
1334 655 1441 683 minora
1457 655 1508 682 sibi
1527 654 1605 681 videt
1621 654 1715 681 deesse
1730 653 1762 680 ad

974 699 1082 734 plenam
1108 700 1324 733 beatitudinem;
1342 705 1369 728 et
1396 701 1468 736 quod
1486 708 1542 728 non
1558 705 1602 729 est
1619 701 1760 735 desperata

975 747 1027 774 sibi
1043 747 1153 774 illorum
1169 747 1331 781 acquisitio;
1346 752 1373 775 et
1389 748 1460 782 quod
1478 755 1574 775 eorum
1592 754 1653 782 qua:
1670 747 1761 778 habet,

975 797 1106 827 tanquam
1137 793 1303 828 pertinentia
1318 793 1353 821 ad
1372 794 1582 826 beatitudinem.
1599 801 1654 821 non
1671 794 1764 821 existi-

975 843 1032 866 mat
1045 839 1136 874 aliqua
1150 840 1248 867 essein
1266 844 1401 876 potestate
1417 840 1534 868 fortunae
1548 849 1556 873 -,
1572 840 1676 876 quibus
1690 839 1762 866 dela-

974 886 1031 921 psis
1055 885 1183 914 miserior
1203 886 1261 921 ipse
1287 887 1334 914 sit.
1358 887 1406 915 ille
1437 895 1502 914 vero
1518 894 1574 914 non
1589 887 1672 914 modo
1689 887 1763 921 plura

973 933 1070 960 deesse
1084 932 1137 960 sibi
1151 933 1184 960 ad
1200 933 1362 967 explendam
1388 934 1586 961 beatitudinem
1600 934 1685 966 videt,
1696 938 1723 960 et
1733 934 1764 960 de

973 979 1037 1011 illisl
1066 987 1127 1014 quae
1152 981 1245 1013 habet,
1265 981 1357 1016 aliqua
1387 981 1471 1008 sentit
1498 988 1581 1015 posse
1596 980 1697 1014 delabi,
1714 988 1765 1014 quo

975 1026 1032 1060 ipse
1047 1026 1083 1054 sit
1099 1026 1239 1060 miserior,
1258 1028 1305 1056 sed
1318 1027 1399 1055 etiam
1416 1029 1449 1056 ad
1474 1028 1609 1063 integram
1623 1028 1764 1063 provenire

975 1073 1123 1109 aliquando
1132 1074 1340 1109 beatitudinem,
1349 1074 1524 1110 desperatum
1534 1078 1576 1103 est
1585 1075 1696 1110 penitus
1704 1074 1763 1102 sibi.

975 1140 1041 1168 Cn.
1066 1140 1290 1175 XX.{Vt’rtutum
1317 1142 1455 1177 acquisitio
1483 1143 1540 1169 utri
1572 1142 1721 1177 difﬁcilior.

1012 1197 1049 1224 At
1062 1204 1127 1224 vero
1142 1201 1170 1224 et
1185 1197 1334 1231 acquisitio
1362 1198 1494 1224 virtutum
1522 1197 1615 1232 plures
1645 1197 1727 1225 habet
1741 1197 1764 1223 in

978 1245 1030 1271 isto
1062 1243 1259 1277 difficultates,
1290 1251 1372 1279 quam
1405 1245 1431 1274 in
1468 1245 1524 1272 illo.
1561 1244 1654 1272 Prima
1697 1245 1764 1272 cuitu

984 1289 1133 1318 difﬁcultas
1162 1294 1215 1323 est,
1239 1297 1322 1324 posse
1346 1297 1527 1325 cognoscere,
1542 1296 1679 1325 quantum
1698 1291 1765 1318 bona

979 1335 1076 1367 animi,
1103 1334 1137 1362 ad
1169 1335 1362 1370 complendatn
1396 1336 1608 1368 beatitudinem.
1633 1337 1766 1364 excellunt

968 1381 1055 1409 'bona
1070 1382 1211 1416 corporis,
1226 1387 1254 1409 et
1267 1382 1318 1410 ista
1331 1386 1446 1410 externa
1459 1392 1467 1416 ;
1482 1387 1510 1410 et
1524 1385 1767 1418 proportionaliter

980 1425 1134 1460 dispartiri.
1152 1429 1182 1453 et
1195 1433 1376 1460 compensare
1400 1427 1462 1455 istis
1482 1429 1633 1463 appetitum
1650 1429 1766 1456 beatitu-

981 1471 1065 1498 dinis.
1088 1471 1135 1498 Ille
1155 1479 1222 1499 vero
1237 1477 1343 1505 uoster,
1368 1480 1430 1500 cum
1461 1474 1642 1503 beatitudinis
1660 1480 1767 1503 senten-

982 1517 1096 1549 tiam,et
1112 1521 1199 1544 totum
1217 1518 1367 1552 appetitum
1380 1518 1413 1545 ad
1430 1519 1503 1546 solas
1533 1519 1648 1547 virtutes
1661 1520 1765 1552 mittat,

980 1565 1053 1592 nilei
1066 1564 1226 1599 huiusmodi
1243 1565 1413 1594 difﬁcultatis
1422 1571 1487 1600 est;
1504 1568 1570 1602 quin
1588 1568 1672 1595 etiam
1690 1569 1767 1596 vehe-

980 1612 1141 1640 mentiorem
1161 1612 1312 1647 appetitum
1330 1615 1363 1641 ad
1380 1614 1495 1642 virtutes
1519 1614 1616 1647 habet,
1633 1615 1767 1649 quamille

981 1658 1027 1692 qui
1041 1658 1147 1693 aliquas
1172 1663 1265 1694 partes
1279 1659 1355 1694 paris
1373 1660 1521 1695 appetitus,
1551 1661 1695 1696 corporeis
1725 1661 1768 1688 tri-

981 1704 1042 1732 buit
1057 1710 1084 1733 et
1100 1705 1233 1733 externis.
1251 1707 1285 1733 At
1297 1710 1324 1734 et
1346 1706 1399 1735 hoc
1423 1706 1600 1735 manifestum
1629 1713 1682 1740 est,
1701 1707 1766 1743 quod

979 1756 1083 1786 quanto
1098 1751 1217 1787 amplius
1247 1752 1399 1787 diliguntur
1434 1761 1566 1789 corporea
1595 1759 1625 1781 et
1647 1758 1767 1785 externa,

981 1802 1059 1825 tanto
1076 1797 1165 1833 magis
1192 1797 1344 1833 impeditur
1373 1799 1408 1826 ad
1437 1800 1619 1835 acquirendas
1649 1800 1766 1828 virtutes.

981 1841 1101 1871 Facilior
1119 1847 1160 1870 est
1187 1851 1253 1878 ergo
1265 1848 1361 1872 nostro
1376 1845 1508 1872 virtutum
1525 1846 1686 1881 acquisitio.

1035 1912 1101 1940 (ΞΑΡ.
1119 1912 1192 1940 XXI.
1213 1911 1247 1940 In
1262 1914 1390 1940 virtutum
1407 1915 1580 1949 acquisitionc
1596 1920 1655 1942 uter
1666 1915 1767 1949 fortior.

1017 1971 1073 1999 Nec
1106 1971 1173 1998 illud
1191 1971 1302 1998 dubium
1323 1976 1375 2004 est,
1388 1972 1452 2006 quin
1472 1972 1517 1999 ille
1540 1973 1655 2000 affectus
1676 1973 1766 2005 animi,

980 2018 1027 2053 qui
1048 2018 1086 2045 ita
1106 2018 1142 2045 sit
1156 2022 1334 2045 constructus
1347 2023 1375 2044 et
1390 2018 1496 2051 firmus,
1513 2023 1543 2045 ut
1558 2021 1646 2053 possit
1657 2021 1684 2046 in
1701 2020 1766 2046 omni

981 2070 1045 2090 casu
1060 2067 1087 2090 et
1103 2062 1212 2090 fortuna
1238 2063 1452 2097 aequabilitatem
1469 2071 1644 2098 conservare,
1656 2065 1692 2092 ita
1702 2065 1766 2100 quod

982 2116 1034 2136 nec
1061 2108 1274 2136 adversitatibus
1295 2108 1457 2143 frangatur,
1483 2110 1525 2137 vel
1555 2111 1638 2138 molle
1669 2110 1765 2146 aliquid

982 2159 1009 2180 et
1023 2153 1175 2188 abiectum,
1210 2159 1238 2181 et
1258 2154 1444 2182 eiieminatum
1459 2160 1486 2182 et
1501 2158 1611 2182 anxium
1629 2158 1744 2190 patiatur
1758 2164 1764 2184 :

983 2207 1034 2227 nec
1049 2199 1179 2227 secundis
1207 2201 1291 2227 rebus
1303 2201 1388 2228 effusa
1417 2202 1507 2229 lartitia
1527 2204 1638 2237 gestiat,
1653 2205 1765 2231 levitate-

982 2255 1036 2282 qne
1052 2248 1085 2275 ad
1100 2248 1283 2282 arrogantiam
1302 2253 1329 2275 et
1355 2249 1510 2283 superbiam
1530 2257 1560 2276 se
1588 2250 1704 2278 efferat:
1722 2252 1765 2278 istc

983 2293 1108 2328 inquam,
1133 2293 1249 2320 atfectns
1269 2293 1367 2321 melior
1388 2299 1415 2321 et
1434 2294 1541 2322 beatior
1562 2295 1609 2325 sit.
1623 2297 1763 2330 quamille,

982 2337 1029 2372 qui
1045 2344 1100 2364 non
1117 2341 1198 2365 tanta:
1213 2339 1374 2366 constantia:
1389 2343 1442 2366 est.
1457 2339 1510 2367 Sed
1528 2341 1703 2369 manifestum
1719 2347 1763 2374 est,

983 2383 1055 2418 qttod
1068 2383 1186 2411 duorum
1218 2386 1423 2420 suppositorum
1446 2387 1568 2415 virorum
1584 2394 1680 2417 nostro
1696 2390 1764 2417 facil-

983 2428 1078 2455 limum
1094 2433 1146 2460 est,
1164 2429 1360 2456 exercitatione
1373 2434 1398 2456 et
1418 2432 1618 2460 consuetudine
1634 2433 1762 2468 adjuncta,

982 2474 1125 2509 pervenire
1138 2474 1170 2501 ad
1185 2474 1320 2509 ejusmodi
1348 2475 1488 2504 atfectum.
1499 2476 1536 2505 Illi
1553 2486 1619 2506 vero
1635 2481 1762 2515 tripartito

982 2523 1030 2547 aut
1048 2520 1221 2556 impossibile
1233 2526 1282 2548 aut
1297 2521 1487 2550 difﬁcillimum
1511 2528 1566 2551 est.
1607 2525 1677 2559 Ergo
1691 2527 1712 2552 si
1725 2534 1762 2552 no-

983 2572 1038 2593 stra
1053 2566 1105 2593 ista
1127 2567 1261 2594 sententia
1272 2568 1298 2594 in
1320 2569 1434 2596 meliore
1447 2569 1604 2598 omnimode
1616 2573 1764 2599 conditione

984 2612 1049 2639 facit
1076 2620 1136 2640 esse
1151 2612 1300 2646 hotniuem,
1318 2623 1400 2649 quam
1418 2616 1462 2642 illa
1487 2615 1633 2650 tripartito,
1652 2627 1705 2645 nun
1724 2620 1763 2644 du-

982 2658 1056 2685 bium
1069 2663 1121 2691 est,
1137 2667 1197 2694 qua:
1209 2661 1295 2694 magis
1312 2667 1354 2687 est
1375 2662 1565 2696 approbando.

1017 2727 1082 2754 CAP.
1099 2727 1184 2755 XXII.
1202 2728 1331 2756 Virtutum
1353 2730 1421 2756 artio
1435 2730 1566 2764 inquibus
1579 2732 1742 2764 potissimum

1268 2765 1342 2790 bonis
1355 2766 1493 2792 consistat.

1018 2819 1052 2847 At
1064 2828 1127 2847 vero
1143 2828 1190 2847 nec
1200 2821 1274 2847 illtun
1291 2829 1412 2849 errorem
1425 2827 1528 2858 oportet
1542 2823 1691 2856 incurrere,
1702 2824 1762 2859 quotl

983 2867 1105 2894 actiones
1121 2866 1252 2894 virtutum
1272 2868 1297 2894 in
1317 2869 1382 2896 solis
1409 2869 1487 2897 bouis
1501 2872 1625 2905 corporis
1640 2877 1668 2898 et
1682 2878 1762 2898 euer-
