1868 3069
111 155 180 187 1249

637 151 775 182 ETHICA
795 149 1007 181 SECUNDUM
1031 149 1201 182 STOICOS.

1670 148 1737 181 1350

106 213 149 239 nis
166 215 329 239 versantur;
344 210 371 236 in
401 208 548 237 contrariis
560 215 625 236 vero
640 216 693 235 non
709 217 714 234 ε
734 212 764 235 ιιι
779 208 801 235 si
820 208 896 235 hcate
913 213 934 240 Α
950 210 1051 236 minem
1072 216 1144 239 esse.
1160 213 1186 235 et
1198 208 1329 235 miserum
1355 207 1493 235 hominem
1518 215 1593 238 esse,
1616 213 1646 234 ut
1675 207 1739 240 ipse

106 259 200 285 virere
212 262 255 285 est
278 257 400 284 virtuose
426 263 528 290 agere:
552 255 604 282 hoc
630 260 721 281 autem
741 261 795 281 non
807 258 898 288 potest

109 312 182 332 esse.
206 304 258 331 nisi
274 304 300 330 in
316 303 396 330 l‘onis
408 302 533 335 corporis
549 305 577 328 et
592 302 723 332 externis,
738 300 897 328 necessario

106 350 299 378 concludatur.
329 355 431 383 quanto
450 349 501 375 ista
529 347 697 379 dilabuntur,
727 351 802 374 tanto
814 346 896 373 vitam

106 397 216 423 beatam
233 395 320 422 deliri.
338 394 403 421 Nam
422 402 476 421 non
495 398 536 421 est
549 400 631 420 casus
648 393 675 419 iu
692 393 756 424 vita,
774 400 824 419 nec
837 391 897 418 for-

108 447 185 473 tuna,
203 449 253 468 nec
265 445 384 475 tempus,
404 440 430 466 iu
446 447 500 474 qtto
514 447 567 466 non
581 439 667 474 possit
684 439 724 465 vir
738 438 830 465 bonus
843 437 898 464 vir-

90 492 94 519 ;
108 492 189 514 tuosc
200 487 432 521 agere.Decenter
441 485 512 513 enim
529 489 556 511 et
571 483 771 511 rationabiliter
791 482 897 517 cogita-

108 542 147 565 re,
158 534 259 568 jacere,
273 534 378 565 sedere,
390 537 474 564 stare,
482 531 634 563 ambulare,
643 535 745 563 tacere,
756 529 839 564 loqui,
849 528 899 556 tri-

109 581 194 607 buere
215 579 323 614 corpori
343 577 610 610 necessaria,videre
620 576 661 604 vel
673 575 768 603 audire
779 575 894 610 aliquid.

109 626 232 653 tnembra
242 625 365 659 corporis
375 631 494 656 movere,
505 623 587 650 alicui
599 623 735 650 assentire.
743 626 771 648 et
783 628 878 656 parere
889 630 897 653 ;

109 671 152 698 vel
167 678 215 706 pro
225 671 412 698 conservanda
423 670 577 696 constantia
590 672 617 695 et
629 667 797 696 iidedolores
812 671 839 694 et
852 666 901 694 da-

109 719 391 745 mnanon'recusare:
404 715 504 750 quibus
515 723 569 742 non
580 719 667 748 potest
683 715 824 741 vlrtuosus
843 713 899 740 ullo

111 769 234 798 tempore
244 763 356 789 omnino
366 769 459 789 carere
470 770 476 788 :
487 761 608 788 actiones
618 761 746 788 virtutum
755 762 838 792 'sunt,
847 764 874 787 et
883 768 898 787 ιι

110 811 212 837 virtute
231 810 454 844 proficiscuntur.
465 808 663 836 Omittodicere
672 808 743 843 quod
753 808 898 840 fortitudo,

110 861 138 884 ct
150 854 317 891 magnitudo,
329 859 355 882 et
361 853 593 882 excelsitasanimi
600 854 627 880 in
638 854 761 881 adversis
769 854 851 881 rebus
860 858 900 880 to-

952 256 1034 282 homo
1053 255 1164 289 utrique
1175 254 1274 285 subici
1294 254 1380 281 valeat
1397 263 1405 287 ς
1423 255 1549 289 sequitur
1567 253 1737 285 necessario,

950 302 1023 337 quod
1038 306 1066 329 et
1079 302 1138 336 ipsa
1153 301 1223 328 bona
1235 308 1365 336 c0rporea
1392 306 1419 329 et
1451 307 1574 334 externa,
1602 310 1676 336 qum,
1708 306 1738 328 ut

952 347 1113 382 simpliciter
1129 348 1216 374 simus
1238 351 1265 374 et
1284 347 1418 379 vivamus,
1441 348 1630 382 requiruntur,
1662 348 1739 374 simi—

951 394 1013 421 liter
1027 394 1082 421 sint
1092 397 1120 420 et
1131 393 1310 420 nominentur
1325 393 1396 420 bona
1413 397 1459 419 :ut
1471 393 1597 421 videlicet
1627 401 1682 420 non
1711 394 1738 419 in

951 441 1039 468 forma
1057 439 1233 467 beatitudinis
1249 443 1395 473 ponantur.
1407 439 1453 466 sed
1468 443 1596 474 tauquam
1612 446 1739 466 commu—

951 485 995 513 nia
1013 485 1130 512 miseriae
1145 484 1308 512 beatitudini
1320 484 1531 511 submittantur.
1546 484 1642 517 Itaque
1667 485 1740 511 sicut

951 535 1076 558 nostrum
1089 538 1150 558 esse
1162 529 1284 557 refertur
1292 529 1402 564 quidem
1419 530 1452 556 ad
1464 524 1671 560 beatitudinem,
1685 537 1738 556 non

952 582 1045 605 tamen
1065 581 1093 604 ut
1109 584 1171 612 pars
1187 596 1193 608 ,
1209 577 1254 603 sed
1271 581 1300 603 ut
1313 575 1477 609 subjectum,
1490 575 1548 603 sine
1569 583 1624 610 quo
1650 575 1738 602 forma

951 631 1005 650 non
1029 623 1157 651 exsistit:
1178 622 1262 650 simili
1290 624 1373 649 modo
1386 627 1413 649 et
1442 622 1486 649 illa
1512 622 1596 655 bona,
1618 629 1678 656 qua
1705 622 1738 647 ad

951 670 1040 704 ipsum
1073 673 1198 695 nostrum
1227 675 1289 695 esse
1319 667 1489 701 referuntur,
1520 668 1658 695 mediante
1680 667 1740 701 ipso

952 719 1047 742 nostro
1061 722 1133 747 esse,
1144 715 1176 741 ad
1191 714 1386 742 beatitudinem
1402 713 1545 741 referenda
1560 717 1635 741 sunt.
1655 714 1742 748 igitur

951 762 1079 797 sicutqui
1093 767 1145 793 est,
1159 762 1186 789 in
1202 766 1336 796 quantum
1351 765 1404 792 est,
1419 768 1473 787 non
1487 765 1530 787 est
1543 761 1651 788 beatior
1679 760 1738 792 illo,

951 808 998 843 qui
1015 816 1067 835 non
1083 813 1124 836 est
1143 816 1150 836 :
1168 808 1203 835 ita
1220 812 1246 835 et
1259 808 1305 842 qui
1323 808 1403 834 habet
1417 807 1506 842 plura,
1523 807 1556 834 de
1582 806 1739 842 hujusmodi

952 855 1042 886 bonis.
1065 862 1118 882 non
1135 855 1195 883 ideo
1212 860 1254 883 est
1267 856 1352 890 magis
1368 855 1475 886 beatus,
1486 861 1568 888 quam
1584 853 1629 887 qui
1657 853 1740 880 habet

111 906 167 928 tam
183 909 260 928 suam
284 901 337 927 vim
354 900 466 932 habent,
482 900 607 934 scireqne
616 899 902 927 beneadversitatibus
918 897 939 924 Β
954 902 1095 936 pauciora.
1114 901 1213 928 Beatus
1227 901 1300 928 enim
1318 904 1346 926 et
1362 900 1452 927 minus
1467 899 1563 926 beatus
1576 899 1659 925 homo
1683 898 1741 925 eiii;

112 948 165 980 uti,
179 955 295 976 summa;
311 947 461 982 prudentiae
471 952 524 974 est.
541 945 662 974 Necnon
675 947 772 975 multa,
786 953 847 980 quae
861 945 900 971 vi-

113 994 214 1020 dentur
239 1000 300 1019 esse
314 991 478 1026 negationis,
490 991 578 1018 locum
606 991 706 1018 habent
728 997 898 1017 summarum

113 1039 266 1066 actionum.
280 1038 347 1065 Cum
363 1038 435 1065 enim
449 1037 598 1069 \irtuosus,
611 1041 748 1071 pauperet
759 1036 899 1070 ignobilis,

112 1083 255 1115 deformis,
270 1088 297 1110 et
315 1083 429 1110 claudus
450 1087 476 1109 et
490 1082 627 1114 infirmus,
640 1082 745 1109 nobiles
762 1086 789 1108 et
805 1081 902 1108 divites

113 1129 280 1159 admiretur,
309 1133 488 1163 p0tentesque
515 1132 542 1154 et
557 1135 658 1155 sanos:
675 1133 701 1155 et
719 1135 748 1154 se
759 1127 901 1159 miserum,

112 1180 140 1202 et
171 1175 233 1202 illos
260 1175 355 1202 beatos
380 1179 407 1202 et
424 1175 516 1202 felices
527 1178 643 1209 reputet.
659 1178 686 1200 et
702 1173 763 1201 ideo
778 1173 840 1200 odio
854 1179 902 1200 eos

114 1222 224 1254 habeat,
241 1226 267 1248 et
283 1221 405 1248 invideat
423 1221 467 1252 iis,
482 1220 684 1255 cupiditateque
701 1219 834 1246 immensa
853 1227 899 1246 ar-

114 1269 188 1300 deat,
204 1272 345 1302 etangore
362 1271 390 1294 et
412 1267 522 1294 tristitia
543 1271 571 1294 et
593 1273 712 1293 mcerore
742 1265 862 1292 tabescat
875 1269 903 1291 et

113 1314 297 1349 deprimatur,
329 1313 502 1347 divinamque
529 1311 742 1343 Providentiam,
763 1310 901 1345 opinionis

113 1368 219 1392 errore,
248 1364 295 1386 aut
312 1360 426 1390 nullam,
447 1359 631 1393 autinjustam
659 1365 721 1385 esse
734 1357 873 1385 existimet
891 1364 898 1384 :

115 1405 158 1431 vir
183 1405 272 1432 bonus
298 1409 324 1431 et
340 1409 413 1431 totus
437 1408 536 1431 nOstrze
561 1402 716 1435 sententiae,
734 1409 797 1429 cum
820 1401 847 1428 in
864 1400 902 1428 si-

116 1451 172 1476 mili
183 1458 248 1477 rasn
260 1454 313 1481 est,
336 1449 373 1476 tul
391 1449 507 1477 istorum
525 1448 637 1483 patitur.
651 1455 702 1475 nec
717 1451 825 1482 reputat
840 1446 901 1473 illos

116 1499 143 1523 in
161 1497 268 1524 meliori
285 1504 347 1524 esse
363 1496 533 1527 conditione,
548 1503 630 1530 quam
645 1503 686 1523 se.
706 1495 740 1522 Et
756 1495 817 1522 ideo
825 1498 901 1521 tran-

116 1543 202 1577 quillo
230 1543 296 1569 vivit
322 1542 425 1575 animo,
440 1547 467 1570 et
498 1542 611 1569 minime
631 1541 806 1572 turbulento,
822 1544 851 1568 et
867 1539 900 1566 ad

118 1589 260 1615 interiores
274 1589 409 1619 actiones,
423 1593 450 1615 et
462 1588 485 1615 si
505 1595 566 1623 quae
578 1592 643 1615 sunt
660 1587 823 1618 exteriores,
842 1593 902 1613 ma—

117 1634 191 1660 xime
213 1634 350 1668 expedito.
375 1633 434 1660 Tali
451 1634 532 1669 igitur
559 1634 683 1660 firmitati
702 1638 729 1660 et
739 1632 902 1660 constantiae

117 1681 356 1711 animi.actiones.
378 1688 447 1716 quas
464 1681 570 1715 possint
584 1687 665 1715 agere
676 1680 792 1707 virtuosi
802 1680 902 1706 divites

118 1735 146 1755 et
162 1733 299 1763 potentes,
318 1735 372 1755 non
394 1732 458 1755 sunt
473 1726 678 1761 postponendaa.
696 1726 764 1753 Dum
777 1733 843 1760 ergo
858 1725 904 1752 bo-

118 1783 170 1802 nus
195 1774 236 1800 vir
249 1774 314 1801 vivit
336 1778 363 1801 et
375 1778 426 1806 est,
445 1780 498 1800 non
528 1776 608 1800 vacat
625 1771 755 1799 virtuosis
784 1771 904 1798 actioni-

119 1822 180 1848 bus.
206 1819 296 1853 Quare
324 1827 374 1847 nec
387 1819 440 1847 isto
455 1818 536 1846 modo
555 1817 679 1853 corporis
694 1823 756 1851 qua:
772 1816 902 1843 dicuntur

116 1873 145 1895 et
154 1872 265 1894 externa
279 1867 360 1896 bona.
371 1873 442 1893 vera:
457 1864 634 1893 beatitudinis
653 1868 744 1899 partes
758 1867 850 1890 erunt.

118 1939 184 1963 CAP.
210 1934 306 1962 XXIII.
338 1934 437 1960 Diuisio
471 1934 598 1960 bonorum
629 1931 769 1966 corporis,
798 1935 822 1957 et
846 1938 904 1965 qua:

383 1974 492 1996 extenta
502 1973 642 1995 vocantur.

156 2030 192 2058 Ut
205 2035 295 2057 autent
313 2037 367 2056 non
382 2029 525 2055 videamur
542 2027 576 2054 de
595 2027 706 2054 nomine
731 2029 838 2052 tantum
869 2024 906 2051 la-

120 2077 185 2104 bora
191 2084 218 2103 re
230 2076 310 2107 velle,
318 2075 460 2103 commoda
470 2074 651 2106 nominantes,
661 2080 722 2106 qum
730 2079 827 2099 omnes
837 2071 904 2098 bona

120 2123 258 2157 appellant
270 2142 278 2154 ,
298 2127 327 2149 ut
337 2121 465 2148 vocabuli
476 2121 628 2147 mutatione
643 2128 656 2146 a
685 2119 854 2147 beatitudine
867 2119 905 2145 \i-

121 2169 236 2196 deantur
253 2167 407 2202 segregari,
424 2168 459 2193 ita
474 2167 509 2194 sit
529 2166 746 2202 procedendum.

156 2215 294 2248 Omnium,
309 2223 369 2249 qua:
379 2215 450 2241 bona
463 2213 586 2246 corporis
599 2217 626 2240 et
638 2219 750 2240 externa
764 2213 904 2245 dicnutttr,

121 2263 174 2290 alia
202 2262 360 2288 referuntur
384 2261 416 2288 ad
447 2265 568 2288 nostram
599 2261 686 2295 ipsam
714 2259 905 2287 substantiam.

123 2309 189 2341 Qua:
200 2309 308 2342 quidem
326 2308 362 2334 ita
375 2314 403 2335 se
419 2307 532 2339 habent,
552 2313 580 2334 ut
598 2308 657 2335 sine
673 2307 728 2334 illis
742 2311 840 2334 esseet
867 2306 908 2333 vi-

122 2361 187 2380 ιιι-ιθ
205 2361 258 2380 non
275 2352 422 2380 valeamus.

159 2399 218 2426 Alta
235 2406 298 2425 vero
316 2399 350 2425 ad
373 2399 424 2425 hoc
440 2398 541 2424 habent
565 2406 643 2425 suam
660 2398 726 2429 vim,
759 2401 789 2424 ut
815 2397 908 2424 minus

125 2446 240 2472 moleste
256 2449 282 2472 et
293 2444 480 2472 delcctabilins
500 2443 738 2471 vitautducatnus.
760 2443 825 2476 Quae
846 2443 908 2477 qui-

122 2492 183 2517 dem
197 2491 229 2517 ad
243 2489 416 2517 indolentiam
435 2489 530 2517 ultimo
541 2493 568 2517 et
584 2490 761 2523 voluptatem,
786 2496 846 2523 quae
857 2496 905 2522 per

124 2543 274 2572 Corporcos
290 2543 390 2564 sensus
403 2536 564 2571 percipitur,
578 2535 748 2562 referuntur.

250 2593 316 2621 Car.
347 2591 440 2620 XXIV.
474 2592 511 2620 De.
535 2592 773 2644 membroprimtt.

164 2651 234 2685 Ergo
249 2657 277 2677 ιιι
294 2652 326 2677 de
343 2651 432 2685 primo
448 2650 571 2677 membro
599 2651 676 2685 prius
698 2649 815 2680 dicatur,
844 2649 908 2684 quia

126 2697 277 2726 substantia
292 2700 424 2723 nostraet
451 2695 539 2729 ipsum
563 2703 625 2723 esse
651 2701 775 2722 nostrum
806 2696 907 2722 bonum

127 2744 237 2780 quidem
252 2743 331 2770 nobis
351 2746 393 2769 est
412 2751 418 2768 :
435 2742 487 2769 tale
513 2749 578 2768 vero
609 2742 721 2774 bonum,
743 2747 771 2768 ιιι
786 2749 839 2768 non
876 2742 911 2768 sit

128 2791 219 2824 aliqua
235 2796 299 2824 pars
313 2789 408 2815 formrc
421 2787 616 2820 beatitudinis,
638 2789 686 2815 sed
704 2793 732 2815 ut
757 2788 911 2816 communi-

126 2839 168 2861 ter
181 2839 235 2860 tam
252 2841 366 2861 summa-
380 2833 505 2864 miserim,
527 2841 609 2868 quam
635 2833 797 2861 beatitudini
823 2833 911 2868 subji-

125 2881 223 2908 ciatur.
245 2878 338 2906 Dilicrt
350 2879 422 2906 enim
438 2878 576 2906 hominem
591 2886 662 2911 csse,
681 2884 706 2906 et
718 2879 827 2906 beatum
861 2880 909 2906 ho-

953 947 1035 979 citur,
1050 947 1191 974 additione
1205 951 1231 974 et
1256 947 1442 975 subtraelione
1467 946 1574 973 illorum
1593 946 1740 977 bonorum,

954 1001 1015 1028 qute
1031 997 1094 1020 sunt
1115 998 1208 1027 partes
1240 993 1332 1020 formae
1368 992 1556 1020 beatitudinis.
1580 991 1739 1019 Nostrorum

954 1043 1018 1063 vero
1028 1043 1098 1069 esse,
1118 1042 1145 1064 et
1161 1037 1229 1064 bona
1243 1057 1250 1069 ,
1267 1045 1327 1071 quae
1338 1037 1371 1064 ad
1386 1037 1473 1072 ipsum
1489 1037 1656 1068 referuntur,
1686 1044 1739 1062 non

954 1087 1018 1110 sunt
1029 1087 1121 1116 partes
1154 1082 1247 1110 forma:
1275 1083 1462 1113 beatitudinis,
1490 1087 1571 1115 prout
1595 1088 1738 1109 ostensum

953 1132 1005 1155 est.
1020 1128 1073 1155 Sed
1096 1128 1232 1160 rideatur,
1254 1129 1276 1156 si
1298 1129 1394 1164 placet,
1422 1129 1557 1164 reliquum
1587 1131 1739 1155 membrqu

954 1174 1101 1209 prtemissae
1113 1174 1268 1202 divisionis.

952 1231 1017 1260 CAP.
1042 1232 1126 1260 XXV.
1148 1231 1298 1260 Secundum
1320 1233 1476 1260 membrum.
1512 1232 1663 1260 Indolenlt’a
1717 1237 1741 1258 et

1173 1268 1307 1302 voluptas,
1317 1277 1368 1295 non
1382 1269 1527 1296 beatitudo.

990 1312 1019 1339 Et
1037 1313 1154 1346 primum
1165 1314 1366 1342 ostendendum
1379 1315 1424 1346 sit,
1442 1315 1516 1349 quod
1536 1315 1685 1342 indolentia
1713 1320 1742 1341 et

953 1359 1077 1394 voluptas
1091 1359 1216 1394 corporis
1231 1359 1258 1386 in
1278 1359 1366 1387 forma
1394 1361 1572 1388 beatitudinis
1600 1361 1663 1395 poni
1689 1361 1740 1388 mi‘

954 1405 1028 1432 nime
1043 1409 1166 1439 possunt.
1193 1404 1246 1432 Nec
1261 1405 1334 1433 enim
1360 1413 1422 1433 eum
1453 1406 1601 1434 virtutibus
1630 1406 1739 1433 beatam

952 1452 1035 1477 vitam
1050 1450 1158 1485 explere
1180 1456 1307 1485 possunt,
1331 1458 1382 1479 nec
1393 1451 1454 1479 sine
1477 1451 1635 1479 virtutibus.
1663 1451 1740 1484 Quod

954 1497 976 1524 si
995 1497 1054 1524 sine
1063 1497 1221 1530 virtutibus,
1235 1497 1262 1525 in
1275 1505 1382 1525 summa
1397 1498 1461 1526 sede
1474 1503 1653 1532 ponerentur,
1675 1505 1742 1525 con-

954 1543 1071 1577 tingeret
1083 1543 1292 1572 vitiosissimum
1306 1544 1446 1572 hominem
1466 1549 1494 1572 et
1511 1544 1620 1579 penitus
1645 1546 1742 1578 depra-

955 1594 1046 1616 vatum
1061 1595 1087 1617 et
1100 1594 1259 1625 corruptum
1274 1590 1396 1618 animum
1414 1591 1558 1619 habentem
1578 1595 1660 1624 atque
1688 1590 1740 1616 im-

955 1636 1029 1670 pium
1043 1640 1070 1663 et
1090 1635 1303 1667 inconstantem,
1322 1636 1430 1662 beatum
1443 1643 1505 1663 esse
1523 1636 1612 1669 :quod
1624 1639 1665 1662 est
1676 1643 1741 1663 cou-

955 1685 996 1708 tra
1013 1689 1170 1709 communes
1185 1681 1319 1709 notiones.
1340 1681 1374 1708 At
1391 1689 1458 1708 vero
1472 1689 1522 1709 nec
1538 1689 1601 1709 cum
1635 1681 1744 1708 virtuti-

954 1727 1006 1754 bus
1020 1726 1215 1754 beatitudinem
1232 1726 1338 1754 eliicere
1352 1732 1485 1762 possunt;
1502 1735 1564 1756 cum
1576 1727 1650 1756 enim
1676 1728 1742 1756 bea-

956 1772 1042 1799 titutlo
1057 1773 1091 1799 sit
1108 1772 1227 1808 optimus
1241 1772 1323 1800 totius
1340 1773 1401 1801 vitae
1433 1777 1533 1805 status,
1561 1778 1677 1808 oportet,
1714 1778 1744 1801 ut

955 1822 1072 1849 constet,
1089 1826 1142 1845 non
1158 1825 1192 1846 ex
1217 1818 1437 1854 discrepantibus
1455 1819 1590 1847 interdum
1607 1825 1634 1847 et
1664 1828 1742 1855 repu-

955 1865 1172 1899 gnantibugsed
1187 1873 1220 1892 ex
1234 1865 1416 1893 concordibus
1435 1873 1543 1900 semper
1558 1871 1585 1893 et
1600 1867 1742 1894 consonis.

957 1911 1031 1938 Bona
1044 1912 1114 1938 enim
1133 1911 1224 1939 omnia
1253 1911 1374 1939 amicitia
1407 1916 1434 1939 ct
1458 1912 1609 1939 concordia
1634 1920 1743 1947 semper

957 1957 1085 1994 gaudent.
1104 1956 1155 1985 Sed
1171 1958 1241 1985 inter
1265 1957 1455 1990 indolentiam,
1469 1963 1497 1986 et
1525 1958 1692 1994 voluptatem
1718 1965 1744 1987 et

957 2006 1072 2032 virtutes
1088 2012 1186 2040 magna
1217 2004 1396 2040 repugnantia
1411 2011 1440 2032 ut
1461 2005 1609 2040 plurimum
1637 2011 1689 2034 est.
1715 2006 1744 2033 In

958 2051 1098 2086 plerisque
1110 2051 1183 2078 enim
1199 2051 1366 2086 impossibile
1381 2055 1424 2078 est
1441 2051 1618 2079 indolentiam
1637 2057 1664 2080 et
1695 2060 1744 2080 vo~

958 2098 1088 2132 luptatem
1106 2097 1248 2130 consequi,
1276 2097 1328 2124 nisi
1351 2098 1512 2125 omittamus
1545 2097 1692 2124 honestum
1719 2103 1745 2124 t-t

958 2144 1099 2177 decorum,
1111 2148 1137 2171 et
1149 2143 1352 2171 committamus
1365 2149 1442 2178 turpe
1450 2148 1476 2170 et
1495 2143 1666 2170 indecorum.
1678 2143 1745 2170 Nam

958 2190 980 2218 si
1002 2190 1101 2224 ubique
1116 2189 1242 2222 velimus,
1257 2197 1317 2224 qure
1334 2189 1404 2216 ratio
1423 2189 1601 2220 fortitudinis.
1616 2189 1741 2224 justitia‘,

923 2243 944 2269 [)
959 2236 1155 2271 temperantia,
1170 2240 1197 2263 et
1211 2236 1323 2262 omnino
1333 2242 1429 2262 natura
1445 2235 1552 2263 honesti
1570 2236 1667 2271 exigit,
1678 2244 1745 2263 con-

960 2282 1053 2317 sequi:
1078 2282 1263 2309 necessarium
1294 2285 1346 2312 est,
1385 2289 1439 2309 non
1471 2282 1559 2309 solum
1590 2283 1746 2316 voluptates

962 2333 1124 2363 postponere
1136 2347 1144 2358 ,
1160 2327 1207 2354 sed
1225 2327 1307 2354 etiam
1335 2335 1449 2362 magnos
1465 2329 1560 2356 subire
1577 2329 1693 2361 labores,
1719 2334 1746 2355 et

959 2376 1073 2402 acerbos
1086 2375 1221 2402 sustinere
1235 2373 1354 2401 dolores.
1385 2374 1417 2400 Et
1430 2381 1447 2401 ο
1462 2375 1610 2406 contrario,
1644 2375 1666 2402 si
1694 2375 1745 2401 hoc

962 2425 1144 2448 statueremus
1161 2420 1187 2447 in
1209 2420 1300 2451 nobis,
1319 2423 1347 2446 ut
1360 2419 1489 2446 omnibus
1516 2421 1605 2447 modis
1622 2420 1748 2454 volupta-

963 2470 1016 2492 tctn
1033 2465 1156 2500 corporis
1182 2470 1207 2492 et
1225 2465 1402 2492 indolentiam
1425 2472 1621 2500 sequeremur,
1643 2465 1746 2492 nullum

963 2512 1053 2540 scelus
1067 2515 1147 2544 esset,
1166 2511 1269 2538 nullum
1290 2511 1408 2543 facinus,
1424 2511 1531 2538 nullum
1557 2511 1675 2545 denique
1690 2518 1746 2537 ma-

963 2557 1030 2587 lum,
1046 2558 1079 2584 ad
1095 2556 1166 2592 quod
1182 2556 1397 2592 suscipiendum,
1408 2557 1516 2585 licentia
1531 2557 1679 2592 proposita,
1692 2565 1745 2584 non

963 2603 1172 2637 impelleremur.
1186 2602 1241 2629 Nec
1258 2610 1323 2637 ergo
1340 2610 1402 2629 cum
1419 2602 1578 2633 virtutibus,
1595 2610 1645 2629 nec
1675 2602 1746 2634 sine,

964 2649 1088 2684 voluptas
1105 2653 1130 2676 et
1146 2649 1296 2677 indolentia
1313 2650 1339 2676 in
1355 2649 1442 2676 forma
1458 2649 1635 2677 beatitudinis
1657 2649 1748 2676 valent

964 2695 1166 2723 connumerari.
1184 2694 1216 2722 Et
1229 2695 1291 2722 ideo
1308 2697 1399 2722 omnia
1418 2703 1549 2730 corporea
1567 2696 1635 2722 bona
1655 2700 1681 2722 et
1696 2703 1746 2722 ex-

967 2746 1055 2773 tenua,
1073 2740 1099 2767 in
1118 2745 1251 2775 quantum
1269 2741 1425 2768 referuntur
1442 2741 1478 2768 ad
1510 2742 1597 2776 ipsam
1623 2741 1747 2768 indolen-

967 2787 1032 2814 tiam
1045 2791 1072 2814 et
1086 2786 1262 2821 voluptatem,
1278 2787 1444 2822 segreganda
1461 2793 1525 2814 sunt
1543 2794 1555 2813 a
1570 2786 1656 2813 for-ma
1686 2786 1746 2812 bea-

966 2834 1100 2860 titudinis.
1131 2833 1278 2862 Ostensum
1307 2838 1349 2861 est
1382 2838 1471 2860 autem
1503 2841 1563 2861 esse
1598 2833 1647 2859 hoc
1676 2832 1747 2858 idem

965 2880 1059 2908 etiam.
1071 2880 1097 2907 in
1111 2885 1244 2915 quantum
1264 2880 1419 2907 referuntur
1433 2879 1465 2907 ad
1481 2879 1567 2914 ipsam
1585 2878 1746 2914 essentiam.
