1868 3069
145 144 212 177 1351

687 144 883 173 BARLAAMI
906 143 955 172 DE
976 142 1193 172 SEMINARIA

1703 133 1769 164 tare

142 201 256 228 Penitus
279 207 345 235 ergo
369 205 547 234 segregantur
565 200 598 227 ab
622 199 676 227 illis
698 200 862 234 bonis,qu:e
873 200 928 228 for-
943 199 1045 231 AC".
1068 197 1165 235 XXIX.
1194 196 1270 235 Natu
1284 194 1437 235 commoda.
1466 193 1510 235 δίνᾳ
1527 193 1715 235 αῙΤιτςιιενινιυα
1736 198 1768 216 cu

143 255 215 274 mam
233 245 410 274 beatitudinis
428 246 609 272 constituunt.

145 306 210 332 CAP.
237 303 334 332 XXVL
362 303 399 329 De
411 303 486 329 bouis
511 303 696 342 et‘cammodis
710 311 770 337 qua:
793 302 932 335 tripliciler

475 343 605 365 eveniunt.

181 398 232 425 ista
250 397 427 431 itaque,qn:e
446 401 544 430 praeter
557 396 671 421 virtutes
686 395 767 429 vulgo
791 394 862 421 bona
889 394 932 421 di-

146 449 257 475 cuntur,
276 449 303 471 et
317 451 332 470 a
350 443 452 470 Stoicis
469 441 613 468 commoda
630 442 813 475 appellantur,
829 447 854 467 et
867 449 932 467 con-

146 490 228 517 traria
243 489 429 519 incommoda,
449 488 548 522 triplici
569 487 648 513 modo
661 488 791 513 eveniunt
805 495 810 512 :
823 494 854 514 ex
879 487 932 513 vir-

144 540 212 566 tute.
231 543 265 562 ex
281 535 372 568 culpa,
389 542 422 561 ex
437 538 545 560 neutro.

180 581 219 608 Ex
236 582 336 608 virtute
358 581 397 615 (ut
423 588 436 606 a
453 579 605 606 commodis
621 578 774 613 incipiam),
789 583 819 606 ut
856 586 930 612 quat-

145 634 255 661 cttnque
282 626 386 652 homini
417 626 451 652 ab
478 624 634 651 hominibus
668 629 780 658 propter
805 623 933 651 virtutem

145 672 313 698 tribuuntur.
327 671 385 704 Vel,
404 671 427 697 si
441 672 502 705 quis
518 671 652 705 optimum
669 671 753 697 tilium
763 670 860 702 habet,
871 678 934 697 eum

146 717 202 750 ipse
215 723 279 743 eum
299 718 366 743 bene
386 716 560 743 educavisset
580 724 589 743 :
610 715 663 746 vel,
676 723 721 742 res
738 715 882 742 familiaris
900 723 933 742 ex

147 762 300 796 prudentia,
319 762 378 789 sine
397 762 499 795 injuria
531 761 667 796 acquisita
691 766 720 788 et
744 762 908 796 ampliﬁcata
925 770 932 789 :

146 808 199 840 vel,
215 809 341 835 sanitatis
357 813 383 835 et
402 809 501 836 virium
518 816 550 835 ex
565 807 729 836 abstinentia
757 813 786 835 et
811 808 932 843 diligenti

146 854 281 888 regimine
296 855 484 886 conservatio,
503 854 564 882 etsi
584 861 637 889 qua
652 854 764 882 similia.

182 901 221 927 Ex
233 900 322 934 culpa,
339 905 370 927 ut
385 901 407 928 si
423 901 485 935 quis
501 908 532 927 ex
543 900 680 927 adulterio
696 900 798 927 bonum
811 900 934 934 genuerit

147 945 232 972 lilium
249 954 255 978 ;
270 950 318 972 aut
334 945 504 973 detrahendo
517 945 617 981 injuria
639 952 704 972 suas
724 953 768 973 res
789 951 897 980 augeat,
908 951 935 973 et

146 991 168 1019 si
181 999 235 1025 qua
250 991 420 1025 huiusmodi.

182 1037 220 1064 Ex
234 1043 341 1070 neutro,
358 1042 388 1065 ut
397 1045 568 1073 quaecunque
582 1042 692 1069 natura,
714 1037 837 1068 fortuna,
856 1045 932 1069 casu,

146 1084 334 1116 successione,
353 1084 497 1116 divinitus,
510 1084 553 1112 vel
563 1092 676 1119 quoquo
687 1084 768 1111 modo
783 1083 864 1110 alicui
875 1084 935 1110 sine

149 1139 232 1165 opera
248 1139 295 1158 sua
321 1132 463 1158 eveniunt.

235 1188 300 1215 Car.
331 1188 441 1215 XXV“.

183 1244 250 1271 Item
268 1245 301 1270 de
318 1245 500 1271 incommodis
513 1245 606 1272 eadem
620 1234 719 1272 divisio
736 1250 787 1272 est.
808 1244 875 1271 Nam
902 1252 933 1271 ex

146 1290 247 1316 virtute
264 1290 434 1323 Contingunt,
453 1294 483 1316 ut
498 1298 669 1324 quiet-utique
686 1291 786 1317 damna
813 1291 936 1317 dolores—

147 1343 201 1369 que
216 1335 296 1362 alicui
316 1335 483 1366 inferuntur,
500 1341 610 1370 propter
633 1336 746 1370 justitize
761 1336 934 1363 instantiam.

150 1379 206 1409 νιιι,
221 1380 242 1406 si
259 1380 321 1414 quis
360 1387 461 1414 pauper
487 1385 539 1413 est,
566 1388 628 1407 cum
652 1388 716 1407 suas
741 1380 885 1407 facultates
903 1381 936 1407 ad

147 1433 230 1459 opera
248 1425 359 1459 iustitiae
381 1430 407 1452 et
421 1425 595 1453 liberalitatis
617 1427 814 1459 transtulisset,
829 1427 871 1453 vel
889 1426 936 1453 de-

149 1471 203 1496 labi
217 1477 276 1502 eas,
292 1470 383 1497 studio
396 1471 542 1498 meliorum
558 1479 662 1503 rerum,
676 1472 837 1498 dimisisset.

474 1187 708 1214 lucommodorum
734 1187 839 1214 divisio.

184 1526 223 1553 Ex
237 1527 315 1560 culpa
329 1528 491 1561 contingunt
505 1547 512 1560 ,
529 1532 558 1554 ιιι
581 1535 758 1562 quaecunqure
783 1528 866 1556 alicui
895 1528 934 1555 in-
950 1534 972 1564 ο

148 1573 291 1598 commoda
306 1571 471 1604 inferuntur,
486 1577 597 1606 propter
611 1573 644 1599 ab
661 1580 693 1598 eo
718 1577 856 1599 auteaetas
867 1573 938 1608 inju-

151 1618 221 1647 rias;
238 1623 265 1644 ct
282 1617 304 1644 si
319 1618 376 1651 ipse
391 1617 481 1652 aliqua
498 1618 704 1651 perturbatione
715 1619 878 1652 concitatus,
891 1623 938 1646 aut

148 1671 202 1689 nou
221 1663 393 1697 propuISavit
408 1663 548 1690 interitutn
566 1671 581 1690 a
603 1664 842 1692 charissimisenm
874 1673 936 1699 pos-

149 1715 190 1737 set
204 1719 211 1743 ;
226 1714 273 1736 aut
285 1710 342 1743 ipse
356 1709 449 1737 intulit
464 1710 505 1737 eis
525 1710 666 1737 interitum
683 1719 690 1743 ;
710 1716 756 1738 aut
768 1711 805 1738 rei
821 1711 938 1738 familia-

149 1757 196 1788 ris,
215 1757 337 1792 pigritia,
350 1758 458 1786 inertia.
476 1758 582 1792 ignavia
600 1759 747 1792 delapsus;
762 1764 790 1786 et
812 1759 937 1794 corporis

149 1803 367 1835 commodorum,
386 1804 525 1838 voluptate
538 1804 655 1836 devicto,
666 1811 698 1830 ex
710 1812 792 1839 pravo
806 1804 937 1839 regimine

149 1849 273 1881 amissio,
287 1853 314 1876 et
334 1850 418 1876 multa
432 1851 507 1877 talia.
570 1841 577 1850 ’

186 1897 298 1932 Nrutro.
315 1904 380 1937 Qum
394 1914 444 1933 nec
455 1906 565 1938 virtute,
579 1915 629 1934 nec
659 1907 736 1939 vitio,
756 1914 804 1933 nec
829 1907 937 1939 penitus

149 1958 181 1977 ex
201 1951 290 1985 aliqua
306 1959 387 1985 opera
406 1952 573 1987 contingunt
590 1962 595 1979 :
614 1957 643 1980 ut
659 1961 854 1987 corporeornm
883 1961 933 1979 na—

149 1999 252 2024 turales
271 1998 403 2031 defectus,
420 2003 446 2025 et
460 2007 629 2033 qurecunque
655 1999 827 2026 incommoda
859 2006 935 2031 casu,

150 2044 270 2077 fortuna,
284 2045 324 2070 vel
335 2045 369 2071 ab
385 2044 546 2072 hominibus
561 2045 661 2080 injuria
689 2045 834 2071 commotis
870 2045 937 2071 infe-

150 2096 259 2118 l‘lﬂlllll’.

150 2147 214 2174 Car.
256 2148 377 2176 XXVIII.
403 2149 576 2176 Commodum
596 2149 733 2176 exvirtutc
749 2150 864 2182 veniens,
890 2159 936 2177 cr-

367 2185 503 2218 pclwdum
512 2192 560 2215 est,
576 2190 600 2211 et
615 2193 665 2219 qua
670 2193 707 2211 re.

186 2242 222 2268 EX
241 2242 328 2268 tribus
341 2242 423 2276 igitur
433 2242 532 2274 modis,
550 2242 664 2276 primus,
685 2249 740 2276 quo
753 2241 851 2268 virtute
863 2250 938 2268 rom-

151 2290 229 2315 tnoda
245 2289 285 2314 vel
298 2288 481 2318 incommoda,
496 2295 558 2314 cum
571 2289 722 2317 evenerint.
739 2296 788 2315 sna
819 2296 937 2323 prarsen—

151 2337 187 2362 tia
205 2340 303 2369 augent
320 2343 366 2368 per
376 2342 404 2361 se
419 2334 615 2361 beatitudinem
630 2335 693 2367 ;sed
707 2340 817 2369 propter
829 2342 936 2365 eorum,

151 2380 223 2407 circa
239 2387 333 2406 eorum
361 2379 555 2412 sumptioncut,
572 2380 937 2414 virtuesamdispositionem

159 2431 186 2452 et
200 2425 350 2452 actionem.

189 2481 329 2508 Secundus
345 2482 452 2512 modus,
471 2488 525 2515 quo
542 2489 572 2508 ex
589 2482 669 2516 culpa
686 2484 826 2510 commoda
841 2484 880 2511 vel
897 2484 938 2510 iu-

154 2527 297 2555 Comntoda
313 2532 469 2558 sumuntur,
484 2528 629 2562 fugiendus
641 2535 666 2556 et
681 2530 844 2557 miserabilis
874 2522 934 2563 est‘;

155 2578 264 2608 propter
280 2573 405 2600 similiter
419 2574 492 2600 circa
510 2574 605 2601 eadem
619 2575 743 2602 vitiosam
779 2577 938 2611 dispositio-

153 2630 214 2649 nem
227 2627 254 2649 et
269 2623 414 2648 actionem.

190 2679 296 2707 Tertius
312 2680 417 2711 modus,
440 2689 493 2715 quo
507 2688 556 2708 nec
568 2681 669 2708 virtute
681 2690 729 2709 nec
743 2682 833 2717 culpa,
843 2683 936 2708 eadem

152 2728 324 2762 contingunt,
342 2736 390 2754 nec
403 2728 435 2755 ad
451 2728 660 2760 beatitudinem,
677 2737 726 2754 nec
740 2729 773 2754 ad
798 2729 936 2755 miseriam

152 2774 253 2808 aliquid
275 2774 402 2809 ponderis
419 2773 500 2802 habet
520 2784 526 2802 :
541 2774 590 2801 sed
605 2782 666 2801 eum
682 2775 737 2800 sint
749 2778 856 2807 sumpta
870 2781 937 2808 quu-

153 2829 207 2856 qun
226 2821 304 2849 modo
314 2822 457 2848 commoda
475 2822 515 2848 vel
537 2821 723 2853 ineommoda,
746 2821 863 2854 qualiter
896 2825 938 2847 est

153 2868 194 2895 eis
211 2869 475 2905 utendutn,dicetur,
496 2868 540 2896 ubi
554 2868 587 2894 de
605 2867 752 2894 virtutibus
764 2866 935 2907 tvactabitut".

1096 233 1200 267 [aciunt
1210 232 1244 258 ad
1261 231 1451 257 beatitudinem
1465 228 1503 255 vel
1516 228 1664 254 miseriam.

1024 289 1102 317 Nunc
1127 293 1216 316 autem
1252 287 1318 314 illud
1338 286 1375 314 sit
1403 284 1592 312 manifestum.
1628 281 1699 316 quod
1721 288 1770 306 nec

982 334 1125 363 commoda
1138 333 1326 364 beatitudinis,
1339 339 1389 358 nec
1400 330 1569 358 incommoda
1579 329 1694 355 miseria:
1708 336 1771 362 par-

984 389 1025 410 tcs
1041 381 1169 414 sint;sed
1193 380 1317 410 aﬂ‘ectus,
1334 385 1361 405 et
1386 383 1475 409 actus,
1488 382 1514 403 et
1543 384 1610 402 usus
1636 376 1712 401 virtue
1726 382 1771 401 sus

983 429 1027 457 vel
1040 429 1168 460 vitiosus,
1196 427 1271 454 circa
1292 431 1410 459 utraque
1435 423 1614 458 acquirenda,
1628 422 1770 454 sumenda,

986 472 1096 503 tuenda,
1109 471 1235 503 ferenda,
1249 471 1350 497 utenda
1365 474 1392 496 et
1405 468 1552 496 amittenda
1574 468 1609 494 ad
1629 467 1771 494 beatitudi-

985 527 1047 546 nem
1067 518 1108 546 vel
1125 518 1264 544 miseriani
1283 516 1412 551 pertinet.

1022 565 1092 592 Sunt
1108 565 1199 598 itaque
1225 563 1367 590 commoda
1389 561 1566 596 acquirenda.
1583 566 1609 587 et
1628 560 1771 592 tuenda,ct

987 612 1098 644 utenda,
1117 611 1182 637 dum
1198 610 1261 637 licet
1287 613 1362 637 recte
1378 610 1435 636 haec
1454 609 1522 639 lieri,
1538 613 1565 634 et
1582 607 1693 634 minime
1710 607 1770 641 reji-

985 659 1090 691 cienda,
1109 659 1161 686 nisi
1178 663 1225 684 aut
1242 657 1277 684 ad
1290 657 1486 692 comparandas
1514 656 1556 683 vel
1573 656 1705 690 gerendas
1730 663 1770 682 res

986 705 1114 732 meliores
1132 725 1139 737 ,
1159 709 1206 731 aut
1225 705 1258 739 ad
1284 703 1457 731 serviendum
1478 703 1633 733 hominum,
1658 710 1769 736 quorum

986 751 1074 784 decet,
1087 751 1208 777 utilitati.
1228 750 1248 776 E
1264 754 1359 776 contra
1375 757 1440 776 vero
1452 749 1624 776 incommoda
1641 753 1688 774 aut
1708 753 1769 774 sunt

987 797 1146 833 rejicieuda,
1159 801 1207 824 aut
1223 803 1300 830 mque
1311 796 1404 822 animo
1421 795 1543 827 ferenda,
1555 795 1608 821 nisi
1620 799 1667 820 aut
1681 794 1715 821 aJ
1727 795 1771 821 de-

951 863 971 892 B
987 843 1113 872 cliuanda
1140 842 1356 869 ineommodiora
1374 846 1402 868 et
1418 841 1508 875 pejora
1525 862 1532 873 ,
1548 845 1597 867 aut
1621 840 1655 866 ad
1676 848 1771 867 consu-

985 890 1094 923 lendum
1109 889 1236 916 decenter
1248 887 1391 914 hominum
1415 888 1538 914 utilitati.
1555 886 1607 914 Sed
1621 886 1654 913 ad
1669 887 1768 921 reliqua

986 942 1142 970 pergamus.

1156 991 1224 1020 CAP.
1240 991 1324 1018 XXX.
1342 991 1487 1018 Honestum
1509 988 1585 1024 quid.

1021 1049 1144 1076 Positum
1162 1053 1204 1076 est
1225 1049 1252 1074 in
1268 1048 1405 1083 principio
1425 1047 1496 1081 quod
1515 1045 1656 1072 beatitudo
1685 1052 1731 1078 per
1745 1052 1770 1070 se

986 1094 1147 1129 expetenda.
1165 1095 1197 1121 Et
1213 1100 1254 1121 est
1268 1099 1419 1124 ostensum,
1433 1092 1505 1127 quod
1523 1092 1577 1118 vita
1596 1092 1673 1117 bvata
1706 1091 1769 1117 idem

986 1146 1038 1173 est,
1054 1141 1126 1175 quod
1156 1141 1279 1167 virtuosa
1302 1149 1308 1166 :
1326 1139 1380 1166 vita
1397 1146 1464 1173 ergo
1479 1138 1601 1164 virtuosa
1621 1145 1669 1171 per
1683 1145 1713 1164 sc
1734 1142 1771 1163 est

986 1186 1147 1220 expetenda.
1166 1185 1213 1212 Est
1230 1191 1321 1212 autem
1338 1190 1365 1212 et
1382 1184 1536 1215 laudabilis,
1552 1189 1582 1210 ut
1599 1184 1680 1210 situm
1696 1188 1735 1210 est
1746 1183 1770 1209 in

987 1231 1275 1259 delinitionevirtut‘s.
1294 1231 1346 1257 Sed
1360 1231 1432 1265 quod
1446 1235 1485 1257 est
1504 1231 1540 1256 ita
1561 1230 1674 1260 bouum,
1693 1231 1770 1255 uti'e-

987 1282 1073 1306 tracto
1087 1279 1160 1310 ornui
1174 1279 1367 1309 emolumento,
1382 1278 1445 1312 jure
1463 1277 1571 1303 laudari
1590 1282 1615 1302 et
1627 1277 1717 1310 expeti
1729 1284 1771 1310 per

988 1331 1017 1350 se
1034 1323 1122 1357 ipsum
1138 1324 1240 1358 possit:
1253 1322 1316 1349 illud
1330 1329 1381 1354 est,
1392 1324 1463 1357 quod
1475 1323 1618 1349 honestum
1633 1324 1768 1349 sentimus.

987 1368 1048 1396 Vita
1065 1375 1130 1403 ergo
1143 1369 1274 1399 virtuosa,
1286 1368 1379 1394 eadetn
1396 1372 1438 1395 est
1452 1368 1578 1395 honesta.
1596 1368 1628 1394 Et
1645 1369 1710 1402 quia
1724 1369 1770 1394 vita

989 1414 1061 1441 bona
1079 1420 1105 1441 et
1119 1414 1208 1445 beata,
1219 1414 1313 1441 eadem
1331 1419 1373 1441 est
1385 1414 1507 1440 virtuosa
1524 1423 1531 1440 :
1549 1414 1603 1440 vita
1620 1421 1688 1447 ergo
1709 1414 1770 1440 bona

988 1466 1014 1487 ct
1034 1461 1122 1494 beata,
1140 1461 1234 1487 eadem
1251 1465 1293 1487 est
1314 1461 1437 1487 honesta.
1455 1460 1488 1487 Et
1501 1460 1565 1495 quia
1592 1460 1665 1494 quod
1691 1460 1772 1490 hone-

991 1510 1062 1534 stum
1073 1511 1125 1537 est,
1137 1507 1207 1534 idem
1221 1514 1282 1533 esse
1291 1506 1390 1533 bonum
1410 1513 1488 1533 nemo
1500 1505 1606 1532 dubitat
1619 1514 1626 1532 :
1638 1505 1772 1533 concludi-

991 1556 1036 1580 tur
1053 1561 1068 1580 e
1079 1560 1223 1586 converso,
1238 1554 1310 1587 quod
1328 1560 1388 1586 qua:
1404 1553 1516 1579 honesta
1537 1553 1592 1579 vita
1612 1557 1664 1584 est,
1678 1552 1770 1579 cadent

989 1603 1032 1625 est
1048 1598 1130 1628 bona,
1145 1602 1172 1624 et
1189 1598 1267 1625 beata
1298 1602 1324 1624 et
1342 1598 1474 1625 virtuosa.

1025 1646 1064 1671 Ac
1087 1645 1180 1676 etiam,
1208 1644 1231 1672 si
1247 1645 1376 1672 decorum
1394 1649 1445 1676 est,
1472 1645 1543 1678 quod
1559 1649 1770 1672 censeutaneunt

989 1695 1031 1717 est
1051 1689 1172 1716 houtiuis
1190 1689 1365 1720 excellentiae,
1384 1689 1410 1715 in
1428 1697 1470 1720 eo,
1489 1690 1515 1716 in
1532 1698 1587 1724 quo
1606 1695 1705 1716 natura
1718 1690 1770 1723 ejus

989 1743 1005 1762 a
1021 1735 1133 1770 reliquis
1145 1735 1332 1762 animantibus
1359 1735 1466 1768 diﬂ'ert;
1485 1741 1511 1762 et
1527 1737 1615 1770 ipsum
1634 1736 1769 1767 decomw,

989 1782 1096 1817 etquod
1110 1781 1197 1811 decet.
1210 1782 1282 1808 ideut
1300 1782 1392 1808 virtuti
1406 1787 1433 1808 et.
1448 1782 1583 1810 honestati
1597 1783 1724 1810 t-ﬂicitnr.

1110 1839 1175 1866 Car.
1195 1838 1291 1865 XXXI.
1314 1838 1396 1870 Utile,
1410 1843 1433 1866 ct
1447 1839 1550 1871 inutile,
1565 1840 1638 1874 quid.

1025 1895 1127 1922 Deinde
1144 1896 1176 1922 de
1197 1896 1257 1922 utili
1275 1902 1303 1923 et
1330 1896 1417 1922 iutttili
1436 1897 1580 1923 dicendum
1602 1897 1646 1924 sit.
1666 1897 1767 1932 Duplici

989 1942 1071 1976 igitur
1085 1942 1164 1969 tuodo
1182 1947 1326 1977 utrumque
1338 1943 1448 1970 dicitur.
1465 1942 1536 1974 Uno,
1561 1944 1618 1978 ipsa
1634 1945 1769 1971 commoda

989 1988 1029 2014 vel
1044 1988 1226 2019 incommoda,
1244 1994 1272 2016 ut
1289 1990 1396 2022 donius,
1417 1998 1516 2023 equus,
1535 1999 1642 2022 servus,
1663 1993 1733 2018 vires
1745 1995 1769 2018 et

989 2033 1087 2059 similia
1105 2042 1112 2059 :
1129 2041 1189 2067 quae
1210 2034 1336 2060 videlicet
1356 2036 1389 2060 ad
1410 2035 1478 2061 idrm
1496 2043 1558 2062 cum
1582 2037 1706 2064 honestis
1734 2036 1768 2062 vrl

989 2079 1140 2107 inhonestis
1156 2087 1209 2106 non
1222 2080 1345 2107 veniunt.
1356 2080 1464 2108 Nullum
1478 2077 1550 2108 eniiu
1568 2085 1767 2109 commodorunt

988 2129 1035 2151 aut
1049 2125 1284 2152 ineotnmodorum
1298 2128 1444 2153 honestum
1461 2127 1504 2154 vel
1516 2132 1607 2163 turpe,
1622 2130 1712 2164 quoad
1728 2129 1769 2155 bo-

988 2171 1070 2198 minis
1082 2171 1276 2198 beatitudinem
1288 2191 1295 2202 ,
1317 2176 1369 2199 est.

1026 2218 1085 2243 Alio
1098 2217 1179 2244 modo
1196 2218 1271 2244 utilia
1282 2223 1309 2245 et
1320 2219 1424 2246 inutilia
1437 2219 1567 2246 dicuntur
1579 2221 1644 2254 ipsa:
1658 2221 1768 2247 hominis

991 2265 1126 2296 actiones,
1144 2272 1205 2298 qua:
1221 2270 1284 2291 sunt
1296 2265 1369 2292 circa
1385 2267 1528 2293 eonunoda
1544 2267 1585 2293 vel
1603 2267 1767 2294 incommoda

990 2309 1131 2340 sumenda,
1143 2312 1255 2342 utenda,
1267 2311 1448 2344 disponenda,
1460 2311 1582 2342 ferenda,
1595 2313 1636 2338 vel
1651 2313 1767 2347 rejicirn-

990 2356 1033 2382 da.
1051 2355 1116 2388 Qua:
1133 2356 1208 2382 utilia
1222 2357 1263 2383 vel
1276 2357 1393 2389 inutilia,
1403 2358 1496 2384 eadem
1513 2363 1575 2385 sunt
1587 2367 1649 2394 qua:
1663 2359 1766 2386 honesta

989 2406 1016 2428 et
1028 2402 1126 2436 turpia.
1144 2401 1210 2428 Nam
1228 2403 1250 2429 si
1264 2403 1352 2429 omnis
1365 2404 1454 2437 turpis
1470 2404 1542 2430 actio
1558 2412 1573 2430 a
1595 2405 1702 2432 defectu
1718 2406 1766 2432 tir-

991 2448 1056 2475 tutis
1066 2448 1262 2482 proﬁciscitur:
1273 2448 1393 2476 defectus
1403 2457 1468 2476 vero
1481 2450 1590 2478 virtutis
1605 2451 1677 2478 lzedit
1693 2451 1768 2478 bcati-

991 2495 1162 2526 tudiiwm,ac
1178 2495 1278 2522 nemini
1291 2496 1356 2523 utile
1368 2500 1455 2529 potest
1466 2503 1537 2529 esse,
1549 2498 1621 2531 quod
1638 2498 1766 2525 sitcoutra

990 2549 1068 2568 suam
1084 2541 1408 2568 beatitudinem:nemini
1427 2549 1492 2576 ergo
1508 2543 1596 2577 turpis
1615 2544 1685 2570 actio
1701 2543 1766 2569 utilis

989 2592 1039 2614 est.
1051 2588 1134 2615 Porro
1154 2589 1227 2622 quod
1257 2588 1316 2614 sine
1341 2588 1511 2622 turpitudine
1535 2590 1638 2616 utiliter
1660 2590 1765 2621 lit,idcm

990 2629 1188 2660 rationabiliter
1201 2638 1227 2660 et
1243 2640 1315 2660 recte
1339 2634 1378 2660 fit.
1406 2635 1458 2662 Sed
1477 2636 1549 2669 quod
1579 2636 1766 2662 ralit'ttabiiiter

989 2684 1016 2705 et
1030 2684 1102 2706 recte
1121 2679 1158 2708 lit.
1175 2679 1255 2705 etiam
1272 2680 1385 2707 honeste
1402 2680 1442 2707 iit.
1462 2681 1498 2706 Ex
1515 2680 1616 2714 quibus
1633 2681 1765 2708 concludi-

990 2730 1043 2757 tur,
1057 2725 1129 2759 quod
1147 2726 1236 2752 otunis
1260 2725 1334 2752 utilis
1352 2726 1425 2752 actio
1444 2727 1557 2753 honesta
1572 2733 1623 2754 est.
1645 2729 1681 2754 Ac
1693 2727 1764 2753 etiam

989 2772 1012 2798 si
1029 2771 1105 2801 illud.
1127 2771 1199 2806 quod
1216 2771 1362 2798 honestum
1385 2771 1455 2798 furtu
1470 2777 1521 2803 est.
1538 2777 1565 2799 et
1583 2774 1616 2799 ad
1630 2772 1765 2799 beatitudi-

991 2825 1051 2844 netu
1061 2818 1193 2851 pertinet,
1205 2825 1318 2845 summze
1329 2818 1453 2845 utilitatis
1461 2823 1520 2851 est;
1533 2819 1685 2849 coniicitur,
1699 2819 1763 2853 quod

990 2865 1082 2893 omnis
1099 2865 1294 2892 houestaaetio
1308 2867 1382 2893 utilis
1396 2871 1448 2893 est.
1464 2866 1526 2895 Sulci
1542 2875 1607 2901 crgo
1623 2868 1729 2894 llOlltjtlil
1742 2871 1762 2892 et
