1868 3069
371 85 432 99 7,...

124 113 195 150 1353

123 173 249 200 virtuosa
266 171 332 205 vita,
344 170 420 199 utilis
432 170 488 198 vita
501 174 552 203 est.
568 173 597 198 et
607 169 666 198 sola
680 169 823 197 inhonesta
834 173 861 196 et
875 169 915 195 vi-
930 171 952 199 Α

125 218 197 247 tiosa
208 218 324 246 inutilis.
337 217 424 253 Igitur
435 224 484 246 sex
498 219 557 244 haec
574 225 582 243 :
598 217 713 249 bonum,
724 215 912 247 beatum,vir-

124 269 184 293 tute
193 264 360 298 conlectum,
370 264 528 294 honestum.
545 263 674 290 decorum
687 266 714 289 et
729 261 795 289 utile
810 270 818 288 ς
833 261 912 292 adde,

124 311 148 339 si
165 311 217 343 vis,
235 315 352 343 rectum,
376 309 540 337 rationabile
556 318 564 341 ;
580 309 614 335 ad
643 309 714 336 idem
742 307 865 338 veniunt,
888 310 915 333 et

125 356 197 384 idem
214 356 271 384 fere
285 359 395 383 sonant.
413 354 445 381 Et
455 354 516 381 ideo
532 353 659 389 opposita
676 359 783 384 eorum,
796 350 913 383 scilicet,

126 402 243 435 malum,
261 402 404 433 miserum,
430 400 573 432 vitiosum,
598 399 788 428 inhonestum,
805 397 915 424 indeco-

125 456 198 481 rum,
216 453 306 482 turpe,
320 447 428 480 inutile,
443 451 597 482 peccatum,
614 444 810 473 irrationabile.
826 443 914 476 Adde,

126 494 150 522 si
167 494 220 526 vis,
235 500 360 528 pravum,
371 492 549 528 ﬂagitiosum,
567 491 680 524 foedum,
703 494 815 522 tetrum,
838 489 915 516 dete-

125 540 240 574 stabile;
250 538 340 567 omnia
351 538 535 572 hzccejusdcm
548 535 844 565 suntcalamitatis.Ex
856 542 916 562 om-

126 586 210 614 nibus
224 586 318 620 itaque
335 585 526 620 superioribus
545 584 575 611 ιιι
592 583 712 618 denique
738 583 828 610 linalis
849 589 914 610 con-

126 632 226 666 clusio,
246 638 296 666 pro
310 638 364 666 qua
376 630 467 658 omnia
477 630 505 658 in
520 629 573 658 hac
585 630 691 658 ratione
706 632 915 664 praecesserunt,

126 679 186 707 hac
200 688 208 707 :

165 724 316 753 Conclusio.
327 723 407 758 Quod
422 724 446 752 si
461 724 524 759 quis
539 724 624 751 vitam
637 722 872 750 ducitvirtuosam
890 726 917 749 et

127 771 285 804 honestam,
294 770 545 806 quomodoeunque
554 769 699 797 commoda
705 773 733 796 et
744 767 916 796 incommoda

128 818 195 846 huic
211 817 385 852 contingunt,
403 817 484 844 modo
498 824 552 844 non
573 823 623 844 sua
637 815 714 851 culpa
731 823 738 842 :
757 815 825 842 nihil
839 815 917 842 deest

656 110 800 142 ETHILA
820 108 1033 140 SECUNDUM
1052 109 1218 140 STOICUS.

1686 106 1753 140 1354

1002 168 1041 194 Ac
1054 167 1137 193 etiam
1154 167 1235 194 iidem
1253 165 1387 193 Platonici
1405 166 1489 193 multa
1505 167 1588 199 bona,
1616 170 1752 199 naturam,

965 217 1099 245 etartem,
1109 217 1136 239 et
1150 212 1374 240 consuetudinem
1388 212 1560 245 excellentia,
1576 212 1700 240 homines
1713 212 1754 239 di-

966 259 1070 286 vinitus
1085 258 1216 294 consequi
1235 265 1316 294 posse
1333 258 1470 286 allirmant
1487 267 1495 285 :
1512 258 1584 286 sicut
1602 257 1661 293 ipse
1675 256 1755 285 Plato

966 306 999 333 de
1014 305 1122 340 poetica
1138 310 1165 333 et
1181 305 1350 333 divinatione
1365 310 1392 332 cl
1417 312 1509 332 amore
1525 305 1552 331 in
1566 304 1683 331 Phwdro
1698 308 1754 331 tra-

966 352 1016 380 dit.
1034 352 1090 379 Non
1112 357 1203 379 tamen
1220 352 1283 379 ideo
1298 352 1465 387 prohibitum
1482 351 1544 385 erit,
1560 351 1682 378 ultimum
1698 356 1753 377 ter—

966 399 1082 431 minuml
1090 399 1122 426 ad
1138 406 1218 434 quem
1228 399 1376 427 ascendere
1385 403 1474 434 potest
1484 398 1524 426 vls
1534 398 1678 430 naturalis,
1690 397 1755 424 hea-

967 445 1111 473 litudinem
1129 446 1259 480 appellari
1274 454 1280 472 :
1297 446 1448 481 praesertim
1470 453 1532 472 cum
1545 446 1583 473 ita
1595 445 1630 474 sit
1643 446 1696 473 hoc
1707 451 1755 470 vo-

967 492 1096 520 cabulum
1115 493 1186 527 apud
1207 492 1300 527 plures
1317 492 1461 525 usitatum,
1476 496 1502 519 et
1518 499 1572 519 non
1591 496 1688 520 natura
1706 499 1755 518 no-

968 539 1041 565 mina
1060 537 1142 566 rebus
1159 538 1259 572 posita,
1275 538 1322 566 sed
1340 539 1474 566 utentium
1491 538 1672 573 beneplacito.

1080 592 1084 596 ”
1100 607 1167 636 Car.
1185 606 1308 634 XXXIII.
1324 606 1502 634 Beatitudinis
1518 606 1626 634 divisio.

1003 666 1098 701 Itaque
1109 665 1197 701 prima
1207 664 1243 692 sit
1253 664 1404 698 beatitudo,
1416 665 1476 700 ipse
1493 665 1614 700 optimus
1622 664 1684 692 vita
1702 670 1756 692 sta.

968 717 1012 741 tus
1022 720 1029 746 ;
1042 719 1123 748 quem
1133 711 1230 739 ultimo
1237 711 1385 739 ascendere
1397 718 1554 746 possumus,
1563 711 1759 738 transcendere

968 766 1034 786 vero
1049 759 1075 786 vi
1092 758 1209 786 naturali
1227 765 1281 786 non
1296 757 1429 789 valemus,
1453 757 1487 785 de
1508 765 1562 792 qua
1588 757 1758 785 beatitudine

969 805 997 832 in
1008 805 1050 833 his
1062 805 1139 832 libris
1154 808 1297 832 tractatur.

129 863 169 891 illi
184 863 217 891 ad
231 850 323 891 veram
341 862 552 890 beatitudinem.
573 861 607 889 Et
626 869 675 897 per
684 850 875 896 consequens,
893 859 917 888 si

1005 850 1131 879 Secunda
1147 851 1194 882 sit,
1210 858 1273 886 qua:
1282 851 1369 886 prima
1378 850 1519 886 supposita
1531 851 1621 878 adhuc
1633 858 1759 886 compre-

127 909 193 945 qnis
206 914 249 937 est
263 909 298 936 ita
315 909 482 944 depravatus
498 913 526 936 et
546 911 703 943 corruptus,
723 912 753 935 ut
767 914 819 935 nec
836 906 918 935 vesti-

130 957 206 992 gium
224 955 334 990 aliquod
347 955 458 982 virtutis
473 959 502 983 et
516 955 670 994 honestatis
695 955 722 982 in
740 961 774 982 eo
789 953 917 986 exsistat,

130 1003 206 1036 huic,
222 1009 380 1037 quanquam
394 1001 523 1029 omnibus
539 1001 661 1029 abundet
674 1000 837 1033 commodis,
849 999 918 1028 nihil

128 1050 207 1077 deest
222 1048 256 1076 ad
274 1055 411 1076 summam
429 1047 581 1076 miseriam.

130 1107 197 1135 Car.
212 1104 322 1134 XXXII.
333 1104 446 1133 Beatum
465 1105 568 1132 nullum
583 1105 612 1132 in
626 1107 676 1132 huc
689 1107 754 1137 vita,
773 1105 917 1132 secundum

444 1140 611 1167 Platonicos.

167 1188 218 1216 Hic
237 1188 350 1224 quidam
374 1187 520 1221 Platonici,
548 1186 748 1215 immortalitati
762 1186 918 1214 animorum

130 1242 242 1271 operam
259 1234 405 1267 dantes,et
417 1241 512 1261 eorum
525 1233 673 1268 quamdam
689 1233 866 1261 excellentem
880 1232 919 1260 l‘c—

131 1281 264 1309 licitatem
282 1280 474 1316 imaginantes.
485 1279 566 1315 eique
576 1280 659 1308 vitam
674 1279 745 1307 hanc
757 1287 919 1314 comparan-

132 1333 184 1362 tes,
200 1327 370 1363 impossibile
383 1331 521 1360 asserunt,
534 1327 560 1354 in
570 1327 622 1354 hac
634 1327 687 1354 vita
700 1327 807 1355 beatum
827 1327 918 1354 homi-

132 1381 195 1402 nem
211 1381 283 1401 esse.
299 1372 406 1406 Quibus
422 1372 500 1400 multi
517 1380 661 1400 assensum
687 1373 849 1407 praebentes,
869 1379 919 1400 nos

132 1427 147 1447 a
164 1420 278 1447 veritate
291 1423 420 1454 reputant
434 1419 555 1446 deviare.
573 1418 622 1446 Est
637 1424 727 1446 autem
745 1419 817 1446 inter
831 1426 881 1445 nos
891 1422 919 1445 ct

132 1468 207 1502 ipsos
229 1473 284 1494 non
299 1466 327 1493 in
351 1473 381 1493 re
399 1465 598 1498 controversia,
622 1465 670 1492 sed
689 1465 717 1491 in
735 1464 844 1492 nomine
860 1470 918 1490 ton-

133 1518 202 1541 tum.
214 1512 274 1540 Non
290 1512 363 1540 enim
379 1512 502 1539 eamdem
524 1519 582 1540 rem
598 1511 708 1546 utrique
721 1510 916 1541 beatitudinem

133 1560 311 1595 appellamus,
327 1563 357 1586 ut
373 1559 408 1587 de
432 1558 528 1586 eodem
543 1558 651 1594 negatio
664 1562 692 1585 et
707 1557 851 1585 aﬂirmatio
870 1557 916 1585 sit.

134 1605 258 1640 Namque
270 1613 322 1634 nos
336 1605 468 1640 optimam
482 1605 578 1637 vitam.
593 1612 654 1640 qua:
673 1605 792 1632 maxime
808 1612 919 1638 compo-

132 1650 187 1678 sito
205 1651 344 1685 competit,
360 1650 514 1677 secundum
536 1650 608 1684 quod
625 1650 746 1678 hominis
760 1655 856 1678 natura
874 1658 921 1678 ea-

133 1703 185 1730 pax
209 1701 261 1728 est,
278 1696 474 1724 beatitudinem
498 1696 678 1731 appellantes,
694 1698 733 1729 {et
747 1695 786 1722 nil
800 1696 918 1722 alienutn

133 1741 176 1768 vel
189 1741 370 1777 incongruum
387 1742 412 1769 ei
427 1741 570 1774 addentes,
587 1741 658 1768 hanc
674 1741 799 1769 homines
825 1749 921 1770 conse-

133 1789 179 1824 qui
196 1796 278 1824 posse
287 1789 447 1817 asserimus.

168 1834 209 1863 Illi
239 1842 303 1863 vero
330 1840 519 1870 separatorum
546 1835 700 1862 animorum
719 1834 917 1863 beatitudinem

132 1881 351 1916 considerantes,
365 1882 464 1909 merito
477 1881 511 1909 ad
526 1881 602 1908 illum
613 1881 751 1909 hominem
768 1881 793 1908 in
803 1881 854 1908 hac
865 1882 918 1909 vita

131 1927 309 1955 exsistentem
321 1932 421 1963 negant
436 1927 579 1963 pervenire
588 1934 678 1962 posse.
691 1926 762 1963 Ergo
772 1930 920 1962 utrumque

131 1980 227 2000 verum
238 1977 289 2000 est.
301 1972 356 2000 Nec
363 1972 436 2000 enim
449 1979 499 2000 nos
514 1973 558 2000 illa
574 1972 742 2000 beatitudine
752 1972 823 2000 beati
839 1971 919 2004 elllci,

132 2018 159 2045 vi
179 2018 310 2050 naturali,
323 2017 388 2045 dum
401 2018 528 2051 vivimus,
546 2025 706 2053 possumus.
730 2018 787 2046 Nec
804 2018 858 2046 illis
873 2025 922 2046 no-

133 2069 189 2093 stra
204 2065 342 2100 congruit,
354 2065 395 2092 vel
410 2063 511 2092 suﬂicit
525 2064 675 2092 beatitudo.

970 896 1065 924 hendit
1079 903 1250 932 quaecunque
1264 897 1424 925 excellentia
1435 897 1506 924 bona
1520 896 1662 932 acquirere
1674 897 1758 924 homo

969 942 1052 970 etiam
1069 942 1097 969 in
1109 943 1160 970 hac
1174 944 1228 970 vita
1241 942 1333 970 divina
1345 943 1513 978 aspiratione
1526 947 1626 978 potest,
1640 946 1671 970 ut
1683 943 1759 970 Plato

968 989 996 1016 in
1009 988 1124 1017 Phtzdro
1138 989 1228 1018 docet.

1005 1035 1097 1063 Tertia
1115 1036 1159 1069 sit,
1174 1043 1236 1072 quae
1250 1036 1366 1072 suscipit
1392 1040 1457 1072 post
1476 1041 1592 1065 mortem
1609 1037 1757 1073 sapientes,

969 1087 999 1110 ut
1015 1082 1086 1110 idem
1104 1082 1182 1111 Plato
1201 1083 1228 1110 in
1251 1083 1382 1111 Phaedone
1396 1085 1490 1112 tradit.
1578 1076 1582 1079 ’

1005 1129 1092 1165 Igitur
1118 1130 1184 1164 quia
1202 1129 1239 1157 illi
1263 1130 1412 1158 secundum
1429 1135 1456 1158 et
1481 1131 1588 1158 tertiam
1606 1135 1756 1164 merentur,

969 1175 1016 1210 qui
1031 1176 1125 1211 primae
1147 1176 1296 1212 participes
1311 1177 1488 1209 exstiterunt,
1506 1177 1606 1204 merito
1624 1179 1656 1204 de
1671 1178 1758 1212 prima

969 1227 1074 1250 tantum
1089 1223 1162 1252 hunc
1173 1224 1292 1252 laborem
1308 1223 1437 1252 duximus
1452 1224 1669 1260 suscipiendum.

969 1280 1035 1309 CAP.
1056 1280 1177 1309 XXXIV.
1206 1279 1353 1308 Naturalia
1370 1281 1449 1314 bona,
1474 1282 1606 1317 quomodo
1632 1283 1659 1309 in
1681 1283 1756 1311 nobis

1269 1316 1451 1351 perﬁciantur.

1004 1372 1159 1402 Notandum
1170 1382 1234 1402 vero
1249 1375 1283 1403 sit
1298 1379 1325 1402 et
1340 1374 1417 1406 illud,
1429 1374 1501 1410 quod
1516 1377 1666 1403 secundum
1678 1383 1756 1403 eunt-

971 1419 1032 1447 dem
1046 1419 1198 1451 Platonem,
1209 1428 1258 1447 nec
1269 1420 1325 1455 ipsa
1336 1420 1472 1447 naturalia
1483 1421 1552 1448 bona
1563 1421 1657 1455 perlici
1668 1422 1695 1448 in
1708 1429 1759 1449 no-

971 1464 1013 1492 bis
1030 1472 1147 1500 possunt
1173 1465 1234 1492 sine
1250 1464 1344 1492 divino
1360 1465 1474 1492 auxilio.
1495 1465 1562 1493 Nam
1582 1473 1614 1493 ex
1630 1474 1686 1500 quo
1702 1474 1760 1494 om—

972 1511 1016 1538 nia
1043 1511 1147 1538 habent
1161 1518 1233 1543 esse,
1252 1518 1285 1538 ex
1314 1511 1410 1538 eodem
1426 1516 1454 1549 et
1469 1519 1546 1539 suam
1564 1513 1757 1546 perfectionem

972 1557 1070 1583 habere
1085 1564 1196 1584 necesse
1205 1561 1256 1584 est.
1271 1556 1368 1585 Omnia
1380 1565 1444 1584 vero
1456 1558 1606 1585 secundum
1620 1557 1758 1586 Platonem

970 1609 1002 1628 ex
1018 1601 1074 1628 Deo
1099 1602 1200 1629 habent
1220 1610 1291 1630 esse.
1307 1602 1373 1629 Item
1402 1603 1429 1630 in
1448 1603 1559 1636 Tima'o,
1578 1611 1640 1635 cum
1662 1612 1760 1640 propo-

970 1652 1063 1675 suerat
1076 1648 1108 1675 de
1120 1653 1216 1675 natura
1230 1649 1336 1682 mundi,
1350 1653 1377 1676 et
1392 1654 1501 1682 ortu,et
1515 1650 1689 1678 eonnexioue
1701 1659 1760 1678 om-

971 1694 1046 1721 nium
1065 1702 1079 1721 a
1095 1695 1182 1728 primo
1199 1695 1333 1730 principio
1345 1695 1436 1723 dicere
1454 1704 1460 1722 :
1477 1697 1576 1729 oravit,
1594 1702 1621 1725 ct
1635 1698 1758 1726 divinum

971 1740 1004 1767 ad
1020 1741 1160 1775 proposita
1178 1740 1333 1775 imploravit
1350 1742 1519 1776 adiutorium
1537 1752 1544 1770 :
1562 1751 1719 1779 quanquam
1731 1744 1758 1772 in

970 1786 1025 1813 illis
1041 1786 1078 1813 nil
1091 1787 1357 1815 excellensnaturale
1373 1793 1495 1815 nostrum
1513 1788 1652 1824 ingenium
1666 1790 1757 1818 dictu-

972 1840 1019 1861 rus
1039 1839 1107 1867 crut,
1120 1837 1166 1862 sed
1181 1841 1236 1861 non
1254 1839 1329 1868 putat
1346 1841 1376 1862 se
1389 1834 1434 1861 illa
1451 1836 1582 1870 consequi
1594 1843 1675 1870 posse
1688 1837 1759 1865 divi—

971 1879 1047 1906 nitus
1062 1887 1116 1906 non
1131 1880 1265 1915 adjutum.
1281 1880 1316 1907 At
1330 1881 1351 1908 si
1362 1881 1513 1908 secundum
1529 1882 1656 1909 eumdem
1671 1882 1698 1909 in
1713 1883 1759 1911 illo

973 1932 1082 1952 summo
1104 1925 1188 1958 bono,
1205 1927 1289 1954 totius
1304 1926 1446 1958 bonitatis,
1460 1927 1638 1962 perfectionis
1655 1934 1682 1957 et
1698 1929 1760 1957 bea-

971 1970 1097 1999 titudinis
1108 1972 1194 1999 instar
1211 1975 1265 2005 est,
1280 1971 1316 2000 ita
1331 1977 1425 2000 nostra
1441 1972 1595 2001 substantia
1605 1973 1758 2008 perﬁcitur.

971 2017 1007 2044 ita
1027 2018 1213 2052 beatiﬁcatur;
1229 2018 1252 2047 si
1267 2019 1302 2047 ad
1319 2019 1383 2047 illud
1398 2019 1495 2051 tendit,
1511 2019 1577 2047 illud
1593 2021 1715 2056 respicit,
1729 2025 1757 2049 et

971 2064 1038 2091 illud
1052 2065 1181 2092 imitetur.

136 2174 1746 2189 ,-———-——-————-—————————-———————————-—-—u.

713 2272 857 2316 PARS
891 2274 1178 2318 SECUNDA.

922 2381 958 2391 -ι

309 2448 374 2478 Car.
395 2449 416 2477 Ι.
438 2449 528 2478 Animi
551 2450 588 2477 vis
607 2451 761 2488 quotuplez.

168 2506 274 2542 Duplex
289 2512 330 2534 est
351 2507 393 2534 vis
413 2506 496 2534 animi
513 2507 614 2535 nostri.
631 2507 688 2535 Una
706 2517 759 2544 qua
787 2508 916 2544 intelligi-

132 2559 194 2580 mus
209 2556 236 2579 et
259 2558 354 2578 verum
372 2551 550 2585 inquirimus,
566 2557 593 2579 et
610 2559 625 2579 a
639 2552 709 2580 falso
725 2552 916 2585 discernimus,

130 2604 159 2627 et
174 2606 189 2625 a
204 2598 296 2626 dubiis
311 2599 344 2624 ad
364 2597 508 2626 manifesta
523 2599 673 2626 transimus
690 2607 697 2626 :
710 2603 739 2626 et
753 2599 781 2626 in
797 2599 837 2626 eis
851 2600 916 2634 quid

130 2651 316 2680 consequens,
342 2643 408 2678 quid
435 2651 591 2679 repugnans
614 2645 811 2681 conspicimus.
840 2645 874 2673 Et
889 2646 916 2674 in

132 2691 255 2726 agendis,
272 2690 336 2726 quld
357 2690 435 2723 utile,
455 2690 520 2724 quid
541 2691 654 2724 inutile;
671 2692 737 2727 quid
758 2694 872 2725 bonum.
889 2698 917 2720 et

131 2736 194 2772 quid
209 2736 331 2769 malum;
349 2740 376 2762 ct
387 2735 442 2768 cui,
459 2741 486 2763 et
503 2742 647 2770 quantum,
665 2744 691 2765 et
704 2739 783 2773 quale
799 2739 917 2774 inquiri-

131 2790 193 2810 mus
210 2787 238 2809 et
260 2782 427 2817 iudicamus.
449 2781 514 2815 Quae
541 2783 582 2810 vis
604 2790 666 2810 cum
681 2785 717 2812 sit
735 2785 914 2818 iutellectiva,

130 2835 207 2856 mens
228 2827 355 2864 appellari
372 2828 452 2855 solet.

261 2879 396 2906 l’naox.
417 2877 475 2906 tia.
506 2877 567 2907 CLI

934 2452 960 2484 D
1007 2450 1066 2477 Alia
1080 2453 1132 2483 est,
1155 2456 1208 2484 qua
1221 2448 1294 2477 bona
1316 2451 1357 2478 vel
1377 2451 1448 2478 mala
1466 2451 1493 2479 in
1507 2452 1621 2487 agendis
1634 2452 1756 2488 iudicata
1782 2479 1785 2482 o

972 2497 1091 2532 placent,
1107 2496 1148 2524 vel
1160 2496 1306 2531 displicent
1323 2497 1413 2525 nobis.
1430 2497 1464 2524 Et
1479 2497 1525 2526 Illa
1539 2499 1650 2534 quidem
1663 2507 1759 2535 accep"

972 2547 1074 2573 tamus,
1102 2541 1293 2576 amplexantur
1322 2545 1350 2568 et
1381 2543 1583 2577 amplectimur.
1613 2545 1758 2573 Contraria

972 2594 1038 2614 vero
1053 2594 1233 2621 aspernamur
1261 2591 1289 2614 et
1312 2587 1455 2622 fugimus;
1477 2595 1538 2622 qua:
1554 2590 1594 2618 vis
1610 2592 1759 2626 appetitiva

972 2632 1099 2668 appellari
1113 2633 1191 2660 solet.
1206 2632 1293 2667 Hujus
1304 2637 1396 2660 autem
1409 2639 1501 2661 motus
1513 2635 1553 2661 vel
1569 2640 1647 2664 actus
1659 2637 1686 2664 in
1699 2639 1759 2665 aui-

971 2687 1017 2707 mo
1032 2685 1060 2707 et
1076 2679 1147 2707 bene
1158 2684 1185 2707 et
1198 2680 1268 2707 male
1283 2684 1373 2714 potest
1387 2680 1556 2715 contingere.
1571 2682 1648 2715 Quod
1665 2690 1693 2710 ut
1704 2684 1762 2712 dis»

972 2729 1112 2756 cernatur,
1126 2725 1319 2761 distinguenda
1344 2731 1409 2754 sunt
1426 2727 1503 2762 prius
1518 2727 1622 2762 aliqua,
1647 2737 1708 2764 qua:
1725 2730 1759 2757 ad

973 2771 1053 2798 istum
1073 2772 1161 2800 locum
1181 2773 1329 2808 pertinent.

1561 2877 1600 2907 lt3
