1868 3069
147 107 222 141 ’1355

277 165 341 195 Car.
362 165 393 192 ll.
412 164 449 193 De
464 173 524 192 vero
539 171 563 192 et
583 165 652 200 [σιω
675 169 796 199 opinione

444 201 504 227 boni
519 205 544 227 et
558 201 634 228 mali.

186 258 265 287 Falsa
280 257 373 293 opinio
395 257 422 284 in
447 258 560 292 agendis
576 258 654 285 bonis
671 259 714 285 vel
730 258 820 291 malis,
837 259 930 286 mttltis

153 305 240 332 n-odis
252 304 361 332 accidit.
375 302 441 330 Nam
456 303 478 330 si
494 303 558 338 quis
576 304 716 338 opinatur,
739 312 792 331 non
814 305 929 336 bonum,

152 351 250 376 bonum
267 356 337 382 esse,
354 349 394 376 vel
408 356 423 375 e
436 355 578 380 converso.
595 353 642 376 aut
656 356 690 376 an
703 350 740 376 sit
752 349 864 382 honuni,
877 351 929 377 mi-

151 403 203 422 tttts
219 399 308 421 tatnen
325 395 366 421 vel
381 394 481 428 majus.
502 402 582 428 quant
601 399 644 421 est
660 395 736 426 illml,
760 402 821 422 esse
836 395 930 422 existi-

151 443 214 464 mat.
232 438 284 464 Aut
305 445 353 472 per
369 445 398 464 se
415 438 515 464 bonum
531 445 592 464 cum
611 438 656 468 sit,
674 437 707 464 ad
721 437 793 464 aliud
811 443 928 468 tantum.

149 489 175 509 et
193 483 243 510 hoc
257 483 374 510 fortasse
397 482 486 509 minus
503 483 603 510 bonunt
619 483 710 510 valere
726 483 792 510 illud
809 489 928 518 reputat;

149 535 195 557 aut
207 532 250 557 cui
268 531 368 557 bonum
389 534 442 560 est,
460 530 577 564 ignorat.

185 577 318 603 Similiter
335 581 361 602 et
377 576 409 601 ιιι·
425 576 497 602 malo
514 576 581 602 falsa
603 580 645 601 est
659 575 753 609 opinio
771 577 840 609 ejus.
861 576 928 602 V'rra

149 627 240 648 autem
267 622 402 648 sententia
418 626 445 648 et
466 629 560 648 verum
582 620 729 654 judicium,
746 622 818 649 circa
834 622 928 648 cadent

148 675 203 698 cst.
218 677 279 695 cum
299 668 326 694 in
352 668 425 694 ttnllo
447 668 640 701 praedictorum
660 672 799 702 peccatur.
823 667 888 694 Nam
905 668 928 694 si

148 720 174 742 et
185 714 256 749 quod
272 719 313 741 est
326 714 437 746 bonum,
456 714 557 740 bonum
570 714 728 743 existimat;
744 719 770 740 ct
785 718 928 748 quantum.

148 764 175 787 et
187 760 276 795 quale,
296 765 323 786 et
338 760 393 791 cui,
408 767 461 786 non
477 760 604 795 ignorat;
626 760 753 786 similiter
767 765 793 786 et
809 760 928 791 malum;

151 814 243 833 verum
265 811 291 832 et
315 814 411 832 sanum
433 813 493 832 esse
508 806 664 846 ltujttsmodi
679 806 811 840 judicium
834 813 929 832 omnes

704 108 824 139 BABLA
837 110 897 138 ΠΗ
928 110 975 140 DE
997 111 1210 142 SEMINARIA

1693 110 1761 144 1356

945 172 964 198 Α
981 178 1062 197 ιιηιιιιι
1077 171 1135 198 sine
1149 171 1256 198 duobus
1267 170 1365 198 essein
1379 170 1470 198 animo
1485 178 1491 197 :
1504 169 1646 198 mittimum
1661 171 1760 198 malmu

981 221 1021 244 est
1038 218 1136 244 mentis
1151 218 1319 245 obscuratio.
1332 216 1493 252 Quanquam
1507 218 1578 244 enim
1601 217 1652 251 ipsi
1667 217 1761 247 menti.

982 270 1012 290 Ill.
1027 271 1104 291 mens
1118 268 1169 295 est,
1181 263 1282 290 malttm
1296 268 1348 294 ρει,
1362 267 1451 290 tamen
1469 262 1604 290 associata
1620 270 1681 290 cum
1699 270 1762 289 vera

983 309 1008 335 in
1025 310 1137 344 agendis
1161 309 1296 336 sententia
1313 313 1340 336 et
1359 308 1477 336 beneﬁca
1502 309 1649 339 voluntate,
1672 309 1762 342 quoat

981 355 1132 381 exteriores
1151 355 1284 386 actiones,
1302 359 1329 381 et
1353 355 1481 385 maxime.
1501 354 1528 380 in
1547 354 1649 388 quibtts
1673 353 1762 380 cunti-

983 405 1061 427 netur
1077 401 1219 427 hominum
1243 400 1380 433 societas;
1398 400 1420 427 si
1435 405 1542 427 tantum
1557 399 1627 426 adsit
1644 399 1684 426 eis
1705 406 1763 424 me-

982 447 1137 473 diocritas:
1159 454 1211 473 non
1240 447 1320 474 modo
1346 453 1400 473 non
1421 446 1534 477 malum,
1561 445 1608 473 sed
1636 452 1762 479 magnum

982 494 1081 520 bonum
1098 497 1149 520 est.

1016 539 1102 572 Malus
1115 546 1179 566 vero
1195 539 1297 566 malum
1317 543 1369 570 est,
1384 538 1522 573 opiniOnis
1541 539 1568 565 in
1588 538 1703 572 agendis
1716 545 1762 563 rr-

984 592 1042 610 ror.
1061 583 1117 610 lloc
1131 584 1204 610 enim
1217 591 1269 610 non
1283 588 1386 610 tantum
1401 583 1450 617 ipsi
1460 583 1551 610 animo
1562 591 1610 617 per
1622 591 1652 610 se
1664 584 1762 610 malum

981 636 1033 664 est,
1051 631 1097 658 sed
1113 631 1194 657 etiam
1219 631 1280 658 sine
1302 630 1494 657 obscuratione
1513 630 1613 656 mentis
1637 634 1664 655 et
1679 630 1762 656 malc-

983 678 1032 704 ﬁra
1051 677 1189 704 voluntate
1205 676 1358 703 teterrimas
1376 675 1497 702 exterius
1514 676 1648 705 actiones,
1664 680 1692 702 ct
1707 683 1764 702 nta-

980 724 1053 750 xime
1070 724 1095 749 itt
1112 722 1258 756 puniendo.
1273 721 1383 756 gignere
1397 725 1496 755 potest.

1019 769 1054 796 De
1070 768 1170 795 notatis
1185 775 1250 795 vero
1269 767 1357 794 tribus
1371 767 1521 801 pcssitnum
1538 771 1591 799 est,
1605 771 1762 802 separatum

981 815 1015 841 ab
1029 815 1100 846 aliis,
1117 813 1238 841 maleﬁca
1254 813 1391 840 voluntas.
1410 812 1475 845 Quae
1490 813 1564 840 enim
1590 813 1628 839 ita
1643 814 1738 839 tnalelin
1750 822 1764 840 :t

149 853 310 880 concedent.
328 851 373 878 Est
391 853 481 886 itaque
497 851 595 878 falsum
614 854 646 878 de
660 851 782 885 qttolibet
796 848 968 886 jlldlclltltl'n
983 867 1034 893 es"
1054 866 1083 888 ,η
1104 862 1234 889 intimam
1260 860 1364 892 animo,
1381 861 1462 887 etiam
1490 860 1549 887 sine
1566 861 1714 895 "penum,
1738 867 1765 887 ﬂ

151 897 309 933 simpliciter
327 898 426 924 malum
443 903 469 924 ct
485 898 714 932 vituperandum:
733 905 826 925 verum
840 902 929 924 autem

149 945 309 978 simpliciter
323 944 421 970 bonum
437 948 465 971 ct
483 943 659 971 laudantium.

183 990 252 1017 Item
267 990 339 1016 sicut
357 990 382 1016 itt
395 990 542 1024 corporeis
559 990 645 1016 oculis
661 989 797 1016 interdum
821 990 930 1017 contin-

150 1037 189 1070 git
204 1035 306 1070 aliquid
323 1036 386 1066 tale.
401 1040 430 1062 ttt
443 1035 519 1062 acies
539 1035 647 1062 videndi
662 1035 840 1064 obtundntur.
859 1039 885 1062 et
898 1043 930 1061 ex

149 1083 241 1112 aliquo
261 1086 336 1108 motu
363 1081 486 1115 quaedam
505 1074 694 1113 obumbratio.
707 1089 755 1108 seu
775 1081 932 1116 caliginatio

149 1132 177 1155 ct
190 1128 345 1154 obscuratio
357 1126 438 1154 oculo
449 1127 575 1157 accidat:
593 1128 628 1153 ita
640 1128 723 1161 quod,
739 1132 786 1154 ant
802 1135 855 1154 tton
871 1135 932 1160 pos-

150 1175 195 1205 sit,
211 1178 258 1199 ant
274 1173 364 1199 minus
379 1173 461 1204 clare,
477 1173 679 1208 obscnt'inSquc
690 1178 717 1200 et
728 1173 851 1199 deterius
868 1180 932 1207 pos-

150 1220 186 1247 sit
203 1219 318 1246 visibilia
336 1219 428 1246 videre
446 1223 472 1245 et
488 1219 654 1246 discernere.
673 1219 706 1245 Et
721 1218 772 1244 ltnc
784 1226 844 1246 cunt
867 1225 932 1244 con-

151 1266 231 1299 tingit
245 1265 306 1292 huic
319 1265 422 1296 sensui,
440 1272 488 1298 pro
502 1264 572 1290 malo
585 1264 634 1298 ipsi
649 1268 802 1298 reputatur.
828 1263 931 1289 Bonum

151 1312 224 1338 enim
239 1311 298 1345 ejus
318 1315 371 1342 est,
399 1317 508 1344 semper
532 1317 640 1336 manere
660 1310 686 1336 itt
703 1317 752 1336 suo
775 1309 877 1343 vigore,
906 1313 933 1334 ct

150 1359 236 1385 aciem
255 1357 362 1384 videndi
378 1357 535 1384 inviolatam
551 1362 577 1383 et
592 1357 744 1391 expeditam
760 1356 929 1383 conservari.

149 1404 276 1439 Alioquin
291 1403 411 1431 conditio
427 1403 502 1429 visus
520 1402 711 1428 deterioralur.
726 1401 765 1428 Ita
779 1401 861 1427 menti
885 1401 932 1427 lto-

149 1451 232 1477 tttinis
261 1450 358 1476 accidit
377 1456 573 1483 nonnunquam
589 1448 692 1484 aliquid
720 1448 783 1474 tale.
814 1448 850 1473 EX
869 1455 922 1482 quo

150 1495 295 1530 quamdam
321 1495 558 1522 obumbrationcnt
575 1498 600 1521 et
625 1494 845 1520 obscurationctn
875 1494 931 1527 ipsa

150 1551 229 1570 ntcns
245 1542 373 1571 incurrit.
387 1546 414 1568 et
431 1541 504 1567 acies
521 1539 689 1574 intelligendi
711 1540 745 1566 ita
761 1539 930 1569 obtuttditur,

152 1593 180 1616 ut
199 1596 297 1615 muntts
314 1586 482 1621 intelligendi
502 1591 526 1612 et
541 1585 682 1620 judicandi
699 1589 743 1611 aut
762 1587 862 1616 minus,
887 1589 933 1611 aut

153 1634 298 1662 obscurius
316 1633 475 1667 tardiusquc
495 1631 627 1666 consequi
643 1631 728 1666 possit
746 1640 752 1658 :
773 1636 800 1658 ct
816 1639 830 1658 a
847 1639 875 1658 re
890 1639 933 1665 ge-

154 1679 236 1708 renda
250 1687 294 1706 aut
305 1679 415 1706 omnino
427 1678 578 1706 :tbducatur
589 1698 597 1709 ,
611 1680 656 1703 :tut
671 1678 696 1704 in
708 1677 828 1712 jttbcntlo
840 1681 866 1703 et
878 1683 934 1702 tno-

154 1727 243 1754 tteudo
262 1725 399 1753 hominem
417 1724 449 1751 ad
475 1724 621 1750 exteriores
648 1723 780 1754 actiones,
800 1723 883 1749 decus
907 1726 933 1747 et

155 1774 321 1799 honestatem
341 1771 366 1796 itt
381 1770 420 1796 cis
439 1774 485 1796 aut
504 1777 556 1795 non
579 1768 676 1802 possit,
695 1767 891 1795 antdiilicilius
907 1771 933 1794 et

151 1818 291 1845 molestius
304 1822 466 1844 conservare
486 1814 581 1849 possit.
595 1813 671 1844 Ouod
689 1813 816 1840 accidens
833 1813 931 1839 malum

151 1873 212 1891 esse
228 1864 323 1895 tneuti,
336 1862 397 1896 quis
415 1865 532 1887 mentem
548 1860 649 1886 habens
665 1867 718 1886 non
736 1858 881 1893 intelligit?
895 1858 931 1884 Ex

152 1909 331 1937 similitudine
344 1909 425 1943 igitur
439 1907 593 1935 oculorutn.
605 1905 717 1932 docendi
735 1913 829 1935 causa,
842 1905 934 1939 appel-

154 1957 225 1984 irtur
240 1954 396 1990 huiusmodi
413 1953 539 1980 accidens
562 1952 735 1979 obntnbratio
760 1952 868 1985 tuentis,
885 1959 933 1978 seu

153 2000 323 2036 cztliginatio,
338 1999 380 2024 vel
398 1997 489 2032 potius
503 1997 669 2024 obscuratio.

141 2054 143 2059 '
188 2047 257 2074 Cum
278 2049 368 2072 autem
396 2051 472 2071 mens
489 2043 526 2070 ita
541 2042 677 2069 stabiliter
692 2049 770 2068 suum
787 2046 934 2068 conservat

153 2093 286 2128 vigorem,
310 2094 340 2118 ut
353 2090 418 2117 nihil
435 2090 467 2117 de
483 2089 620 2124 praedictis
634 2088 658 2115 ei
672 2089 823 2121 contingat,
836 2095 867 2113 ex
879 2094 934 2121 qtto

153 2139 226 2166 acies
239 2136 407 2172 intelligendi
424 2135 585 2163 deteriorari
603 2141 714 2169 quoquo
730 2134 810 2160 modo
827 2133 930 2167 possit:

984 908 1093 934 turbido
1114 913 1188 934 mottt
1212 908 1320 938 mentis,
1343 910 1424 939 atque
1437 906 1504 932 falsa
1519 906 1663 941 opinione,
1682 911 1712 933 ut
1729 907 1765 932 al-

983 953 1071 987 legare
1089 952 1271 986 ignorantiam
1285 956 1419 986 nequeat,
1437 952 1560 979 omnium
1577 951 1711 979 malorum
1724 957 1764 980 est

983 999 1142 1033 pessimum,
1160 1002 1187 1026 et
1204 997 1294 1024 minus
1307 997 1367 1024 aliis
1379 996 1511 1024 sanabile.

1087 1054 1153 1081 CAP.
1169 1053 1214 1080 lll.
1232 1053 1357 1088 Male/ita
1371 1054 1492 1080 voluntas
1508 1054 1661 1088 qttotupler.

1020 1111 1120 1145 Duplex
1142 1111 1251 1144 quidem
1266 1115 1307 1137 est
1323 1110 1444 1137 maleﬁca
1462 1111 1601 1137 voluntas.
1621 1111 1675 1137 Aut
1694 1112 1764 1137 enim

983 1162 1112 1185 causatur
1124 1164 1138 1184 a
1156 1156 1295 1191 repentina
1308 1156 1501 1183 obscuratione
1517 1158 1628 1189 mentis,
1643 1164 1696 1191 qna
1708 1165 1766 1184 ces-

984 1207 1072 1233 sante,
1090 1202 1193 1229 recedit
1214 1206 1242 1229 et
1266 1201 1322 1234 illa,
1340 1202 1409 1228 sicut
1428 1202 1452 1228 itt
1469 1202 1506 1228 ira
1521 1210 1591 1236 sa-pc
1607 1202 1740 1237 contingit
1756 1211 1763 1235 ;

983 1254 1030 1276 aut
1048 1249 1129 1276 insita
1146 1253 1187 1275 est
1204 1249 1229 1275 in
1247 1248 1350 1280 animo,
1370 1253 1397 1275 et
1424 1250 1483 1274 sine
1502 1249 1644 1282 repentim
1662 1251 1761 1274 utentis

984 1296 1155 1330 caligatione.
1171 1302 1230 1329 quae
1243 1295 1326 1321 multo
1341 1294 1435 1321 tetrior
1455 1299 1506 1324 est,
1523 1301 1604 1329 quant
1623 1293 1669 1321 illa
1683 1303 1690 1327 ;
1708 1302 1767 1329 qua:

983 1343 1063 1370 simul
1075 1341 1261 1369 obscurationi
1277 1341 1376 1368 mentis
1393 1341 1490 1371 oritur.
1511 1345 1536 1366 et
1557 1341 1660 1367 interit.
1675 1341 1764 1373 Quare

984 1388 1006 1415 si
1021 1391 1127 1422 oportet
1146 1388 1179 1414 dc
1198 1387 1276 1413 ntalis
1299 1386 1410 1413 mininta
1425 1387 1534 1421 eligere,
1559 1387 1647 1412 multo
1663 1387 1768 1421 eligibi-

984 1435 1036 1461 lior
1050 1439 1090 1462 est
1114 1434 1270 1462 obscuratio
1288 1433 1386 1460 mentis
1402 1442 1462 1460 cnttt
1480 1433 1599 1460 beneﬁca
1619 1434 1767 1465 rolunlatt‘,

984 1489 1065 1516 qttatn
1085 1481 1205 1507 maleﬁca
1229 1479 1352 1506 voluntas
1366 1483 1426 1506 sine
1443 1479 1638 1506 obscuratione
1656 1479 1765 1507 utentis.

1020 1528 1057 1554 De
1073 1527 1172 1553 notatis
1190 1530 1280 1553 autem
1298 1525 1389 1556 bonis,
1406 1533 1488 1552 unum
1510 1525 1697 1559 comparando
1710 1525 1768 1551 sine

986 1573 1058 1604 aliis,
1070 1573 1213 1598 minimum
1226 1572 1324 1598 bonum
1338 1575 1379 1597 est
1394 1571 1493 1598 mentis
1511 1569 1693 1604 aequabilitas.
1705 1569 1768 1596 Hau:

985 1620 1058 1647 enim
1075 1619 1137 1645 licet
1163 1625 1211 1652 per
1228 1625 1256 1645 sc
1276 1617 1375 1644 bonttm
1392 1617 1426 1644 sit
1444 1616 1540 1647 menti,
1568 1619 1598 1642 ut
1620 1622 1697 1642 mens
1713 1619 1767 1645 est,

986 1669 1075 1690 tamen
1095 1667 1219 1696 separata
1235 1669 1248 1689 a
1267 1669 1329 1688 vera
1343 1661 1375 1688 de
1391 1660 1503 1695 agendis
1526 1660 1659 1688 sententia
1676 1665 1702 1686 et
1718 1660 1767 1686 bc-

986 1710 1071 1735 neliea
1091 1708 1241 1741 voluntate,
1269 1707 1358 1742 quoad
1376 1707 1525 1734 exteriores
1553 1706 1686 1738 actionss,
1705 1705 1767 1732 nul-

986 1754 1040 1780 Iunt
1056 1753 1157 1779 bonum
1172 1756 1224 1779 est.

1024 1798 1120 1824 Verum
1138 1802 1229 1824 autem
1246 1796 1377 1831 judicium
1408 1797 1441 1824 de
1458 1796 1537 1823 bonis
1565 1799 1592 1822 vt
1619 1795 1699 1822 malis
1718 1795 1770 1821 ali-

985 1843 1147 1877 quantulum
1158 1843 1247 1877 majus
1264 1843 1364 1870 bonum
1379 1846 1430 1873 est,
1448 1847 1604 1876 separatum
1619 1851 1633 1867 a
1653 1842 1766 1874 reliquis

986 1889 1092 1916 duobus
1107 1889 1194 1916 hortis.
1209 1889 1274 1914 Nam
1286 1888 1368 1915 etiam
1384 1888 1504 1914 exterius
1519 1887 1621 1921 aliquid
1639 1887 1712 1918 boni,
1725 1887 1767 1913 in-

986 1935 1090 1961 terdum
1106 1941 1153 1968 per
1165 1934 1290 1960 accidens
1307 1933 1397 1960 etl‘tcit.
1410 1933 1536 1959 Omnium
1556 1941 1619 1960 vero
1635 1934 1766 1966 optiutnnt

984 1987 1026 2008 est
1046 1980 1165 2007 beneﬁca
1191 1980 1326 2007 voluntas.
1344 1979 1377 2005 Et
1400 1987 1447 2014 per
1472 1986 1501 2006 se
1518 1979 1589 2005 enim
1608 1979 1706 2005 bonum
1725 1984 1767 2005 est

985 2027 1087 2058 animo,
1105 2031 1132 2052 et
1149 2030 1273 2060 separata
1288 2032 1302 2051 a
1319 2026 1431 2059 reliquis
1440 2025 1547 2052 duobus
1564 2025 1653 2057 bonis,
1666 2025 1764 2052 multas

987 2077 1077 2099 tatttett
1093 2071 1180 2099 bonas
1195 2072 1317 2098 actiones
1336 2071 1456 2098 exterius
1469 2071 1579 2106 gignere
1596 2075 1696 2105 potest.

1086 2128 1151 2155 Car.
1173 2127 1215 2154 IV.
1237 2127 1358 2162 Beneﬁcii
1373 2127 1494 2154 uoluntas
1510 2127 1664 2161 qttaluplex.

153 2183 312 2220 hl'lusmOdl
330 2186 429 2213 δηίων
452 2188 536 2208 ms“
554 2180 680 2208 Slmlllle"
698 2178 825 2210 docendi»
842 2177 933 2212 ἎΡροῙ·
951 2192 973 2219 ι)
1023 2185 1068 2212 Est
1094 2189 1184 2210 autem
1210 2183 1309 2218 duplex
1332 2183 1451 2211 beneﬁca
1469 2184 1595 2211 voluntas
1611 2193 1618 2210 :
1639 2192 1692 2211 una
1707 2191 1765 2218 qua:

153 2234 222 2258 letnr
234 2228 384 2264 inqualitas.

190 2276 237 2304 Est
255 2277 346 2309 itaque
364 2274 550 2305 manifesntm,
566 2272 639 2308 quod
656 2272 812 2300 obscuratio
835 2271 933 2298 mentis

153 2328 196 2350 est
223 2322 324 2348 malum
352 2320 435 2346 menti
463 2323 490 2346 et
514 2318 723 2353 vituperandum
740 2327 747 2345 :
766 2315 935 2352 aequabilitas

154 2376 218 2396 vero
230 2371 272 2394 est
289 2367 389 2393 bonum
401 2368 429 2392 et
443 2364 619 2391 laudandum.

191 2414 256 2441 Itent
285 2419 346 2439 cum
371 2410 479 2438 animus
503 2415 595 2436 noster
612 2409 690 2436 habet
717 2409 877 2443 appetitum,
893 2407 934 2435 vel

154 2458 342 2489 committendi
370 2457 441 2491 quod
460 2463 514 2483 non
530 2456 618 2486 decet.
632 2454 674 2481 vel
694 2455 838 2482 omittendi
862 2454 933 2488 quod

154 2508 251 2537 decet,
271 2504 421 2539 appelletur
443 2501 566 2529 maleﬁca
595 2501 730 2529 voluntas.
749 2501 817 2528 Cum
844 2506 934 2528 autem

156 2553 292 2587 appetitus
309 2550 397 2577 tendit
409 2548 442 2575 ad
468 2548 602 2582 agendum
619 2548 691 2582 quod
704 2548 791 2580 decet,
808 2552 835 2575 ct
855 2548 936 2574 relin-

155 2597 293 2632 quendum
309 2595 380 2629 quod
408 2601 462 2622 non
477 2593 566 2626 decet,
580 2595 729 2629 appelletur
745 2595 865 2622 beneﬁca
890 2601 936 2620 γο-

155 2645 255 2670 lttnlas.

191 2689 236 2716 Est
250 2688 341 2722 itaque
364 2685 550 2719 manifestum,
577 2687 648 2721 quod
670 2686 793 2713 maleﬁca
810 2687 935 2714 voluntas

153 2739 195 2760 est
212 2733 372 2767 simpliciter
397 2732 500 2759 malum
518 2737 543 2758 et
561 2733 770 2767 vituperandum
787 2741 793 2758 :
815 2733 934 2759 benefica

154 2785 244 2808 autem
263 2778 387 2806 voluntas
405 2783 446 2806 est
467 2778 629 2812 simpliciter
652 2781 752 2806 bonum
777 2785 804 2806 et
823 2779 920 2805 laudau

153 2827 228 2853 dum.
243 2824 280 2853 Ex
300 2825 385 2853 tribus
404 2830 493 2852 tamen
516 2826 664 2860 st’gregatis
681 2826 767 2855 malis,
788 2826 807 2851 si
828 2830 932 2859 vpmlt‘l

988 2234 1116 2257 causatur
1139 2229 1173 2255 ab
1187 2229 1279 2262 aliquo
1303 2228 1446 2261 repentino
1471 2228 1667 2262 caliginiosove
1683 2229 1764 2255 animi

990 2279 1061 2302 motu
1077 2284 1083 2302 :
1097 2282 1157 2308 quae
1170 2274 1293 2302 sintililer
1310 2276 1397 2300 oritur
1411 2279 1437 2300 et
1454 2275 1565 2305 occidit,
1588 2275 1660 2301 sicut
1681 2275 1706 2301 in
1723 2275 1765 2301 la:-

989 2321 1055 2348 titiis
1068 2320 1318 2353 ntisericordiisque
1335 2327 1406 2353 saepe
1420 2319 1530 2346 accidit.
1542 2319 1602 2346 Alia
1618 2325 1659 2346 est
1676 2320 1765 2346 animo

990 2367 1072 2393 insita
1087 2371 1114 2393 ct
1129 2372 1301 2399 permanens,
1318 2369 1345 2390 et
1365 2371 1379 2390 a
1394 2364 1452 2390 viva
1469 2369 1550 2398 atque
1568 2364 1670 2391 efﬁcaci
1688 2365 1766 2390 ratio:

990 2419 1022 2438 ne
1041 2410 1180 2445 pendens:
1199 2417 1260 2441 ante
1273 2410 1307 2435 de
1325 2409 1411 2435 tribus
1428 2409 1576 2442 propositis
1591 2409 1692 2443 optima
1716 2413 1765 2434 est.

989 2469 1053 2496 Car.
1087 2467 1117 2495 V.
1148 2467 1219 2494 Num
1247 2468 1297 2492 Irin
1334 2466 1479 2502 prazdicta,
1505 2473 1593 2491 rerum
1618 2465 1767 2502 judicium,

1024 2503 1193 2537 a’quabilitas
1209 2503 1303 2528 utentis
1325 2506 1350 2528 et
1374 2501 1487 2535 bene/ica
1502 2501 1625 2527 voluntas
1636 2501 1726 2537 simul
1742 2508 1766 2525 tu

1025 2536 1123 2570 animo,
1141 2542 1188 2564 aut
1202 2537 1342 2571 appetitiva
1353 2537 1385 2567 ri,
1399 2544 1556 2562 concurrere
1569 2536 1682 2569 possint.

1026 2596 1092 2622 Cum
1108 2596 1199 2628 itaque
1212 2601 1241 2619 ex
1260 2592 1449 2627 superioribus
1463 2591 1645 2619 divisionibus
1654 2592 1705 2618 tria
1714 2592 1765 2618 sint

989 2647 1082 2669 netata
1100 2639 1260 2672 simpliciter
1275 2639 1395 2670 bona,et
1409 2638 1543 2665 laudanda
1563 2638 1590 2663 itt
1611 2637 1704 2663 animo
1723 2644 1767 2662 no-

989 2693 1057 2718 stro,
1068 2686 1172 2713 scilicet
1187 2693 1281 2712 verum
1292 2684 1424 2718 judicium
1441 2684 1544 2710 bonoru
1559 2692 1573 2709 ιι
1585 2683 1764 2713 etmalorum.

989 2739 1011 2760 ct
1036 2733 1174 2767 a‘qualitas
1199 2731 1309 2763 mentis,
1337 2735 1364 2756 et
1392 2730 1512 2757 beneﬁca
1527 2729 1665 2762 voluntas,
1683 2734 1765 2764 potest

989 2779 1058 2809 ﬁeri.
1076 2784 1105 2805 ut
1130 2785 1191 2804 cunt
1212 2777 1356 2811 appetitiva
1377 2777 1418 2804 vis
1435 2776 1469 2803 sit
1499 2776 1525 2802 in
1551 2776 1667 2809 agendo,
1687 2773 1764 2802 simul

991 2825 1114 2860 praedicta
1130 2825 1182 2851 ttia
1202 2824 1270 2850 bena
1289 2823 1314 2850 itt
1333 2823 1425 2850 animo
1441 2826 1604 2850 concurrant
1620 2831 1627 2848 :
1644 2826 1673 2848 ut
1699 2819 1766 2854 quod
