1868 3069
125 116 198 153 1357

663 113 686 142 E
694 111 740 142 ΓΗ
747 113 806 141 [CA
820 110 1031 141 SECUNDUM
1050 107 1220 140 S’l‘OiCOS.

1686 106 1753 141 1358

125 176 228 210 placet,
243 173 285 201 vel
296 172 433 207 displicet,
449 175 476 199 et
493 178 555 198 vere
569 170 722 205 iudicatum
738 170 783 202 sit,
796 174 823 196 et
836 176 914 196 mens
930 173 950 199 Α
967 167 1123 194 obscuratio
1140 168 1250 197 mentis.
1276 169 1337 194 cum
1356 174 1419 194 vero
1437 167 1543 202 judicio
1568 166 1669 200 objecti
1690 168 1752 194 boni

124 222 245 255 aliquam
263 219 456 254 caligationem
474 225 527 245 non
543 217 677 248 incurrat.
693 220 720 243 et
729 216 852 265 beneﬁca
868 223 914 241 vo-

123 266 217 294 luntas
234 265 261 292 in
275 265 367 291 animo
387 265 433 291 sit.
450 263 528 296 Quod
545 270 608 289 cum
627 262 667 293 lit,
695 262 850 288 constantia
867 268 913 294 ap-

124 312 253 347 pellatur.
272 312 362 338 Potest
384 310 456 336 enim
483 309 552 340 ﬁeri,
574 312 605 334 ut
622 307 748 357 opposita
770 306 830 333 istis
845 314 913 357 con-

126 358 234 390 tingant
253 365 259 382 :
281 360 310 382 ut
335 361 361 382 et
380 355 451 382 male
471 355 504 381 de
522 353 638 387 objectis
662 353 772 384 sentiat,
798 357 826 378 et
840 353 913 379 acies

125 403 226 429 mentis
241 402 453 430 obumbratione
467 400 646 431 obtundatur,
664 403 691 426 et
713 399 840 425 voluntas
854 404 914 424 ma-

125 449 204 476 leﬁca
221 449 295 476 insit.
310 448 403 475 Potest
415 455 480 475 vero
491 447 561 480 ﬁeri,
581 446 655 480 quod
670 446 724 472 duo
739 445 795 473 sint
809 452 842 472 ex
858 452 915 471 ma-

126 494 162 522 lis
180 500 206 522 et
226 502 309 521 unum
326 502 359 521 ex
376 494 476 526 bonis;
499 493 572 526 quod
590 491 735 526 tripliciter
748 491 849 518 variari
867 498 915 524 po-

127 546 191 574 test,
204 541 245 568 vel
258 550 273 568 e
287 548 438 572 converso;
456 541 509 566 duo
524 546 556 566 ex
565 538 657 570 bonis,
671 545 754 564 unum
769 545 801 564 ex
816 537 914 565 malis:

126 587 199 621 quod
218 587 345 614 similiter
365 586 509 621 lripliciter
521 586 560 612 lit.

185 643 249 670 CAP.
268 643 310 670 Vl.
328 643 525 670 Prwtlictorum
537 647 633 677 septem
651 642 854 676 complexiones.

161 699 264 726 Praeter
292 700 374 734 igitur
395 700 579 727 constantiam
598 702 701 734 septem
727 698 823 725 borum
847 698 916 724 ﬁunt

124 745 338 779 complexiones.
353 745 514 773 Constantia
531 752 639 780 nempe,
661 744 724 779 quia
741 743 915 778 aequabilitas

124 791 226 817 memis
240 791 266 817 in
281 795 342 818 actu
358 791 521 826 appetitivae,
537 798 600 818 cum
613 797 676 816 vera
691 790 789 824 objecti
805 794 917 816 senten-

967 213 1009 240 vel
1028 213 1104 244 mali,
1121 218 1147 240 et
1174 214 1293 240 beneﬁca
1311 214 1463 241 voluntate.
1480 215 1545 246 Quze
1569 218 1703 248 quantum
1721 216 1754 241 ad

966 259 1118 286 exteriores
1137 260 1269 289 actiones,
1287 260 1309 287 si
1326 262 1405 288 modo
1423 261 1449 288 iu
1475 261 1515 289 eis
1529 267 1677 289 conservet
1699 270 1756 288 nie~

965 303 1149 336 diocritatem,
1168 312 1295 339 magnum
1314 306 1413 333 bonum
1434 311 1486 334 est.

1003 349 1128 377 Secunda
1143 352 1188 383 sit,
1204 359 1265 385 quae
1279 357 1322 379 est
1338 353 1495 380 obseuratio
1511 355 1610 381 montis
1625 362 1687 381 cuin
1703 354 1754 381 lal-

966 403 994 422 sa
1006 396 1135 430 opinione
1151 403 1176 424 et
1193 398 1311 425 benefica
1329 399 1477 426 voluntate.

1002 439 1095 467 Tertia
1111 442 1156 473 sit,
1173 449 1235 476 qua:
1252 447 1294 470 est
1317 444 1475 471 obscuratio
1495 446 1594 472 mentis
1609 454 1672 472 cum
1690 455 1754 474 vero

964 485 1069 519 judicio
1084 490 1111 512 ct
1130 487 1252 514 maleﬁca
1270 488 1418 516 voluntate.

1001 529 1104 562 Quarta
1117 531 1162 563 sit,
1180 540 1241 566 qua:
1258 540 1300 560 est
1317 534 1475 560 obscuratio
1489 536 1589 562 mentis
1606 544 1668 562 eum
1685 537 1754 564 falsa

966 575 1096 609 opinione
1112 581 1140 603 et
1153 577 1275 604 maleﬁca
1295 579 1445 606 voluntate.
1469 579 1535 612 Quae
1558 582 1679 608 omnium
1695 590 1756 616 per»

967 622 1154 650 turbationum
1169 628 1212 651 est
1223 625 1354 659 pessima.
1370 627 1441 653 sicut
1455 635 1538 661 supra
1555 633 1679 655 notatum
1694 635 1746 656 est.

1101 679 1165 706 CAP.
1185 679 1219 708 Χ.
1236 679 1398 709 Earumdem
1413 683 1506 711 dit-isto
1523 685 1617 712 altera.

1001 736 1067 763 item
1083 738 1232 764 secundum
1251 739 1330 766 aliam
1349 741 1523 773 divisionem.
1539 750 1658 779 quatuor
1674 753 1756 780 gene‘

966 789 995 808 ra
1009 783 1246 816 perturbationum
1269 791 1343 812 sunt.
1357 787 1426 819 Quia
1446 789 1518 816 enim
1543 791 1632 817 (munis
1648 798 1755 826 pertur‘

123 837 172 866 tia.
189 842 215 864 et
233 836 354 864 benrtira
379 837 531 868 voluntate,
552 844 606 863 non
635 835 748 863 dubium
765 840 817 868 cst,
846 835 911 869 quin
929 848 952 878 Β
966 828 1040 855 batio
1056 834 1096 855 est
1112 829 1266 857 obscuritas
1295 833 1405 863 mentis,
1433 841 1560 878 Susrcpta
1575 844 1606 862 ex
1623 837 1752 871 opinione

121 883 289 918 simpliciter
304 883 405 910 bonum
428 887 455 910 et
471 883 610 910 laudabile
637 883 683 910 sit.
702 879 734 908 Et
759 882 822 916 quia
840 881 912 908 sicut

122 930 149 955 in
165 929 252 963 prima
268 933 346 964 parte
361 928 561 963 praedeﬁnitum
577 933 630 962 est,
651 928 789 956 beatitudo
804 932 846 955 est
862 935 912 955 cu-

121 974 224 1001 mulata
252 975 404 1010 complexio
422 975 545 1001 omnium
565 974 699 1001 bonorum
730 973 861 1007 hominis,
881 979 912 1002 ut

121 1021 206 1047 homo
218 1025 267 1048 est.
285 1021 331 1048 Est
349 1025 439 1048 autem
456 1026 484 1048 et
500 1022 558 1056 ipsa
573 1020 741 1053 constantia,
758 1021 910 1048 secundum

120 1065 290 1099 assignatum
308 1073 432 1098 sensum.
447 1067 549 1094 bonum
568 1066 699 1099 hominis,
716 1071 745 1093 ut
761 1066 844 1093 homo
857 1069 909 1094 est.

119 1110 169 1137 ille
185 1118 250 1146 ergo
270 1118 351 1145 quem
370 1112 530 1146 quaerimus,
557 1119 638 1146 quem
663 1111 785 1147 perfecte
800 1112 909 1139 beatum

121 1156 312 1191 intelligimus,
330 1165 502 1192 nequaquam
521 1158 624 1185 carebit
648 1158 810 1187 constantia:
826 1158 908 1186 bono.

121 1202 237 1236 Semper
253 1203 337 1236 igitur
352 1208 483 1232 constans
509 1205 570 1231 erit.

214 1259 278 1287 CAP.
294 1260 350 1287 VII.
372 1261 409 1288 De
431 1263 696 1295 perturbationibus;
713 1268 738 1290 et
750 1270 809 1298 qua:

313 1297 530 1330 perturbationes
546 1298 722 1333 appellentur.

158 1349 194 1377 De
209 1355 312 1386 septem
329 1353 569 1388 complexionibus
587 1355 650 1388 illae,
669 1356 769 1390 quibus
783 1363 909 1391 compre-

122 1397 252 1424 henilitur
269 1397 428 1426 obscuratio
455 1401 565 1433 mentis,
594 1402 668 1436 quod
694 1401 908 1436 quadruplieiter

120 1442 274 1475 contingit.
307 1445 528 1478 perturbationes
565 1447 748 1481 appellantur.
783 1447 905 1480 Quarum

118 1482 229 1522 quidem
244 1489 362 1522 pessima
379 1495 430 1523 est,
447 1498 508 1518 eum
537 1492 572 1519 ita
591 1493 689 1526 placet,
709 1497 756 1520 aut
779 1493 906 1527 displicet

966 876 1029 904 boni
1049 879 1191 913 placentis,
1209 881 1250 907 γει
1266 882 1328 907 mali
1340 874 1504 911 oliumdeniis
1521 893 1526 910 :
1548 885 1616 912 bona
1631 894 1696 912 vero
1714 887 1754 912 ιἰιι

965 924 1045 955 mala,
1067 933 1126 959 qum
1145 925 1249 953 homini
1266 929 1407 962 eveniunt,
1423 933 1470 956 aut.
1483 936 1546 957 sunt
1560 931 1615 966 jam
1633 933 1755 966 pra‘teli‘

964 973 1002 1002 ta,
1018 975 1064 997 aut
1080 973 1234 1006 praesentia,
1260 978 1307 1000 aut
1326 974 1416 1002 futura
1434 984 1440 1002 :
1461 976 1504 1002 illa
1523 976 1632 1011 quidem
1649 983 1754 1012 pertur-

963 1016 1048 1050 batio,
1067 1026 1128 1052 qua:
1144 1020 1261 1053 percutit
1277 1025 1303 1047 rt
1319 1022 1448 1055 caiiginat
1464 1024 1585 1051 animum
1600 1033 1631 1052 ex
1648 1025 1754 1059 opinio-

962 1071 997 1090 ne
1013 1065 1154 1097 praeteriti,
1171 1066 1213 1093 vel
1234 1067 1375 1100 pratsentis
1391 1069 1466 1102 mali,
1481 1069 1580 1096 dicitur
1607 1070 1750 1106 a’gritudo.

963 1110 1028 1143 Qua:
1045 1111 1067 1138 si
1087 1112 1170 1139 nimia
1198 1118 1250 1144 est,
1268 1115 1369 1142 dicitur
1393 1123 1498 1150 angor;
1515 1117 1536 1144 si
1559 1125 1625 1144 vero
1643 1126 1674 1145 ex
1691 1119 1753 1153 opi-

964 1160 1045 1188 nione
1064 1160 1232 1195 suscipiatur
1252 1161 1349 1194 futuri,
1367 1163 1469 1190 dicitur
1488 1169 1575 1191 metus
1599 1165 1640 1192 \‘t‘l
1658 1166 1750 1192 timor.

997 1207 1064 1234 item
1077 1207 1099 1234 si
1115 1206 1246 1241 opinione
1259 1209 1389 1243 praeteriti
1406 1211 1446 1237 vel
1458 1212 1601 1244 prmsenlis
1612 1212 1675 1239 boni
1688 1221 1753 1239 cond

963 1254 1052 1289 tingit,
1070 1254 1154 1281 multa
1171 1254 1282 1289 quidem
1306 1257 1429 1288 nomina,
1460 1265 1554 1291 parum
1580 1258 1749 1290 dilierentia,

961 1304 991 1326 ut
1007 1299 1112 1330 laetitia,
1124 1299 1297 1334 iucunditas,
1311 1302 1456 1330 delectatio
1475 1308 1503 1330 et
1516 1304 1580 1336 alia,
1594 1305 1642 1331 scd
1660 1313 1711 1332 suo
1724 1314 1753 1332 a-

961 1350 1006 1372 tur
1021 1345 1116 1372 laetitia
1131 1355 1138 1377 ;
1153 1347 1175 1373 si
1188 1355 1254 1374 vero
1266 1355 1297 1373 ex
1308 1348 1439 1382 opinione
1454 1348 1537 1376 futuri
1555 1350 1630 1381 boni,
1649 1351 1751 1378 dicitur

961 1391 1110 1426 cupiditas.
1127 1397 1152 1419 et
1169 1392 1256 1420 libido
1276 1394 1317 1420 vel
1333 1395 1512 1422 desiderium.
1526 1395 1648 1424 Vertitur
1668 1398 1749 1425 etiam

961 1437 987 1464 in
1004 1438 1123 1472 opinatis
1140 1439 1220 1466 bonis
1232 1441 1343 1467 dilectio
1357 1447 1384 1468 ct
1400 1449 1488 1469 amor.
1507 1438 1510 1443 ’

1090 1495 1155 1522 CAP.
1170 1495 1216 1523 ΧΙ.
1233 1496 1467 1526 Perturbntionum
1481 1500 1611 1534 definitio.

118 1535 197 1561 nobis
212 1535 314 1570 aliquid
335 1545 342 1563 :
359 1541 387 1564 ut
404 1544 465 1564 cum
491 1538 686 1566 obscuratione
701 1541 801 1567 mentis
814 1540 851 1567 sit
878 1540 898 1566 ir

119 1580 211 1594 πηδηιιι
227 1587 249 1594 Α.
268 1582 334 1594 Γ.1--
353 1582 443 1594 -..ε-ε-
463 1584 559 1594 -L!_s.!
590 1589 612 1594 Α.
630 1585 746 1594 νηνικηνν
773 1593 779 1594 κ
795 1585 802 1594 I
826 1593 830 1594 ν
861 1593 867 1594 κ

994 1549 1165 1579 Deliniantur
1181 1553 1263 1587 igitur
1277 1546 1329 1581 ista
1343 1560 1462 1590 quatuor
1476 1564 1575 1591 genera
1590 1559 1640 1585 sic.
1656 1557 1749 1594 [Egri-

118 1580 212 1608 animo
226 1587 252 1608 et
268 1582 337 1610 falsa
351 1582 445 1617 opinio
460 1584 571 1618 objecti.
587 1589 614 1612 et
629 1585 751 1613 maleﬁca
768 1585 802 1612 ad
822 1593 906 1621 agen-

117 1625 184 1652 dum
202 1627 338 1656 voluntas.
359 1628 448 1656 Minus
466 1637 530 1657 vero
548 1630 618 1657 mala
639 1635 690 1665 est,
710 1633 819 1666 quando
842 1640 903 1660 cum

116 1673 311 1702 obscuratione
335 1675 446 1708 mentis,
470 1684 552 1703 unum
579 1677 751 1712 reliquorum
768 1677 903 1705 malorum

115 1719 199 1749 inest,
216 1721 312 1748 etalio
339 1722 449 1749 animus
472 1727 561 1750 vacat.
589 1723 666 1754 Quod
691 1723 837 1757 dupliciter
854 1724 903 1757 ﬁt;

117 1764 162 1790 illa
182 1771 246 1791 vero
262 1766 431 1799 perturbatio
450 1766 595 1794 minimum
614 1767 717 1794 malum
731 1773 783 1800 est,
803 1768 830 1795 in
849 1776 902 1804 qua

116 1809 274 1837 obscuratio
304 1812 402 1839 mentis
418 1820 479 1840 cum
504 1820 572 1841 vera
588 1814 724 1845 sententia
740 1814 813 1842 illius
828 1816 902 1850 quod

115 1855 205 1889 placet
221 1857 261 1884 vel
278 1857 401 1897 offendit,
416 1864 443 1886 et
458 1860 579 1887 beneﬁca
599 1861 633 1889 ad
650 1862 787 1890 actionem
803 1863 902 1890 volun~

113 1905 179 1934 tate,
196 1902 349 1938 'conjuncta
367 1911 419 1932 est.
443 1905 534 1939 Quare
549 1908 571 1935 si
588 1907 660 1942 quis,
686 1916 747 1935 cum
773 1914 846 1936 esset
863 1909 901 1936 ita

113 1946 274 1981 dispositus,
293 1954 323 1976 ut
339 1950 492 1978 incurreret
510 1952 582 1979 illam
597 1953 744 1988 pessimam
760 1955 902 1989 perturba-

112 1993 216 2020 tionem
229 2014 238 2027 ,
257 1996 372 2023 mutavit
387 2005 464 2024 suam
480 1998 616 2032 ejusmodi
638 2000 849 2035 dispositionem
867 2001 901 2028 ad
920 2006 926 2008 "

114 2037 186 2066 hanc
201 2041 445 2073 perturbationem.
462 2051 543 2077 quam
558 2045 701 2073 minimum
719 2046 820 2074 malum
838 2054 901 2074 esse

112 2083 169 2110 dixi
187 2093 194 2111 :
214 2092 267 2112 non
282 2093 378 2121 parum
393 2088 544 2116 melioravit
563 2099 640 2117 sumn
658 2091 792 2120 animtnn.

194 2142 258 2170 CAP.
282 2143 348 2172 Vili.
372 2144 433 2172 Tres
454 2148 645 2184 complexiones
662 2149 770 2184 reliquie
787 2150 823 2177 ad

430 2181 491 2216 quid
504 2183 592 2210 utiles.

150 2219 262 2250 Restant
286 2229 341 2251 tres
355 2226 571 2260 complexiones,
591 2234 689 2263 praeter
713 2231 896 2258 constantiam

109 2274 135 2294 et
147 2268 373 2303 quadripartitam
386 2272 632 2304 perturbationem.
649 2274 718 2308 Una,
730 2283 791 2303 cum
804 2283 897 2310 atqua-

111 2314 203 2341 bilitas
221 2316 318 2343 mentis
346 2317 382 2343 sit
397 2319 534 2346 associata
560 2327 622 2346 cum
639 2320 705 2348 falsa
722 2322 853 2356 opinione
870 2329 897 2350 et

110 2359 232 2387 maleﬁca
249 2361 400 2396 voluntate,
421 2372 481 2398 qua!
492 2365 644 2400 appellatur
659 2367 816 2402 clythiotes.
834 2369 896 2399 (Ve-

106 2406 207 2436 sauia.)

144 2451 282 2486 Secumla,
299 2461 360 2482 cum
377 2457 548 2490 mquabilitas
566 2460 665 2487 mentis
682 2460 750 2488 l‘alsa
765 2463 895 2496 opinione

105 2503 193 2530 caret,
211 2499 335 2527 maleﬁca
350 2509 413 2528 vero
426 2502 567 2531 voluntate
578 2513 632 2532 non
647 2514 654 2533 :
669 2514 729 2541 qum
740 2509 893 2542 appellatur

106 2543 220 2571 malitia.

142 2588 234 2617 Tertia
250 2595 302 2623 est,
315 2599 377 2619 cum
390 2595 560 2628 aequabilitas
573 2598 672 2625 mentis
685 2604 758 2626 caret
769 2601 890 2629 maleﬁca

103 2633 264 2668 voluntate;
282 2637 363 2664 habet
376 2643 465 2666 tamen
485 2641 519 2668 de
539 2643 646 2677 objecto
670 2643 765 2672 falsam
783 2646 890 2680 opinio-

102 2687 164 2706 nem
183 2689 187 2706 :
202 2689 262 2716 qua;
280 2683 379 2710 dicitur
392 2684 471 2712 al'elia
492 2687 692 2725 (simplicitas).

246 2738 308 2766 ΟΑΡ.
331 2739 375 2767 ix.
396 2741 627 2773 l’erturbalt’onum
642 2748 746 2776 divisio.

137 2781 173 2809 De
189 2785 443 2817 perturbationibus
456 2793 557 2823 autem,
573 2793 703 2826 quoniam
727 2795 886 2830 quadrupli-

100 2827 168 2854 (iter
187 2830 340 2864 variantur,
357 2839 385 2859 nt
406 2834 506 2862 dictum
521 2843 561 2864 est
574 2859 580 2871 ,
605 2839 692 2873 prima
711 2843 755 2871 sit.
772 2852 832 2878 qum
846 2850 886 2871 νει

959 1598 1024 1624 tudo
1042 1602 1084 1624 est
1108 1601 1277 1632 perturbatio
1296 1602 1391 1634 animi,
1411 1611 1443 1630 ex
1460 1604 1589 1638 opinione
1608 1608 1748 1640 pra‘seutis

957 1642 998 1668 vel
1017 1644 1147 1676 prmtcriti
1165 1645 1239 1676 mali,
1257 1647 1385 1673 mordens
1408 1649 1529 1675 animum
1545 1655 1571 1677 et
1589 1652 1746 1680 demittens.

956 1688 1053 1719 Metus,
1071 1695 1112 1716 est
1130 1692 1302 1724 perturbatio
1330 1693 1415 1720 animi
1435 1702 1468 1721 ex
1490 1697 1620 1730 opinione
1641 1699 1747 1734 impen<

956 1732 1047 1761 dentis
1066 1735 1140 1768 mali,
1155 1736 1316 1765 humilitans
1333 1744 1415 1774 atque
1431 1741 1559 1776 frangens
1573 1744 1707 1778 animum,
1720 1752 1748 1773 et

955 1787 1097 1808 recessum
1131 1784 1278 1818 quemdam
1306 1790 1333 1812 et
1355 1786 1444 1820 fugam
1460 1789 1545 1815 animi
1570 1789 1701 1823 ciiicicns.
1719 1800 1746 1820 ot

954 1825 987 1852 ad
1003 1822 1275 1857 doelinandum’illud
1293 1832 1364 1866 quod
1379 1834 1520 1867 metuitur,
1541 1835 1677 1864 hominem
1694 1839 1745 1865 iiu-

954 1871 1068 1906 peilens.
1089 1873 1191 1902 Latitia
1214 1881 1254 1903 est
1272 1879 1443 1911 perturbatio
1464 1881 1547 1908 animi
1563 1889 1595 1909 cx
1613 1884 1744 1917 opiniom‘.

953 1919 1085 1951 praeteriti
1102 1920 1144 1948 vel
1155 1923 1298 1955 pra-sontis
1309 1924 1371 1951 boni
1386 1933 1392 1958 ;
1411 1928 1488 1960 quasi
1503 1935 1564 1954 cum
1582 1930 1690 1957 animus
1704 1932 1744 1958 cl"

953 1962 1014 1991 fuse
1028 1966 1160 1998 exsultat,
1188 1969 1311 2003 quzedam
1337 1972 1464 2007 voluptas
1477 1975 1603 2009 gestiens
1620 1981 1645 2004 ct
1658 1978 1740 2010 elata,

954 2009 1092 2043 perfusam
1113 2012 1278 2042 hilaritatem
1296 2015 1427 2046 alliciens.
1458 2019 1554 2048 Libido
1569 2027 1611 2049 cst
1632 2029 1741 2057 prrtur~

953 2055 1027 2083 batio
1048 2058 1143 2090 animi,
1173 2068 1204 2087 ex
1222 2061 1351 2096 opinione
1373 2065 1456 2093 futuri
1474 2068 1549 2101 boni,
1575 2077 1636 2096 cum
1653 2071 1684 2097 ad
1702 2072 1740 2104 id,

952 2101 1026 2136 quod
1044 2104 1153 2132 videtur
1181 2107 1295 2140 bonum,
1316 2110 1482 2140 inﬂammata
1507 2115 1641 2150 rapiatur.
1672 2118 1741 2146 Sunt

953 2149 1036 2183 igitur
1048 2152 1219 2187 singulorum
1234 2164 1364 2190 generum
1377 2160 1468 2187 multm
1485 2166 1511 2188 et
1524 2163 1605 2190 varia;
1615 2166 1738 2200 species:

915 2203 938 2232 ι)
952 2204 1019 2230 quas
1037 2205 1091 2224 non
1110 2203 1152 2226 cst
1170 2204 1356 2230 necessarium
1374 2208 1500 2240 praesenti
1522 2216 1604 2242 opere
1617 2211 1740 2240 discate~

952 2250 990 2274 re,
1010 2244 1056 2270 sed
1078 2249 1182 2274 tantum
1217 2248 1243 2274 in
1274 2250 1315 2277 cis
1340 2254 1489 2280 notandum
1509 2255 1554 2288 sit,
1583 2257 1655 2292 quod
1674 2263 1740 2287 sunt

950 2289 1072 2324 quaedam
1100 2300 1161 2327 qua:
1189 2302 1241 2321 non
1272 2303 1389 2330 possunt
1407 2300 1519 2334 variari,
1554 2310 1602 2337 per
1617 2310 1739 2340 quatuor

949 2337 1050 2371 gradus
1071 2339 1197 2374 superius
1216 2342 1381 2377 assignatas,
1400 2347 1446 2373 sed
1473 2348 1499 2375 in
1516 2357 1601 2376 unum
1631 2356 1736 2379 tantum

948 2383 1060 2417 cadunt,
1079 2386 1105 2412 in
1127 2395 1182 2421 quo
1209 2389 1367 2417 obSI-uratio
1403 2395 1502 2422 mentis
1527 2400 1570 2423 est
1601 2399 1735 2427 assoeiala

948 2437 1010 2457 cum
1027 2430 1094 2457 falsa
1114 2433 1243 2466 opinione
1259 2440 1286 2462 et
1302 2437 1423 2464 maleﬁca
1443 2439 1601 2473 voluntate;
1617 2445 1662 2478 qui
1679 2453 1736 2471 mo-

947 2476 998 2504 dus
1024 2478 1147 2505 omnium
1164 2485 1222 2507 erat
1249 2482 1398 2516 pessimus.
1414 2484 1493 2514 Tales
1513 2490 1735 2522 perturbationes

947 2522 1039 2558 itaque
1056 2530 1129 2557 sunt,
1148 2531 1177 2553 ut
1205 2527 1230 2554 in
1251 2536 1351 2562 genere
1380 2533 1562 2565 mgritudinis.
1580 2535 1732 2565 invidentia

945 2573 971 2595 et
989 2570 1152 2599 obtrectatio
1169 2580 1175 2599 :
1195 2577 1221 2600 et
1238 2573 1265 2601 in
1290 2583 1388 2609 genere
1409 2578 1518 2610 betitia‘,
1537 2578 1732 2614 malivoli-otia,

942 2615 1056 2649 jactatio
1074 2622 1100 2645 et
1118 2621 1245 2653 superbia
1264 2630 1271 2648 :
1298 2622 1325 2649 in
1345 2631 1444 2657 genere
1461 2625 1592 2658 libidinis.
1613 2629 1732 2656 inimiciA

943 2662 990 2693 lin,
1006 2663 1155 2692 discordia.
1179 2665 1225 2694 lla:
1240 2668 1312 2695 enim
1333 2677 1365 2697 ex
1385 2671 1522 2706 opinionis
1538 2681 1643 2705 errore,
1658 2683 1731 2702 srm-

943 2714 999 2741 per,
1017 2714 1043 2734 et
1059 2710 1181 2738 maleﬁca
1201 2714 1340 2742 voluntate
1356 2716 1477 2744 animum
1495 2720 1667 2753 perturbant.

976 2753 1045 2780 Sunt
1056 2755 1118 2782 item
1135 2757 1205 2791 alize,
1219 2767 1278 2794 quae
1296 2769 1343 2795 per
1357 2770 1451 2791 omnes
1463 2766 1606 2792 variantur
1619 2768 1731 2800 gradus.

941 2805 970 2826 ut
990 2801 1191 2836 misericordia,
1220 2808 1392 2842 pmnitentia,
1414 2811 1464 2843 ira,
1481 2819 1569 2845 amor,
1596 2817 1622 2839 et
1647 2814 1730 2839 inn-1‘

941 2846 1084 2874 mcrabilr-s
1099 2848 1169 2876 alim.
1181 2850 1258 2885 Nam,
1274 2858 1302 2879 ut
1316 2862 1364 2888 pro
1376 2857 1505 2885 omnibus
1516 2858 1549 2885 de
1565 2865 1616 2885 una
1628 2859 1728 2892 dicam,
1744 2877 1773 2892 Α.
