1868 3069
117 86 208 124 '13‘59

691 94 897 127 BARLAAMI
911 97 962 127 DE
977 98 1190 130 SEMINARIA

1405 63 1438 94 ’ί
1691 93 1761 128 meo

142 159 204 180 cum
222 151 258 178 sit
277 149 467 179 misericordia
481 151 614 186 agritudo
639 152 723 180 animi
739 160 770 179 ex
794 153 922 188 opinrnne
936 155 959 185 Α
974 154 1011 181 ita
1027 158 1057 182 ut
1076 162 1139 182 vere
1165 154 1316 190 judicatum
1342 153 1378 182 sit
1397 153 1511 185 bonum,
1526 157 1555 180 et
1574 152 1650 180 acies
1664 152 1764 179 mentis

144 199 260 227 miseriae
276 200 389 226 alterius
405 199 508 234 injuria
523 199 684 232 laborantis,
698 203 788 234 potest
804 200 873 231 ﬁeri.
895 204 925 227 ut

144 247 190 281 qui
207 246 393 281 perturbatur,
408 253 458 273 nec
476 253 539 273 vere
554 246 683 280 opinatus
699 245 735 274 sit
752 246 785 274 de
802 246 874 273 malo
887 246 928 273 al-

145 293 243 324 terius,
267 299 316 319 nec
336 291 484 319 beneficam
503 291 536 318 ad
565 291 761 326 adiuvandum,
786 299 848 318 cum
868 299 929 325 pos-

146 342 200 368 set,
219 337 385 364 voluntatem
413 337 521 364 habeat.
535 336 633 366 Potest
650 343 741 364 autem
769 337 837 368 ﬁeri,
855 341 884 364 ut
901 337 928 363 in

146 383 275 417 opinione
292 383 364 409 illius
375 383 485 414 quidem
501 383 571 417 quod
585 383 736 418 perturbat,
749 390 802 409 non
818 382 930 409 falsetur

147 430 174 456 in
189 429 338 464 opinando,
356 429 455 456 habeat
475 433 564 456 tamen
582 430 614 456 ad
630 428 814 463 adjuvandum
830 427 932 456 beneﬁ-

146 483 206 502 cam
233 476 412 502 voluntatem.
431 474 523 502 Potest
537 483 602 502 vero
627 474 698 506 ﬁeri,
724 478 753 501 ut
774 474 932 501 obscuratio

147 524 259 553 suculis.
277 523 304 550 in
324 523 374 550 hoc
387 522 534 554 accidenti,
548 527 619 549 etex
647 528 711 548 vero
736 520 842 555 judicio
865 528 931 554 pcu-

146 569 222 600 deat,
237 574 264 596 et
280 570 358 597 bona:
377 562 666 603 voluntati-conjuncta
684 567 729 595 sit.
746 567 824 599 Quod
852 566 874 594 si
904 566 932 593 in

152 616 259 643 actione
278 616 367 643 valeat
379 615 594 643 mediocritatem
613 621 788 646 conservare,
803 620 932 648 magnum

151 661 253 689 bonum
271 667 323 689 est.
341 662 412 689 Idem
428 662 462 689 de
480 662 532 694 ira,
546 661 579 689 de
594 660 765 696 poenitentia,
780 660 814 687 de
830 665 933 690 amore,

149 713 178 737 et
194 709 303 737 dc~aliis
316 708 520 744 intelligendum
537 713 589 735 εει.
606 709 672 735 Nam
689 707 827 742 quzelibel,
845 706 869 733 si
885 705 935 733 ob-

153 755 276 783 scur-alio
294 755 404 787 tuentis,
425 762 475 781 nee
494 762 526 781 ex
543 753 646 781 erroris
660 752 789 787 opinione
813 751 936 778 concita-

145 806 208 834 ~tur,
222 806 250 829 et
265 801 386 830 malefica
403 805 479 827 vacat
497 800 648 831 voluntate,
664 804 690 826 et
705 798 730 825 in
753 798 861 825 actione
877 805 936 825 me-

145 848 327 876 diocritatem
341 847 532 880 consequitur,
551 853 678 879 magnum
696 845 797 872 bonum
816 848 869 872 est.
886 842 940 870 lia-
955 838 977 866 Β

148 896 203 922 :bct
219 895 292 922 enim
311 895 336 921 in
364 894 457 921 animo
485 892 542 920 duo
561 893 633 920 bona
650 901 657 925 ς
676 891 781 919 scilicet
795 890 938 918 veritatem

109 974 114 978 _
156 941 191 968 de
205 940 311 975 objecta
326 947 364 972 re.
385 944 411 967 et
437 939 470 966 ad
486 938 624 965 actionem
640 937 791 965 beneiicam
808 937 940 963 volunta-

156 993 224 1018 tem,
238 987 377 1021 gignitque
393 990 470 1012 extra
485 984 616 1019 optimam
643 984 789 1010 actionem.
805 982 861 1010 Cur
877 988 940 1008 vero

151 1042 213 1060 non
226 1033 293 1064 dixi,
311 1034 459 1060 tuaximum
477 1038 538 1058 esse
551 1030 663 1061 bonum,
678 1029 725 1057 sed
741 1034 879 1064 magnum,
895 1035 943 1062 ap-

154 1081 265 1115 parebit
282 1087 343 1107 cum
361 1079 395 1106 de
409 1077 573 1106 constantiis
587 1077 693 1104 dixero.

345 1146 411 1174 CAP.
431 1144 486 1173 XII.
511 1143 667 1172 Constantia
684 1143 761 1179 quid.

196 1206 356 1234 Constantia
370 1205 472 1239 itaque,
484 1203 546 1238 quia
559 1207 602 1230 est
613 1201 797 1236 tranquillitas
811 1204 838 1227 et
855 1206 944 1233 atqua-

161 1255 256 1282 bilitas
281 1253 381 1280 utentis
398 1253 424 1279 in
441 1258 474 1279 eo
499 1250 571 1286 quod
586 1249 708 1284 judicata
728 1249 796 1274 bona
814 1247 854 1274 vel
874 1246 944 1273 mala

164 1304 353 1336 acceptantur,
379 1303 406 1326 et
422 1297 543 1333 placent,
557 1296 599 1322 vel
626 1295 771 1330 displicent
787 1301 849 1320 cum
882 1300 945 1319 vera

163 1346 311 1378 sententia,
326 1349 353 1373 et
368 1344 490 1372 beneﬁca
509 1342 647 1369 voluntate
663 1349 671 1368 :
689 1339 777 1366 varias
793 1343 820 1365 ct
836 1339 892 1372 ipsa
906 1343 948 1364 se-

164 1394 284 1422 cundum
303 1390 478 1425 temporalem
495 1389 654 1416 varietati-tn
671 1387 804 1414 bonorum
822 1388 849 1411 et
865 1384 948 1410 malo-

167 1447 238 1472 rum,
270 1442 298 1466 et
323 1436 467 1464 nonnullas
497 1434 566 1462 alias
590 1432 750 1460 eorumdem
780 1428 949 1457 didereutias

167 1490 256 1518 partes
275 1483 366 1511 habet.
385 1482 443 1509 Non
458 1487 548 1508 tamen
568 1478 686 1514 propriis
712 1475 870 1504 notninibus
887 1481 948 1501 om-

978 200 1011 228 ad
1024 201 1228 235 intelligendum
1242 208 1295 228 non
1309 200 1487 233 obtundatur,
1498 204 1524 226 et
1535 198 1657 226 beneﬁca
1668 197 1765 225 volun-

980 250 1022 272 tas
1038 246 1074 274 sit
1089 246 1116 273 in
1127 246 1221 273 animo
1240 255 1248 278 ;
1268 254 1350 281 quam
1366 246 1521 273 dicebamus
1538 251 1599 272 esse
1616 243 1765 278 appetitum

980 291 1096 320 faciendi
1108 292 1190 327 quod,
1205 297 1232 319 et
1244 299 1298 319 non
1313 291 1498 318 committendi
1516 290 1588 326 quod
1602 296 1657 316 non
1677 288 1765 314 docet.

981 337 1014 365 Et
1025 338 1077 365 iste
1089 345 1167 365 amor
1180 338 1287 365 dicatur
1315 337 1397 372 primi
1413 336 1513 371 gradus
1537 336 1657 368 desuper
1672 331 1769 366 incipi-

981 385 1092 412 entibus
1116 394 1123 417 ;
1143 385 1315 419 postmodum
1340 383 1441 410 relictis
1457 383 1484 410 in
1512 382 1604 408 animo
1622 387 1686 408 vera
1707 387 1769 406 scn-

983 431 1067 458 tentia
1098 435 1126 458 et
1141 431 1260 458 benellca
1279 431 1430 460 voluntate,
1462 427 1657 462 caligatiouem
1673 432 1770 460 quam-

982 476 1045 503 dam
1069 481 1097 503 et
1122 476 1343 504 obscuratiouem
1368 475 1470 502 mentis
1491 474 1518 500 in
1543 471 1663 501 amando
1677 472 1770 498 incur-

985 527 1025 548 rat
1045 531 1050 548 :
1072 527 1098 551 et
1114 522 1156 548 hic
1177 529 1254 548 amor
1268 520 1382 548 secundi
1397 520 1432 548 sit
1448 519 1559 554 gradus.

1020 569 1085 595 Item
1104 569 1198 596 relicta
1222 568 1249 595 in
1266 566 1382 594 amando
1397 565 1518 593 beneﬁca
1535 565 1691 594 voluntate,
1710 561 1774 588 insit

985 616 1012 644 in
1032 616 1135 647 animo,
1158 623 1219 643 rum
1236 614 1348 642 turbido
1365 617 1438 640 motu
1479 611 1593 643 mentis,
1617 610 1700 637 etiam
1726 608 1774 634 l’al-

986 671 1047 691 sum
1060 663 1204 697 judicium,
1218 662 1253 689 de
1267 668 1310 692 eo,
1325 660 1398 694 quod
1418 663 1526 686 amatur
1543 666 1553 690 ;
1567 661 1595 684 et
1610 655 1648 683 sit
1677 648 1784 691 hujus-ﬂ

986 709 1060 737 modi
1077 717 1153 736 amur
1166 708 1237 736 tertii
1260 706 1370 743 gradus.
1391 705 1420 733 Si
1445 713 1510 731 vero
1526 704 1552 730 in
1571 700 1690 729 amando
1707 699 1776 734 judi-

988 755 1061 783 cium
1096 754 1205 789 quidem
1231 761 1327 781 sanum
1353 756 1404 784 est,
1419 751 1452 778 de
1466 751 1512 777 illo
1541 747 1613 784 quod
1642 750 1748 774 amatur
1765 765 1775 778 ,

988 801 1035 829 sed
1079 808 1141 828 cum
1172 799 1368 828 obscuratione
1397 789 1508 829 mentis,
1532 795 1616 823 etiam
1643 794 1713 820 inest
1743 791 1776 819 ad

990 847 1123 882 agendum
1157 845 1279 874 maleﬁca
1301 844 1438 874 voluntas.
1469 849 1530 877 qua:
1560 845 1620 868 erat
1642 837 1778 874 appetitus

991 894 1134 923 omittendi
1161 893 1234 928 quod
1254 893 1341 923 decet,
1360 895 1387 919 et
1416 888 1603 917 committendi
1623 885 1699 920 quod
1726 891 1779 911 non

991 942 1067 970 decet
1085 949 1092 968 :
1108 941 1215 968 dicatur
1236 936 1393 973 huiusmodi
1408 943 1486 964 amor
1511 933 1602 970 quarti
1620 931 1734 965 gradus.
1751 929 1778 957 Si

992 995 1056 1015 vero
1067 991 1094 1014 et
1111 986 1138 1013 in
1164 985 1252 1012 tribus
1283 983 1391 1010 animus
1407 980 1523 1009 amando
1543 977 1649 1009 deﬁcit,
1666 983 1728 1003 cum
1741 978 1780 1002 est

992 1034 1019 1062 in
1033 1032 1125 1060 animo
1140 1029 1296 1058 obscuratio
1309 1028 1418 1059 mentis,
1432 1031 1459 1053 et
1485 1024 1608 1052 maleﬁca
1637 1022 1672 1049 ad
1701 1027 1781 1055 agen-

993 1080 1059 1107 dum
1096 1077 1235 1109 voluntas,
1254 1079 1281 1103 et
1311 1074 1408 1102 falsum
1433 1071 1567 1107 judicium
1596 1068 1632 1096 de
1656 1075 1690 1094 eo
1706 1066 1776 1101 quod

994 1121 1341 1157 amaturuithttjusmodi
1371 1125 1448 1147 amor
1473 1116 1562 1152 quinti
1596 1115 1712 1150 gradus.
1733 1111 1783 1139 lla-

994 1171 1124 1198 nifestum
1144 1169 1236 1203 itaque
1259 1171 1310 1200 est,
1326 1165 1397 1201 quod
1428 1163 1509 1199 primi
1533 1160 1636 1197 gradus
1651 1166 1730 1187 amor
1745 1161 1783 1184 est

997 1217 1158 1252 simpliciter
1172 1215 1260 1242 bonus
1276 1217 1303 1241 et
1328 1210 1450 1239 omnium
1468 1208 1600 1243 optimus.
1628 1210 1656 1233 et
1673 1203 1746 1232 cadit
1760 1204 1783 1229 in

997 1263 1162 1297 assignatam
1176 1259 1300 1294 superius
1344 1255 1504 1284 constantiae
1519 1253 1718 1280 dﬂinitioncm.
1737 1248 1785 1275 Be-

997 1295 1064 1344 liqui
1086 1316 1151 1335 veto
1179 1310 1297 1341 quatuor
1329 1303 1474 1337 graduum,
1505 1299 1636 1335 quoniam
1653 1298 1680 1324 in
1699 1295 1786 1330 quoli-

1000 1343 1044 1381 bet
1073 1354 1182 1388 ponitur
1206 1349 1364 1378 obsonratio
1391 1347 1502 1378 mentis,
1516 1343 1788 1378 comprehenduntur

1001 1400 1028 1427 in
1060 1406 1159 1434 genere
1181 1396 1428 1432 perturbationum,
1447 1393 1599 1421 secunduut
1630 1389 1705 1425 quod
1728 1395 1788 1423 per-

1002 1446 1119 1473 turbatio
1136 1443 1262 1477 superius
1276 1442 1387 1469 deﬁnita
1414 1443 1467 1468 est.

1038 1491 1085 1518 Est
1125 1490 1207 1524 igitur
1237 1489 1359 1516 omnium
1404 1484 1640 1521 perturbationum
1673 1481 1788 1516 optima,

168 1538 216 1558 nes
228 1530 414 1564 assignantur,
429 1528 474 1554 sed
492 1531 522 1554 ut
534 1525 681 1560 plurimum
698 1523 798 1550 eisdem
816 1529 879 1548 cum
892 1527 951 1554 per-
963 1515 986 1547 C
1004 1515 1211 1564 “HL—gazam
1233 1535 1316 1564 and“
1347 1515 1435 1564 βοείη.
1469 1535 1511 1559 εει
1532 1538 1539 1546 ⁸
1553 1528 1629 1557 deﬁci

1533 1551 1539 1563 ’

1004 1546 1065 1574 quae
1088 1535 1211 1564 secundo
1233 1535 1316 1570 gradu
1347 1533 1435 1568 posita
1469 1535 1511 1559 est
1532 1530 1644 1563 ;delleit
1673 1532 1792 1554 tamen:

170 1575 383 1605 turbationibus.
407 1572 474 1600 Nam
491 1574 513 1600 si
531 1571 614 1604 mala,
635 1578 695 1604 quae
714 1572 871 1596 constanter
895 1566 952 1593 dis-

170 1625 282 1660 plicent,
307 1621 443 1657 pra-tcrita
464 1625 540 1652 sunt,
558 1623 585 1645 et
603 1627 617 1644 υ
633 1624 663 1644 se
677 1615 835 1646 commissa,
853 1613 952 1640 dicitur

170 1670 298 1699 similiter
309 1667 488 1704 paenitentia;
503 1666 526 1693 si
542 1664 576 1692 ab
584 1663 648 1696 alio,
662 1663 763 1689 dicitur
780 1662 838 1692 ira;
852 1660 874 1687 si
890 1665 954 1686 vero

172 1718 242 1745 mala
259 1716 394 1752 pratterita
418 1715 460 1740 vel
487 1710 633 1748 praesentia
660 1709 721 1736 aliis
750 1709 912 1736 evenerunt,
929 1707 956 1730 οιι

172 1765 246 1800 passi
262 1764 385 1796 fuerunt,
402 1761 445 1788 vel
465 1759 617 1795 patiuntur,
632 1755 733 1783 dicitur
757 1749 957 1780 misericordia.

174 1813 202 1841 Si
217 1813 274 1847 ipse
289 1817 385 1846 passus
399 1813 452 1840 est,
468 1807 508 1834 vel
524 1805 624 1840 patitur
638 1802 728 1834 mala;
747 1800 769 1828 si
783 1799 878 1830 animi,
893 1796 960 1824 dici-

176 1865 222 1887 tur
237 1857 367 1886 similiter
384 1852 546 1890 pnenitcntia
563 1850 605 1877 vel
632 1846 839 1878 misericordia;
856 1845 878 1872 si
897 1851 960 1870 cor-

176 1903 251 1938 poris
261 1906 290 1930 et
304 1907 428 1931 externa,
443 1899 546 1925 dicitur
557 1893 700 1930 patientia.
713 1891 740 1919 Si
754 1899 817 1918 vero
829 1890 921 1917 futura
934 1892 961 1915 et

177 1947 361 1984 impendentia
375 1949 451 1977 sunt,
463 1943 564 1971 dicitur
575 1940 666 1969 cautio
678 1938 720 1966 vel
738 1942 828 1964 metus
840 1940 867 1962 et
878 1935 960 1962 timor

178 1981 328 2033 :eqitivoec.
344 1993 403 2020 Non
418 1995 510 2019 autem
534 1989 633 2019 diﬁcrt,
655 1986 678 2014 si
695 1986 722 2013 in
750 1984 822 2016 istis,
842 1989 903 2017 qua:
917 1981 960 2008 in-

179 2026 322 2074 coinmoda
340 2039 425 2068 Stoici
441 2037 546 2069 dicunt,
564 2034 631 2062 mala
644 2040 693 2060 usu
713 2029 852 2059 communi
866 2026 960 2062 appel-

180 2094 293 2123 lantur;
313 2087 382 2116 nibil
396 2085 467 2113 enim
481 2083 534 2111 ista
547 2079 688 2109 distinctio
706 2078 820 2104 interest
834 2071 961 2108 proposi-

181 2144 214 2166 tze
228 2134 398 2172 qumstionis.

217 2184 282 2213 item
304 2189 366 2209 cum
390 2179 499 2207 animus
525 2179 618 2203 noster
646 2170 731 2199 sensit
756 2175 785 2196 se
809 2168 966 2193 constanter

182 2233 294 2261 finitum
320 2228 361 2255 vel
378 2228 513 2254 fruentem
535 2223 626 2257 aliquo
641 2220 724 2251 bono,
738 2217 778 2243 vel
791 2213 967 2242 vehementer

183 2280 305 2310 acccplat
322 2274 438 2301 aliorum
466 2271 580 2300 bonum,
596 2265 695 2294 dicitur
714 2259 863 2291 contentio.
879 2257 968 2292 placa-

185 2326 288 2356 bilitas,
303 2319 430 2356 gaudium
448 2325 457 2350 ;
482 2322 514 2342 ac
528 2314 608 2342 etiam
625 2310 763 2346 :cquivoee
774 2306 827 2334 dici
843 2307 970 2340 possunt,

185 2379 244 2407 quae
259 2351 287 2397 id
303 2351 393 2394 ‘tcrtio
421 2369 518 2398 genere
542 2356 778 2395 perturbationum
801 2351 972 2379 dicebantur.

596 2405 600 2407 ”
736 2400 761 2407 ¹¹-
809 2398 815 2407 ¹
851 2396 971 2407 Ρ.»ι-......“

185 2396 212 2446 Si
232 2421 322 2444 autem
343 2396 500 2438 constanter
516 2405 651 2440 appetitus
681 2400 765 2428 tendit
779 2398 825 2433 ,ab
851 2396 972 2424 futurum

187 2467 300 2493 bonum,
319 2458 420 2486 dicitur
435 2454 571 2482 voluntas,
584 2449 624 2477 vel
638 2446 802 2475 desiderium
822 2443 973 2478 :rquivoce,

188 2486 214 2538 in
239 2486 339 2543 quibus
356 2506 438 2530 estet
457 2507 529 2534 spes.
553 2497 600 2524 Est
617 2499 707 2522 autem
725 2493 750 2519 iu
782 2490 859 2518 bonis
875 2486 974 2515 simili-

188 2564 230 2584 ter
249 2535 402 2581 ⁵(Ιὶιιξριὶουι
426 2554 502 2574 umor
527 2554 534 2577 ;
577 2542 696 2570 Charitas
711 2545 774 2566 vero
817 2535 922 2571 species
935 2535 977 2559 est

190 2598 346 2629 voluntatis.

215 2661 280 2688 Car.
311 2655 383 2684 Xlll.
423 2649 652 2688 l’erturbutionum
685 2651 709 2673 et
737 2641 949 2671 constantiarunt

491 2686 650 2721 differentia.

230 2755 264 2783 tit
284 2757 372 2781 autem
387 2753 484 2785 pateat,
503 2745 568 2781 quid
592 2745 704 2770 interest
727 2739 797 2766 inter
811 2734 979 2764 constantias

195 2808 221 2830 ct
242 2798 460 2837 perturbationes
477 2793 644 2829 mquivocas,
665 2790 790 2814 sumatur
821 2790 904 2810 unum
932 2788 980 2815 pro

198 2828 335 2879 omnibus,
359 2850 386 2872 ut
417 2828 515 2871 amor;
534 2840 647 2867 Antetur
662 2834 743 2870 igitur
770 2831 857 2866 primo
878 2828 979 2862 aliquid

1006 1583 1160 1612 constantia
1178 1582 1205 1609 in
1217 1582 1306 1609 tribus
1322 1590 1329 1607 :
1343 1587 1408 1612 uno,
1427 1578 1497 1614 quod
1511 1584 1564 1604 non
1582 1578 1727 1604 consonat
1742 1572 1792 1599 cla-

1007 1631 1113 1657 ritatem
1138 1628 1236 1655 mentis
1249 1628 1277 1654 in
1292 1634 1341 1654 suo
1356 1626 1454 1659 rigore,
1471 1623 1544 1650 sicut
1556 1621 1725 1649 constantia.

1060 1675 1198 1707 Secundo,
1209 1673 1283 1709 Quod
1309 1671 1469 1700 constantia
1492 1669 1605 1704 quidem
1636 1667 1718 1709 facile
1745 1669 1794 1695 est,

1009 1729 1120 1758 propter
1143 1721 1245 1749 mentis
1261 1718 1425 1750 claritatem,
1439 1717 1580 1751 imponere.
1604 1713 1734 1742 exteriori
1753 1719 1794 1738 ac-

1011 1769 1078 1797 tioni
1095 1767 1311 1796 mediocritatem
1327 1775 1334 1792 :
1360 1764 1411 1799 Ipsi
1430 1769 1493 1790 vero
1510 1760 1720 1797 perturbationi,
1734 1765 1795 1793 pro-

1012 1819 1072 1850 pter
1093 1812 1192 1840 mentis
1210 1809 1348 1839 turbidam
1373 1808 1596 1839 commotionem,
1626 1805 1746 1840 idipsum
1765 1803 1796 1829 ita

1013 1861 1093 1889 facile
1111 1867 1166 1888 non
1184 1863 1238 1887 est.

1066 1907 1159 1935 Tertio
1182 1909 1293 1940 Superat
1318 1903 1482 1936 c0nstantis,
1497 1900 1568 1936 quod
1586 1900 1613 1927 in
1628 1906 1661 1927 es
1677 1897 1796 1925 benclca

1016 1955 1152 1985 voluntas,
1170 1960 1256 1980 cuma
1280 1952 1404 1978 claritate
1427 1949 1526 1977 mentis
1553 1950 1580 1974 et
1607 1947 1667 1973 viva
1699 1943 1798 1971 ratione

1017 2001 1144 2036 pendeat,
1161 2005 1202 2027 cst
1224 1999 1250 2026 in
1269 1998 1362 2025 anituo
1374 1996 1454 2024 insita
1469 1999 1497 2022 et
1513 1999 1689 2029 permanens,
1708 1994 1736 2017 et
1746 1989 1798 2015 ideo

1017 2046 1173 2078 eilicacior;
1191 2049 1218 2072 et
1238 2044 1309 2079 quod
1332 2043 1366 2070 ab
1386 2049 1416 2069 ea
1447 2040 1596 2074 prudenter
1609 2036 1800 2072 proﬁciscitur.

1018 2099 1156 2127 nunquam
1168 2091 1200 2117 ad
1220 2089 1406 2124 paenitentiam
1430 2085 1537 2114 adducit
1554 2094 1561 2112 :
1581 2083 1626 2111 illa
1641 2090 1707 2110 vero
1726 2081 1802 2108 bene-

1020 2139 1069 2166 iica
1097 2138 1237 2168 voluntas,
1262 2143 1323 2169 qua
1343 2137 1385 2161 est
1408 2134 1435 2160 in
1464 2129 1687 2167 perturbatione,
1712 2134 1772 2155 cum
1790 2133 1802 2152 a

980 2189 1005 2219 ι)
1019 2183 1161 2218 repentino
1174 2187 1200 2209 et
1220 2181 1377 2208 turbulento
1387 2183 1461 2206 motu
1472 2180 1611 2207 causatur,
1623 2173 1717 2202 sedata
1732 2179 1800 2199 men-

1022 2236 1050 2258 te
1078 2236 1149 2263 saepe
1172 2231 1261 2256 cessat
1282 2232 1309 2253 et
1332 2225 1401 2259 ipsa.
1423 2223 1482 2250 Non
1506 2222 1578 2248 cnim
1594 2221 1677 2248 insita
1695 2223 1801 2249 est,nec

1024 2275 1140 2303 vinculis
1174 2272 1289 2301 rationis
1305 2267 1549 2304 constringitur.Et
1567 2267 1630 2293 ideo
1657 2272 1731 2300 saepe
1745 2270 1803 2291 con-

1026 2322 1117 2357 tingit,
1132 2324 1162 2347 nt
1184 2319 1257 2354 quod
1282 2322 1354 2345 recte
1366 2322 1394 2344 et
1405 2314 1578 2343 laudabiliter
1593 2312 1696 2339 factum
1722 2309 1804 2338 fuerit.

1025 2376 1086 2395 cum
1104 2367 1191 2394 nubes
1207 2363 1365 2395 recesserit,
1382 2361 1512 2396 poeniteat
1522 2358 1662 2386 hominem
1681 2358 1733 2383 hoc
1743 2355 1803 2381 idem

1025 2414 1122 2442 fecisse
1140 2420 1146 2438 :
1163 2411 1232 2439 sicut
1247 2411 1273 2437 in
1290 2407 1482 2436 misericordiis
1494 2411 1692 2438 nonnunquam
1707 2401 1806 2429 accidit.

1098 2459 1215 2493 Quintus
1228 2455 1358 2490 vero,qui
1378 2453 1484 2487 positus
1498 2451 1549 2479 fuit
1563 2450 1675 2485 gradus,
1692 2452 1734 2476 est
1748 2447 1806 2474 Silll‘

1028 2507 1133 2542 pliciter
1146 2505 1243 2533 malus.
1259 2507 1285 2530 et
1301 2501 1424 2529 otnnium
1445 2499 1592 2534 pessimus.
1617 2495 1693 2523 Nihil
1709 2492 1808 2521 enimiu

1027 2539 1059 2577 eo
1079 2550 1141 2577 horti
1156 2553 1207 2576 est.
1223 2547 1330 2574 Tertius
1343 2550 1369 2572 et
1380 2548 1493 2580 quartus
1503 2541 1653 2570 secundum
1669 2539 1742 2575 quod
1756 2545 1810 2573 par-

1030 2597 1126 2632 ticipes
1161 2600 1225 2623 sunt
1235 2593 1299 2621 boni
1314 2592 1354 2619 vel
1371 2591 1445 2622 mali,
1460 2592 1523 2618 sunt
1552 2587 1679 2615 laudandi
1692 2587 1733 2613 vel
1750 2586 1809 2610 vitu~

1030 2641 1154 2678 perandi.
1176 2640 1204 2667 Si
1230 2645 1296 2665 vero
1315 2640 1422 2672 oportet
1447 2642 1461 2662 a
1487 2633 1606 2669 pessimo
1631 2633 1808 2667 expositorum

1033 2689 1166 2724 graduum
1184 2683 1412 2721 perturbationis,
1432 2680 1566 2716 gradatim
1585 2684 1684 2706 etnon
1713 2680 1812 2710 repente

1033 2723 1065 2762 ad
1081 2732 1262 2762 constantiam
1286 2728 1453 2757 ascendere:
1468 2727 1557 2761 primo
1571 2723 1752 2752 subtrahatur
1765 2726 1814 2746 ma-

1033 2780 1111 2809 leiica
1125 2779 1251 2806 voluntas
1265 2776 1304 2803 vel
1319 2776 1386 2802 falsa
1398 2773 1491 2808 opinio
1505 2780 1512 2798 :
1526 2775 1554 2799 et
1565 2770 1628 2798 istis
1643 2769 1723 2803 prius
1736 2767 1815 2794 detra-

1036 2828 1100 2860 ctis,
1122 2830 1262 2862 postremo
1290 2821 1466 2849 subtrahatur
1481 2817 1582 2845 mentis
1602 2813 1780 2843 obscuratio:
1795 2814 1816 2836 et
