1868 3069
83 153 153 187 1361

284 181 300 191 ρ

624 160 766 191 ETHICA
790 160 997 192 SECUNDUM
1018 163 1184 194 STOICOS.

1653 161 1718 192 12ΐὲ

82 211 246 240 immeth
271 212 323 240 hac
343 212 496 247 suum”.
513 209 620 242 θηῐεωῑ
647 215 674 242 in
695 215 787 244 animo
816 223 881 242 6οη-
896 216 996 246 Adiuc
1018 220 1158 251 commoti,
1179 219 1261 246 multa
1277 218 1347 246 bona
1371 219 1395 245 in
1424 217 1478 244 vita
1497 220 1718 251 consequuntur,

81 258 197 289 stantia,
219 257 246 285 in
278 266 331 293 qua
349 267 411 287 cum
428 260 614 294 aequabilitate
638 261 748 293 mentis,
763 265 791 288 et
812 268 876 288 vera

82 308 126 331 est
144 305 294 338 sententia,
308 309 335 333 et
351 305 471 333 beneﬁca
487 306 625 334 voluntas.
654 306 721 334 Nam
738 307 762 335 si
781 315 796 335 a
815 315 878 342 pes-

83 351 157 378 simo
171 352 257 384 gradu
284 352 510 386 perturbationis,
530 352 619 387 primo
628 353 767 381 subtracta
781 351 879 382 obscu-

83 396 191 425 ratione
206 398 316 429 mentis,
333 398 506 425 dimittantur
523 399 549 426 iu
568 399 659 427 animo
685 398 785 427 falsum
799 401 876 434 judi-

83 444 171 475 cium.
187 447 215 470 et
227 443 350 471 maleﬁca
364 444 500 477 voluntas,
520 450 635 479 augetur
658 446 749 479 potius
766 446 877 484 malum,

83 497 168 524 quam
179 489 360 523 diminuitur;
374 494 401 517 et
413 490 521 517 animus
534 490 652 518 deterior
665 491 704 518 ﬁt.
723 490 785 518 Exit
798 492 874 519 enim

75 531 99 571 ξε
117 543 218 571 genere
245 536 495 570 perturbationum,
526 541 553 564 et.
563 537 661 565 incidit
682 537 710 564 in
736 538 877 570 malitiam,

72 569 285 618 'elyithiotem’et
297 582 442 618 apheliam,
455 590 518 618 quae
536 583 562 610 in
576 583 687 617 agendis
702 583 781 610 malis
793 569 880 610 multo

83 628 224 656 excellunt
243 628 473 663 perturbationes,
496 634 524 657 et
541 629 632 656 minus
651 629 788 657 sanabiles
802 634 877 657 sunt.

121 674 248 710 Quinque
276 674 359 709 igitur
375 675 507 709 graduum
526 677 738 710 assignatorum,
773 675 877 709 primus

85 720 200 756 gradus,
215 721 261 756 qui
280 721 357 749 solus
366 726 425 748 erat
436 722 607 754 constantiae,
620 726 662 749 est
677 729 813 750 summttm
827 720 878 749 bo-

85 775 153 795 num
170 775 177 800 ;
191 767 336 800 secundus.
350 775 478 803 magnum
507 767 622 801 bonum,
641 768 705 796 latet
716 768 789 796 enim
805 769 878 803 quod

85 812 169 840 habet
188 813 290 840 malum
309 814 430 847 ;tertius
449 819 477 842 et
501 818 626 849 quartus,
643 814 798 841 sensibilem
821 814 877 849 jam

84 859 230 886 misturam
261 858 404 894 patiuntur
424 867 432 892 ;
455 859 568 894 quintus
587 859 705 886 totaliter
730 860 879 895 opponitur

83 904 187 939 primo,
203 908 231 932 et
259 909 301 932 est
317 904 481 939 simpliciter
508 905 621 933 malum.
650 905 742 940 itaque
765 913 827 933 cum
853 910 880 933 et

84 950 138 982 ira.
153 954 181 977 et
206 950 404 982 misericordia,
417 954 444 978 et
457 950 635 983 desiderium,
652 955 680 978 et
696 954 825 983 metus.et
840 958 883 979 re-

84 996 173 1031 liqua,
196 1003 258 1031 quae
271 996 410 1031 aequivoce
433 996 460 1024 in
482 1003 580 1031 genere
604 998 830 1031 constantiarum,
855 1002 881 1025 et

84 1036 115 1070 in
125 1049 225 1077 genere
251 1042 486 1077 perturbationum
502 1043 552 1070 dici
569 1047 693 1078 possunt,
713 1047 741 1071 ut
751 1045 880 1078 superius

85 1093 228 1118 ostensum
243 1093 295 1122 est,
324 1095 373 1123 per
397 1089 517 1123 quinque
546 1089 688 1123 quodlibet
719 1090 880 1124 simpliciter

84 1135 198 1170 gradus,
230 1135 317 1169 possit
349 1135 460 1166 variari,
470 1139 500 1162 ut
515 1135 619 1170 primus
640 1136 676 1163 sit
701 1138 878 1171 constantiae,

85 1185 206 1217 quatuor
227 1188 293 1209 vero
319 1181 535 1216 perturbationis
556 1182 754 1211 :mauil‘estum
778 1188 819 1212 est
845 1193 879 1212 er

85 1235 171 1264 supra
202 1228 291 1260 dictis,
323 1232 428 1263 quanto
453 1228 552 1256 melius
577 1233 605 1256 et
632 1230 803 1264 praestantius
838 1234 880 1258 est

85 1274 226 1310 quodlibet
242 1274 368 1306 istorum,
385 1282 448 1302 cum
462 1278 621 1302 constanter
640 1275 782 1311 contingit,
796 1283 877 1311 quam

86 1322 115 1349 id
135 1321 224 1356 ipsum
243 1321 265 1348 si
293 1320 368 1348 ﬁeret
391 1320 572 1348 turbulenter.
601 1320 680 1354 Quod
704 1326 793 1349 tamen
815 1330 876 1350 cum

86 1367 124 1393 ita
140 1365 283 1400 contingit,
298 1365 407 1400 quando
437 1372 564 1400 magnum
588 1365 688 1393 bouum
720 1370 772 1398 est,
789 1368 877 1400 quoad

87 1412 236 1444 actionem,
259 1415 286 1438 et
310 1411 421 1445 quando
452 1411 619 1439 sensibiliter
639 1413 827 1442 commistum.
842 1417 869 1440 et

87 1459 199 1493 quando
223 1457 373 1492 pessimum
389 1457 503 1490 malum,
526 1457 594 1484 satis
610 1461 636 1484 et
657 1457 718 1491 hoc,
750 1463 780 1485 ut
802 1458 876 1485 arbi-

87 1509 157 1535 tror,
173 1504 299 1538 superius
311 1506 352 1530 est
365 1502 539 1538 explicatum.
558 1502 611 1529 Sed
627 1503 702 1536 quia,
721 1503 792 1530 sicut
808 1511 876 1538 pta!—

896 885 918 913 Β

929 267 957 290 et
983 263 1052 290 mala
1078 265 1204 291 evitant:
1227 263 1274 291 sed
1290 263 1325 290 ita
1343 262 1469 297 dispositi
1498 262 1644 289 sintulacra
1665 259 1719 286 vir-

929 314 1029 342 tutum,
1052 318 1105 338 non
1127 310 1201 345 ipsas
1224 317 1301 337 veras
1334 310 1448 336 virtutes
1474 308 1625 335 :estimandi
1654 310 1741 334 sunt.

930 357 1040 384 habere.
1066 358 1160 392 Itaque
1176 357 1198 384 si
1217 357 1326 384 nomine
1346 355 1480 391 passionis
1498 355 1613 381 velimus
1628 354 1718 380 uomi-

931 411 1006 435 nare,
1019 408 1073 430 tam
1089 403 1274 435 constantias,
1289 410 1370 436 quam
1387 402 1617 436 perturbationes,
1633 399 1719 426 Inani-

931 448 1040 480 festttm,
1067 449 1140 483 quod
1160 449 1288 476 dicimus.
1306 447 1464 481 passionum
1481 446 1548 472 alias
1562 452 1622 472 esse
1650 444 1717 471 situ-

929 495 1036 529 pliciter
1058 495 1156 528 bonas,
1185 495 1253 522 alias
1275 494 1435 528 simpliciter
1451 492 1546 522 malas,
1573 491 1639 517 alias
1662 497 1719 516 ma-

930 543 971 577 gis
982 543 1067 570 bonas
1082 549 1161 576 quam
1180 542 1276 572 malas.
1292 544 1318 567 et
1336 548 1350 567 e
1366 546 1500 566 converso
1515 546 1522 569 ;
1546 537 1612 564 alias
1628 545 1720 570 aequa-

930 590 992 617 liter
1011 589 1179 619 commislas,
1196 590 1396 621 consequenter
1425 584 1635 619 quadripartito;
1650 582 1720 609 (11νὶ-

929 636 1011 667 sioni,
1028 643 1081 662 non
1106 641 1248 669 generum,
1268 633 1314 660 sed
1335 632 1467 667 graduum
1494 629 1720 664 perturbationis.

930 682 958 710 Si
974 686 1063 709 autem
1079 680 1235 716 passionem
1264 680 1289 705 in
1316 679 1408 704 animo
1429 677 1547 703 velimus
1575 675 1719 702 nominare

931 729 997 756 nihil
1013 728 1097 760 aliud,
1120 726 1172 754 nisi
1199 726 1299 754 mentis
1327 724 1413 759 ipsius
1445 723 1678 752 obscuratinncm,
1693 724 1720 747 et

930 774 1065 801 turbidam
1095 772 1256 803 motionem,
1268 775 1294 797 et
1309 768 1500 796 obtusionem:
1522 775 1582 793 cum
1614 772 1722 800 semper

930 818 966 846 sit
981 818 1080 845 bonum
1097 816 1179 843 menti
1193 814 1337 849 tranquilla
1357 813 1478 844 claritas,
1489 817 1516 838 et
1531 812 1624 844 vigens
1640 809 1714 835 acies

931 862 1108 897 intelligendi,
1122 869 1176 888 non
1201 860 1385 888 dubitabimus
1409 858 1500 886 dicere
1529 863 1625 883 omnes
1659 862 1721 889 pas-

933 911 1024 938 siones
1038 916 1099 937 esse
1114 908 1206 935 animo
1220 906 1421 940 exstirpandas,
1436 909 1463 931 et
1479 903 1587 938 penitus
1600 901 1720 928 evellen-

932 957 981 984 das
998 964 1007 988 ;
1027 956 1159 984 duntaxat
1182 961 1232 981 nec
1255 952 1336 980 insita
1369 950 1491 978 maleﬁca
1525 948 1661 980 voluntas,
1678 947 1720 974 vel

932 1003 966 1030 ad
993 1000 1164 1029 necessarias
1193 1004 1220 1026 et
1250 999 1378 1026 honestas
1405 996 1526 1023 actiones
1550 994 1664 1021 tarditas
1693 993 1719 1020 in

932 1049 1023 1076 animo
1043 1051 1193 1078 remaneat,
1213 1053 1264 1072 nec
1277 1044 1438 1079 opinionum
1462 1041 1614 1073 temeritas,
1633 1044 1662 1066 ut
1686 1039 1726 1066 ad.

932 1094 1115 1122 constantiam
1135 1099 1202 1127 pure
1217 1090 1402 1125 perveniatur.

967 1140 1157 1174 Theophrasto
1188 1138 1309 1173 quidem,
1324 1140 1386 1171 post
1406 1134 1578 1162 Aristotelem
1610 1133 1722 1167 Peripa-

932 1187 1075 1213 teticorum
1089 1184 1217 1220 principi,
1236 1191 1288 1210 non
1311 1182 1415 1209 videtur
1443 1187 1550 1207 onmem
1581 1180 1723 1214 perturba—

932 1234 1033 1260 tionem
1051 1232 1192 1259 adversam
1207 1237 1268 1258 esse
1284 1230 1457 1257 constantiae.
1476 1228 1528 1256 Sed
1545 1229 1616 1256 sicut
1633 1228 1720 1254 fatuos

930 1285 956 1307 et
968 1280 1038 1312 sitis,
1055 1284 1082 1306 et
1099 1278 1255 1313 huiusmodi
1279 1278 1420 1305 naturales
1446 1277 1613 1310 contingunt
1632 1275 1721 1302 homi-

931 1327 957 1353 ni
977 1326 1036 1354 sine
1050 1325 1118 1352 falsa
1134 1324 1273 1359 opinione,
1298 1323 1358 1351 sine
1384 1323 1507 1350 maleﬁca
1524 1323 1672 1354 voluntate,
1684 1321 1720 1347 si-

930 1380 964 1400 ne
995 1372 1095 1398 mentis
1121 1371 1325 1402 obscuratione,
1364 1374 1391 1397 et
1415 1369 1575 1403 simpliciter
1605 1368 1722 1394 minime

929 1418 1028 1445 mentis
1055 1417 1208 1444 constantia
1225 1416 1288 1443 lzesa
1313 1416 1375 1443 :ita
1401 1415 1449 1445 ait,
1465 1418 1492 1441 et
1517 1415 1544 1440 iu
1570 1413 1661 1440 animo
1678 1420 1721 1438 se-

928 1463 1046 1492 cundum
1064 1462 1185 1489 inﬁrmas
1196 1462 1253 1496 ejus
1265 1465 1354 1496 partes
1367 1459 1499 1493 contingit
1527 1465 1720 1491 nonnunquam

929 1518 960 1537 ex
982 1510 1075 1544 aliquo
1093 1516 1159 1535 casu
1172 1507 1279 1535 turbida
1300 1507 1461 1537 commotio,
1476 1513 1525 1532 nec
1550 1513 1563 1531 a
1583 1504 1649 1530 falsa
1663 1504 1722 1538 opi-

87 1550 229 1578 deﬁuitum
255 1554 299 1578 est
326 1550 353 1576 in
380 1549 468 1584 primo
497 1549 577 1582 libro,
598 1549 686 1577 virtus
708 1554 750 1577 est
777 1551 879 1584 optima
894 1553 914 1581 C
932 1556 1013 1583 nione
1038 1555 1177 1590 pendens,
1202 1561 1252 1581 nec
1276 1553 1427 1580 maleﬁcam
1458 1551 1626 1579 voluntatem
1645 1550 1723 1577 exci-

89 1595 301 1629 aﬂectioanimi,
317 1596 417 1630 optime
434 1595 555 1622 animum
573 1595 607 1622 ad
629 1595 762 1630 agendum
790 1597 883 1631 dispo-

88 1649 168 1670 nens.
206 1641 283 1669 Nulla
309 1649 373 1677 ergo
388 1641 474 1669 virtus
491 1640 523 1667 ad
546 1641 597 1668 hoc
612 1641 694 1668 habet
716 1649 793 1669 suam
817 1643 882 1674 vim,

89 1692 120 1716 ut
145 1687 228 1715 faciat
239 1687 338 1722 aliquid
357 1686 429 1714 malo
456 1686 547 1713 animo
563 1686 772 1721 contingerem
792 1692 883 1715 osten-

88 1742 150 1763 sum
166 1737 219 1767 est,
243 1732 315 1768 quod
331 1731 488 1761 obscuratio
517 1731 625 1765 mentis,
642 1731 742 1759 malum
769 1736 810 1759 est
831 1732 882 1766 ipsi

87 1780 195 1812 menti;
212 1778 286 1806 nulla
304 1785 369 1813 ergo
382 1777 470 1804 virtus
491 1777 524 1804 ad
545 1778 595 1804 hoc
620 1776 702 1804 habet
715 1784 794 1803 suam
814 1776 880 1810 vim,

88 1830 120 1854 ut
134 1824 356 1852 obscurationem
372 1828 399 1850 et
411 1822 538 1850 tenebras
554 1821 653 1848 inferat
666 1829 786 1856 unquam
806 1830 882 1848 men-

90 1870 121 1902 ti,
135 1874 163 1897 et
176 1868 308 1896 obtundat
326 1868 385 1902 ejus
408 1867 493 1894 aciem
529 1866 709 1902 intelligendi.
731 1867 782 1894 Sed
807 1868 880 1894 nulla

89 1914 260 1951 perturbatio
281 1918 333 1945 est,
353 1913 412 1941 sine
431 1913 531 1940 mentis
554 1912 747 1939 obscuratione
766 1921 773 1946 ;
790 1920 882 1946 segre—

90 1960 186 1997 ganda;
205 1967 271 1995 ergo
286 1963 352 1987 sunt
367 1959 588 1994 perturbationes
605 1966 619 1986 a
633 1958 718 1986 choro
736 1959 879 1985 virtutum.

88 2007 168 2041 Quod
180 2011 208 2034 et
227 2007 263 2034 ita
275 2006 382 2034 ostendi
398 2009 496 2040 potest.

125 2053 345 2080 Demonstratum
371 2055 412 2078 est
427 2052 564 2086 superius,
587 2052 659 2087 quod
676 2052 783 2084 beatus,
795 2058 876 2086 quem

88 2101 281 2136 intelligimus,
308 2107 416 2134 semper
435 2106 478 2127 est
503 2104 631 2127 constans
647 2108 654 2132 ;
668 2100 712 2127 sed
738 2099 881 2135 perturba-

87 2147 178 2175 tiones
195 2154 290 2174 omnes
307 2146 487 2173 adversantur
505 2147 686 2178 constantiae;
706 2145 813 2173 vacabit
835 2152 879 2171 er-

88 2201 124 2229 go
150 2193 247 2220 beatus
275 2191 555 2227 perturbationibus:
585 2193 631 2219 sed
665 2192 766 2218 virtute
788 2191 878 2226 aliqua

88 2247 143 2267 non
160 2243 235 2267 caret
252 2248 260 2272 ;
278 2239 380 2266 nullius
410 2246 475 2273 ergo
505 2239 614 2267 virtutis
643 2239 810 2274 perturbatio
823 2243 875 2266 est.
894 2226 918 2256 θ

125 2285 189 2313 Item
222 2286 243 2313 si
267 2291 425 2313 constanter
443 2285 565 2313 misereri
593 2285 679 2311 multo
701 2285 798 2312 melius
826 2289 877 2317 est,

87 2339 171 2367 quam
198 2331 221 2358 si
247 2331 364 2366 idipsum
393 2331 565 2358 turbulenter
578 2330 663 2363 ﬁeret,
681 2334 710 2357 ut
739 2335 879 2359 ostensum

87 2382 152 2405 est:
180 2376 246 2404 illud
266 2385 342 2410 vero,
365 2377 437 2412 quod
463 2385 478 2404 a
498 2377 600 2404 virtute
619 2377 802 2411 proﬁciscitur
829 2385 879 2405 suo

88 2422 151 2449 loco
177 2427 203 2449 et
223 2430 299 2456 casu,
316 2424 449 2458 optimum
481 2430 540 2450 csse
566 2423 701 2450 volumus.
733 2423 827 2450 Virtus
839 2427 881 2450 est

89 2475 156 2502 ergo
176 2469 334 2502 quaerenda,
350 2477 410 2503 qua:
423 2469 571 2496 stabilitam
590 2473 734 2495 conservet
750 2473 880 2495 constan-

89 2513 168 2545 tiam,
195 2521 250 2541 non
275 2515 487 2548 perturbationis
524 2514 679 2542 inﬁrmitas.
714 2514 879 2549 Separat-te;

88 2565 181 2587 tamen
198 2567 213 2586 a
228 2560 313 2587 choro
339 2560 471 2588 virtutum
494 2561 722 2596 perturbationes,
738 2569 791 2587 nou
812 2561 875 2587 illud

89 2606 231 2639 volumus,
250 2611 281 2634 ut
300 2607 333 2634 ad
350 2606 498 2642 apheliatu,
520 2613 547 2635 et
573 2607 740 2643 elythiotem,
758 2612 784 2634 ct
798 2606 879 2634 mali-

89 2654 155 2682 tiam
185 2653 289 2681 ineidat
317 2654 427 2681 animus
443 2673 451 2685 ,
477 2653 522 2680 sed
544 2659 573 2680 ut
588 2654 690 2681 bonum
717 2654 879 2681 constantiae

88 2704 284 2732 consequatur.
312 2698 368 2726 Illis
402 2698 475 2726 cnim
503 2699 550 2733 qui
569 2699 670 2726 claram
697 2705 723 2727 et
740 2700 881 2731 vivam,ct

88 2745 256 2781 expeditam,
273 2751 299 2773 et
329 2745 465 2774 emcacem
493 2745 629 2774 rationein
659 2746 878 2782 expetendarum

89 2797 173 2828 atque
192 2792 381 2826 t‘ugiendarum
405 2799 497 2819 rerum
525 2799 579 2819 non
607 2792 718 2826 habent,
737 2800 790 2820 non
805 2792 881 2828 peni-

90 2843 136 2866 tus
156 2839 266 2866 inutiles
285 2842 350 2867 sunt
382 2837 626 2874 perturbationes;
659 2838 776 2866 aliarum
807 2838 879 2866 enim

89 2892 183 2913 rerum
212 2884 370 2920 cupiditate,
399 2884 439 2912 vel
467 2887 551 2917 metu,
582 2883 689 2918 laetitia,
707 2884 748 2911 vel
766 2884 877 2919 aegritu-

938 1606 1018 1634 lans,
1035 1609 1084 1628 nec
1111 1601 1194 1627 menti
1225 1599 1447 1627 obscurationcm
1478 1597 1609 1624 inferens.
1638 1595 1723 1629 Cujus

938 1646 1130 1675 commotionis
1156 1647 1232 1679 signa
1245 1645 1327 1672 etiam
1353 1644 1379 1671 in
1395 1651 1453 1675 ore,
1472 1643 1498 1670 in
1515 1643 1589 1669 vultu
1606 1642 1644 1675 ,in
1657 1649 1722 1667 ocu-

938 1694 980 1725 lis,
998 1692 1134 1719 interdum
1160 1695 1301 1725 apparent.
1332 1689 1393 1716 llasc
1408 1697 1468 1716 cum
1493 1689 1528 1716 sit
1542 1687 1721 1723 perturbatio,

936 1739 1049 1766 minime
1065 1741 1155 1764 tamen
1173 1735 1334 1763 constantia:
1361 1735 1532 1761 adversatur.

971 1785 1011 1812 Ad
1031 1791 1091 1819 quae
1105 1781 1320 1818 respondendum
1336 1786 1388 1813 est,
1401 1780 1473 1815 quod
1488 1781 1539 1807 ista
1559 1787 1611 1806 nou
1624 1779 1721 1806 adver-

935 1835 1041 1862 santur,
1063 1830 1211 1858 secundum
1240 1835 1309 1860 rem,
1343 1826 1532 1861 superioribus
1561 1826 1662 1852 nostris
1689 1824 1722 1851 de

936 1876 1138 1912 perturbatione
1166 1874 1331 1902 rationibus.
1358 1873 1424 1900 Nam
1450 1873 1472 1900 si
1500 1871 1653 1899 constantia
1669 1877 1723 1897 una

935 1922 1091 1950 deﬁnitione
1122 1921 1320 1955 comprehensa
1345 1923 1396 1951 est,
1418 1918 1440 1946 si
1456 1918 1578 1946 deﬁnitio
1600 1917 1660 1950 ejus
1675 1924 1724 1951 per

935 1976 988 1996 non
1001 1968 1139 2002 atquivoca
1154 1968 1234 1994 verba
1254 1971 1294 1994 est
1309 1966 1444 2001 assignata
1462 1973 1468 1992 :
1495 1963 1666 1991 manifestqu
1681 1968 1730 1990 est

934 2015 1006 2050 quod
1029 2014 1198 2049 perturbatio
1218 2021 1278 2048 quae
1299 2012 1459 2040 constantia:
1489 2011 1665 2041 adversatur,
1687 2010 1731 2037 de

934 2069 986 2096 qua
1003 2061 1129 2095 superius
1146 2059 1339 2092 triti-tabamus,
1358 2066 1406 2094 per
1419 2062 1536 2093 quatuor
1551 2057 1651 2091 gradus
1661 2063 1719 2082 eam

933 2107 1081 2138 variantes,
1114 2110 1196 2140 atque
1230 2106 1256 2132 in
1281 2110 1397 2138 quatuor
1421 2111 1520 2138 genera
1546 2101 1720 2129 dividentes:

933 2153 1018 2181 etilla
1047 2151 1216 2187 perturbatio
1244 2150 1439 2185 Theophrasti,
1467 2157 1527 2185 quae
1559 2149 1722 2176 constantiae

934 2199 1033 2226 mentis
1050 2206 1102 2224 non
1130 2197 1302 2229 adversatur,
1329 2195 1469 2230 aequivoce
1499 2194 1717 2230 perturbationis

931 2245 1041 2273 nomine
1051 2244 1177 2271 fruuntur
1193 2251 1242 2270 :ac
1270 2243 1351 2269 etiam
1367 2243 1492 2276 superior
1523 2239 1721 2276 quadripartito

933 2289 1111 2326 perturbatio,
1129 2296 1181 2324 qua
1198 2287 1416 2314 ohscuratiouem
1444 2286 1527 2313 meuti
1544 2285 1636 2316 inlert,
1656 2292 1724 2319 prte-

933 2336 1040 2363 dieatur
1054 2336 1088 2362 de
1115 2338 1215 2361 mente.
1239 2333 1286 2360 Est
1312 2332 1384 2359 enim
1406 2340 1501 2359 verum
1517 2332 1619 2360 dicere.
1636 2331 1663 2357 in
1679 2331 1723 2357 illa

932 2380 1060 2416 passione
1084 2384 1200 2406 tuentem
1228 2377 1345 2404 hominis
1368 2384 1429 2404 esse
1445 2376 1644 2411 perturbatam.
1658 2376 1724 2402 Per-

933 2426 1051 2452 turbatio
1079 2433 1142 2452 vero
1158 2423 1348 2458 Theophrasti.
1366 2423 1431 2457 quia
1450 2422 1613 2456 descriptam
1640 2429 1724 2455 supe-

932 2473 990 2498 rius
1005 2470 1216 2503 mquabtlitatetu
1248 2468 1348 2495 tuentis
1377 2475 1430 2494 non
1449 2468 1522 2494 laedit
1543 2477 1549 2494 :
1565 2475 1619 2493 non
1635 2471 1724 2501 potest

931 2525 994 2545 vere
1016 2517 1049 2544 de
1065 2520 1155 2543 mente
1180 2513 1333 2550 praedicari.
1364 2513 1432 2540 Dum
1450 2513 1522 2540 enini
1552 2512 1723 2547 mquabililas

933 2563 1031 2589 mentis
1047 2566 1138 2589 manet
1159 2562 1252 2592 illaesa,
1282 2567 1333 2586 non
1360 2564 1399 2587 est
1421 2559 1583 2590 dicendum,
1599 2563 1730 2584 mentem,

932 2608 1052 2636 hominis
1077 2615 1137 2635 esse
1162 2606 1361 2642 perturbatam.
1380 2605 1449 2640 Ergo
1475 2609 1502 2631 et
1528 2611 1561 2631 ex
1586 2603 1635 2629 hoc
1652 2607 1733 2637 pati-ty

932 2663 1025 2682 earum
1037 2654 1225 2687 mquivoeatio.
1247 2653 1339 2687 itaque
1366 2650 1504 2678 terrestris
1527 2650 1604 2677 cauis
1628 2648 1724 2675 delini-

933 2701 1008 2728 tione
1034 2702 1184 2736 assignato.
1210 2704 1299 2735 potest
1314 2698 1368 2726 dici
1389 2697 1531 2729 audacter,
1548 2703 1657 2724 omnem
1676 2703 1722 2722 ca-

933 2755 993 2774 nem
1011 2755 1071 2774 esse
1100 2747 1201 2774 animal
1220 2745 1344 2776 mortale,
1364 2746 1403 2773 vel
1429 2744 1528 2771 animal
1544 2743 1697 2778 quadrupes
1714 2750 1722 2769 :

933 2793 968 2820 ita
994 2793 1191 2828 quadripartito
1218 2791 1431 2828 perturbationis
1454 2790 1590 2825 descripta
1618 2788 1730 2815 deﬁui-r

933 2840 1016 2871 tione.
1037 2847 1083 2871 per
1098 2847 1179 2873 quant
1194 2838 1349 2865 necessario
1376 2836 1580 2871 distinguitur,a
1597 2842 1722 2870 quacun-

932 2893 987 2921 que
1001 2885 1054 2913 alia
1073 2886 1211 2920 a‘qttivoca
1227 2883 1432 2919 perturbatione
1451 2891 1456 2908 ε
1475 2883 1611 2911 veraciter
1630 2885 1728 2920 potest
