1868 3069
876 112 924 124 νμςο
932 111 949 115 ι-
1017 112 1025 117 .-

151 184 220 217 1303

571 187 768 217 ΒΑΗΙΛΑΜΙ
794 187 941 216 ETllICA
966 188 1173 218 SECUNDUM
1198 189 1365 220 STOICOS.

1703 186 1760 220 1304

147 245 198 271 (liri
229 242 327 270 nullam
344 243 574 278 perturbationem
594 245 654 272 sine
672 245 772 272 utentis
800 245 932 272 obscura-
950 249 974 277 Α
990 246 1084 279 gendis
1094 246 1194 280 aliquis
1206 254 1261 273 non
1278 246 1412 278 incurrat,
1428 244 1516 272 danda
1530 245 1564 272 sit
1579 244 1643 271 talis
1655 245 1759 277 regula:

147 285 220 316 'zone
230 297 301 322 esse,
312 297 474 325 omnemque
494 291 651 319 constantiae
664 291 811 322 adversari,
827 295 854 318 et
874 292 942 319 sim-

148 335 253 370 pliciter
267 344 326 363 esse
336 337 429 364 animo
441 338 619 365 evellendam.
636 337 664 365 Si
677 345 730 371 qua
742 337 813 364 enim
826 342 867 364 est
882 338 941 364 ani-

148 382 184 407 mi
201 383 357 413 commotio.
375 382 408 409 de
421 391 474 417 qua
490 385 546 411 haec
564 383 616 411 dici
633 391 686 410 non
703 388 827 418 possunt,
851 383 897 410 illa
911 383 939 410 in

149 427 191 455 his
208 427 284 455 libris
299 436 354 454 non
371 428 521 462 appellatur
548 429 726 463 perturbatio.

179 486 243 513 Car.
261 485 331 512 XIV.
348 485 388 512 De
402 486 600 519 perturbatione
616 486 789 520 Theophrasti
804 486 917 514 αιιωιιίο

492 521 601 555 duplex.

187 574 287 608 Nempe
312 575 345 602 de
371 576 572 610 perturbatione
589 576 783 610 Theophrasti,
803 583 864 610 quin
881 583 936 602 non

151 621 311 647 adversatur
325 622 495 651 constantiae.
510 621 565 647 duo
577 626 642 648 sunt
657 621 811 656 qumrenda.
823 621 912 648 Unum
927 630 935 648 :

151 666 246 696 Utrum
273 667 405 702 contingit
424 667 525 694 homini
544 668 701 702 aliquando,
717 675 751 694 an
776 669 937 701 nunquam?

150 713 230 740 Aliud
246 721 253 740 :
275 711 368 740 Utrum
387 713 458 739 cadit
471 713 497 739 in
513 713 621 740 beatum
632 734 639 745 ,
654 721 689 739 an
703 713 778 740 non?
792 713 858 740 Nam
872 720 935 740 cum
951 735 952 738 η

151 758 323 785 deﬁnitiones
347 757 547 785 obscurationis
580 763 607 784 et
627 757 821 790 aequabilitatis
837 756 936 784 mentis

152 804 276 838 superius
305 805 359 830 sint
384 803 544 836 descriptae,
569 803 629 836 iure
655 802 791 829 dubitabit
814 802 934 836 aliquis.

153 856 246 877 utrum
265 854 352 884 potest
367 849 526 883 centingere
538 848 565 875 in
578 848 670 875 animo
686 848 795 875 turbida
810 855 934 875 commo-

154 896 202 928 tio,
217 904 277 931 quae
291 903 338 923 uec
351 895 500 922 deﬁnitioni
515 894 718 923 obscurationis
732 895 829 921 mentis
845 895 871 921 in
884 893 935 920 ali-
954 908 976 935 Β

122 937 125 940 ’
154 951 210 978 quo
231 942 424 974 communicet,
465 949 513 968 nec
539 942 722 969 deﬁnitionem
750 941 939 974 aquabilitatis

155 989 255 1015 trientis
270 988 295 1014 in
309 988 400 1022 aliquo
424 995 478 1014 non
505 987 607 1014 laedat?
632 988 673 1014 An
698 986 868 1020 impossibile
890 986 940 1013 hoc

155 1035 219 1061 est?
245 1034 329 1069 Cuius
358 1033 518 1068 quaestionis
538 1033 678 1060 veritatem
702 1032 788 1066 magis
823 1032 940 1058 arbitror

157 1087 236 1113 posse
254 1079 377 1113 intelligi,
403 1078 425 1105 si
442 1079 505 1112 quis
531 1078 672 1112 passiones
683 1078 767 1104 animi
788 1077 830 1104 sui
855 1076 940 1111 respi-

157 1125 221 1156 ciet,
239 1132 319 1158 quam
335 1124 358 1150 si
379 1131 425 1157 per
438 1124 678 1151 demonstrationis
694 1123 773 1150 verba
787 1127 924 1156 sequatur.

193 1169 231 1194 Ad
246 1167 394 1195 secundum
423 1176 487 1195 vero
513 1169 688 1195 manifestum
711 1173 752 1195 est
776 1168 870 1202 procul
891 1168 941 1194 du-

160 1211 297 1246 bio,quod
310 1211 331 1237 si
353 1216 461 1245 quaest
491 1213 639 1240 commotio
667 1213 750 1239 animi
781 1211 943 1240 constantia:

161 1257 259 1284 utentis
284 1265 336 1284 non
347 1264 501 1292 repugnans
523 1266 530 1284 :
553 1258 610 1285 sive
638 1257 791 1292 passionem
808 1258 864 1285 sive
881 1265 943 1291 pcr-

162 1303 342 1330 turbationem
359 1304 424 1331 Velit
443 1303 502 1337 quis
517 1311 577 1330 eam
606 1303 752 1337 appellare;
791 1304 866 1330 nullo
883 1310 944 1330 mo-

161 1349 195 1376 do
212 1349 405 1376 beatitudinem
432 1349 514 1376 lmtlil.
533 1349 585 1376 Sed
614 1349 635 1376 si
650 1350 803 1376 voluntaria
817 1357 871 1376 non
888 1353 940 1389 est,

161 1395 233 1423 sicut
258 1395 344 1422 fames
375 1395 402 1422 el
429 1395 498 1426 sitis.
526 1395 676 1422 secundum
706 1395 943 1429 Theophrastum,

163 1448 212 1468 nec
227 1441 260 1468 ad
276 1442 391 1468 virtutes
410 1449 458 1468 nec
473 1442 505 1468 ad
526 1441 588 1468 vitia
607 1441 714 1476 penitus
731 1441 860 1475 pertinet.
873 1440 946 1473 Qua-

164 1487 187 1514 si
200 1487 305 1514 dicatur
324 1495 330 1512 :
362 1488 384 1514 si
401 1488 484 1514 nimia
510 1493 558 1517 est.
579 1488 644 1514 vitio
659 1489 749 1515 danda
764 1493 806 1516 est
822 1496 830 1521 ;
851 1488 873 1514 si
888 1494 945 1514 me-

165 1532 275 1564 diocris,
305 1531 398 1558 virtuti
415 1534 516 1566 ;cujus
541 1533 612 1558 enim
644 1533 770 1560 voluntas
788 1537 881 1559 nostra
895 1532 945 1558 do-

165 1578 238 1604 mina
259 1585 311 1605 non
325 1582 387 1609 est,
404 1577 468 1604 illud
501 1578 724 1612 qualitercunque
747 1578 888 1612 centingit,
900 1585 950 1605 nec
963 1571 985 1601 ί)

165 1625 274 1651 beatum
292 1632 341 1652 nec
354 1624 482 1651 miserum
498 1623 563 1651 facit
574 1633 594 1655 ,ς
618 1630 646 1651 ιιι
661 1625 688 1651 in
716 1625 804 1659 primo
819 1625 889 1651 libro
905 1632 951 1652 os-

165 1675 271 1697 tensum
286 1674 328 1697 est
343 1688 352 1696 .
376 1669 403 1697 Si
421 1677 483 1697 vero
500 1670 652 1697 voluntaria
679 1675 722 1698 est
735 1675 762 1698 et
776 1670 909 1704 contingit
924 1671 950 1697 in

165 1724 198 1743 eo
211 1736 219 1747 ,
231 1716 303 1750 quod
321 1709 423 1750 aliquid
446 1716 532 1750 placet
548 1716 588 1743 vel
603 1716 749 1750 displicet,
768 1716 921 1750 pendetque
934 1724 948 1743 a

165 1770 228 1790 vera
250 1762 350 1796 objecti
380 1762 514 1790 sententia
532 1767 557 1790 et
569 1762 688 1790 beneﬁca
706 1762 854 1794 voluntate,
873 1767 954 1796 atque

168 1816 281 1835 acumen
297 1808 396 1835 mentis
410 1808 437 1835 in
453 1808 543 1842 aliquo
557 1816 610 1835 non
624 1808 773 1835 deteriorat
791 1817 796 1840 ;
816 1815 865 1834 nec
879 1813 951 1835 tran-

169 1854 331 1888 quillitatem
359 1855 481 1881 concutit
497 1875 505 1887 ,
520 1854 601 1881 etiam
630 1854 669 1881 sic
687 1854 891 1887 Theophrastus
908 1860 954 1880 no-

170 1901 242 1927 mine
257 1905 362 1927 tantum
376 1901 511 1934 discrepat
529 1907 542 1926 a
567 1900 667 1927 Stoicis
683 1909 689 1932 ;
706 1900 778 1926 illam
792 1899 863 1926 enim
883 1906 952 1930 rem,

169 1955 250 1982 quam
266 1955 315 1974 nos
333 1947 493 1974 laudabilem
509 1953 644 1980 putamus.
665 1950 691 1973 et
703 1946 837 1980 pertinere
850 1945 882 1972 ad
896 1945 959 1972 bea-

171 1995 312 2021 titudinem
328 1995 505 2026 arbitramur,
532 1999 557 2020 et
583 1993 762 2020 constantiam
778 1992 957 2026 appellamus,

170 2042 292 2068 rauulcm
308 2041 351 2068 ille
365 2040 594 2075 perturbationem
611 2040 722 2067 abusive
737 2039 864 2073 appellat.
886 2037 954 2064 Nam

172 2095 241 2120 saepe
258 2086 398 2121 euntiugit,
411 2086 493 2120 quod,
511 2093 572 2112 cum
584 2085 749 2112 disserentes
762 2084 851 2118 aliqua
864 2084 895 2109 de
908 2082 961 2108 ali~

172 2142 227 2167 quo
243 2133 432 2160 universalltcr
452 2131 599 2166 pra-,tlicaut
625 2130 783 2156 allii-malive
804 2129 844 2155 vel
859 2128 960 2162 negati-

174 2187 225 2211 ιο,
244 2179 382 2205 auditores
406 2178 428 2204 si
443 2178 561 2204 viderint
591 2176 734 2210 praedicata
750 2182 802 2202 non
821 2173 959 2205 omnibus.

993 291 1021 317 In
1059 297 1220 325 quacunque
1252 290 1399 318 universali
1427 290 1610 324 propositione
1639 289 1761 316 videbitur

991 337 1084 369 alicui,
1100 344 1153 364 non
1172 337 1299 364 omnibus
1318 358 1324 370 ,
1338 345 1400 372 quae
1416 337 1526 364 nomine
1538 336 1655 370 subjecti
1668 336 1763 370 signiﬁ—

990 385 1097 414 cantur,
1125 381 1300 417 praadieatum
1321 389 1471 417 congruere
1494 389 1501 407 :
1540 381 1608 408 sciat
1625 387 1675 408 nos
1697 388 1762 407 more

991 426 1147 454 Stoicorum
1161 427 1189 454 in
1204 427 1260 455 illis
1274 431 1380 455 tantum
1396 427 1478 455 rebus
1502 426 1542 454 uti
1558 427 1670 453 nomine
1683 425 1764 459 subje-

988 472 1043 502 cti.
1063 471 1163 507 quibus
1191 471 1368 506 praedicatum
1383 471 1440 499 fere
1466 474 1618 504 coaptatur.
1632 468 1661 495 S':
1684 468 1763 503 plures

989 523 1053 544 vero
1068 515 1225 548 res,eodem
1236 515 1358 546 nomine,
1371 514 1521 543 secundum
1536 514 1605 541 alias
1622 513 1764 548 signiﬁcau-

988 567 1042 595 tur,
1058 563 1158 598 quibus
1175 561 1350 597 praedicatum
1364 561 1455 589 inesse
1463 568 1516 588 non
1544 563 1649 594 potest;
1664 558 1762 585 nihilad

986 609 1109 637 Stoicos!
1121 609 1192 636 sicut
1204 615 1254 635 nec
1273 608 1308 635 ad
1327 613 1480 642 geometras
1509 610 1550 633 est
1558 605 1672 639 aliquid.
1692 604 1712 631 si
1721 604 1763 630 alia

987 662 1042 688 res,
1056 659 1152 689 praeter
1164 655 1198 681 ab
1214 654 1254 681 eis
1267 653 1418 686 deﬁnitam,
1435 652 1558 680 circulus
1573 651 1729 686 appellatur.

1024 722 1089 749 Car.
1121 719 1177 747 XV.
1209 719 1379 747 Perturbatio
1407 728 1440 746 an
1463 720 1567 746 omnino
1594 717 1728 746 euellenda.

1021 788 1202 816 Resumentes
1228 787 1322 821 igitur,
1365 786 1398 814 de
1422 784 1675 820 perturbationibus
1698 783 1758 810 diei-

987 842 1057 865 mus,
1071 833 1201 868 quoniam
1217 832 1289 859 illam
1303 832 1516 859 commotionem
1533 830 1758 864 perturbationum

987 884 1014 910 in
1033 881 1074 908 liis
1088 880 1266 915 appellamus,
1285 879 1312 905 in
1335 886 1388 912 qua
1403 885 1479 905 mens
1501 885 1516 904 a
1534 877 1686 904 constantia
1700 882 1766 909 egre-

990 926 1074 959 ditur,
1090 930 1117 952 et
1137 925 1310 955 obscuratur,
1324 927 1352 950 et
1366 930 1480 950 acumen
1496 921 1666 954 intelligendi
1680 921 1763 948 obtun-

991 972 1074 1002 ditur.
1090 970 1264 998 manifestum
1290 973 1342 1001 est,
1360 968 1432 1003 quod
1447 975 1503 994 non
1518 972 1561 994 est
1576 966 1718 994 resecanda
1730 965 1764 992 vel

992 1017 1167 1048 moderanda,
1193 1015 1241 1043 sed
1268 1014 1375 1050 penitus
1402 1012 1550 1040 evellenda.
1577 1010 1648 1038 Nam
1685 1011 1709 1037 in
1724 1011 1766 1037 illis

992 1069 1064 1091 recte
1081 1062 1257 1090 mediocritas
1285 1060 1426 1094 quaeritur,
1459 1059 1486 1085 in
1513 1058 1617 1091 quibus
1639 1062 1766 1090 utrumque

992 1107 1204 1143 vituperandum
1231 1111 1284 1138 est,
1302 1110 1330 1132 et
1358 1104 1441 1132 nimis
1461 1104 1614 1135 abundare,
1627 1107 1653 1129 et
1675 1102 1765 1136 penitus

993 1161 1097 1182 carere.
1116 1152 1167 1180 Sed
1195 1151 1398 1187 perturbatione
1431 1157 1540 1182 vacare,
1562 1154 1590 1175 et
1621 1147 1726 1174 minime
1755 1154 1766 1172 a

993 1199 1147 1227 constantia
1158 1198 1261 1233 egredi,
1275 1202 1301 1224 et
1330 1203 1443 1223 acumen
1466 1194 1564 1222 mentis
1591 1194 1700 1220 illaesum
1716 1199 1767 1218 con-

995 1253 1115 1279 servare,
1135 1252 1237 1280 magnm
1265 1243 1335 1271 laudi
1352 1242 1472 1269 dandum
1488 1245 1539 1268 est.
1564 1239 1689 1266 Conatus
1713 1244 1768 1272 ergo

994 1297 1098 1324 noster,
1123 1290 1222 1319 nonad
1246 1288 1441 1323 amputandam
1475 1285 1716 1321 perturbationem,
1731 1282 1769 1310 sed

995 1338 1107 1365 omnino
1135 1335 1335 1370 exstirpandam
1353 1333 1511 1368 dirigendus
1526 1338 1578 1360 est.

1025 1406 1089 1433 Car.
1108 1403 1175 1431 XVI.
1193 1402 1405 1430 Perlurbatt’ones
1417 1409 1478 1427 num
1492 1400 1637 1434 exstirpari
1651 1399 1750 1433 possint.

1033 1462 1102 1494 Quia
1118 1467 1181 1488 vero
1200 1458 1332 1494 possibile
1344 1463 1396 1490 est,
1417 1457 1514 1485 deinde
1529 1456 1722 1483 ostendendum
1733 1455 1769 1481 sit.

998 1508 1100 1543 Duplex
1126 1510 1168 1534 est
1189 1502 1293 1540 opinio,
1307 1512 1367 1539 quae
1395 1503 1536 1538 perturbat
1555 1504 1688 1529 animum.
1714 1501 1770 1531 Ilua,

1000 1563 1053 1590 qua
1066 1553 1202 1588 opinatur,
1219 1551 1321 1586 aliquid
1338 1549 1547 1580 transeuntium,
1561 1552 1588 1575 et
1602 1548 1703 1575 noviter
1715 1547 1771 1573 ima-

1003 1599 1132 1636 ginationi
1159 1597 1347 1627 incidentium,
1378 1595 1478 1622 bonum
1510 1595 1552 1621 vel
1584 1594 1684 1620 malum
1712 1598 1771 1621 esse.

1003 1654 1066 1674 cum
1089 1645 1146 1672 suis
1163 1641 1396 1674 circumstantiis,
1414 1648 1475 1675 quae
1498 1644 1528 1668 ut
1549 1640 1698 1675 plurimum
1720 1637 1772 1663 ial-a

1003 1697 1044 1719 est
1063 1700 1069 1718 :
1089 1695 1135 1717 aut
1158 1689 1228 1716 enim
1258 1696 1313 1715 non
1337 1688 1417 1719 bona,
1431 1687 1502 1713 bona
1523 1694 1530 1718 ;
1549 1690 1610 1719 aut,
1623 1692 1681 1719 qua:
1705 1690 1772 1717 parva

1004 1743 1078 1769 sunt,
1098 1743 1195 1770 magna
1219 1735 1396 1761 aestimantes.
1416 1732 1545 1759 Similiter
1568 1738 1599 1758 et
1620 1732 1653 1758 de
1668 1729 1738 1756 malis
1751 1733 1772 1753 ut

1005 1783 1152 1818 plurimum
1170 1779 1373 1815 perturbantur.
1401 1777 1459 1804 Alia
1476 1781 1527 1807 est,
1553 1783 1609 1810 qua
1626 1775 1726 1801 videtur
1740 1780 1773 1799 re-

1005 1833 1078 1855 ctum
1105 1834 1174 1859 csse,
1194 1829 1223 1852 ut
1236 1824 1434 1860 perturbetur:
1468 1830 1528 1856 qua:
1560 1828 1698 1856 nunquam
1725 1826 1775 1844 vera

1006 1881 1068 1901 esse
1092 1875 1189 1906 potest.
1216 1871 1278 1897 Sive
1303 1869 1375 1896 enim
1391 1869 1491 1895 bonum
1519 1871 1571 1898 est,
1607 1868 1665 1892 sive
1691 1863 1774 1890 malum

1008 1919 1080 1953 quod
1095 1918 1200 1949 incidit,
1218 1916 1290 1943 nulla
1319 1914 1388 1942 ratio
1406 1919 1458 1945 est,
1472 1918 1501 1940 ut
1532 1913 1592 1939 ideo
1614 1916 1714 1938 tantum
1729 1918 1774 1935 ma-

1009 1965 1063 1991 lunt
1081 1962 1162 1989 Inenti
1180 1961 1320 1988 inferatur:
1336 1966 1424 1993 neque
1443 1962 1546 1985 rectum
1563 1956 1619 1982 ullo
1639 1962 1714 1991 pacto
1729 1960 1776 1981 esse

1010 2015 1108 2045 potest,
1125 2013 1153 2035 ut
1171 2012 1279 2042 propter
1297 2006 1348 2032 alia
1369 2011 1538 2040 quaecunque
1561 2003 1633 2029 mala
1654 2002 1691 2027 rei
1719 2000 1774 2026 bona

1011 2057 1192 2091 turpiiicetur,
1222 2052 1293 2088 quod
1316 2052 1341 2078 in
1362 2052 1439 2079 nobis
1467 2049 1720 2085 praestantissimum
1735 2050 1774 2072 est.

1010 2103 1092 2129 Bonis
1109 2102 1180 2128 enim
1202 2100 1373 2130 custodiam,
1397 2097 1475 2124 malis
1500 2096 1622 2123 remedia
1648 2094 1775 2122 nonmala.

1010 2154 1037 2175 et
1063 2147 1196 2182 praecipue
1225 2144 1323 2179 quibus
1341 2151 1416 2170 tuens
1443 2142 1559 2174 laeditur,
1596 2139 1774 2168 admovendum

1012 2199 1064 2222 est.
1081 2193 1165 2228 Igitur
1178 2191 1305 2226 quoniam
1318 2189 1392 2216 falsa:
1416 2188 1558 2223 opiniones
1575 2192 1650 2217 sunt,
1664 2193 1717 2220 qua:
1731 2183 1774 2209 ani-

173 2234 233 2257 qu.c
248 2226 299 2252 sub
313 2224 422 2250 nomine
445 2222 559 2256 subjecti
578 2226 652 2254 sunt,
667 2227 819 2255 congruere
834 2240 841 2251 ,
863 2221 960 2253 putant
976 2239 998 2266 ι)
1013 2221 1071 2267 ilicis
1093 2221 1194 2265 "solam:
1222 2237 1379 2271 perturbare
1392 2254 1399 2266 ¹
1425 2221 1459 2260 d‘e
1488 2233 1697 2268 quibuscum“
1726 2235 1775 2254 rem

174 2270 234 2296 illas
248 2270 356 2295 mentiri
372 2277 379 2300 ;
402 2267 451 2302 ipsi
470 2268 555 2302 magis
566 2267 682 2300 decepti,
701 2268 859 2300 ignorantes
881 2270 960 2290 usum

173 2315 319 2341 verborum
352 2312 555 2340 dissarcutium.
578 2311 645 2338 Nam
682 2311 704 2338 si
728 2310 906 2344 disputantes,
929 2307 962 2334 ad

176 2363 236 2390 illas
250 2367 355 2389 tantum
366 2369 409 2388 res
438 2368 536 2388 notncn
554 2359 669 2393 subjecti
688 2358 847 2390 extendunt,
863 2355 963 2390 quibus

177 2409 324 2443 prredicata
342 2407 510 2434 conveniunt
525 2424 533 2437 ,
548 2411 640 2432 veram
655 2410 716 2430 esse
737 2410 832 2429 eorum
855 2405 965 2429 sentent-

177 2458 242 2487 tiam
256 2461 368 2481 necesse
390 2459 442 2481 est.

215 2503 251 2533 Ut
267 2501 348 2537 igitur
366 2500 446 2527 talem
469 2496 654 2532 deceptionem
676 2495 701 2522 in
728 2494 788 2522 istis
806 2494 908 2522 nostris
925 2494 964 2521 le-

1016 2284 1083 2311 false
1103 2283 1260 2319 opinamur.
1275 2280 1444 2315 impossibile
1471 2285 1512 2306 est
1527 2282 1635 2306 rectum
1652 2282 1678 2303 et
1700 2282 1774 2302 verum

1015 2330 1115 2357 habere
1137 2328 1270 2363 judicium
1291 2335 1298 2353 :
1328 2325 1504 2355 manilestum
1533 2329 1586 2357 est,
1611 2322 1683 2355 quod
1702 2319 1779 2347 delrtis

1016 2376 1108 2403 animo
1122 2374 1174 2401 illis
1188 2372 1374 2407 opinionibus,
1403 2375 1430 2398 et
1443 2370 1577 2397 sententia
1607 2368 1720 2396 totaliter
1733 2371 1779 2391 mu-

1015 2426 1080 2456 tata,
1095 2420 1161 2448 nihil
1173 2418 1344 2453 relinquitur,
1360 2417 1431 2451 quod
1448 2416 1567 2442 animum
1583 2415 1671 2441 valeat
1694 2415 1778 2446 pertur-

1016 2469 1091 2496 bare.
1123 2463 1256 2493 Possibile
1275 2470 1340 2501 ergo
1352 2465 1392 2490 est
1408 2459 1661 2496 perturbationibus
1689 2461 1777 2483 vacari:-
