1868 3069
140 140 210 172 1387

173 198 189 232 ὴ
205 196 364 232 ἐγκράτεια,
380 196 425 224 61.
442 198 556 230 Διπλοῦς
568 199 642 225 ἐστιν
656 198 670 224 6
686 198 839 235 ἄνθρωπος,
856 199 918 226 166.

138 243 268 279 Δοκίμιον
284 244 339 271 τῶν
355 243 459 271 πιστῶν
471 245 540 272 εἰσιν
556 245 581 273 οί
596 246 757 280 πειρασμοὶ,
775 245 837 274 179.

138 290 217 325 Δῶρα
233 292 283 325 τῆς
297 290 434 325 νηστείας,
451 290 496 317 51.

524 348 544 376 E

138 405 185 436 Είς
198 405 320 440 τέσσαρα
335 405 453 440 διῃρεῖτο
467 407 483 441 ὴ
497 405 556 437 νὺξ,
576 404 638 432 180.

140 449 251 476 Ἐλαιόν
265 450 341 477 ἔστιν
357 451 372 485 ὴ
389 451 494 484 ἀγάπη,
509 449 555 477 22.

139 496 263 532 Ἐνδυμα
275 497 365 531 γάμου
381 497 456 523 ἐστὶν
473 497 490 532 ἡ
505 496 602 532 ἀρετὴ,
615 497 678 524 256.

143 541 190 569 Ἐν
204 541 339 577 πνεύματι
357 542 406 569 καὶ
419 541 532 578 ἀληθείᾳ
543 542 583 569 δεῖ
596 543 761 578 προσκυνεῖν
778 542 823 570 τὸν
839 542 920 576 Θεὸν,

171 590 234 617 119..

144 635 314 670 Ἐπαγγελία
338 635 384 663 τοῦ
403 635 511 672 Πατρδς
526 633 561 672 ἦν
589 636 619 664 τὸ
646 636 760 673 Πνεῦμα
780 639 811 666 τὸ
831 639 921 674 ἃγιον,

172 681 236 709 158.

143 726 309 763 Ἐπενδύτης
321 729 347 755 τί
362 729 434 762 ἐστι,
451 729 513 757 152.

139 772 250 808 Ἔργοις
262 774 383 802 δεικτέον
395 775 441 802 τὸν
456 777 533 812 παρὰ
542 777 604 812 Θεῷ
617 777 765 805 ὑπεύθυνον
779 777 827 805 καὶ
838 785 920 812 μετα-

172 818 297 852 νοοῦντα,
314 819 356 846 ὅτι
376 821 393 855 ἠ
409 821 474 856 παρ’
496 821 586 848 ἄλλων
603 820 683 858 ὕδρις
698 822 745 849 καὶ
769 822 867 857 ἀτιμία
881 823 921 849 δι-

172 864 238 891 καία
254 865 313 892 ἐστὶ
328 866 374 893 καὶ
387 866 503 903 φορητή,
521 867 565 896 10.

139 909 256 944 Ἐτοιμα
270 910 338 945 πρὸς
348 910 396 946 τὴν
408 912 547 948 ἡμετέραν
557 912 693 948 σωτηρίαν
704 912 766 940 ποία
779 912 919 948 γεγόνασι,

172 955 236 983 255.

138 1000 212 1037 Εὐχή
228 1001 254 1028 τί
268 1001 477 1037 ἐπονομάζεται,
491 1003 518 1031 7.

139 1047 244 1074 Εῡωδία
259 1046 379 1082 Χριστοῦ
395 1049 464 1076 τισιν
478 1050 503 1076 οί
522 1050 693 1085 Χριστιανοὶ,
712 1052 772 1081 186.

144 1093 260 1120 Ἐωθινὰ
271 1094 331 1120 τίνα
345 1093 481 1129 λέγονται,
511 1095 573 1124 150.
591 1096 709 1126 Ἐωθινὰ
729 1099 779 1126 καὶ
806 1099 922 1136 ὀρθρινὰ

172 1139 244 1166 διατι
257 1139 391 1175 λέγονται,
410 1142 471 1170 151.

137 1242 249 1275 Ζιζάνια
264 1244 335 1277 τίνες
348 1245 412 1279 εἶσὶ,
428 1246 491 1274 155.
519 1201 538 1227 z

503 1302 527 1330 11

144 1347 176 1374 'H
190 1347 311 1383 ἁμαρτία
326 1349 476 1383 φυγαδεύει
494 1350 544 1386 τὴν
558 1351 680 1388 ἀγάπην,
698 1353 724 1380 5.
745 1354 776 1380 Ἠ
799 1354 921 1390 ἁμαρτία

173 1393 274 1426 πολλὰς
301 1395 436 1430 ἐπήνεγκε
467 1398 658 1433 καταστροφάς
685 1401 798 1433 γενικὰς
820 1409 850 1427 τε
875 1403 921 1427 καὶ

175 1440 301 1476 μερικὰς,
319 1441 362 1469 19.

146 1485 176 1512 'H
194 1487 318 1521 βασιλεία
332 1488 378 1515 τοῦ
392 1489 459 1516 θεοῦ
475 1490 524 1517 οὐκ
540 1490 597 1518 ἔστι
616 1491 723 1527 κτιστὴ.
743 1492 802 1520 192.

146 1533 177 1560 ’11
192 1533 310 1568 διαφορὰ
334 1534 384 1569 τῆς
409 1536 522 1570 γνώμης
545 1538 585 1568 είς
605 1537 651 1564 δύο
678 1538 759 1565 διεῖλε
786 1538 835 1574 τὴν
857 1540 921 1574 μίαν

175 1579 268 1613 φύσιν,
286 1580 331 1607 15.

145 1624 177 1651 Ἥ
195 1626 227 1651 ὲκ
244 1625 293 1660 τῆς
310 1625 425 1661 νεφέλης
441 1626 516 1661 φωνὴ
535 1627 561 1654 τί
575 1627 688 1662 ὰδίδαεε,
704 1628 766 1657 193.

145 1671 176 1697 'H
196 1672 225 1697 ἐν
240 1671 376 1706 πνεύματι
395 1673 531 1708 περιτομὴ
546 1673 594 1708 τῆς
608 1674 731 1708 καρδίας,
746 1675 790 1702 67.

146 1717 179 1743 'H
196 1716 239 1751 ἐφ’
254 1716 356 1751 ὑψηλοῦ
372 1717 543 1754 οίκοδόμησις
557 1719 604 1746 τοῦ
623 1719 708 1755 Ἱεροῦ
722 1720 806 1753 τύπος
820 1718 854 1758 ἦν
872 1722 922 1757 τῆς

175 1763 251 1798 ίερᾶς
279 1763 441 1798 Ἐκκλησίας
461 1765 509 1790 καὶ
533 1765 584 1800 τῆς
606 1766 796 1802 πνευματικῆς
817 1767 920 1794 ἀναϐά-

175 1817 254 1842 σεως,
272 1809 299 1837 6.

144 1856 238 1891 Ἦμεις
248 1857 413 1892 διαφέρομεν
427 1858 592 1893 μυρμήκων,
606 1860 654 1886 καὶ
664 1859 742 1886 αὐτοὶ
755 1860 844 1895 ήμῶν,
855 1861 920 1889 951.

145 1902 177 1928 ’11
189 1903 300 1937 νηστεία
311 1903 481 1936 ἀνακαινίζει
497 1903 543 1931 τὸν
557 1904 632 1936 ἐντος
644 1904 799 1940 ἄνθρωπον,
811 1906 856 1934 66.

146 1950 178 1975 'ﬂ
189 1949 330 1983 69065050;
350 1949 500 1985 Ἐκκλησία
513 1952 580 1985 τιμᾷ
591 1951 654 1982 τοὺς
672 1951 776 1985 ἁγίους,
793 1952 855 1980 145.

145 1997 177 2023 'H
195 1996 311 2032 πορνεία
326 1997 458 2033 μεγίστης
472 1998 622 2029 καταδίκης
636 1999 710 2024 ἐστὶν
728 1998 801 2031 ἀξία,
819 1999 884 2026 218.

145 2044 178 2072 Ἦ
192 2044 239 2071 τοῦ
260 2044 365 2080 Κυρίου
382 2045 531 2075 ἀνάστασις
551 2045 596 2071 καὶ
617 2044 762 2080 ἀνάληψις,
774 2045 922 2078 ἀνάστασις

175 2092 221 2118 καὶ
240 2091 373 2126 ἀνάληψις
390 2092 448 2118 ἐστι
466 2091 516 2124 τῆς
531 2090 708 2125 ἀνθρωπίνης
725 2091 843 2125 φύσεως,
858 2092 919 2120 1‘21.

523 2148 545 2176 Θ

139 2199 214 2230 Θεῖος
229 2199 274 2225 καὶ
291 2198 477 2233 προσκυνητός
500 2198 573 2224 ἐστιν
589 2197 603 2224 6
620 2197 704 2228 τύπος
724 2195 772 2223 τοῦ
787 2197 920 2233 Σταυροῦ,

174 2244 219 2272 9|.

139 2290 269 2324 Θεολογία
283 2291 346 2326 περὶ
361 2290 490 2325 Χριστοῦ,
508 2289 570 2323 151,
590 2289 651 2323 157,
670 2289 730 2322 145,
748 2289 809 2318 155.

139 2338 269 2372 Θεολογία
283 2338 348 2373 περὶ
361 2338 408 2364 τοῦ
421 2338 498 2371 ἁγίου
517 2338 688 2372 Πνεύματος,
708 2337 768 2371 156,
785 2337 848 2366 157.

139 2385 257 2412 Θεοπτία
271 2385 317 2411 τοῦ
336 2384 472 2419 Ἀϐραὰμ,
486 2384 531 2410 55.

139 2432 236 2467 Θέρμη
265 2440 307 2462 τις
330 2432 374 2458 διὰ
397 2431 446 2463 τῆς
472 2432 588 2466 μελέτης
611 2431 665 2458 τῶν
688 2432 770 2466 ἱερῶν
790 2432 920 2468 ᾀσμάτων

173 2479 314 2513 ἐγγίνεται
327 2480 359 2514 τῇ
379 2477 480 2512 καρδίᾳ
491 2476 537 2503 τοῦ
550 2477 725 2512 Χριστιανοῦ,
743 2478 805 2506 120.

139 2525 268 2562 Θερισταὶ
281 2525 328 2552 τοῦ
345 2522 532 2558 πνευματικοῦ
549 2523 679 2559 θερισμοῦ
695 2524 767 2556 τίνες
778 2525 842 2556 εἰσὶ,
856 2525 918 2558 150,

176 2572 237 2604 152,
253 2571 316 2598 155.
377 2564 381 2570 '

139 2618 224 2654 Θέρος
241 2617 306 2653 παρ’
319 2617 385 2652 ἡμῖν
399 2616 473 2642 ἐστιν
493 2615 621 2650 αἰσθητὸν
640 2615 688 2644 καὶ
705 2616 825 2652 λογικὴν,
840 2616 901 2644 117.

147 2735 244 2763 Ἰακὼὸ
262 2735 345 2766 τύπος
359 2731 392 2769 ἦν
406 2732 452 2759 τοῦ
467 2732 600 2768 Σταυροῦ,
616 2731 662 2760 56.

146 2782 258 2817 Ἰάματα
270 2780 325 2808 τῶν
337 2780 469 2808 ἐναντίων
486 2781 546 2808 ἐστὶ
559 2780 594 2806 τὰ
607 2779 726 2813 ἐναντία,
745 2779 807 2807 129.

142 2831 222 2857 Ἴδιον
235 2829 281 2856 τοῦ
293 2828 417 2856 διαϐόλου
432 2828 447 2862 ἡ
463 2827 660 2862 ὑπερηφάνεια,
675 2826 729 2854 τῶν
748 2826 775 2853 δὲ
798 2825 922 2861 ἀγγέλων

177 2876 192 2907 ἡ
210 2874 274 2908 πρὺς
288 2873 353 2901 Θεὸν
366 2873 541 2907 ταπείνωσις,
552 2872 578 2900 9.

891 141 1006 171 ΠΙΝΔΞ.

1684 153 1753 184 1368

982 202 1163 241 Ἰερουσαλὴμ
1176 205 1237 238 πῶς
1251 206 1443 242 ἑρμηνεύεται,
1457 207 1503 242 66,
1521 207 1583 237 150.

979 248 1138 284 Ἰματισμδν
1153 252 1180 277 τί
1193 252 1289 284 ἑννοεϊ,
1305 253 1369 280 207.

979 293 1073 321 Ἰσαὰκ
1086 295 1171 327 τύπος
1186 294 1221 332 ἢν
1232 297 1280 324 τοῦ
1297 299 1502 334 σταυρωθέντος
1515 301 1647 336 Χριστοῦ,
1665 301 1709 329 56.

977 339 1065 374 Ἰχοϋς
1079 341 1125 368 καὶ
1141 341 1279 376 μελίσσιον
1293 344 1400 379 κηρίον,
1416 344 1434 372 ἃ
1448 344 1551 380 ἔφαγεν
1565 346 1580 373 6
1597 346 1713 382 Ἰησοῦς,
1727 348 1753 374 τί

1008 388 1185 422 σημαίνουσι,
1197 389 1259 417 125.

977 431 1106 468 Ἰωάννης
1135 435 1149 461 6
1172 433 1326 471 βαπτιστὴς
1340 435 1500 472 Πρόδρομος
1513 434 1548 473 ἦν
1569 439 1617 465 καὶ
1629 437 1680 473 τῆς
1691 438 1752 465 Ἐκ·

1007 479 1124 514 κλησίας
1134 480 1183 507 τοῦ
1199 481 1333 516 Χριστοῦ,
1346 482 1411 509 227.

976 523 1070 557 Ἰωνᾶς
1086 526 1172 559 τύπος
1199 524 1234 563 ἧν
1257 527 1305 555 τοῦ
1323 528 1491 563 προαιωνίου
1512 528 1601 564 Λόγου
1616 529 1664 556 τοῦ
1674 529 1750 563 Θεοῦ,

1003 570 1068 599 220.

1357 609 1383 635 Κ

970 653 1081 687 Καίσαρ
1095 653 1136 685 είς
1150 654 1273 688 τισσαρα
1287 653 1370 680 διεῖλε
1385 653 1435 690 τὴν
1451 654 1539 690 ἀρχὴν
1554 655 1603 682 τοῦ
1620 655 1749 692 Ἡρώδου,

1003 699 1064 728 2‘23.

969 747 1050 774 Κατὰ
1067 747 1130 774 τίνα
1146 747 1313 783 σταυροῦται
1328 748 1394 784 ἡμῖν
1406 748 1421 775 6
1439 749 1554 783 κόσμος,
1573 748 1617 776 55.

969 792 1180 828 Κεκλεισμένων
1194 794 1248 820 τῶν
1263 793 1367 830 θυρῶν,
1391 793 1450 826 πῶς
1474 792 1599 829 εἰσῆλθεν
1618 794 1634 820 6
1652 792 1748 827 Ἰησοῦς

1004 838 1085 872 σῶμα
1101 839 1308 874 περικείμενος,
1328 839 1390 867 102.

969 884 1084 921 Κεφαλὴ
1105 885 1153 913 καὶ
1174 886 1321 920 πρόσωπον
1336 886 1518 921 ἀναγωγικῶς
1532 887 1560 913 τί
1576 886 1750 920 σημαίνουσι,

1004 930 1049 958 58.

916 981 918 984 ·
970 975 1164 1010 κληρονομίαν
1179 977 1248 1011 προς
1264 977 1357 1009 ποίους
1372 977 1490 1012 παρέχει
1503 978 1517 1004 6
1535 977 1649 1013 Κύριος,
1665 977 1713 1004 92.

969 1023 1077 1058 κλητὸς
1092 1022 1134 1055 τίς
1144 1024 1215 1055 ἐστι,
1229 1023 1294 1051 250.

1347 1083 1370 1109 Δ

969 1139 1059 1166 Λαλιὰ
1073 1138 1198 1174 διαφέρει
1214 1139 1349 1174 κραυγῆς.
1365 1139 1410 1167 65.

969 1185 1075 1211 Δευκόν
1091 1185 1149 1211 ἐστι
1163 1185 1194 1211 τὺ
1206 1184 1323 1221 γράμμα
1343 1184 1391 1212 τοῦ
1411 1184 1596 1219 εὐαγγελικοῦ
1609 1184 1751 1220 κηρύγμαο

1005 1239 1063 1262 τος,
1082 1230 1144 1258 196.

969 1275 1057 1309 Λιμὸς
1073 1275 1099 1301 τί
1116 1275 1189 1308 ἐστι,
1206 1275 1249 1302 11.

968 1321 1090 1355 Δογικὰς
1104 1321 1239 1358 τρυγόνας
1255 1321 1333 1353 τίνας
1347 1321 1434 1355 λέγει,
1450 1320 1497 1348 27.

969 1368 1058 1395 Λῦσαι
1074 1369 1106 1394 τὸ
1119 1369 1247 1403 ὑπόδημα
1261 1368 1316 1395 τῶν
1333 1368 1421 1395 ποδῶν
1439 1377 1499 1401 σου,
1510 1368 1537 1394 τί
1553 1367 1693 1403 σημαίνει,
1706 1367 1748 1395 56.

969 1415 1068 1449 Λύχνῳ
1083 1415 1283 1448 παρεικάζεται
1299 1415 1316 1449 ἠ
1331 1415 1448 1441 ἑκάστου
1464 1415 1550 1449 ψυχὴ,
1565 1414 1593 1441 5.

1345 1472 1372 1499 Μ

970 1528 1102 1564 Μαθητὴν
1125 1528 1175 1555 οὒκ
1201 1529 1282 1563 ἀρκεῖ
1307 1529 1337 1555 τὺ
1363 1528 1504 1564 βάπτισμα
1529 1528 1611 1563 μόνον
1626 1525 1750 1562 ποιῆσαι,

1003 1575 1065 1602 216.

969 1623 1066 1658 Μαρία
1082 1622 1098 1658 ἠ
1111 1621 1278 1658 Μαγδαληνὴ
1294 1621 1442 1653 ἀπόστολος
1459 1621 1580 1656 γίγνεται
1594 1623 1650 1652 τοῖς
1672 1622 1750 1647 Ἀπο-

1005 1669 1119 1701 στόλοις,
1138 1668 1199 1696 118.

968 1716 1087 1751 Μαριὰμ
1104 1715 1163 1746 πῶς
1178 1714 1381 1750 ἑρμηνεύεται,
1404 1713 1451 1741 76.

968 1762 1046 1796 Μέγα
1064 1762 1134 1796 ίαμα
1148 1761 1198 1796 τῆς
1224 1761 1362 1796 ἁμαρτιας
1389 1761 1464 1787 ἐστὶν
1482 1760 1496 1786 6
1510 1761 1581 1793 ¹Υἱὸς
1603 1761 1650 1788 καὶ
1665 1761 1751 1795 Λόγος

1004 1809 1051 1835 τοῦ
1066 1808 1144 1842 Θεοῦ,
1165 1809 1209 1836 19.

969 1855 1048 1890 Μέθη
1065 1855 1092 1882 τί
1106 1856 1177 1887 ὲστι,
1193 1854 1258 1882 217.

969 1901 1091 1934 Μείζονα
1114 1901 1193 1936 ίσχὺν
1207 1901 1264 1936 Ιχει
1284 1900 1414 1936 ἡάρετὴ.
1434 1900 1460 1928 5.

969 1947 1130 1982 Μελέαγρον
1144 1947 1170 1973 τί
1186 1947 1257 1980 ἐστι,
1275 1946 1339 1974 288.

969 1993 1040 2019 Μέλι
1055 1992 1241 2028 πνευματικὸν
1256 1993 1330 2027 λέγει
1344 1991 1393 2028 τὴν
1405 1992 1506 2028 λύπην,
1523 1992 1585 2021 165.

969 2039 1123 2074 Μελισσείῳ
1138 2038 1228 2075 κηρίῳ
1242 2033 1471 2074 παρεικάζεταιὴ
1485 2038 1652 2073 εὑαγγελικὴ
1664 2039 1750 2074 φωνὴ,

1006 2085 1070 2113 161.

968 2131 1042 2159 Μίαν
1059 2131 1202 2159 σαΰὸάτων
1215 2132 1241 2158 τί
1255 2130 1393 2157 ἐννοοῦσιν
1409 2131 1435 2157 οί
1459 2131 1670 2164 Εὐαγγελισταὶ,
1692 2131 1749 2158 105.

969 2177 1107 2213 Μόλυσμα
1121 2178 1212 2204 κοινὸν
1229 2178 1279 2212 τῆς
1297 2176 1462 2212 Ἐκκλησίας
1475 2176 1550 2203 ἐστὶν
1567 2176 1581 2202 6
1602 2177 1751 2210 πορνεύων,

1004 2225 1049 2253 29.

969 2273 1047 2307 Μόνη
1061 2271 1164 2307 ἐστάθη
1183 2271 1285 2307 μεταξὺ
1300 2270 1368 2297 Θεοῦ
1391 2269 1438 2297 καὶ
1459 2269 1562 2301 παντὸς
1578 2270 1748 2305 ἀνθρωπείου

1004 2320 1100 2353 γένους
1115 2319 1132 2355 ή
1151 2319 1294 2349 Θεοτόκσς,
1311 2317 1375 2344 207.

969 2366 1077 2401 Μόσχος
1089 2366 1210 2397 σιτευτός
1222 2367 1297 2392 ἐστιν
1309 2366 1389 2397 αὐτὸς
1404 2367 1417 2392 6
1433 2366 1536 2402 Κύριος
1549 2365 1629 2400 ἡμῶν
1649 2365 1749 2401 Ἰησοῦς

1004 2413 1026 2439 Χ
1032 2412 1131 2447 ριστδς,
1151 2412 1194 2439 16.

968 2459 1127 2493 Μυροφόροι
1141 2458 1211 2489 τίνες
1223 2457 1287 2490 είσὶ,
1305 2457 1366 2485 106.

968 2506 1128 2540 Μυστήριον
1145 2505 1219 2539 μέγα.
1231 2505 1245 2530 6
1258 2503 1305 2530 τοῦ
1329 2503 1451 2539 Σταυροῦ
1465 2503 1544 2538 λόγος
1555 2523 1564 2536 ,
1578 2504 1621 2531 61.
1639 2505 1749 2539 Μυστή-

1005 2558 1064 2585 ριον
1081 2549 1130 2577 τοῦ
1148 2550 1293 2584 μέλλοντος
1310 2549 1409 2581 αἰῶνός
1425 2551 1483 2576 ὲστι
1495 2550 1526 2576 τὸ
1543 2550 1602 2584 φῶς
1623 2549 1673 2584 τῆς
1695 2550 1749 2577 Με-

1003 2596 1222 2632 ταμορφώσεως.
1240 2596 1302 2623 190.

969 2644 1091 2678 Μωῡσῆς
1108 2644 1166 2674 πῶς
1180 2644 1231 2678 ὁρᾷ
1246 2643 1291 2669 τὸν
1308 2642 1385 2676 Θεὸν,
1406 2643 1450 2670 52.
1470 2642 1592 2677 Μωῦσῆς
1606 2643 1653 2670 τὸν
1666 2643 1750 2670 τύπον

1005 2690 1054 2717 τοῦ
1071 2689 1194 2724 Σταυροῦ
1220 2688 1267 2716 καὶ
1286 2689 1316 2715 τὸ
1340 2689 1432 2724 σχῆμα
1455 2688 1540 2716 αὑτοῦ
1568 2688 1750 2724 προανέδειξε,

1006 2736 1039 2764 57
1044 2755 1051 2764 .

1350 2771 1375 2797 Ν

970 2819 1093 2854 Νηστεία
1108 2817 1212 2854 ἀληθὴς
1225 2817 1290 2845 ποία
1308 2816 1379 2849 ἐστὶ,
1397 2816 1442 2844 65.
1463 2816 1584 2851 Νηστεία
1600 2816 1753 2844 ἐντέλλεται

1008 2867 1046 2903 τῷ
1074 2866 1211 2902 ἀνθρώπῳ
1236 2865 1307 2893 κατὰ
1337 2864 1456 2900 πρῶτον,
1483 2864 1528 2892 55.
1556 2864 1680 2899 Νηστεία
1703 2865 1750 2893 ω
