4098 6226
515 356 585 425 19
1760 376 2083 437 ῧΒΕϐΟιί

2186 382 2428 441 PALAM
2457 381 2516 441 EE
3686 389 3761 455 20

510 474 800 532 incumbit.
840 476 908 535 Et
935 480 1193 547 majorem
1257 481 1365 539 vim
1400 483 1751 543 habetvirtus
1784 492 1849 543 ad
1906 490 2071 545 collu~

2186 494 2557 563 εὐπορώτερος
2580 495 2691 565 γάρ
2722 498 2872 550 ἐστιν
2893 496 2951 550 ἐν
2986 496 3211 566 ἀγαθοῖς
3238 496 3267 550 6
3304 496 3617 563 σπουδαῖος.
3650 500 3763 556 Καὶ

506 568 765 623 ctandum
786 570 1644 639 malitiae,'cmlestibusditescens
1659 580 2069 651 chorisetadju-

2186 586 2353 640 πλείω
2379 587 2477 656 τὴν
2511 588 2664 657 ίσχῦν
2690 590 2804 657 ἔχει
2830 588 2965 658 πρὸς
2983 588 3414 658 ἀντιπαράταξιν
3437 589 3540 658 τῆς
3562 591 3763 654 κακίας

510 659 719 716 toribus
746 661 815 715 ab
844 677 911 718 eo
934 665 1054 734 ipso
1074 667 1170 736 qui
1206 668 1387 724 omnia
1418 680 1614 739 potest,
1630 686 1930 743 omnesque
1958 675 2069 730 vir-

2186 679 2416 748 ἡάρετὴ,
2443 680 2542 748 τὴν
2562 680 2765 734 ἀνωθεν
2794 678 3097 734 πλουτοῦσα
3129 680 3393 752 χορηγίαν
3415 683 3504 735 καὶ
3542 697 3758 753 συμμα-

512 753 642 807 tutis
668 764 940 811 amatores
974 772 1073 826 per
1097 756 1392 816 bonitatem
1423 763 1734 827 confirmat,
1763 766 1834 819 ita
1872 776 1929 820 ιιι
1964 783 2069 821 non

2186 771 2305 839 χίαν
2336 771 2466 839 παρ’
2492 770 2656 825 αὑτοῦ
2685 772 2780 824 τοῦ
2796 772 2877 827 ,τὰ
2905 773 3083 827 πάντα
3116 770 3409 843 ίσχύοντος,
3437 774 3530 826 καὶ
3552 772 3760 837 πάντας

509 852 719 899 tantum
749 847 1073 905 inconcussa
1135 863 1353 907 maneat
1382 854 1559 910 virtus
1592 859 1761 914 variis
1784 863 2074 929 pravisque

510 937 807 994 adversarii
841 940 1114 996 molientis
1163 944 1430 1009 artiﬁciis,
1462 948 1556 1004 sed
1590 949 1750 1004 etiam
1806 951 1987 1021 lapsos
2018 952 2071 1006 in

506 1028 846 1085 altitudinem
892 1030 1156 1089 malorum
1182 1037 1450 1094 excitatos
1488 1041 1680 1110 erigat,
1714 1056 1924 1098 necnon
1978 1056 2083 1113 per

509 1120 883 1187 paenitentiam
912 1132 964 1177 et
994 1122 1350 1182 humilitatem
1392 1129 1459 1183 ad
1486 1130 1652 1185 Deum
1682 1131 1928 1201 benigne;
1952 1149 2077 1203 per-

509 1208 691 1266 ducat.
709 1208 791 1265 Ad
820 1213 1123 1282 exemplum
1146 1217 1352 1272 sufﬁcit
1375 1233 1621 1289 praesens
1645 1225 1921 1293 parabole.
1952 1224 2077 1281 Ete-

510 1299 623 1353 nim
647 1300 966 1370 publicanus
994 1304 1120 1361 licet
1146 1308 1267 1361 talis
1300 1320 1358 1363 et
1397 1310 1553 1380 quasi
1614 1313 1667 1367 in
1724 1314 1922 1385 abysso
1944 1332 2071 1385 pec-

510 1393 619 1447 cati
673 1407 1047 1464 conversatus,
1101 1399 1213 1454 sola
1265 1400 1563 1470 etquidem
1616 1404 1767 1461 brevi
1820 1409 2069 1464 oratione

512 1482 595 1540 eis
615 1487 705 1558 qui
728 1491 1024 1545 secundum
1055 1491 1307 1548 virtutem
1324 1497 1517 1550 'vivuot
1543 1500 1913 1566 consociatus,
1941 1501 2077 1557 alle-

510 1588 692 1643 vatur,
722 1581 971 1650 erigitur,
999 1598 1321 1654 omnemque
1342 1587 1564 1655 pedibus
1596 1591 1769 1645 calcat
1789 1591 2075 1660 malitiam,

510 1678 568 1723 et
596 1672 868 1739 iustorum
917 1674 1088 1731 choro
1120 1678 1415 1735 ascribitur
1464 1679 1535 1735 ab
1580 1680 1695 1750 ipso
1757 1683 2073 1755 incorrupte

504 1758 689 1829 judice
705 1762 1060 1834 iustiﬁcatus.
1085 1762 1394 1827 Pharisieus
1412 1779 1594 1828 autem
1618 1775 1736 1829 solo
1759 1776 1925 1832 verbo
1947 1792 2079 1832 con-

507 1853 812 1921 demnatur,
835 1858 961 1915 licet
986 1858 1313 1929 Pharisaeus,
1334 1873 1389 1918 et
1416 1866 1739 1937 sibimetipsi
1768 1869 1922 1924 visus
1951 1885 2073 1926 esse
2107 1852 2149 1908 Β

509 1950 735 2022 aliquid,
772 1955 866 2009 sed
910 1957 1224 2026 noniustus
1276 1960 1331 2014 in
1384 1961 1635 2026 veritate,
1703 1972 1759 2017 et
1816 1963 2079 2019 audacter

511 2060 619 2099 non
650 2061 821 2112 pauca
852 2047 1046 2105 allatus
1066 2051 1117 2104 in
1147 2050 1344 2121 quibus
1374 2060 1450 2107 tot
1471 2064 1627 2109 erant
1660 2054 1825 2109 Deum
1845 2057 1911 2111 ad
1944 2056 2078 2111 iram

510 2134 861 2203 concitantia,
889 2150 1018 2208 quot
1049 2142 1235 2197 verba.
1268 2139 1468 2199 Verum
1498 2159 1667 2215 quare
1692 2134 1966 2203 humilitas
2013 2149 2079 2203 ad

510 2222 720 2291 apicem
746 2222 970 2291 iustitiae
990 2228 1216 2288 exaltat.
1249 2235 1599 2304 praesumptio
1625 2245 1806 2290 autem
1836 2237 1888 2291 in
1917 2241 2081 2311 abys-

509 2328 629 2367 sum
655 2321 859 2381 peccati
881 2319 1065 2390 dejicit
1088 2321 1111 2376 ἲ
1133 2322 1266 2389 Quia
1290 2324 1380 2379 ille
1402 2327 1619 2396 quidem
1643 2338 1792 2384 ratus
1813 2344 1875 2403 se
1896 2344 2080 2400 quem-

512 2408 635 2461 dam
673 2423 796 2465 esse
850 2427 1127 2483 magnum,
1162 2426 1216 2470 et
1269 2416 1451 2475 taliter
1480 2435 1541 2475 se
1567 2421 1823 2491 opinatus
1889 2438 2079 2480 coram

512 2496 642 2563 Deo,
673 2502 796 2566 jure
825 2520 854 2558 a
876 2504 988 2560 Deo
1022 2508 1439 2580 derelinquitur,
1472 2515 1627 2583 quasi
1654 2515 1800 2569 nullo
1825 2518 1981 2572 modo
2000 2518 2084 2573 vi-

511 2611 605 2650 sus
637 2597 782 2652 illius
820 2599 1060 2670 indigere
1094 2605 1339 2673 auxilio;
1381 2608 1472 2664 ille
1510 2620 1691 2665 autem
1724 2612 1814 2680 qui
1852 2613 2079 2668 nihilum

511 2705 574 2745 se
599 2697 901 2760 praesumit,
932 2708 986 2752 et
1020 2696 1140 2753 ideo
1174 2700 1366 2757 oculos
1395 2702 1540 2758 levat
1566 2704 1633 2760 ad
1660 2721 1889 2774 superna
1920 2704 2081 2762 auxi-

511 2783 607 2852 lia,
631 2786 823 2844 merito
846 2792 1201 2861 consequitur
1230 2810 1257 2848 a
1293 2793 1400 2849 Deo
1432 2796 1881 2866 misericordiam,
1911 2812 2079 2855 etuu-

510 2874 701 2934 xilium
736 2890 791 2937 et
821 2884 1087 2952 gratiam;
1139 2887 1433 2944 «Dominus
1464 2892 1609 2945 enim
1644 2893 1849 2949 resistit
1887 2908 2083 2964 super-

513 2966 621 3033 bis,
661 2971 949 3029 humilibus
973 2986 1151 3032 autem
1186 2978 1523 3049 datgratiam
1551 2983 1652 3036 ⁸⁸.»

2180 860 2308 923 τοὺς
2364 861 2465 925 τῆς
2516 862 2717 932 ἀρετῆς
2762 863 3000 931 ἐραστάς
3038 863 3461 932 ἔνδυναμοῦντος
3503 864 3573 917 δι’
3618 866 3758 933 ἀγα-

2184 950 2408 1023 θότητα·
2444 954 2520 1016 ὡς
2564 954 2640 1026 μὴ
2677 954 2815 1025 μόνη
2868 956 3118 1018 ἄσειστος
3170 956 3447 1023 διαμένειν
3486 956 3599 1019 τοῖς
3632 973 3755 1011 συν-

2184 1045 2614 1115 εσκευασμένοις
2658 1044 2767 1099 ὑπὸ
2796 1043 2895 1098 τοῦ
2928 1046 3310 1115 ἀντικειμένου
3351 1043 3618 1108 ποικίλοις
3662 1045 3759 1100 καὶ

2183 1140 2442 1209 πονηροῖς
2498 1139 2911 1209 μηχανήμασιν,
2971 1137 3109 1191 ἀλλά
3156 1144 3250 1190 καὶ
3300 1138 3424 1199 τοὺς
3467 1137 3547 1197 εἰς
3594 1136 3759 1207 βάθος

2182 1231 2527 1299 ἐμπεσόντας
2558 1230 2746 1283 κακῶν
2781 1230 3091 1299 ἀνεγείρειν
3122 1228 3269 1299 ἔχειν
3298 1228 3391 1283 καὶ
3425 1230 3752 1294 ἐπανάγειν,

2186 1319 2281 1370 καὶ
2329 1318 2419 1371 διά
2471 1318 2763 1387 μετανοίας
2794 1320 2890 1371 καὶ
2926 1317 3314 1379 ταπεινώσεως
3343 1316 3420 1387 τῷ
3447 1317 3567 1388 θεῷ
3596 1334 3763 1381 προσ-

2182 1411 2341 1478 άγειν
2393 1410 2513 1481 μετ’
2553 1408 2828 1475 εὐκολίας.
2882 1407 3093 1481 Δεῖγμα
3143 1410 3200 1463 δὲ
3259 1412 3355 1463 καὶ
3410 1411 3759 1481 παράστασις

2183 1504 2434 1574 διαρκὴς’
2475 1503 2565 1557 καὶ
2595 1503 2709 1574 γὰρ
2753 1504 2783 1556 ὁ
2823 1502 3096 1575 Τελώνης,
3119 1502 3355 1571 τελώνης
3383 1501 3480 1569 ὢν,
3508 1505 3604 1557 καὶ
3642 1498 3757 1557 οἷον

2183 1595 2261 1666 τῷ
2283 1596 2519 1667 πυθμένι
2546 1596 2648 1666 τῆς
2675 1595 2953 1667 ἁμαρτίας
2980 1596 3418 1665 ἐνδιαιτώμενος,
3438 1595 3583 1666 λόγῳ
3608 1598 3755 1666 μόνῳ

2185 1690 2526 1759 κοινωνήσας
2563 1689 2677 1753 τοῖς
2718 1688 2838 1741 κατ’
2880 1687 3081 1759 ἀρετὴν
3105 1687 3263 1754 ζῶσι,
3300 1688 3394 1741 καὶ
3419 1689 3594 1756 τούτῳ
3627 1687 3760 1759 βρα-

2183 1783 2290 1853 χεῖ,
2320 1780 2639 1850 κουφίζεται
2689 1781 2786 1833 καὶ
2829 1778 3057 1849 ὑψοῦται
3098 1780 3197 1833 καὶ
3226 1778 3545 1850 ὑπερϐαίνει
3573 1781 3759 1833 πᾶσαν

2178 1868 2400 1934 κακίαν,
2438 1867 2637 1938 καὶτῷ
2668 1867 2813 1940 χορῴ
2856 1868 2967 1922 τῶν
3012 1868 3240 1922 δικαίων
3301 1868 3753 1938 δγκαταλέγεται,

2180 1961 2315 2030 παρ’
2369 1959 2531 2014 αὐτοῦ
2584 1960 3006 2028 δεδικαιωμένος
3051 1962 3149 2013 τοῦ
3200 1961 3501 2015 ἀδεκάστου
3541 1959 3752 2030 κριτοῦ.

2181 2052 2247 2107 Ei
2287 2054 2344 2106 δι
2387 2058 2480 2107 καὶ
2517 2057 2546 2107 ὀ
2595 2055 2894 2122 Φαρισαῖος
2946 2054 3091 2123 λόγῳ
3135 2053 3580 2115 καταδικάζεται,
3616 2051 3757 2104 ἀλλά

2178 2150 2472 2220 Φαρισαῖος
2524 2146 2623 2213 ὢν,
2673 2148 2766 2200 καὶ
2810 2146 2987 2201 δοκῶν
3038 2144 3182 2200 εἶναί
3233 2163 3315 2210 τις
3374 2144 3577 2213 ἑαυτῷ,
3630 2142 3753 2197 ἀλλ’

2181 2243 2283 2299 οὐκ
2342 2241 2419 2294 ὣν
2468 2240 2680 2302 δίκαιος
2741 2237 2828 2292 ἐπ’
2883 2239 3181 2309 ἀληθείας,
3214 2238 3311 2292 καὶ
3359 2235 3756 2309 θρασυστομῶν

2179 2334 2279 2388 οὐκ
2306 2332 2484 2402 ὀλίγα,
2514 2334 2572 2386 ὲν
2599 2328 2679 2395 οἷς
2715 2332 2819 2385 οὐκ
2857 2331 3069 2386 ἐλάττω
3102 2332 3211 2385 τῶν
3242 2328 3525 2383 συλλαϐῶν
3552 2328 3621 2382 τά
3654 2327 3774 2381 τδνη

2178 2426 2312 2481 Θεδν
2334 2426 2755 2498 παροργίζοντα.
2785 2426 2936 2478 Διατί
2964 2426 3022 2479 δὲ
3052 2426 3085 2496 ἡ
3116 2426 3216 2493 μὲν
3246 2422 3579 2486 ταπείνωσις
3614 2422 3753 2491 πρὸς

2179 2521 2315 2588 ὕψος
2350 2523 2541 2591 ἀνάγει
2583 2520 2954 2587 δικαιοσύνης,
3007 2520 3041 2588 ἡ
3072 2518 3127 2572 δὲ
3169 2517 3347 2586 οἴησις
3387 2517 3527 2588 πρὸς
3583 2514 3748 2584 βυθὸν

2179 2614 2411 2685 κατάγει
2435 2615 2533 2687 τῆς
2561 2613 2876 2684 άμαρτίαςς
2909 2612 3056 2665 Διὸτι
3095 2614 3123 2665 ὁ
3162 2613 3262 2682 μὲν
3283 2610 3529 2680 οἰόμενος
3560 2604 3755 2661 ἑαυτὸν

2186 2702 2327 2763 εἶναι
2360 2724 2484 2762 τινα
2519 2707 2710 2777 μέγαν,
2763 2706 2855 2759 καὶ
2914 2703 3090 2758 ταῦτα
3153 2703 3385 2756 ἐνώπιον
3439 2701 3533 2754 τοῦ
3589 2697 3752 2763 Θεοῦ,

2187 2800 2723 2870 άγκαταλιμπάνεται
2774 2797 2999 2860 δικαίως
3042 2798 3148 2851 ὑπὸ
3190 2795 3364 2862 Θεοῦ,
3415 2792 3491 2857 ὡς
3530 2794 3604 2863 μὴ
3651 2789 3753 2860 τῆς

2187 2894 2321 2961 παρ’
2351 2896 2562 2947 ἐκείνου
2591 2892 2763 2945 δοκῶν
2803 2889 3027 2963 χρῄζειν
3059 2890 3399 2960 ἐπικουρίας·
3430 2890 3458 2941 ὁ
3495 2885 3554 2940 δὲ
3588 2881 3754 2955 μηδδν

2186 2988 2432 3057 οἰόμενος
2486 2987 2701 3049 ἑαυτὸν,
2754 2986 2853 3039 καὶ
2900 2986 2987 3039 διὰ
3034 2984 3192 3037 τοῦτο
3247 2982 3457 3054 βλέπων
3509 2982 3588 3044 είς
3624 2980 3753 3041 τοὺς

513 3066 720 3120 ἀνωθεν
760 3070 1120 3141 οἰκτιρμοὺς,
1176 3074 1436 3145 τυγχάνει
1484 3076 1707 3140 δικαίως
1759 3077 1859 3147 τῆς
1919 3078 2074 3149 παρά
2111 3080 2206 3134 τοῦ
2277 3081 2415 3134 Θεοῦ
2455 3079 2803 3149 συμπαθείας
2838 3078 2955 3131 -καὶ
3020 3077 3279 3149 βοηθείας
3336 3074 3431 3129 καὶ
3485 3072 3750 3146 χάριτος’

518 3181 546 3220 ε
578 3161 783 3234 Κύριος
827 3165 957 3237 γάρ,
1005 3166 1207 3238 φησὶν,
1247 3169 1621 3242 ὑπερηφάνοις
1669 3174 2075 3242 ἀντιτάσσεται,
2108 3180 2385 3241 ταπεινοῖς
2417 3176 2473 3229 δὲ
2494 3175 2679 3230 δίδωσι
2711 3175 2897 3247 χάριν.
2941 3192 2963 3228 ε

583 3301 741 3370 Quod
775 3304 1067 3360 ostendens
1099 3319 1195 3374 per
1214 3306 1524 3374 parabolam
1559 3307 1841 3379 Dominus,
1882 3331 1902 3366 ι
1936 3311 2075 3379 Duo,

2260 3318 2373 3373 Καὶ
2421 3316 2581 3372 τοῦτο
2632 3315 2851 3380 δεικνὺς
2904 3314 2997 3370 διά
3058 3310 3379 3382 παραϐολῆς
3430 3312 3461 3366 ὃ
3520 3311 3751 3383 Κύριος,

517 3392 716 3464 inquit,
770 3394 1017 3452 homines
1046 3400 1413 3454 ascenderunt
1462 3401 1516 3454 in
1554 3404 1815 3472 templum
1850 3417 1910 3459 ut
1961 3421 2087 3460 ora-

515 3497 637 3542 rent
659 3503 674 3554 ;
696 3504 834 3543 unus
851 3488 1177 3556 Pltarismus,
1200 3500 1255 3548 et
1276 3492 1416 3548 alter
1440 3494 1763 3551 Publicanus
1786 3498 1891 3552 “.t
1927 3498 2084 3555 Clare

510 3594 635 3651 gum
674 3582 832 3637 vellet
851 3597 1151 3651 proponere
1182 3583 1498 3642 humilitatis
1516 3587 1803 3643 utilitatem
1825 3600 2084 3661 etsuper-

513 3676 618 3729 hia:
672 3675 950 3741 damnum,
989 3677 1041 3731 in
1088 3680 1224 3733 duos
1252 3679 1465 3749 collegit
1510 3694 1698 3737 omnes
1729 3682 1785 3737 in
1824 3686 2083 3753 templum

514 3778 825 3837 pergentes,
859 3784 955 3823 seu
990 3770 1171 3841 potius
1202 3772 1267 3825 ad
1301 3772 1479 3841 ipsum
1500 3776 1881 3831 ascendentes.
1915 3776 2075 3831 Tales

516 3859 664 3915 enim
690 3870 816 3915 sunt
844 3862 936 3931 qui
970 3862 1232 3917 orationis
1255 3877 1417 3919 causa
1450 3866 1516 3919 ad
1546 3867 1802 3929 templum
1831 3866 1926 3921 Dei
1955 3883 2077 3936 per-

516 3963 669 4024 gnat:
704 3968 827 4007 nam
855 3953 969 4009 haec
994 3963 1078 4010 est
1100 3955 1365 4010 orationis
1386 3967 1605 4013 natura.
1638 3960 1682 4012 Α
1705 3968 1849 4012 terra
1880 3960 1931 4011 in
1966 3973 2083 4013 coe-

515 4045 627 4098 lum
688 4045 957 4101 hominem
983 4062 1140 4109 quem
1176 4049 1323 4102 omni
1350 4049 1653 4105 caelestium
1695 4058 1951 4118 snperato
1984 4066 2085 4103 no-

2196 3430 2216 3464 ε
2244 3410 2581 3480 Ἄνθρωποι,
2613 3410 2768 3480 φησι,
2798 3407 2892 3460 δύο
2924 3404 3195 3474 ἀνέϐησαν
3224 3403 3305 3465 είς
3334 3401 3397 3457 τὸ
3416 3403 3560 3473 ἱερὸν
3576 3419 3757 3475 προσο

2191 3503 2454 3570 εύξασθαι
2480 3520 2495 3535 ο
2524 3504 2553 3556 ὁ
2586 3496 2666 3563 εἷς
2696 3498 3010 3566 ⁴Ιιαρισαῖος,
3045 3496 3140 3549 καὶ
3165 3494 3194 3549 ὁ
3223 3493 3411 3563 ἔτερος
3444 3493 3751 3563 Τελώνης.υ

2189 3597 2374 3650 θέλων
2410 3592 2653 3663 ἐναργῶς
2676 3588 3030 3659 παραστῆσαι
3059 3584 3121 3640 τδ
3150 3588 3215 3639 ὲκ
3243 3584 3345 3654 τῆς
3370 3583 3756 3647 ταπεινώσεως

2189 3687 2403 3756 κέρδος,
2438 3686 2537 3738 καὶ
2573 3682 2674 3748 τὴν
2702 3682 2767 3735 ἐκ
2815 3679 2916 3749 τῆς
2966 3677 3349 3749 ὑπερηφανίας
3392 3675 3622 3748 ζημίαν,
3676 3676 3758 3738 είς

2187 3780 2282 3833 δύο
2319 3777 2481 3833 διεῐλε
2505 3776 2716 3837 πάντας
2744 3774 2873 3836 τοὺς
2895 3771 2975 3843 τῷ
2999 3772 3130 3841 ίερῷ
3168 3772 3517 3839 προσιόντας,
3554 3769 3760 3839 μᾶλλον

2188 3870 2245 3925 δὲ
2270 3870 2400 3933 τοὺς
2427 3869 2509 3930 είς
2542 3866 2675 3921 αὐτὸ
2734 3865 3005 3928 ἀνιόντας.
3038 3858 3197 3918 Οὗτοι
3224 3856 3281 3915 δέ
3327 3862 3470 3916 εἰσιν
3504 3863 3555 3917 oi
3590 3875 3757 3932 προσ-

2188 3962 2355 4033 ευχῆς
2403 3960 2567 4015 ινεκα
2602 3960 2682 4030 τῷ
2720 3958 2812 4015 τοῦ
2843 3957 2980 4012 Θεοῦ
3017 3957 3129 4027 ναῷ
3158 3955 3499 4027 προσιόντες·
3530 3952 3756 4023 τοιαύτη

2188 4056 2351 4127 γὰρὴ
2384 4055 2485 4124 τῆς
2512 4054 2822 4124 προσευχῆς
2850 4051 3105 4123 φύσις.’Ᾱ
3118 4050 3187 4103 πὸ
3213 4047 3271 4121 6
3298 4050 3399 4119 γῆς
3422 4050 3501 4112 είς
3531 4047 3760 4118 οὐρανὸν

521 4140 667 4196 mine
694 4152 749 4195 et
782 4142 1068 4197 altitudine
1095 4152 1150 4196 et
1204 4143 1492 4213 dignitate,
1530 4144 1631 4214 ipsi
1679 4159 1845 4214 super
1894 4144 2080 4199 omnia

2191 4150 2385 4217 ἀνάγει
2426 4149 2522 4202 τὸν
2568 4146 2879 4216 ἄνθρωπον,
2935 4146 3028 4198 καὶ
3062 4145 3171 4196 πᾶν
3223 4143 3548 4208 ἐπουράνιον
3585 4142 3758 4208 ὑπερ-

516 4234 629 4287 Duo
658 4233 840 4287 oﬂ'crt.
888 4233 1018 4288 Erat
1044 4236 1204 4289 etiam
1236 4235 1496 4304 templum
1555 4238 1685 4291 ilittd
1714 4238 1998 4305 antiquum
2024 4238 2080 4291 iu

2189 4240 2336 4294 ϐᾶσα
2390 4238 2486 4292 καὶ
2526 4238 2698 4307 ὄνομα
2743 4238 2839 4291 καὶ
2894 4232 3099 4306 ὕψωμα
3149 4236 3251 4309 καὶ.
3302 4232 3557 4301 ἀξίωμα,
3608 4229 3759 4298 αὐτῷ

517 4326 807 4380 altitudine
837 4327 1092 4396 positum,
1115 4328 1165 4381 itt
1198 4343 1407 4383 summa
1458 4330 1702 4393 civitate,
1730 4330 1782 4383 in
1813 4346 1923 4397 quo
1954 4330 2081 4383 olim

2193 4334 2493 4401 παρίστησι
2548 4328 2737 4383 τοῦτον
2769 4326 2846 4397 τῷ
2875 4328 2970 4380 ἐπὶ
2996 4326 3220 4379 πάντων
3266 4324 3409 4393 Θεῷ.
3442 4320 3551 4375 Ἷιν
3582 4322 3639 4375 δι
3665 4322 3761 4374 καὶ

518 4417 780 4480 culmine,
810 4428 984 4472 morte
1027 4415 1325 4472 Jerusalem
1360 4418 1743 4488 dep0pulante,
1779 4419 2083 4474 lethii‘erutn

2191 4426 2253 4480 τδ
2294 4426 2437 4494 ἱερὸν
2470 4424 2651 4478 ὶκεῖνο
2689 4421 2755 4476 τὸ
2805 4419 3041 4473 παλαιὸν
3091 4420 3179 4487 ἐφ’
3225 4414 3431 4487 ὑψηλοῦ
3481 4416 3762 4485 κείμενον,

522 4508 770 4577 angelum
805 4509 993 4563 videns
1020 4508 1186 4561 David
1214 4525 1378 4579 super
1413 4514 1598 4565 urbem
1612 4510 1847 4581 gladium
1872 4512 2090 4581 erigen-

521 4612 654 4666 tem,
717 4602 1013 4655 ascetnlens
1068 4602 1358 4656 milil‘tcavit
1428 4605 1497 4657 ibi
1537 4606 1709 4658 altare
1757 4605 2011 4666 υοιιιίηο,
2034 4615 2090 4658 et

518 4694 717 4749 obtulit
770 4692 822 4747 in
853 4688 923 4747 eo
979 4695 1303 4748 sacriﬁcium
1353 4694 1486 4759 Deo,
1528 4705 1583 4751 et
1607 4697 1756 4751 stetit
1800 4697 2087 4763 contritio;

519 4803 642 4855 qua:
683 4785 824 4842 facta
855 4793 984 4842 sunt
1017 4786 1069 4839 in
1102 4785 1327 4857 ligurum
1368 4787 1624 4843 salutaris
1675 4788 2088 4858 spiritualisque

520 4898 616 4951 per
647 4883 948 4937 oralionem
1009 4893 1253 4935 sanctam
1312 4880 1667 4941 ascensionis,
1723 4892 1775 4932 ct
1806 4896 1906 4949 per
1967 4896 2085 4935 eam

519 4975 753 5029 obtenta:
787 4973 1237 5028 samtilicationis
1274 4988 1289 5037 ;
1326 4973 1602 5039 ligurativa
1634 4971 1777 5024 enim
1808 4983 1963 5025 erant
1998 4971 2085 5025 illa

519 5070 698 5122 oumia
732 5078 951 5137 pmpter
992 5068 1225 5122 salutem
1258 5075 1539 5130 nostram;
1601 5064 1704 5125 vel,
1742 5065 1785 5119 si
1819 5065 2078 5129 volueris,

521 5161 722 5215 liebant
771 5163 825 5215 in
880 5162 1107 5229 figurant
1146 5168 1351 5213 nostra:
1400 5158 1555 5213 istius
1587 5157 1844 5213 Ecclesia:
1884 5171 2088 5215 sanctae

522 5268 645 5319 qua:
676 5268 801 5307 vere
852 5254 906 5307 in
946 5267 1159 5305 summu
1215 5255 1354 5317 stat,
1384 5265 1507 5304 cunt
1546 5251 1825 5319 angelicus
1873 5251 2010 5306 alius
2040 5260 2093 5305 ιιι

517 5344 757 5400 εωιεειὶε
807 5344 979 5407 locus,
1025 5346 1077 5397 in
1103 5358 1211 5411 quo
1256 5343 1325 5395 ad
1376 5344 1861 5398 sanctiﬁcationcm
1931 5346 2095 5397 totius

525 5441 708 5493 mutuli
739 5438 1038 5508 mortisque
1090 5440 1478 5493 rontrttionent
1515 5449 1571 5491 et
1606 5439 1729 5492 vita:
1765 5440 2093 5493 immortalis

525 5533 937 5595 abundantiam,
972 5533 1316 5587 incruentum
1344 5542 1400 5586 et
1422 5548 1673 5601 maguum
1696 5542 1751 5587 et
1777 5548 1902 5586 vere
1937 5546 2094 5589 acce-

525 5625 741 5694 ptabile
774 5626 883 5679 Deo
906 5625 1131 5680 oil'ertur
1174 5625 1530 5681 sacrillciutn.
1589 5622 1753 5692 Igitur
1800 5634 2087 5695 propterea

597 5856 644 5887 '°
675 5853 836 5911 Prov.
889 5870 973 5920 ιιι,
1000 5854 1087 5909 5i.
1164 5856 1203 5886 "
1242 5851 1373 5906 Luc.
1410 5868 1561 5920 xvrt,
1618 5852 1679 5906 l0

2193 4519 2254 4571 ὲν
2283 4516 2543 4588 μετεώρῳ
2567 4518 2667 4585 τῆς
2695 4516 2924 4577 πόλεως’
2958 4511 3046 4582 ἀφ’
3070 4506 3131 4565 οῦ
3160 4527 3295 4565 ποτε
3322 4509 3505 4576 λόφου,
3526 4505 3761 4560 θανάτου

2193 4610 2295 4681 τὴν
2336 4607 2696 4677 Ἰερουσαλὴμ
2768 4604 3192 4667 ἀναλίσκοντος,
3247 4600 3340 4654 τὸν
3390 4596 3764 4666 θανατηφόρον

2199 4702 2431 4770 ἄγγελον
2485 4699 2607 4753 ἰδὼν
2637 4701 2667 4751 ὁ
2708 4698 2873 4751 Δαϐὶδ
2923 4694 3269 4764 ἐσπασμένον
3315 4690 3588 4763 ῥομφαίαν
3620 4686 3765 4741 κατά

2193 4799 2295 4866 τῆς
2326 4794 2552 4859 πόλεως,
2590 4791 2801 4854 ἀναϐάς
2841 4788 3197 4859 ᾠκοδόμησεν
3227 4786 3345 4839 ἐκεῖ
3370 4780 3766 4850 θυσιαστήριον

2194 4888 2273 4955 τῷ
2318 4884 2529 4956 Κυρίῳ,
2568 4886 2665 4938 καὶ
2714 4884 3015 4950 ἀνήνεγκεν
3052 4879 3139 4933 ἐπ’
3179 4877 3346 4933 αὑτοῦ
3393 4876 3476 4946 τῷ
3506 4871 3629 4943 Θεῷ
3674 4869 3768 4924 θυ-

2196 4980 2341 5045 σίαν,
2378 4980 2474 5033 καὶ¹
2505 4975 2776 5046 ἐπεσχέθη
2809 4976 2845 5047 η
2879 4973 3139 5046 θραῦσιςο
3175 4971 3260 5033 είς
3308 4968 3480 5023 τύπον
3511 4967 3608 5019 καὶ
3636 4961 3770 5017 ταῦ.

2192 5088 2263 5123 τα
2302 5070 2400 5140 τῆς
2460 5069 2606 5124 κατά
2658 5066 2759 5138 τὴν
2808 5066 2964 5137 ίεράν
2993 5063 3306 5137 προσευχὴν
3363 5056 3637 5128 σωτηρίου
3666 5055 3764 5107 καὶ

2192 5163 2579 5235 πνευματικῆς
2614 5159 2933 5221 ἀναϐάσεως
2963 5198 2978 5223 ,
3013 5159 3107 5211 καὶ
3165 5155 3262 5210 τοῦ
3317 5152 3387 5208 δι’
3432 5151 3603 5219 αὐτῆς
3652 5147 3741 5201 ila

2194 5257 2357 5327 σμοῦ⁰
2391 5254 2605 5309 τυπικά
2642 5253 2754 5323 γὰρ
2778 5246 2852 5322 ἦν
2878 5252 3062 5304 ἐκεῖνα
3095 5248 3273 5302 πάντα
3302 5244 3437 5315 πρὸς
3488 5238 3767 5309 σωτηρίαν

2192 5346 2371 5420 ἡμῶν·
2404 5350 2454 5400 εἰ
2492 5346 2552 5398 δὲ
2585 5344 2788 5415 βούλει,
2836 5342 2933 5396 καλ⁵
2986 5340 3069 5405 εις
3120 5340 3299 5394 τύπον
3328 5338 3427 5403 τῆς
3467 5330 3589 5384 καθ’
3615 5331 3767 5401 ἡμᾶς

2193 5439 2397 5511 ταύτης
2440 5441 2592 5511 ίερᾶς
2660 5437 3008 5510 Ἐκκλησίας,
3042 5434 3164 5506 ἥτις
3217 5433 3383 5491 ὅντως
3435 5424 3521 5495 ἔφ’
3559 5422 3796 5509 ὑψηλοῦ.

2202 5536 2402 5596 κεῖται,
2432 5531 2724 5601 ἀγγελικός
2754 5547 2838 5593 τις
2868 5528 3025 5590 ἀλλος
3059 5525 3193 5580 οὖσα
3240 5520 3338 5573 καὶ
3366 5517 3768 5597 ’ὑπερκόσμιος

2188 5625 2403 5695 χῶρος,
2442 5626 2502 5679 ὲν
2543 5615 2589 5691 ᾧ
2642 5620 2778 5693 πρὸς
2832 5617 3120 5689 ἑξιλασμδν
3164 5610 3259 5666 τοῦ
3298 5610 3507 5679 κᾶσμου
3539 5605 3765 5670 παντὸς.
