4100 6230
312 423 382 488 ‘27
1537 422 1918 486 GREGORII
1960 421 2284 488 PALAM/E
3487 423 3556 488 ΞΒ

319 538 464 604 plum
484 545 542 590 ut
564 551 780 593 suorum
805 536 1176 593 dimissionem
1201 544 1548 606 peccatorum
1582 537 1870 606 ﬂagitaret,

2000 539 2170 593 τούτου
2211 537 2710 609 συγκεκραμένην;
2762 535 2969 599 ἀναϐὰς
3027 534 3136 606 γὰρ
3173 536 3252 598 είς
3299 535 3361 590 τὸ
3415 536 3558 602 is:pr

320 629 576 694 pnlrhras
610 644 795 684 secum
845 630 1071 684 adduxit
1107 632 1175 682 ad
1227 629 1392 684 Deum
1439 631 1880 685 conciliaturas:

323 718 485 772 fidem
538 736 660 789 qua:
715 737 820 776 non
867 722 1174 784 confundit.
1214 721 1748 791 irreprehensibilem
1807 723 1889 776 sui

321 811 499 880 ipsius
561 815 1040 883 ohjurgationem,
1097 799 1892 883 nequaquamdespiciendam

322 906 512 960 cordis
564 909 972 972 contritionern,
1039 908 1371 963 exaltantem
1435 907 1890 962 homiliationem.

327 996 540 1064 Optime
591 1000 824 1065 orationi
883 1002 1159 1070 cooptavit
1219 1001 1794 1070 circumspectionem.
1850 1003 1891 1054 Α

328 1088 490 1158 longe
523 1090 668 1144 enim
710 1107 833 1146 cum
878 1103 1050 1154 esset,
1104 1109 1210 1147 non
1243 1093 1396 1164 'dixit
1435 1104 1607 1158 stans,
1657 1096 1799 1151 sicut
1829 1095 1895 1149 de

327 1177 641 1240 Pbarismo:
712 1183 807 1237 sed
841 1199 962 1238 cum
999 1196 1170 1249 esset,
1213 1187 1502 1239 admodum
1559 1195 1735 1240 status
1790 1185 1891 1239 de-

334 1274 646 1328 missionem
685 1277 766 1329 his
795 1277 972 1329 verbis
995 1277 1304 1340 declarans,
1335 1279 1604 1347 simulque
1629 1279 1894 1333 orationis

331 1367 776 1434 suppliciumque
813 1371 1106 1422 verborum
1145 1369 1476 1424 indefessam
1510 1369 1892 1435 iterationem;

331 1474 455 1511 nam
516 1461 648 1514 nihil
683 1461 826 1515 aliud
881 1463 1170 1530 proferens
1216 1472 1272 1518 et
1327 1462 1677 1532 excogitans,
1725 1463 1790 1516 ad
1836 1475 1898 1516 se

321 1560 542 1627 tantum
571 1560 624 1606 et
649 1555 715 1607 ad
750 1555 917 1609 Deum
952 1555 1207 1618 attendit,
1238 1557 1462 1610 vocibus
1499 1555 1718 1610 brevem
1749 1554 1890 1609 mul-

333 1644 492 1699 tolies
529 1645 582 1698 in
615 1647 786 1714 ipsam
827 1657 1149 1702 convertens
1183 1648 1621 1718 postulationem.
1657 1662 1778 1719 quae
1803 1656 1886 1703 est

330 1737 615 1793 utilissima
647 1740 908 1796 orationis
938 1743 1134 1797 forma.

1991 633 2131 702 ὑπὲρ
2159 636 2258 702 τῆς
2309 632 2417 685 τῶν
2452 633 2670 685 οίκείων
2704 622 3121 700 ἁμαρτημάτων
3165 631 3408 694 ἀτισεως
3437 629 3560 692 δεη-

2000 727 2250 790 σόμενος,
2296 725 2468 788 καλὰς
2521 724 2833 793 ἐπηγάγετο
2881 724 3001 792 μεθ’
3032 721 3232 776 ἑαυτοῦ
3273 723 3375 786 τάς
3409 738 3564 791 μεσι-

1995 819 2264 882 τευοῦσας
2293 818 2431 890 πρὸς
2459 819 2550 872 τὸν
2575 818 2734 882 Θεὸν,
2766 819 2865 888 τὴν
2890 817 3324 888 ἀκαταίσχυντον
3352 817 3558 879 πίστιν,

1994 912 2096 979 τὴν
2122 910 2494 979 ἀκατάκριτον
2518 909 2923 979 αὖτομεμψίαν,
2953 909 3054 978 τὴν
3087 909 3161 979 μὴ
3203 905 3562 975 ἐξουδενωμὲ-

1996 1021 2096 1075 νην
2132 1004 2426 1073 συντρισὴν
2454 1003 2554 1071 τῆς
2586 1003 2836 1074 καρδίας,
2871 1003 2971 1071 τὴν
3002 1001 3248 1072 ὑψοῦσαν
3293 999 3564 1054 ταπείνω-

1998 1110 2106 1147 σιν.
2129 1093 2343 1163 Συνῆψε
2373 1092 2430 1146 δὲ
2460 1094 2554 1148 καὶ
2584 1095 2648 1164 τῇ
2684 1094 2962 1164 προσευχῇ
3001 1091 3102 1164 τὴν
3139 1091 3416 1163 προσοχὴν
3445 1092 3577 1162 apt-

1999 1202 2124 1240 στα.
2154 1185 2447 1256 Μακρόθεν
2471 1187 2602 1255 γὰρ,
2633 1187 2821 1256 φησὶν,
2846 1183 3020 1248 ἐστὼς
3053 1185 3083 1238 ό
3106 1184 3362 1253 Τελὼνης
3388 1177 3565 1247 οὗτος

1996 1279 2098 1333 οὐκ
2127 1275 2249 1332 εἷπε
2278 1278 2498 1340 σταθεὶς
2528 1277 2606 1341 ὡς
2629 1279 2723 1331 ἐπὶ
2749 1278 2844 1332 τοῦ
2870 1277 3189 1347 Φαρισαίου,
3232 1278 3346 1332 ἀλλ’
3373 1276 3566 1340 ἑστώς*

1993 1373 2096 1444 τὴν
2141 1373 2233 1428 ἐπὶ
2290 1373 2425 1427 πολὺ
2477 1372 2789 1443 παράτασιν
2835 1372 2935 1442 τῆς
2975 1371 3216 1436 στάσεως
3243 1369 3568 1433 όιάῐτούτου

1993 1465 2194 1537 δηλῶν,
2229 1465 2368 1536 ὁμοῦ
2419 1466 2478 1521 δέ
2521 1467 2616 1522 καὶ
2662 1467 2724 1520 τὸ
2772 1465 3033 1536 ἐπίμονον
3088 1464 3189 1535 τῆς
3210 1465 3446 1534 δεήσεως
3473 1464 3571 1518 καὶ

1999 1559 2108 1612 τῶν
2163 1559 2494 1630 ίλαστηρίων
2565 1559 2828 1631 ῥημάτων
2854 1575 2871 1592 ο
2916 1557 3083 1628 μηδὲν
3121 1556 3231 1628 γὰρ
3291 1556 3349 1627 9
3384 1555 3574 1627 ἕτερον

2004 1647 2144 1718 μήτε
2186 1647 2501 1718 προτιθεὶς,
2539 1649 2680 1719 μήτε
2723 1647 3130 1720 διανοούμενος,
3189 1646 3367 1718 ἐαυτῷ
3423 1646 3572 1716 μόνῳ

1997 1741 2254 1812 προσεῖχε
2330 1743 2428 1797 καὶ
2490 1740 2568 1812 τῷ
2615 1741 2757 1813 Θεῷ,
2803 1741 2973 1812 αὐτὴν
3035 1741 3121 1811 ἐφ’
3164 1740 3362 1812 ἐαυτὴν
3412 1739 3606 1812 aspir

327 1845 444 1897 φων
511 1832 602 1885 καὶ
642 1832 1092 1902 πλυπλασιάζων
1143 1839 1313 1908 μόνην
1371 1837 1472 1908 τὴν
1511 1837 1886 1909 μονολόγιστον
1944 1835 2149 1907 δέησιν,
2213 1836 2350 1908 ὅπερ
2433 1836 2844 1906 ἀνυσιμώτατόν
2893 1836 3011 1889 ἐστι
3065 1835 3380 1907 προσευχῆς
3408 1831 3576 1899 εἶδος.

401 1927 567 1997 Igitur
599 1944 854 1991 manens.
889 1933 984 1997 ait,
1019 1948 1047 1986 a
1093 1933 1253 2003 longe
1292 1933 1628 1990 Publicanus
1675 1931 1890 1987 nolebat

2061 1931 2353 2000 Μακρόθεν
2391 1930 2510 1995 οὖν,
2540 1931 2730 2002 φησιν,
2759 1931 2789 1985 ό
2816 1929 3069 1999 Τελὼνης
3100 1929 3296 1995 ἑστὼς,
3319 1931 3424 1985 οὒκ
3443 1931 3574 2004 ἢθε-

331 2033 432 2072 nec
465 2021 654 2075 oculos
689 2023 755 2075 ad
788 2024 986 2079 cmlum
1016 2025 1255 2080 elevare.
1290 2027 1412 2094 Ipso
1445 2037 1616 2080 status
1643 2035 1896 2080 constan-

331 2113 466 2166 tiam
505 2113 670 2168 simul
707 2125 761 2170 et
794 2117 1173 2173 demissionem
1215 2119 1506 2188 signiﬁcat,
1546 2132 1646 2174 nec
1695 2128 1779 2174 est
1809 2134 1898 2173 so-

337 2202 447 2258 lum
480 2205 600 2261 vilis
631 2208 796 2276 servi,
827 2211 920 2266 sed
952 2212 1112 2266 etiam
1146 2212 1224 2268 rei
1256 2213 1625 2282 comparentis
1656 2212 1896 2268 habitus.

334 2295 686 2354 Demonstrat
723 2302 960 2359 animam
1008 2321 1036 2359 a
1085 2316 1308 2374 peccato
1338 2307 1590 2371 liberam,
1632 2317 1896 2362 remotam

329 2388 506 2446 adhuc
557 2408 584 2444 a
641 2395 775 2456 Deo,
825 2397 952 2466 quia
1018 2400 1256 2454 nondum
1309 2401 1473 2455 habet
1525 2404 1592 2455 ad
1637 2417 1759 2456 eum
1803 2417 1899 2471 per

329 2495 498 2548 opera
528 2487 890 2553 praesentiam,
925 2488 1020 2544 sed
1048 2491 1114 2544 ad
1150 2493 1691 2564 appropinquandum
1729 2509 1892 2564 para-

333 2585 442 2629 tam
497 2591 594 2644 per
642 2578 1030 2636 abstinentiam
1065 2599 1094 2636 a
1126 2584 1304 2650 malis,
1356 2593 1410 2640 et
1453 2588 1568 2653 jam
1619 2602 1713 2656 per
1757 2587 1896 2645 bona

329 2669 585 2726 consilia.
620 2671 712 2729 Sic
731 2689 862 2746 ergo
895 2684 1049 2735 stans
1071 2693 1102 2731 a
1129 2677 1288 2748 longe
1311 2677 1648 2736 Publicanus
1677 2681 1900 2738 nolebat

331 2776 431 2815 nec
475 2765 662 2818 oculos
712 2767 777 2821 ad
825 2767 1022 2823 cmlum
1058 2769 1293 2834 elevare,
1348 2773 1448 2828 hoc
1481 2774 1641 2829 modo
1673 2773 1895 2846 istoque

328 2855 516 2910 habitu
561 2862 916 2930 semetipsum
959 2864 1272 2930 vituperare
1316 2875 1372 2918 et
1408 2867 1700 2936 objurgare
1730 2879 1900 2938 pate-

328 2949 572 3018 faciens;
647 2952 925 3022 indignum
977 2957 1119 3011 enim
1175 2971 1235 3012 se
1281 2959 1510 3012 ducebat
1549 2970 1604 3014 et
1652 2962 1794 3016 creto
1843 2971 1900 3016 et

327 3043 530 3112 templo
581 3046 851 3102 terrestri.
902 3047 1028 3103 Ideo
1084 3049 1139 3104 in
1192 3052 1407 3121 porticu
1447 3053 1666 3122 quidem
1697 3053 1895 3121 stabat,

335 3140 404 3192 ad
443 3139 641 3193 cmlum
686 3155 818 3196 vero
861 3143 1170 3211 prospit-ere
1222 3159 1327 3199 non
1373 3147 1642 3211 audebat,
1694 3159 1900 3216 quanto

332 3231 513 3286 tninns
539 3232 606 3286 ad
638 3233 806 3288 Deum
829 3235 954 3290 caeli
973 3236 996 3289 τ
1018 3237 1123 3291 Sed
1151 3238 1456 3293 vehementi
1479 3241 1898 3310 compunctione

333 3334 519 3380 motus
547 3335 735 3393 pectus
783 3341 943 3382 suum
977 3331 1337 3398 percutiebat,
1378 3332 1574 3388 exinde
1615 3348 1673 3388 se
1722 3334 1892 3405 plagis

329 3416 552 3486 (tignum
583 3433 908 3486 proponens,
955 3437 1258 3492 gravesque
1297 3425 1530 3492 gemitus
1561 3434 1614 3478 et
1643 3425 1895 3496 planctus

329 3510 457 3564 hinc
491 3512 749 3566 emittens
773 3555 788 3579 ,
845 3529 1055 3568 necnon
1104 3527 1268 3582 caput
1311 3517 1467 3585 quasi
1499 3518 1897 3573 condemnatus

330 3605 620 3670 inclinans,
655 3621 713 3660 se
745 3619 1084 3674 peccatorent
1127 3609 1452 3677 appellabat.
1491 3621 1548 3665 et
1579 3611 1893 3666 miscricor-

329 3695 473 3750 diam
500 3712 626 3753 cum
656 3699 759 3754 lidc
784 3699 1108 3766 implorabat
1135 3700 1323 3755 dicens
1349 3718 1364 3755 :
1391 3720 1408 3753 ι
1442 3701 1602 3766 Deus,
1627 3704 1897 3772 propitius

317 3795 450 3840 esto
532 3788 665 3842 mihi
729 3792 1027 3856 peccaturi.
1069 3809 1088 3842 ι
1144 3790 1280 3844 Nam
1339 3793 1572 3848 credidit
1626 3794 1824 3849 dicenti
1879 3812 1893 3849 :

338 3895 357 3928 ι
399 3877 544 3944 Dixi,
572 3877 888 3935 Conﬁtebor
927 3884 1216 3938 adversum
1247 3899 1334 3939 me
1364 3885 1683 3952 injustitiam
1720 3902 1892 3941 meam

333 3969 580 4036 Domino,
610 3981 662 4025 et
691 3981 746 4025 tu
784 3974 1040 4028 remisisti
1072 3975 1400 4042 impietatem
1421 3977 1602 4031 cordis
1630 3977 1731 4032 mei
1759 3979 1827 4030 ⁸⁸.
1867 3997 1884 4030 ι

336 4062 537 4118 Verum
581 4066 711 4134 quid
739 4065 987 4121 addidit?
1030 4084 1050 4118 ι
1092 4066 1380 4123 Descendit
1417 4070 1894 4138 istejnstillcatns,

334 4156 412 4209 ait
460 4157 760 4220 Dominus.
807 4161 875 4214 ab
910 4160 1040 4226 illo;
1078 4177 1202 4229 quia
1254 4164 1429 4216 omnis
1469 4165 1558 4232 qui
1608 4180 1669 4218 se
1698 4165 1901 4218 uallat

339 4244 732 4311 humiliabitur,
760 4258 812 4300 ct
834 4248 927 4315 qui
961 4262 1022 4302 se
1050 4249 1297 4304 lnnniliat
1325 4250 1669 4306 eaaltahitur.
1705 4269 1725 4304 ι
1766 4250 1900 4305 Nan:

333 4351 456 4391 cum
482 4339 659 4409 reipsa
704 4342 1008 4409 arrogantia
1050 4341 1121 4396 sit
1157 4342 1419 4410 diabolus,
1457 4343 1541 4398 isti
1575 4343 1739 4398 etiam
1772 4359 1902 4412 pro-

336 4428 512 4493 prium
543 4432 792 4498 superbia
828 4432 1050 4498 malum,
1087 4433 1206 4486 ideo
1234 4433 1402 4488 vincit
1430 4444 1487 4488 et
1521 4434 1755 4489 immista
1803 4438 1901 4490 de-

328 4519 454 4588 jicit
487 4537 701 4576 omnem
728 4523 1018 4576 humanam
1041 4523 1332 4578 virtutem:
1365 4527 1434 4578 ita
1464 4525 1748 4580 humilitas
1774 4541 1901 4594 erga

1995 2023 2087 2078 λεν
2112 2023 2235 2079 οὐδὲ
2261 2025 2384 2088 τοὺς
2412 2021 2726 2096 ὀφθαλμοὺς
2757 2025 2836 2087 είς
2857 2025 2952 2077 τὸν
2982 2022 3214 2094 οὐρανὸν
3245 2013 3573 2095 ἆραι.’Δῦτη

1997 2118 2256 2186 ηστάσις
2307 2118 2405 2171 καὶ
2453 2119 2644 2182 στάσις
2684 2113 2754 2188 ἦν
2782 2113 2919 2187 ὁμοῦ
2972 2115 3068 2170 καὶ
3099 2117 3435 2182 ὕπόπτωσις,
3475 2119 3571 2171 καὶ

1997 2208 2098 2263 οὐκ
2126 2207 2380 2271 εὐτελοῦς
2406 2207 2594 2262 δούλου
2627 2207 2810 2280 μόνον,
2846 2204 2987 2264 ἀλλά
3013 2208 3109 2262 καὶ
3134 2207 3430 2262 καταδίκου
3463 2224 3574 2261 πα-

2001 2302 2281 2372 ράστασις.
2353 2304 2642 2375 Ἐμφαίνει
2687 2302 2745 2358 δὲ
2807 2303 2902 2357 καὶ
2959 2296 3062 2373 τὴν
3113 2301 3423 2374 ἀφειμένην
3472 2299 3575 2372 τῆς

1998 2396 2275 2468 ἁμαρτίας
2307 2397 2506 2467 ψυχὴν,
2533 2397 2752 2468 μακρὰν
2782 2395 2882 2467 μὲν
2905 2395 3072 2452 οὖσαν
3093 2394 3175 2451 ἔτι
3197 2395 3359 2462 Θεοῦ,
3389 2396 3480 2452 δια
3508 2397 3572 2453 τὸ

2000 2489 2169 2559 μήπω
2201 2488 2298 2559 τὴν
2339 2489 2409 2543 δι’
2440 2489 2616 2560 ἔργων
2654 2488 2801 2561 ἔχειν
2845 2489 2984 2560 πρὸς
3019 2490 3182 2545 αὐτὸν
3221 2491 3570 2563 παρρησίαν,

1997 2581 2240 2651 ἐγγίζειν
2267 2582 2325 2636 δὲ
2353 2582 2719 2654 προσδόκιμον
2751 2577 2917 2638 οὖσαν
2950 2583 3093 2653 Θεῷ,
3114 2583 3205 2638 διὰ
3231 2583 3331 2655 τὴν
3359 2584 3569 2658 ἀποχὴν

1999 2676 2109 2729 τῶν
2147 2677 2356 2739 κακῶν,
2393 2677 2488 2729 καὶ
2519 2681 2620 2746 τὴν
2668 2676 2882 2745 ἀγαθὴν
2931 2676 3027 2746 ήδη
3063 2678 3344 2748 πρόθεσιν.
3383 2679 3572 2744 Οὕτως

1996 2763 2093 2822 οὖν
2133 2769 2408 2839 μακρόθεν
2449 2769 2478 2822 ό
2534 2770 2786 2838 Τελώνης
2831 2767 3027 2834 ἑστὼς,
3076 2771 3177 2825 οὐκ
3219 2771 3410 2842 ἤθελεν
3435 2763 3576 2826 οὒόέ

1996 2861 2128 2925 τοὺς
2161 2863 2471 2932 ὀφθαλμοὺς
2501 2866 2579 2926 είς
2599 2863 2693 2916 τὸν
2722 2862 2951 2934 οὐρανὸν
2977 2857 3132 2935 ἆραι,
3160 2863 3238 2934 τῷ
3258 2866 3444 2936 τρόπῳ
3475 2867 3578 2920 καὶ·

1998 2952 2078 3023 τῷ
2121 2955 2362 3024 σχήματι
2408 2937 2505 3022 τὴν
2531 2955 2750 3008 -οίκείαν
2792 2954 3138 3023 κατάγνωσιν
3165 2956 3260 3009 καὶ
3295 2959 3582 3029 αὐτομεμ-

1997 3047 2130 3117 ψίαν
2151 3046 2600 3117 ἐπιδεικνύμενος
2619 3062 2635 3079 °
2668 3047 2891 3112 ἀνάξιον
2917 3051 3024 3118 γὰρ
3053 3051 3244 3103 ἐαυτὸν
3273 3053 3457 3121 ἡγεῖτο
3482 3039 3573 3106 καὶ

1998 3138 2095 3192 τοῦ
2123 3137 2354 3209 οὐρανοῦ
2402 3139 2498 3192 καὶ
2535 3139 2632 3193 τοῦ
2673 3140 2813 3194 κατά
2859 3141 2958 3212 τὴν
2993 3141 3096 3210 γῆν
3131 3141 3302 3212 ίεροῦ.
3341 3143 3432 3197 Διὸ
3465 3141 3584 3196 τοῦ

2002 3233 2102 3302 μὲν
2128 3232 2220 3286 ἐπὶ
2245 3232 2358 3286 τῶν
2387 3231 2675 3302 προθύρων
2706 3234 2948 3304 είστήκει
2968 3273 2983 3298 ,
3010 3235 3148 3303 πρὸς
3179 3236 3235 3288 δέ
3271 3236 3365 3289 τὸν
3408 3236 3572 3303 οὖρα-

2000 3324 2090 3378 νὸν
2113 3323 2233 3376 οὐδὲ
2260 3322 2530 3387 ἀτενίζειν
2547 3323 2771 3394 ἐτόλμα,
2793 3325 2948 3396 πόσῳ
2970 3326 3171 3396 μᾶλλον
3197 3325 3330 3394 πρὸς
3360 3326 3451 3377 τὸν
3475 3325 3578 3379 τοῦ

1995 3414 2228 3488 οὐρανοῦ
2264 3415 2438 3480 Θεόν;
2490 3414 2632 3468 Ἀλλ’
2668 3416 2772 3469 ὑπὸ
2801 3417 2903 3480 τῆς
2951 3417 3188 3484 σφοδρᾶς
3224 3417 3582 3483 κατανύξεως

1996 3508 2214 3561 τύπτων
2246 3506 2304 3560 τὸ
2331 3505 2525 3560 ἑαυτοῦ
2560 3506 2778 3577 στῆθος,
2813 3507 2906 3560 καὶ
2942 3506 3168 3575 πληγῶν
3200 3509 3393 3562 ἐαυτὸν
3422 3509 3575 3576 ἀξιον

1998 3597 2272 3672 παριστὰς
2296 3598 2567 3663 ἐντεῦθεν,
2589 3595 2943 3672 βαρυπενθῶν
2969 3597 3212 3664 καὶτοὺς
3233 3603 3572 3671 στεναγμοὺς

1999 3694 2341 3764 ἀναπέμπων
2362 3692 2591 3757 ἐκεῖθεν,
2622 3693 2715 3746 καὶ
2737 3691 2837 3760 τὴν
2860 3691 3102 3761 κεφαλὴν
3133 3692 3210 3756 ὡς
3239 3693 3582 3764 κατάκριτος

2000 3787 2219 3850 κλίνων,
2237 3778 2576 3852 ’ἁμαρτωλὸν
2602 3785 2811 3848 ἐκάλει,
2843 3783 2941 3838 καὶ
2981 3783 3074 3837 τὸν
3104 3785 3335 3856 ἱλασμὸν
3368 3783 3582 3847 πιστῶς

2001 3879 2280 3949 ἐπεζήτει,
2315 3877 2488 3945 λόγων
2511 3894 2526 3908 ο
2563 3896 2583 3928 ι
2617 3876 2678 3928 Ὀ
2709 3876 2860 3942 Θεὸς,
2887 3875 3137 3945 ἱλάσθητί
3173 3893 3262 3944 μοι
3288 3874 3365 3944 τῷ
3393 3877 3585 3946 ἀμαρυ-

1998 3971 2188 4035 τωλῷι
2218 3986 2231 4001 ο
2265 3971 2554 4025 ἐπίστευσε
2609 3970 2718 4041 γὰρ
2754 3969 2832 4040 τῷ
2864 3971 3116 4036 ).έγοντιο
3157 3987 3177 4020 ι
3217 3963 3380 4035 Bina,
3419 3967 3572 4033 Ἐξα-

2003 4063 2250 4134 γορῖὺσω
2279 4063 2400 4117 κατ’
2424 4063 2556 4132 ἐμοῦ
2589 4065 2691 4134 τὴν
2714 4063 2943 4130 ἀνομίαν
2966 4066 3092 4130 ’μου
3117 4059 3196 4132 τῷ
3237 4061 3448 4130 Κυρίῳ,
3481 4061 3579 4111 καὶ

2005 4155 2069 4207 σὺ
2109 4155 2327 4226 ἀφῆκας
2354 4154 2452 4223 τὴν
2494 4153 2752 4209 ἀσέσειαν
2784 4155 2886 4217 τῆς
2925 4153 3149 4224 καρδίας
3191 4171 3314 4222 μου.
3351 4171 3372 4203 ι
3408 4151 3474 4207 Τί
3510 4151 3584 4220 δὴε

2003 4245 2064 4300 τὸ
2095 4245 2188 4299 ἐπὶ
2210 4245 2452 4308 τούτοιςς
2493 4263 2512 4296 ι
2552 4246 2774 4315 Κατέδη
2801 4239 2956 4308 οὗτος
3003 4245 3444 4316 δεδικαιωμένος,
3466 4262 3562 4314 φη-

2007 4339 2092 4390 σιν
2116 4337 2144 4389 ό
2180 4335 2404 4408 Κύριος,
2434 4337 2466 4408 ἦ
2505 4338 2708 4399 ἐκεῖνος
2730 4353 2745 4369 ⁶
2776 4335 2857 4389 ὅτι
2882 4338 2990 4399 πᾶς
3015 4339 3041 4390 ό
3080 4336 3229 4406 ὑψῶν
3258 4336 3450 4390 ἐαυτὸν
3478 4353 3579 4392 τα·

2006 4429 2425 4500 πεινωθήσεται,
2449 4432 2475 4482 ὁ
2496 4430 2552 4484 δὲ
2573 4429 2841 4483 ταπεινῶν
2862 4430 3052 4483 ἑαυτὸν
3074 4430 3446 4500 ὑψωθήσεται.
3484 4428 3578 4492 Ὦς

2007 4520 2116 4590 γὰρ
2167 4521 2490 4591 αὐτόχρημα
2530 4519 2699 4589 τῦφός
2737 4521 2886 4574 ἐστιν
2926 4523 2955 4574 ό
3002 4520 3268 4588 διάϐολος,
3317 4521 3413 4575 καὶ
3447 4519 3579 4574 τδιόν

338 4615 505 4668 Deum
567 4614 829 4668 bonorum
885 4626 971 4669 est
1026 4617 1199 4672 virtus
1249 4617 1588 4685 angelorum,
1629 4628 1682 4672 et
1735 4620 1896 4673 vincit

2009 4614 2125 4665 ἐστι
2163 4614 2334 4679 τούτῳ
2375 4614 2409 4684 ἡ
2452 4612 2826 4684 ὑπερηφάνσια
2853 4611 3042 4675 κακὸν,
3081 4611 3161 4666 διὸ
3191 4615 3286 4666 καὶ
3314 4614 3454 4684 νικᾷ
3484 4611 3584 4666 καὶ

338 4703 634 4757 humanum
689 4703 970 4771 quodlibet
1031 4706 1218 4758 vitium
1282 4707 1575 4761 olfendenti
1641 4723 1904 4777 superve-

339 4796 538 4861 niens;
588 4795 868 4850 humilitas
914 4796 1060 4851 enim
1112 4807 1199 4851 est
1246 4812 1442 4852 currus
1473 4813 1580 4866 quo
1615 4798 1681 4851 ad
1731 4799 1901 4854 Deum

338 4890 649 4944 ascenditur
691 4905 786 4958 per
829 4890 1000 4945 nubes
1039 4890 1159 4944 illas
1207 4907 1326 4958 quia:
1357 4891 1556 4945 eﬂ'erre
1601 4892 1802 4946 debent
1836 4893 1902 4944 ad

338 4982 505 5036 Deum
541 4981 750 5035 futurus
790 4997 914 5035 cum
966 4982 1074 5035 Deo
1124 4986 1174 5034 in
1236 4984 1450 5037 inﬁnita
1485 4985 1709 5048 smculn,
1748 4978 1905 5054 prout

340 5075 587 5140 prmdixit
619 5075 910 5141 Apostolus
941 5090 956 5126 :
993 5093 1010 5124 ι
1051 5073 1365 5140 Rupiemur,
1408 5076 1606 5144 inquit,
1658 5075 1712 5129 in
1744 5078 1904 5131 nulli-

339 5167 438 5220 bus
473 5166 686 5221 obviam
721 5165 949 5220 Domino
991 5167 1042 5220 iu
1091 5183 1238 5230 aera,
1287 5181 1339 5222 et
1391 5171 1470 5223 sic
1519 5185 1733 5239 semper
1779 5189 1902 5226 cum

339 5259 569 5314 Domino
597 5263 798 5314 erimus
817 5261 884 5315 ³⁸.
921 5279 941 5312 r
981 5259 1072 5313 Est
1102 5262 1247 5314 etaim
1273 5263 1426 5328 quasi
1459 5267 1704 5332 qumdazn
1736 5266 1903 5320 nubes

338 5353 618 5406 humilitas
647 5354 979 5417 ptanitenliae
1023 5354 1337 5422 conjuncta,
1369 5356 1734 5426 lacrymarum
1783 5357 1903 5411 luu-

341 5455 422 5498 tes
456 5461 521 5499 ex
550 5447 725 5500 oculis
755 5445 1011 5509 edocens,
1049 5448 1354 5514 dignosque
1390 5463 1454 5500 ex
1499 5447 1738 5515 indignis
1788 5449 1900 5502 rlii~

336 5530 489 5583 ciens
521 5545 730 5582 necnon
757 5528 866 5584 Deo
901 5530 965 5582 ad
997 5547 1158 5597 quem
1194 5530 1344 5582 ducit
1375 5532 1714 5601 coniungens
1737 5537 1906 5601 gratia

334 5623 660 5693 justilicatos
696 5637 793 5689 per
826 5621 1147 5676 intentionis
1177 5624 1548 5678 azmctitatem.

2010 4706 2373 4775 συγκατασπᾷ
2399 4722 2462 4756 συ
2473 4706 2736 4774 μμιγεῖσα
2763 4705 2945 4758 πᾶσαν
2971 4704 3173 4774 ἀρετὴν
3203 4703 3586 4774 ἀνθρωπίνην,

2003 4797 2174 4860 οὕτως
2201 4800 2234 4867 ὴ
2267 4797 2400 4868 πρὸς
2425 4797 2516 4849 τὸν
2533 4796 2664 4850 Θεὸν
2691 4798 3021 4860 ταπείνωσις
3042 4796 3292 4864 ἀγγέλων
3317 4796 3584 4864 τῶνάγα-

2004 4889 2114 4942 θῶν
2142 4892 2287 4942 ἐστιν
2322 4889 2513 4966 ἀρετὴ,
2560 4890 2655 4941 καὶ
2709 4889 2838 4960 νικᾷ
2875 4888 3058 4941 πᾶσαν
3087 4887 3434 4958 ἀνθρωπίνην
3482 4904 3584 4940 κα·

2005 4982 2151 5043 κίαν,
2182 4983 2577 5050 ἐπιγενομένην
2612 4979 2689 5050 τῷ
2719 4980 3040 5032 πταίσαντι·
3072 4978 3258 5049 ὄχημα
3288 4979 3398 5048 γάρ
3432 4979 3582 5031 ἐστιν

2006 5077 2039 5141 ἡ
2071 5074 2398 5137 ταπείνωσις
2429 5073 2527 5141 τῆς
2576 5069 2714 5142 πρὸς
2753 5072 2846 5124 τὸν
2879 5069 3013 5124 Θεὸν
3058 5069 3412 5135 ἀναϐάσεως,
3439 5068 3590 5122 κατὰ

2001 5169 2096 5228 τὰς
2129 5167 2353 5235 νεφέλας
2388 5165 2624 5229 ἐκείνας,
2657 5162 2713 5217 αῖ
2745 5162 3032 5234 μέλλουσιν
3063 5161 3302 5215 ἀνοίσειν
3330 5161 3464 5231 πρὸς
3491 5162 3584 5215 τὸν

2000 5261 2132 5312 Θεὸν
2163 5261 2288 5323 τοὺς
2313 5259 2603 5327 ἐσομένους
2632 5257 2711 5319 εἷς
2735 5255 2997 5325 ἀπείρους
3027 5256 3229 5316 αἰῶνας
3257 5257 3395 5323 μετά
3418 5253 3581 5316 Θεοῦ,

2000 5351 2250 5418 καθάπερ
2289 5351 2317 5403 ό
2355 5348 2675 5410 Ἀπόστολος
2704 5348 3111 5416 προεφήτευσεν
3136 5363 3152 5377 °
3189 5364 3207 5398 ι
3230 5345 3585 5417 Ἀρπαγησό-

2005 5443 2142 5513 μεθα
2171 5443 2300 5512 γὰρ,
2328 5443 2514 5510 φησιν,
2539 5442 2595 5494 ἐν
2625 5441 2876 5510 νεφέλαις
2905 5442 2987 5502 είς
3022 5438 3330 5504 ἀπάντησιν
3350 5439 3445 5489 τοῦ
3475 5439 3585 5490 Κυ-

2017 5534 2134 5603 ρίου
2155 5534 2232 5596 είς
2253 5533 2412 5601 ἀέρα,
2436 5533 2529 5585 καὶ
2546 5530 2690 5584 οῦτω
2707 5531 2936 5583 πάντοτε
2963 5531 3060 5582 σὺν
3084 5528 3271 5596 Κυρίῳ
3293 5524 3548 5592 ἐσόμεθα.
3563 5546 3583 5575 ο

2018 5621 2144 5680 Οἷον
2172 5626 2280 5697 γάρ
2308 5625 2391 5689 τίς
2415 5627 2531 5679 ἐστι
2563 5625 2757 5694 νεφέλη
2787 5624 2880 5677 καὶ
2905 5623 2937 5691 ἡ
2963 5619 3316 5682 ταπείνωσις,
3346 5616 3436 5670 διὰ
3450 5629 3586 5688 μετ-

336 5721 519 5784 ανοίας
565 5720 826 5779 συστᾶσα,
862 5719 1089 5780 καὶτὰς
1137 5719 1246 5771 τῶν
1285 5717 1540 5788 δακρύων
1607 5721 1822 5785 λιὸἀῖας
1869 5723 1933 5777 ἐκ
1971 5723 2078 5778 τῶν
2132 5721 2428 5794 ὀφθαλμῶν
2471 5724 2714 5791 ἀφιεῖσα,
2756 5721 2850 5774 καὶ
2917 5719 3041 5780 τοὺς
3099 5714 3285 5779 ἀξίους
3327 5713 3393 5766 δκ
3471 5709 3584 5766 τῶν

405 5899 452 5929 ³ο
480 5899 619 5950 Ρδειι.
661 5911 809 5958 nu,
850 5897 902 5952 5.
984 5897 1024 5929 ³⁸
1058 5899 1072 5950 l
1108 5896 1295 5956 Thvss.
1329 5915 1406 5964 IV,
1441 5902 1504 5954 l6
