4100 6230
387 409 450 473 3|
1622 428 2006 491 GREGORH
2045 431 2375 496 PALAMJ

3569 445 3657 509 π.

387 538 514 585 tom.
566 529 625 582 Et
664 549 769 588 non
808 538 977 593 semel
1023 546 1231 595 tantum
1281 552 1376 596 aut
1432 545 1515 600 his
1572 547 1948 611 conviciatus,

2060 550 2156 605 τοῦ
2188 550 2457 620 βασιλέως
2491 553 2588 609 ὕπ’
2615 554 2739 627 ὄψιν
2762 557 2989 627 ἄγοντα.
3018 559 3125 613 Καὶ
3152 559 3275 614 οὐδδ
3306 558 3457 627 ἅπαξ
3489 558 3522 631 ἢ
3556 560 3643 627 δὶς

385 621 762 694 lapidibusque
803 638 857 682 et
914 632 1126 699 probris
1192 649 1300 704 pra:
1350 638 1613 705 lapidibus
1641 640 1796 695 valde
1826 656 1953 713 gra-

384 713 625 769 vioribus
679 719 955 778 lacessens
998 729 1349 797 provocavit;
1402 730 1496 787 sed
1528 735 1865 803 ambulabat,
1900 748 1959 792 ut

387 808 649 875 scriptum
686 821 791 878 est,
849 829 943 869 rex
994 828 1051 872 et
1097 834 1290 877 omnes
1338 824 1474 880 socii
1517 826 1638 893 eius
1687 844 1786 898 per
1815 832 1955 887 viam

381 910 505 950 cum
537 912 622 966 eo,
672 910 727 958 et
780 904 956 961 Semei
1007 924 1104 978 per
1158 910 1346 983 iugum
1396 919 1599 973 montis
1657 936 1723 976 ex
1785 921 1957 977 latere

380 996 568 1042 contra
609 990 759 1047 illum
797 996 1176 1067 gradiebatur,
1235 1004 1569 1064 maledicens
1622 1021 1677 1064 et
1736 1011 1957 1067 mittens

384 1078 511 1134 inde
527 1081 729 1151 lapides
750 1088 1006 1146 adversus
1023 1108 1171 1161 eum,
1197 1111 1393 1153 acervo
1413 1116 1590 1169 regem
1617 1103 1767 1173 oppri
1778 1120 1950 1161 mens.

388 1173 798 1236 Vindicantibus
831 1191 1011 1239 autem
1044 1203 1139 1241 rex
1174 1205 1276 1244 non
1305 1194 1549 1249 carebat.
1599 1196 1782 1252 Ahisai
1821 1212 1951 1266 ergo

380 1266 635 1338 princeps
663 1273 903 1341 malitias,
940 1292 1068 1333 cum
1094 1281 1220 1336 talia
1252 1282 1394 1339 ferre
1426 1303 1528 1340 non
1564 1300 1769 1357 posset,
1812 1292 1951 1347 dixit

382 1358 449 1408 ad
500 1356 717 1418 David:
753 1383 772 1418 ι
804 1366 985 1433 Quare
1026 1372 1301 1430 maledicit
1351 1379 1504 1433 canis
1555 1356 1645 1436 bic
1702 1393 1951 1440 mortuus

384 1448 618 1545 Domino
663 1471 785 1511 meo
842 1461 1000 1530 regi?
1058 1462 1263 1520 Vadam
1324 1478 1379 1524 et
1443 1477 1734 1539 amputabo
1782 1488 1953 1545 caput

380 1538 500 1607 eius
530 1543 598 1599 “.
641 1564 660 1599 ι
700 1545 811 1604 Rex
844 1561 1021 1608 autem
1058 1560 1320 1624 repressit
1349 1576 1473 1616 eum
1506 1538 1561 1618 et
1590 1581 1788 1633 pueros
1809 1538 1950 1639 ejus,

379 1633 448 1687 ad
511 1652 605 1693 eos
655 1642 892 1699 dicens:
933 1665 951 1698 ι
987 1647 1163 1705 Sinite
1208 1667 1358 1717 eum,
1398 1655 1445 1709 si
1496 1657 1633 1712 forte
1697 1664 1954 1729 respiciat

381 1725 645 1787 Dominus
695 1734 746 1788 in
791 1737 1171 1799 humillatione
1206 1760 1321 1800 mea
1376 1756 1431 1802 et
1468 1750 1657 1806 reddat
1698 1725 1829 1810 mihi
1861 1756 1955 1811 bo-

383 1834 511 1875 num
544 1838 642 1892 pro
671 1827 777 1882 ista
813 1833 1197 1892 maledictione
1220 1840 1286 1894 ³⁸.
1330 1860 1349 1893 ι

449 1912 605 1981 Quod
639 1930 763 1976 tunc
794 1924 1012 1991 quidem
1045 1931 1345 1999 perfectum
1375 1945 1461 1990 est
1491 1948 1549 1993 et
1588 1938 1641 1995 in
1668 1955 1802 2009 npus
1827 1955 1952 1998 eve-

378 2008 477 2097 nit,
509 2014 815 2071 ostenditur
851 2026 1031 2076 autem
1076 2024 1240 2078 etiam
1263 2042 1360 2097 per
1388 2027 1527 2085 banc
1552 2034 1621 2087 de
1655 2008 1953 2094 Publicano

374 2104 432 2150 et
464 2096 737 2160 Phariszeo
782 2109 1116 2177 parabolam,
1142 2096 1356 2185 semper
1390 2118 1441 2174 in
1480 2122 1745 2190 justitiam
1774 2128 1954 2182 adim-

378 2192 607 2261 pletum.
636 2197 770 2255 Nam
795 2206 887 2273 qui
916 2221 976 2262 se
1008 2223 1133 2264 vere
1159 2219 1313 2279 putat
1344 2227 1561 2273 aeterna:
1587 2223 1953 2280 damnationis

375 2284 624 2376 dignum,
689 2298 962 2361 quomodo
1023 2318 1130 2364 non
1179 2322 1443 2376 generose
1500 2313 1791 2369 sustinebit
1843 2332 1947 2372 non

373 2374 689 2447 despectum
728 2387 927 2455 solum,
987 2391 1083 2447 sed
1118 2374 1197 2447 eti
1222 2395 1478 2453 damnum
1521 2411 1573 2456 et
1621 2404 1867 2458 morbum
1898 2414 1954 2461 et

373 2485 617 2535 omnem.
644 2485 703 2530 ut
748 2480 821 2533 ita
853 2483 1052 2551 dicam,
1090 2487 1432 2547 amictionem
1458 2501 1507 2548 et
1542 2494 1953 2551 calamitatem?

373 2560 476 2627 Qui
513 2565 673 2621 talem
710 2570 1022 2631 exhibuerit
1053 2579 1394 2648 patientiam,
1426 2600 1547 2639 cum
1578 2588 1651 2643 sit
1682 2604 1813 2643 vare
1850 2596 1946 2645 de-

370 2655 518 2709 bitor
542 2670 593 2713 et
628 2677 776 2727 rens,
804 2665 989 2723 leviori
1020 2670 1367 2731 damnatione
1402 2694 1608 2735 net-non
1643 2694 1946 2753 Opportuna

373 2758 431 2803 et
459 2764 737 2810 cessatura
784 2758 1046 2817 liberatur
1072 2766 1140 2819 ab
1172 2767 1258 2822 illa
1293 2786 1421 2826 vere
1461 2774 1610 2843 gravi
1642 2786 1696 2830 et
1740 2793 1948 2848 nequa-

371 2857 534 2941 quam
566 2846 840 2941 toleranda
877 2868 1031 2920 poena
1067 2874 1225 2923 ;nam
1250 2876 1313 2915 ex
1347 2863 1431 2918 his
1464 2882 1605 2941 nunc
1628 2846 1948 2938 urgentibus

369 2934 532 2990 malis
558 2939 822 3005 cmpimus
851 2958 948 3013 per
997 2949 1317 3013 patientiam
1359 2953 1518 3009 nobis
1547 2934 1784 3013 divinam
1818 2976 1949 3015 con-

371 3027 559 3084 ciliare
615 3031 934 3090 bonitatem.
988 3036 1110 3093 Ideo
1167 3058 1306 3098 unus
1340 3060 1406 3099 ex
1455 3049 1736 3121 castigatis
1775 3068 1805 3107 a
1838 3051 1948 3108 Deo

369 3120 506 3174 dixit
561 3141 577 3176 :
636 3125 982 3195 Disciplinam
1052 3132 1266 3188 Domini
1322 3140 1942 3215 sustinebotqumilam

2060 646 2501 715 ἐπαρασάμενος,
2532 650 2624 703 καὶ
2652 649 2822 717 λίθοις
2845 651 2940 709 καὶ
2972 649 3139 707 λίθων
3166 652 3655 726 πληκτικωτᾶροις·

2062 739 2269 809 ῥήμασι
2299 740 2475 810 βαλὼν
2504 741 2810 812 ἀπήλλαξεν
2830 758 2849 778 ο
2874 744 2989 799 ἀλλ’
3041 744 3357 815 ιπορεύιτο,
3391 746 3580 817 φησιν,
3609 747 3643 800 δ

2064 828 2318 897 βασιλεὺς
2346 834 2438 886 καί
2462 833 2665 896 πάντες
2685 836 2736 888 οί
2762 834 2955 913 ἄνδρες
2980 836 3147 891 αὐτοῦ
3175 836 3517 907 μετἀὐτοῦ.
3540 838 3638 893 καὶ
3704 861 3707 865 ·

2063 924 2127 976 Σε
2138 925 2258 992 μεεὶ
2281 924 2573 995 δπορεῦετο
2594 927 2658 981 ἐκ
2678 930 2919 997 πλευρᾶς
2937 928 3031 984 τοῦ
3050 928 3233 1001 δρουςτ,
3259 931 3520 1003 ιχόμενος
3542 932 3640 988 αὑ-

2061 1019 2177 1086 τοῦ,
2231 1020 2619 1092 καταρώμενος
2667 1022 2762 1077 καὶ
2798 1023 2967 1087 λίθοις
3015 1022 3227 1093 βάλλων
3270 1024 3334 1079 ὲκ
3381 1024 3646 1093 πλαγίου,⁸

2061 1116 2153 1163 καὶ
2184 1110 2262 1181 τῷ
2290 1112 2373 1181 χοῖ
2405 1112 2632 1167 πάσσων
2662 1115 2755 1168 τὸν
2786 1114 3183 1186 βασιλέα.“οὗκ
3212 1116 3412 1188 ⁴ίιτιιόρει
3442 1115 3499 1176 δι
3523 1116 3637 1171 τῶν

2062 1203 2415 1257 κωλυσόντων
2440 1206 2469 1257 ὁ
2502 1204 2777 1273 βασιλεύς.
2830 1206 3062 1261 Ἀϐεσσά
3091 1207 3225 1276 γοῦν
3259 1211 3288 1263 ὁ
3328 1212 3637 1280 στρατηγὸς

2066 1295 2139 1363 μὴ
2183 1294 2552 1365 ἀνασχόμενος
2606 1299 2740 1367 πρὸς
2782 1300 2875 1353 τὸν
2915 1298 3082 1354 Δασὶδ
3124 1297 3319 1357 εἶπενο
3357 1321 3377 1355 ι
3415 1304 3534 1358 ’ἵνα
3579 1301 3641 1361 τί

2059 1391 2364 1459 καταρᾶται
2393 1394 2420 1444 ὁ
2451 1391 2594 1445 κύων
2615 1394 2643 1445 δ
2676 1394 2955 1465 τεθνηκὼς
2981 1387 3138 1459 οὗτος
3167 1397 3261 1450 τὸν
3290 1396 3494 1466 Κύριόν
3529 1414 3633 1466 μου

2053 1481 2148 1536 τὴν
2173 1482 2391 1551 βασιλέα
2409 1501 2423 1549 ;
2444 1485 2786 1556 Διαὸήσομαι
2809 1486 2894 1557 δὴ,
2927 1490 3023 1542 καὶ
3045 1488 3232 1557 ἀφιλῶ
3262 1488 3367 1562 τὴν
3390 1489 3635 1559 κεφαλὴν

2056 1572 2246 1627 αὐτοῦ.
2289 1594 2306 1626 ›
2365 1576 2424 1629 Ὀ
2467 1576 2523 1629 δὲ
2560 1576 2813 1646 βασιλεὺς
2855 1578 3088 1650 ἐπέσχεν
3131 1580 3318 1643 αὐτὸν,
3368 1579 3465 1634 καὶ
3507 1577 3635 1642 εωὺς

2058 1667 2253 1723 παῖδας
2288 1665 2477 1732 αὑτοῦ,
2522 1668 2658 1738 πρὸς
2680 1666 3120 1732 αὕτοὺςέίπώνο
3159 1670 3395 1735 «Ἅφετε
3437 1667 3631 1735 αὐτὸν,

2054 1756 2201 1819 ὅπως
2223 1758 2322 1811 ῐδοι
2350 1759 2554 1827 Κύριος
2580 1760 2639 1813 ὲν
2660 1762 2725 1831 τῇ
2752 1764 3077 1814 ταπεινώσει
3109 1777 3236 1829 μου,
3260 1759 3355 1814 καὶ
3376 1759 3632 1831 ιπιστρὲ·

2054 1844 2146 1917 ψοι
2188 1864 2279 1917 μοι
2316 1848 2495 1917 ἀγαθὰ
2528 1850 2650 1903 ἀντὶ
2681 1851 2781 1919 τῆς
2808 1852 3055 1921 κατάρας
3078 1852 3265 1907 αὐτοῦ.
3298 1870 3316 1904 ι

2134 1941 2200 1994 ’0
2238 1942 2332 1994 καὶ
2381 1942 2503 1995 τότε
2553 1941 2653 2009 μὲν
2688 1943 2942 2012 ἔτελίσθη
2993 1946 3086 1997 καὶ
3119 1945 3199 2006 είς
3233 1944 3394 2013 ἔργον
3445 1944 3627 2015 ἐξέϐη,

2054 2033 2332 2088 δείκνυται
2362 2036 2419 2089 δὲ
2459 2039 2554 2091 καὶ
2584 2037 2674 2090 διὰ
2714 2036 2814 2107 τῆς
2841 2038 2987 2091 κατά
3023 2037 3114 2089 τὸν
3160 2035 3410 2107 Τελώνην
3441 2038 3631 2094 τοῦτον

2054 2129 2151 2183 καὶ
2186 2127 2276 2181 τὸν
2308 2130 2599 2198 Φαρισαῖον
2633 2129 2972 2199 παραϐολῆς,
3002 2131 3107 2185 ὑπὸ
3142 2132 3241 2202 τῆς
3277 2130 3633 2200 δικαιοσύνης

2052 2218 2140 2274 ἀεὶ
2178 2219 2540 2285 τελούμενον·
2593 2222 2621 2274 ὁ
2663 2220 2772 2290 γὰρ
2821 2221 3123 2275 ὑπεύθυνον
3161 2222 3357 2275 ἑαυτὸν
3413 2221 3630 2289 άληθῶς

2052 2310 2272 2367 αἰωνίου
2305 2312 2578 2377 κολάσεως
2604 2314 2948 2381 λογιζόμενος
2987 2314 3102 2376 πῶς
3132 2314 3234 2369 οὐκ
3255 2312 3323 2367 ἃν
3348 2314 3626 2391 ὑπομείνῃ

2050 2406 2341 2475 γενναίως.
2373 2407 2476 2460 οὐκ
2510 2407 2737 2475 ἀτιμίαν
2777 2407 2961 2475 μόνον,
2992 2406 3129 2460 ἀλλὰ
3172 2407 3269 2461 καὶ
3300 2406 3506 2476 ζημίαν
3532 2408 3635 2463 καὶ

2052 2498 2228 2567 νόσον,
2260 2499 2353 2553 καὶ
2382 2500 2582 2563 πᾶσαν,
2608 2499 2685 2562 ὡς
2711 2499 2908 2564 εἰπεῖν,
2935 2496 3281 2568 δυσπραγίαν
3311 2498 3405 2553 καὶ
3434 2498 3625 2552 κάκω-

2052 2607 2186 2657 σινς
2229 2589 2287 2644 ’0
2343 2591 2401 2645 δὶ
2438 2590 2697 2660 τοιαύτην
2750 2590 3031 2661 ὑπομονὴν
3074 2589 3505 2661 ἐνδεικνύμενος,
3551 2590 3634 2655 ὡς

2048 2681 2334 2753 χρεώστης
2374 2681 2516 2736 οὕτω
2554 2683 2650 2735 καὶ
2686 2680 2992 2746 ὑπεύθυνος
3024 2682 3123 2744 ὢν,
3154 2681 3225 2735 δι’
3257 2680 3633 2752 ἐλαφροτέρας

2049 2775 2354 2845 καταδίκης
2398 2775 2493 2828 καὶ
2538 2773 2879 2845 προσκαίρου
2910 2776 3005 2828 καὶ
3035 2773 3304 2844 λυομένης
3331 2772 3625 2846 λυτροῦται

2050 2867 2149 2935 τῆς
2175 2866 2349 2931 ὅντως
2376 2866 2601 2937 βαρείας
2634 2864 2852 2937 ἐκείνης
2891 2865 2989 2935 ιι
3026 2865 3122 2920 καὶ
3154 2865 3431 2936 ἀφορήτου
3461 2863 3626 2918 κολά-

2050 2972 2210 3022 σεως’
2253 2959 2371 3013 ιστι
2397 2958 2445 3012 δ’
2468 2960 2558 3013 ὅτε
2597 2960 2693 3013 καὶ
2724 2958 2838 3013 τῶν
2865 2958 2964 3014 νῦν
2990 2959 3356 3026 ῐπικειμὲνων
3398 2956 3623 3021 δεινῶν,

2047 3051 2224 3121 ἀρχὴν
2269 3048 2519 3105 ὲντεῦθεν
2564 3049 2950 3119 λαμϐανούσης
2978 3051 3076 3119 τῆς
3111 3050 3180 3104 δι’
3211 3050 3493 3121 ὑπομονὴν
3511 3045 3624 3103 οἷον

2049 3142 2480 3212 ἑποφειλομένης
2510 3141 2661 3204 θείας
2697 3143 3069 3212 χρηστότητος
3091 3157 3105 3173 ⁶
3142 3141 3225 3195 διὸ
3261 3139 3357 3194 καί
3388 3157 3472 3204 τις
3515 3142 3626 3194 τῶν

370 3215 591 3281 peccavi
620 3227 809 3271 contra
835 3234 981 3275 eum.
1012 3219 1231 3279 Utinam
1264 3242 1364 3282 nos
1389 3244 1513 3284 cum
1545 3232 1935 3299 misericordia,

2049 3234 2153 3287 ὑπὸ
2216 3233 2352 3287 Θεοῦ
2414 3234 2823 3304 παιδευομένων
2889 3235 2993 3305 ἔφη
3022 3251 3038 3266 ο
3089 3234 3349 3289 Παιδείαν
3412 3234 3619 3302 Κυρίου

368 3319 477 3357 non
514 3318 696 3361 autem
732 3308 783 3363 in
816 3309 896 3364 ira
928 3322 984 3366 et
1028 3311 1212 3370 furore
1246 3316 1464 3374 Domini
1491 3324 1808 3393 castigatos,
1837 3326 1938 3382 ista

368 3393 463 3449 Dei
519 3400 805 3469 disciplina
852 3418 958 3461 non
1026 3407 1437 3478 interliciamnr,
1489 3417 1584 3470 sed
1644 3420 1938 3473 secundum

366 3485 707 3546 Psalmistam
753 3493 805 3547 in
828 3494 987 3551 ﬁnem
1012 3501 1303 3569 erigamur,
1328 3507 1498 3573 gratia
1526 3516 1581 3562 et
1607 3508 1945 3581 benignitate

367 3580 584 3637 Domini
639 3588 810 3641 nostri
874 3586 1000 3645 Jesu
1052 3591 1303 3659 Christi,
1374 3599 1460 3652 cui
1512 3601 1689 3658 omnis
1728 3580 1938 3674 gloria,

368 3672 614 3732 honoret
645 3679 895 3737 adoratio
922 3698 1042 3737 cum
1084 3696 1287 3743 αξιοι-ιω
1331 3691 1453 3760 eius
1496 3690 1679 3761 Patre,
1723 3672 1773 3750 et
1809 3714 1941 3752 san-

367 3766 633 3834 ctissimo,
682 3770 933 3843 bonoque
977 3783 1032 3828 et
1063 3777 1373 3836 viviﬁcante
1428 3781 1658 3854 Spiritu,
1710 3804 1853 3843 nunc
1885 3802 1938 3845 et

363 3871 583 3928 semper
610 3873 663 3917 et
690 3863 745 3919 in
777 3867 976 3923 secula
1007 3872 1350 3931 saeculorum.
1392 3876 1584 3934 Amen.

950 4177 1233 4236 HOMILIA
1274 4182 1358 4237 Ill.

401 4282 469 4345 In
502 4286 811 4352 parabolam
852 4289 1072 4345 Domini
1105 4292 1169 4346 de
1213 4294 1386 4349 salute
1433 4293 1562 4351 Filii
1600 4299 1805 4370 prodigi
1834 4301 1899 4357 ⁸⁸.

438 4485 461 4522 ε
498 4469 613 4525 Erit
672 4469 847 4527 fames
870 4511 889 4538 ,
940 4472 1016 4527 ait
1067 4475 1327 4545 propheta
1366 4476 1670 4534 Jerusalem
1707 4480 1896 4551 lugens
1920 4521 1938 4547 ,

2046 3322 2279 3387 ὑποίσω,
2305 3324 2385 3378 δτι
2406 3326 2655 3397 ἥμαρτον
2676 3324 2845 3397 αὐτῷ.
2877 3325 3094 3379 Γένοιτο
3115 3325 3172 3379 δὲ
3193 3325 3286 3379 καὶ
3326 3327 3473 3396 ἡμᾶς
3500 3325 3621 3396 μετ’

2047 3414 2251 3480 ἐλέους,
2288 3418 2425 3471 ἀλλὰ
2452 3418 2527 3488 μὴ
2571 3418 2630 3470 ιν
2648 3418 2786 3488 ὀργῇ
2829 3418 2923 3472 καὶ
2944 3417 3102 3487 θυμῷ
3123 3417 3331 3487 Κυρίου
3366 3417 3622 3470 παιδευο·

2049 3503 2267 3574 μένους,
2301 3508 2366 3576 τῇ
2389 3505 2612 3577 παιδείᾳ
2642 3504 2737 3561 τοῦ
2768 3506 2905 3559 Θεοῦ
2935 3506 3010 3573 μὴ
3037 3505 3455 3576 κατενεχθῆναι,
3482 3505 3620 3567 ἀλλά

2044 3592 2187 3646 κατὰ
2213 3593 2303 3647 τὸν
2334 3592 2645 3664 Ψαλμῳδὸν
2677 3594 3054 3666 ἀνορθωθῆναι
3085 3594 3167 3658 είς
3212 3593 3363 3658 τέλος
3385 3609 3402 3625 ⁶
3434 3596 3621 3665 χάριτι

2044 3686 2139 3739 καὶ
2165 3672 2549 3759 φιλανθρωπία
2577 3688 2670 3741 τοῦ
2702 3687 2905 3759 Κυρίου
2934 3687 3094 3759 ἡμῶν
3135 3685 3308 3756 Ἰησοῦ
3338 3687 3576 3759 Χριστοῦ
3601 3703 3616 3720 ο

2042 3772 2085 3846 ᾧ
2112 3781 2312 3850 πρέπει
2358 3783 2507 3834 πᾶσα
2536 3781 2680 3847 δόξα,
2714 3780 2849 3851 τιμὴ
2875 3781 2967 3835 καὶ
3007 3782 3381 3851 προσκύνησις
3409 3780 3507 3841 σὺν
3542 3778 3621 3850 τῷ

2044 3873 2266 3943 ἀνάρχῳ
2289 3874 2453 3927 αὐτοῦ
2481 3876 2677 3944 "arpi,
2702 3876 2799 3928 καὶ
2815 3874 2894 3945 τῷ
2918 3874 3170 3941 -παναγίῳ
3198 3875 3294 3927 καὶ
3309 3871 3502 3945 ἀγαθῷ
3522 3886 3620 3935 και

2043 3965 2291 4035 ζωοποιῷ
2316 3966 2619 4033 Πνεῦματι,
2656 3968 2754 4021 νῦν
2788 3966 2885 4019 καὶ
2916 3967 3001 4025 ἀεὶ
3041 3968 3135 4023 καὶ
3162 3966 3239 4030 είς
3262 3965 3383 4029 τοὺς
3412 3965 3616 4031 αἰῶνας

2043 4057 2149 4123 τῶν
2182 4057 2417 4111 αἰώνων.
2457 4058 2596 4128 ’Δμὴ
2605 4078 2653 4113 ν.

2628 4188 2872 4245 ΟΜΙΛΙΑ
2911 4188 2982 4245 Γ.

2040 4302 2149 4368 Εις
2200 4302 2318 4371 τὴν
2353 4303 2506 4357 κατὰ
2561 4302 2668 4357 τὸν
2723 4302 3125 4366 σεσωσμένον
3171 4307 3439 4361 Ἄσωτον
3499 4306 3613 4363 τοῦ

2500 4374 2722 4442 Κυρίου
2748 4375 3125 4442 παραϐολήν.

2122 4504 2142 4537 ι
2178 4488 2375 4541 Ἔσται
2407 4489 2536 4541 ποτὲ
2567 4488 2744 4559 λιμὸς,
2775 4488 2874 4559 τὴν
2913 4488 3276 4561 Ἰερουσαλὴμ
3320 4492 3617 4549 ἁποκλαιό-

362 4579 471 4616 nun
498 4561 674 4617 fames
704 4564 861 4627 panis
891 4574 945 4620 et
980 4580 1158 4635 aquai,
1193 4569 1285 4623 sed
1320 4568 1493 4625 fames
1525 4573 1775 4626 audiendi
1811 4590 1932 4626 νει-ι

2048 4597 2206 4651 μενος
2245 4577 2400 4633 εἶπεν
2429 4584 2456 4634 ὁ
2490 4583 2806 4653 Προφήτης,
2856 4581 2918 4634 οὐ
2946 4580 3106 4651 λιμὸς
3136 4584 3306 4652 ἄρτου
3340 4587 3436 4638 καὶ
3489 4586 3618 4641 ὕδα-

363 4656 490 4710 bnm
529 4654 741 4712 Domini
766 4657 831 4712 ³⁷.
875 4676 894 4709 ι
938 4657 1135 4713 Fames
1171 4669 1257 4713 est
1301 4662 1531 4729 privatio
1563 4662 1720 4717 simul
1755 4675 1806 4719 et
1837 4665 1935 4719 de-

2034 4688 2147 4739 τος,
2180 4673 2320 4727 ἀλλὰ
2346 4674 2505 4745 λιμὸς
2534 4672 2629 4728 τοῦ
2661 4673 2894 4727 ἀκοῦσαι
2926 4673 3081 4743 λόγον
3110 4676 3338 4745 Κυρίου.
3383 4696 3403 4729 ι
3439 4678 3615 4750 Λιμὸς

364 4748 632 4803 siderium
680 4750 787 4805 cibi
845 4754 1168 4808 necessarii.
1216 4754 1313 4809 Est
1363 4757 1526 4809 etiam
1557 4758 1763 4828 aliquid
1792 4760 1938 4817 fante

2048 4764 2093 4819 ié
2122 4766 2239 4819 ἔστι
2264 4766 2519 4836 στέρησις
2552 4764 2670 4835 ἅμα
2707 4765 2802 4818 καὶ
2829 4764 3011 4833 ὄρεξις
3039 4765 3249 4837 τροφῆς
3281 4748 3614 4836 ἀναγκαίας.

360 4841 464 4895 ista
499 4842 648 4910 pejus
677 4854 733 4898 et
777 4844 1029 4899 acerbius
1051 4887 1066 4910 ,
1102 4847 1320 4916 quando
1348 4849 1471 4918 quis
1497 4852 1736 4919 privatus
1768 4855 1931 4910 rebus

364 4936 433 4989 ad
469 4936 698 4991 salutem
736 4939 1087 5005 necessariis,
1127 4955 1281 4994 suam
1330 4956 1437 4995 non
1466 4942 1633 4997 sentit
1663 4944 1936 5000 miseriam

362 5042 465 5082 nec
491 5029 690 5085 salutis
722 5030 1061 5085 desiderium
1116 5032 1370 5101 percipit.
1427 5034 1561 5089 Nam
1595 5038 1842 5093 esuriens
1886 5048 1939 5094 et

359 5135 473 5174 non
528 5122 737 5176 habens
768 5122 963 5176 circuit
994 5139 1245 5192 qumrens
1289 5125 1486 5179 alicubi
1533 5126 1714 5181 cibum
1754 5129 1937 5197 panis,

357 5222 416 5268 et
444 5212 490 5267 si
548 5217 763 5269 mucido
786 5216 984 5285 frusto;
1014 5226 1268 5272 occurrat
1310 5219 1393 5274 vel
1430 5235 1496 5274 ex
1530 5222 1678 5276 milio
1712 5236 1940 5291 compo-

360 5308 549 5371 silum,
582 5307 997 5363 cineraceumve
1023 5325 1217 5379 panem
1259 5318 1352 5366 aut
1387 5312 1515 5382 quid
1541 5313 1684 5368 aliud
1720 5330 1783 5368 ex
1819 5312 1940 5368 lau-

361 5401 597 5455 tioribus
662 5415 911 5457 escarum
971 5403 1261 5472 speciebus
1314 5404 1510 5474 aliquis
1558 5406 1606 5459 ei
1663 5406 1937 5475 pra-beat,

361 5507 571 5551 tantum
603 5500 807 5565 gaudet
828 5506 1088 5564 quantum
1125 5498 1279 5565 prius
1310 5514 1503 5552 carens
1536 5497 1769 5551 dolebat.
1796 5494 1926 5549 ltetn

357 5590 447 5659 qui
481 5588 751 5659 spirituali
787 5589 929 5645 fame
962 5591 1194 5658 laborat,
1228 5591 1277 5645 id
1304 5589 1741 5659 est,;privatione
1767 5588 1928 5642 simul

360 5690 411 5732 ct
444 5680 715 5735 desiderio
748 5682 946 5752 dapqu
976 5683 1434 5747 necessariarum,
1461 5683 1656 5738 circuit
1680 5696 1931 5749 qua-rens

362 5774 648 5828 habentem
688 5791 718 5828 a
750 5776 861 5831 Deo
893 5778 1153 5833 doctrina:
1183 5779 1447 5847 gratiam;
1480 5776 1602 5831 etsi
1638 5774 1931 5854 invenerit,

431 5888 541 5947 “ll
593 5890 721 5961 lies.
757 5906 871 5961 xvi,
922 5896 972 5951 9.
1052 5894 1096 5926 ³⁵
1132 5894 1268 5952 ibid.
1297 5894 1379 5951 ιυ.
1456 5894 1501 5926 ³⁸
1538 5892 1672 5950 Luc.
1714 5908 1805 5962 xv,
1832 5890 1890 5947 ll
1935 5908 2086 5964 seqq.

2040 4860 2231 4912 Ἔστιν
2266 4857 2361 4912 οῦν
2390 4859 2484 4912 καὶ
2510 4858 2606 4912 τοῦ
2633 4857 2795 4926 λιμοῦ
2821 4856 3015 4913 τούτου
3046 4860 3234 4928 χεῖρον
3276 4862 3372 4914 καὶ
3410 4862 3613 4916 ἀθλιὼο

2036 4968 2215 5019 τερον,
2273 4951 2404 5004 ὅταν
2480 4969 2565 5014 τις
2618 4952 2885 5021 στέρησιν
2940 4948 3080 5019 ἔχων
3127 4951 3239 5006 τῶν
3301 4953 3615 5021 ἀναγκαίων

2036 5044 2175 5113 πρὸς
2220 5043 2518 5109 σωτηρίαν,
2553 5042 2972 5112 ἁνεπαισθήτως
3016 5042 3113 5113 ἔχῃ
3162 5043 3259 5110 τῆς
3301 5048 3613 5119 συμφορᾶς,

2037 5135 2214 5203 ὄρεξιν
2244 5136 2343 5187 οὐκ
2379 5136 2519 5206 ἔχων
2549 5136 2685 5205 πρὸς
2718 5135 3016 5204 σωτηρίαν.
3049 5134 3111 5186 Ὅ
3142 5133 3249 5204 γὰρ
3288 5135 3491 5189 πεινῶν
3518 5140 3614 5192 καὶ

2036 5230 2136 5281 οὒκ
2167 5230 2417 5295 εὐπορῶν
2445 5230 2795 5299 περιέρχεται
2822 5225 3005 5297 ζητῶν
3029 5226 3139 5279 ποῦ
3161 5226 3369 5297 τρύφος
3402 5227 3571 5299 ἄρτου
3591 5245 3611 5263 ⁸

2038 5320 2140 5373 κᾶν
2171 5321 2521 5389 εὐρωτιώσης
2554 5318 2787 5389 ἐπιτύχῃ
2824 5318 3025 5386 μάζης,
3071 5316 3103 5386 ἢ
3147 5320 3408 5393 κεγχρίαν
3437 5320 3611 5389 τούτῳ

2037 5429 2119 5474 τις
2149 5412 2335 5481 ἄρτον,
2380 5411 2723 5483 ἢπιτυρίαν,
2778 5411 2812 5481 ἧ
2843 5427 2894 5463 τι
2921 5410 3051 5465 ἄλλο
3090 5408 3201 5462 τῶν
3254 5410 3353 5479 τῆς
3402 5413 3611 5483 τροφῆς

2040 5502 2444 5574 εὐτελεστέρων
2492 5505 2652 5558 εἰδῶν
2700 5502 2985 5574 παράσχῃ,
3024 5501 3206 5572 χαίρει
3250 5501 3525 5569 τοσοῦτον,
3557 5507 3614 5558 ὅ·

2042 5611 2133 5648 σον
2162 5596 2554 5665 ἀποτυγχάνων
2575 5595 2818 5651 ὠδυνᾶτο
2839 5595 3126 5664 πρότερον.
3167 5592 3277 5647 Καὶ
3308 5593 3337 5645 δ
3368 5612 3613 5664 πνευμα-

2038 5688 2190 5739 τικὸν
2220 5688 2398 5741 τοίνυν
2428 5685 2567 5757 ἔχων
2596 5686 2775 5756 λιμὸν,
2805 5684 3075 5749 τουτέστι,
3115 5683 3371 5754 στέρησίιι
3397 5701 3457 5737 τε
3493 5686 3609 5757 ἅμα

2041 5782 2137 5833 καὶ
2185 5778 2370 5850 ὄρεξιν
2423 5781 2812 5851 πνευματικῶν
2869 5778 3197 5851 βρωμάτων,
3260 5778 3610 5851 περιέρχεται

2163 5893 2206 5925 ³⁷
2235 5900 2399 5951 Amos
2448 5911 2571 5962 vnt,
2598 5896 2685 5951 ll.
