4098 6226
314 273 413 339 137

1699 266 2032 328 litiMILlA
2075 264 2180 328 XI.

3470 258 3573 324 138

304 390 496 445 σασθαί
546 406 669 442 τινα
718 382 945 450 ἑαυτὸν,
978 386 1074 438 καὶ
1103 387 1182 449 είς
1238 385 1473 455 ἐσχάτην
1533 386 1759 451 ἀτιμίαν
1794 384 1889 436 καὶ

2000 391 2220 449 paratos
2243 379 2307 433 ad
2334 385 2567 433 mortem
2592 390 2689 447 pro
2719 390 2777 432 sc
2804 377 3162 438 tolerandam,
3191 375 3322 446 quid
3354 376 3572 438 mirum.

302 482 532 535 θάνατον
562 477 875 548 προδοῦναι,
912 476 1027 529 ἀλλ’
1068 476 1169 528 οὐκ
1201 476 1429 538 ἀπεικός
1452 492 1467 505 ο
1502 477 1548 527 ei
1590 474 1698 545 γὰρ
1730 476 1881 543 βασις

300 574 413 635 λείς
438 572 537 641 τῆς
574 572 679 639 γῆς
712 570 813 623 οὐκ
854 571 919 623 ἄν
968 586 1099 621 ποτε
1136 568 1455 621 ἀκολουθεῖν
1481 567 1656 621 ὀπίσω
1697 566 1881 620 αὐτῶν

300 662 567 729 δέξαιντο,
614 663 707 714 καὶ
741 659 915 714 ταῦτα
967 660 1105 728 πρδς
1138 659 1377 727 πόλεμον
1415 658 1606 721 ἰόντες*
1643 659 1770 720 τοὺς
1807 660 1884 729 μὴ

302 753 556 822 ἑτοίμους
594 754 755 815 ὄντας
797 750 1092 805 ἀποθανεῖν
1123 749 1265 820 ὑπὲρ
1297 748 1503 802 αὐτῶν.
1536 748 1603 801 Τί
1633 744 1727 801 οὖν
1760 748 1888 801 θαυ-
1928 779 1943 791 -

302 846 535 912 μαστὸν,
578 846 627 896 εἰ
661 842 756 896 καὶ
797 846 824 895 6
876 842 1131 912 βασιλεὺς
1180 840 1288 893 τῶν
1326 841 1572 909 οὐρανῶν
1603 842 1669 909 τῇ
1721 842 1792 909 γῇ
1822 839 1891 892 δι’

300 935 639 1003 ἐπαγγελίας
697 934 1084 1003 ἐπιδημήῑας,
1135 931 1272 1002 πρὸς
1308 928 1743 999 ἀντιπαράταξιν
1796 928 1891 981 τοῦ

299 1028 486 1083 κοινοῦ
539 1027 632 1081 τοῦ
688 1028 877 1094 γένους
928 1025 1189 1093 πολεμίου
1250 1024 1527 1086 τοιούτους
1578 1020 1733 1091 ζητεῖ
1766 1024 1894 1086 τοὺς

297 1122 483 1174 ὀπίσω
524 1121 695 1174 αὑτοῦ
726 1114 1194 1182 ἀκολουθοῦντας;
1244 1115 1387 1169 Ἀλλ’
1416 1116 1466 1169 ei
1498 1115 1599 1185 μὲν
1652 1114 1894 1184 βασιλεῖς

296 1214 398 1283 τῆς
422 1216 529 1283 γῆς
550 1214 652 1267 οὐκ
672 1212 889 1282 ἔχουσιν
909 1208 1189 1274 ἀναζωοῦν
1207 1208 1332 1271 τοὺς
1353 1208 1430 1279 τῷ
1457 1208 1681 1279 πολέμῳ
1706 1205 1896 1277 τεθνη-

297 1304 495 1371 κότας,
558 1304 668 1357 οὐδ’
695 1299 1091 1357 ἀνταποδοῦναί
1136 1317 1189 1353 τι
1232 1298 1418 1368 σχεδον
1461 1299 1574 1361 τοῖς
1600 1295 1896 1367 προκινδυο

1988 475 2129 541 (μιοά
2155 471 2268 527 Rex
2298 471 2565 527 emlorum
2594 486 2691 541 per
2723 470 3158 525 incarnationem
3189 472 3239 523 in
3269 472 3429 525 terris
3459 486 3575 525 mo-

1986 582 2137 629 ranr,
2189 566 2256 619 ad
2284 563 2653 618 dimicandum
2681 564 2945 617 adversus
2992 578 3333 616 communem
3384 564 3577 618 Imma-

1986 660 2041 712 ni
2120 658 2339 729 generis
2389 656 2604 711 hostem
2645 656 2782 709 tales
2812 655 3057 711 asseclas
3088 655 3373 725 requirat?
3426 656 3582 710 Atat

1990 761 2148 814 reges
2178 754 2339 799 terrae
2361 758 2470 799 non
2504 754 2735 813 possunt
2766 743 2833 798 ad
2866 744 3031 797 vitam
3060 759 3321 800 revocare
3347 745 3401 799 iu
3436 745 3580 799 bello

1992 837 2373 905 interemptos,
2398 835 2481 889 vel
2510 836 2848 891 remunerari
2878 851 2974 892 eos
3010 837 3101 906 qui
3130 838 3250 891 vitae
3287 839 3583 893 discrimen

1994 944 2092 999 pro
2114 928 2245 995 ipsis
2285 927 2597 983 adiverunt.
2632 927 2774 994 Quid
2830 928 2973 984 enim
3021 928 3069 983 is
3121 929 3214 999 qui
3263 945 3382 995 esse
3413 930 3583 985 desiit

1993 1032 2178 1089 posset
2198 1018 2268 1074 ab
2290 1019 2422 1088 ipsis
2449 1018 2743 1088 accipere?
2783 1017 2891 1074 Sed
2924 1022 3087 1075 etiam
3136 1021 3252 1075 istis
3285 1021 3373 1076 ubi
3423 1019 3576 1090 justa

1992 1110 2061 1166 de
2080 1125 2245 1166 causa
2270 1112 2602 1177 moriuntur,
2628 1125 2755 1181 spes
2784 1112 2835 1166 in
2874 1111 3103 1166 Domino
3137 1122 3347 1169 manet.
3390 1112 3583 1169 Domi-

1993 1217 2098 1257 nus
2120 1210 2304 1257 autem
2336 1204 2501 1258 vitam
2562 1204 2815 1260 retribuit
2870 1214 3131 1260 aeternam
3184 1206 3264 1260 eis
3322 1207 3413 1276 qui
3455 1221 3580 1260 eum

1994 1295 2274 1366 sequendo
2299 1296 2535 1363 pericula
2554 1295 2867 1352 subierunt.

292 1397 557 1451 νεύσασιν
589 1395 767 1451 αὐτῶν
790 1412 805 1427 ·
833 1395 891 1448 τί
923 1395 1030 1465 γὰρ
1066 1393 1132 1447 ἂν
1154 1395 1182 1447 6
1217 1392 1410 1463 μηκέτ’
1440 1389 1516 1446 ῶν
1548 1391 1704 1446 λάὃοι
1734 1390 1865 1461 παρ’
1903 1387 2122 1454 αὐτῶνς
2168 1386 2335 1443 ’Δλλά
2386 1389 2483 1444 καὶ
2547 1389 2782 1455 τούτοις,
2863 1389 3025 1463 εἰπερ
3066 1390 3209 1463 ὑπὲρ
3253 1392 3494 1446 εὐσεϐῶν
3555 1388 3587 1441 6

295 1492 557 1557 θάνατος,
592 1494 647 1546 ἒν
675 1491 753 1562 τῷ
780 1492 969 1562 Κυρίῳ
993 1490 1148 1555 ἐλπίς
1187 1491 1334 1543 ἐστιν
1356 1506 1369 1520 ·
1414 1488 1587 1553 οὕτως
1625 1488 1681 1541 δὲ
1714 1490 1741 1541 6
1770 1478 1977 1558 Κύριος
2009 1485 2156 1557 ζωὴν
2173 1487 2518 1541 ἀντιδίδωσιν
2552 1487 2772 1543 αἰώνιον
2830 1491 2943 1553 τοῖς
3000 1490 3061 1543 ὲν
3129 1490 3209 1559 τῷ
3268 1491 3585 1553 ἀκολουθεῖν

292 1585 451 1653 αύτῷ
482 1584 999 1655 προκινδυνεύσασι.

370 1678 488 1731 Καὶ
512 1678 563 1729 οἱ
590 1676 689 1746 μὲν
714 1674 954 1744 βασιλεῖς
977 1677 1077 1746 τῆς
1107 1677 1209 1747 γῆς
1241 1677 1381 1748 ὑπὲρ
1422 1675 1603 1729 αὐτῶν
1633 1674 1886 1742 ἑτοίμους

2062 1674 2131 1729 Et
2160 1688 2315 1745 reges
2336 1685 2495 1729 terrae
2517 1673 2758 1731 asseclas
2788 1691 2892 1729 non
2927 1688 3177 1748 quierunt
3203 1677 3309 1732 nisi
3340 1693 3477 1749 quos
3513 1660 3583 1733 ad

287 1767 444 1824 εἶναι
464 1769 693 1839 ζητοῦσι
728 1768 862 1836 πρὸς
884 1767 1116 1821 θάνατον
1156 1768 1283 1829 τοὺς
1318 1768 1501 1829 αὐτοῖς
1525 1766 1883 1820 ἀκολουθοῦν-

288 1881 421 1929 τας,
456 1862 565 1933 59
607 1865 634 1915 6
658 1856 714 1915 δὲ
750 1862 954 1929 Κύριος
986 1861 1149 1922 αὐτὸς
1178 1859 1279 1929 μὲν
1300 1860 1495 1913 ἑαυτὸν
1530 1862 1611 1922 είς
1658 1860 1885 1913 θάνιτον

291 1955 507 2008 ἔδωκεν
548 1954 689 2022 ὑπὲρ
736 1952 916 2022 ἡμῶν,
948 1954 1098 2022 ἡμᾶς
1145 1951 1201 2004 δὲ
1230 1951 1331 2022 οὐχ
1364 1950 1507 2020 ὑπὲρ
1540 1950 1728 2016 αὐτοῦ,
1765 1950 1884 2003 ἀλλ’

290 2046 442 2118 ὑπὲρ
466 2046 625 2118 ἡμῶν
654 2046 838 2100 αὐτῶν
872 2046 1122 2115 ἑτοίμους
1153 2039 1293 2097 εἶναι
1347 2043 1717 2114 παραγγέλλει
1750 2042 1886 2116 πρὸς

292 2140 533 2193 Θάνατον
554 2156 572 2171 ·
599 2136 873 2192 καὶτοῦτο
906 2136 1121 2199 δεικνὺς
1153 2136 1225 2197 ὡς
1252 2136 1391 2205 ὑπὲρ
1426 2133 1582 2206 ἡμῶν
1609 2134 1757 2187 ἔστιν
1789 2135 1888 2186 αύ-

291 2233 410 2286 τῶν
438 2232 634 2299 ἐπάγει
654 2246 669 2259 ⁸
704 2249 725 2284 t
759 2231 856 2293 '0;
878 2230 985 2300 γὰρ
1011 2228 1077 2283 ἂν
1109 2226 1239 2301 θέλῃ
1260 2228 1358 2299 τὴν
1384 2227 1565 2298 ψυχὴν
1592 2226 1757 2280 αὑτοῦ
1789 2227 1893 2279 σῶ-

298 2341 421 2391 σαι,
459 2324 717 2377 ἀπολέσει
751 2321 939 2393 αὐτὴν,
970 2320 1027 2385 ὃς
1050 2320 1099 2375 δ’
1126 2322 1193 2375 ἂν
1220 2322 1463 2395 ἀπολέσῃ
1492 2320 1665 2392 αὐτὴν
1697 2320 1889 2373 ἕνεκεν

294 2417 441 2487 ἐμοῦ
469 2418 562 2469 καὶ
588 2414 682 2468 τοῦ
733 2414 1097 2483 Εὐαγγελίου,
1127 2408 1285 2477 οὗτος
1327 2413 1490 2467 σώσει
1530 2414 1727 2483 αὐτὴν.
1755 2432 1773 2464 ι
1823 2412 1891 2468 Τί

296 2514 419 2564 ἐστι
450 2509 629 2571 τοῦτο,
662 2509 761 2571 Ὃς
787 2509 854 2561 ἂν
884 2506 1014 2575 θέλῃ
1040 2508 1239 2574 σῶσαι,
1288 2505 1570 2572 ἀπολέσει,
1619 2507 1715 2559 καὶ
1738 2506 1795 2569 ὃς
1824 2506 1893 2561 ἀν

296 2601 571 2671 ἀπολέσῃ,
600 2599 802 2665 odiost;
829 2598 1057 2662 Διπλοῦς
1081 2601 1230 2651 ἐστιν
1256 2599 1284 2651 6
1318 2597 1627 2667 ἄνθρωπος,
1654 2600 1682 2652 6
1712 2598 1890 2666 ἐκτὸς,

294 2694 367 2747 τὸ
388 2693 549 2761 σῶμα
583 2691 750 2761 λέγω,
777 2692 876 2746 καὶ
904 2694 931 2744 6
958 2692 1110 2755 ἐντὸς
1136 2690 1294 2761 ἡμῶν
1324 2690 1634 2761 ἄνθρωπος,
1672 2692 1706 2762 ἡ
1744 2691 1893 2763 ψυχὴ

296 2784 570 2853 δηλονότι.
597 2783 765 2836 Ὅταν
793 2782 885 2835 οῦν
918 2785 945 2837 6
994 2783 1149 2846 ἐκτὸς
1185 2783 1343 2853 ήμῶν
1392 2782 1680 2852 ἅνθρωπος
1712 2784 1895 2855 προδῴ

300 2878 506 2931 ἑαυτὸν
530 2877 611 2940 εἰς
633 2876 885 2946 θάνατον,
917 2877 1184 2931 ἀπόλλυσι
1222 2878 1323 2947 τὴν
1359 2876 1558 2931 ἑαυτοῦ
1589 2876 1767 2949 ψυχὴν
1791 2897 1897 2949 χω-

306 2968 609 3039 ριζομένην
640 2967 806 3021 αὑτοῦ
826 2986 840 2999 ’
871 2970 900 3022 6
923 2968 1052 3037 γοῦν
1089 2970 1229 3040 ὑπὲρ
1258 2968 1355 3023 τοῦ
1390 2969 1631 3041 Χριστοῦ
1676 2974 1769 3023 καὶ⁵
1800 2969 1895 3025 τοῦ

304 3058 647 3126 Εὐαγγελίου
678 3059 848 3124 οὕτως
883 3060 1158 3124 ἀπολέσας
1203 3061 1375 3133 αὐτὴν
1411 3062 1583 3126 ὅντως
1615 3062 1780 3117 σώσει
1801 3064 1895 3118 καὶ

304 3150 565 3217 κερδήσει
594 3149 823 3221 ταύτην,
860 3149 1006 3220 ζωὴν
1034 3150 1286 3220 ούράνιον
1323 3151 1420 3205 καὶ
1466 3152 1684 3207 αίώνιον
1718 3149 1893 3225 ταύτῃ

305 3243 674 3311 προξενήσας,
698 3246 793 3297 καὶ
823 3244 883 3297 ὲν
910 3248 977 3315 τῇ
1033 3245 1328 3299 ἀναστάσει
1359 3243 1617 3315 τοιαύτην
1658 3246 1895 3314 κομισά-

308 3349 496 3403 μενος,
538 3333 635 3387 καὶ
655 3334 917 3403 δι”αῦτῆς
960 3335 1055 3389 καὶ
1108 3337 1273 3400 αὐτὸς
1319 3337 1583 3399 τοιοῦτος.
1628 3338 1721 3389 καὶ
1754 3339 1895 3392 κατὰ

308 3424 475 3490 σῶμα
527 3425 692 3494 λέγω,
745 3426 986 3495 γεγονὼς
1024 3427 1274 3498 οὐράνιος
1304 3430 1399 3481 καὶ
1446 3428 1686 3491 αἰώνιος.
1730 3427 1792 3482 Ὀ
1838 3428 1896 3481 δὲ

307 3515 628 3587 φιλόψυχος,
653 3518 753 3572 καὶ
786 3518 862 3590 μὴ
890 3519 1037 3573 οὓτω
1066 3520 1275 3592 ταύτην
1304 3520 1538 3591 ἑτοίμως
1587 3519 1727 3588 ἔχων
1762 3520 1897 3572 ἀπο·

304 3609 487 3671 λὲται,
524 3610 611 3661 διὰ
642 3608 702 3663 τὸ
726 3609 953 3682 ἀγαπᾷν
980 3612 1073 3665 τὸν
1106 3612 1444 3683 πρόσκαιρον
1468 3610 1642 3665 αἰῶνα
1676 3609 1890 3675 τοῦτον,

304 3705 400 3755 καὶ
437 3702 541 3756 ὅσα
559 3701 652 3755 τοῦ
672 3703 867 3767 αἰῶνος
898 3702 1115 3771 τούτου,
1146 3702 1417 3775 ζημιώσει
1446 3702 1549 3775 τὴν
1580 3703 1763 3774 ψυχὴν
1796 3703 1896 3755 αῦ-

304 3791 403 3843 τοῦ
437 3793 535 3862 τῆς
564 3792 731 3857 ὅντως
764 3793 909 3864 ζωῆς
932 3795 1337 3867 ἀποστερήσας,
1361 3796 1459 3850 καὶ
1483 3795 1895 3868 ζημιωθήσεται

302 3884 474 3947 αὐτὸς
496 3883 692 3956 αὐτὴν,
716 3885 816 3940 σὺν
844 3885 1027 3957 ἐαυτῷ
1059 3887 1263 3958 ταύτην
1294 3885 1430 3957 φεῦι
1461 3889 1529 3959 τῇ
1575 3886 1781 3959 αἰωνίῳ
1805 3903 1897 3940 κο-

305 3978 467 4034 λάσει
504 3977 812 4048 παραδούςξο
855 3979 915 4032 ὃν
964 3981 1059 4034 καὶ
1082 3982 1111 4033 6
1164 3980 1580 4052 πανοικτίρμων
1616 3982 1897 4051 Δεσπότης

303 4066 422 4125 οἷον
449 4073 955 4144 ἀπολοφυρόμενος,
982 4074 1077 4126 καὶ
1107 4071 1201 4125 τοῦ
1232 4072 1408 4127 δεινοῦ
1437 4072 1499 4125 τδ
1523 4072 1753 4142 μέγεθος
1772 4075 1895 4125 ἑπι-

306 4163 547 4227 δεικνὺς,
589 4184 606 4215 ι
633 4163 698 4217 Τί
728 4166 858 4234 γὰρ,
884 4163 1074 4234 φησιν,
1128 4162 1405 4234 ὠφελήσει
1449 4163 1758 4232 ἄνθρωπος,
1797 4164 1896 4218 ἐὰν

309 4255 404 4306 τὸν
438 4255 639 4327 κόσμον
670 4255 792 4309 ὅλον
824 4256 1085 4327 κερδήσῃ,
1118 4255 1212 4309 καὶ
1250 4254 1347 4327 τὴν
1381 4255 1561 4326 ψυχὴν
1589 4255 1754 4309 αὐτοῦ
1798 4255 1895 4324 ζη-

313 4349 535 4418 μιωθῇς
572 4348 605 4418 ἢ
638 4349 688 4400 τί
737 4348 899 4402 δώσει
933 4348 1221 4418 ἄνθρωπος
1272 4347 1629 4418 ἀντάλλαγμα
1660 4352 1754 4419 τῆς
1790 4348 1895 4419 ψυ-

312 4437 421 4507 ψῆς
451 4436 645 4503 αὐτοῦς
685 4455 704 4489 ι
742 4437 853 4493 οὐδ’
900 4438 1029 4493 ἄλλο
1080 4455 1131 4492 τι
1184 4439 1293 4492 τῶν
1340 4440 1400 4492 ὲν
1427 4439 1506 4509 τῷ
1534 4438 1693 4492 αἰῶνι
1721 4439 1897 4512 τούτῳ

310 4526 617 4581 δοκούντων
667 4528 867 4597 τιμίων
918 4532 1015 4583 καὶ
1066 4528 1343 4601 τερπνῶν,
1400 4528 1437 4583 ἀ
1474 4528 1571 4583 τοῦ
1625 4532 1896 4603 σωτηρίου

316 4622 614 4691 προέκρινε
641 4604 899 4676 θανάτους
928 4622 993 4675 Τί
1024 4621 1069 4675 δ’
1086 4622 1153 4675 ἂν
1179 4623 1238 4674 ὲν
1269 4622 1484 4686 τούτοις
1516 4622 1765 4694 εὑρεθείη
1803 4627 1900 4677 καὶ

314 4714 415 4779 τῆς
448 4711 671 4781 λογικῆς
692 4709 870 4780 ψυχῆς
900 4711 1282 4782 ἀντάλλαγμα,
1330 4706 1399 4785 ἦς
1427 4715 1456 4766 6
1500 4714 1703 4783 κόσμος
1749 4716 1898 4779 ἄπας

314 4794 467 4863 οὗτος
498 4802 599 4852 οὒκ
618 4803 765 4853 ἐστιν
793 4804 1080 4871 ἀντάξιος;

392 4895 455 4946 Ei
475 4888 569 4946 οὖν
598 4894 690 4947 καὶ
718 4895 809 4947 τὸν
849 4897 1053 4965 κόσμον
1082 4895 1207 4949 ελον
1237 4892 1320 4961 εἷς
1361 4896 1646 4968 ἄνθρωπος
1677 4897 1901 4951 ἐδύνατο

316 4986 607 5055 κερδῆσαι,
656 4988 899 5056 ἀδελφοὶ,
953 4990 1109 5044 οὐδὲν
1163 4989 1231 5044 ἂν
1276 4987 1342 5061 ἦν
1390 4991 1758 5063 ὄφελοςμῦτῷ
1799 4993 1900 5064 τὴν

314 5081 527 5134 οἰκείαν
559 5080 738 5151 ψυχὴν
779 5065 1168 5153 ζημιουμένῳ·
1227 5082 1394 5136 πόσον
1448 5085 1566 5137 ἐστὶ
1598 5085 1658 5137 τὸ
1700 5086 1897 5150 δεινὸν,

316 5175 788 5246 πολλοστημόριον
820 5177 1108 5246 ἐλάχιστον
1147 5178 1380 5242 ἕκαστος
1414 5178 1519 5231 ἀπὸ
1553 5178 1647 5233 τοῦ
1692 5180 1898 5251 κόσμου

317 5267 513 5319 τούτου
554 5266 865 5337 κτήσασθαι
902 5268 1229 5339 δυνάμενος,
1262 5271 1311 5322 εί
1343 5273 1411 5342 τῇ
1458 5270 1593 5341 πρὸς
1627 5276 1687 5326 τὸ
1717 5274 1901 5343 ἐλάχι-

317 5376 446 5411 στον
497 5356 656 5411 τοῦτο
696 5360 1043 5431 προσπαοείξ.
1093 5362 1194 5434 τὴν
1233 5364 1442 5417 οἰκείαν
1480 5364 1896 5435 ζημιωθήσεται

315 5454 522 5524 ψυχὴν,
570 5454 647 5523 μὴ
689 5455 1131 5526 προαιρούμενος
1175 5460 1354 5530 οτρειν
1385 5458 1479 5513 τοῦ
1526 5460 1761 5531 σταυροῦ
1801 5464 1897 5514 καὶ

314 5558 412 5599 τον
454 5546 625 5599 τύπον
660 5548 752 5599 καὶ
784 5547 875 5600 τὸν
908 5548 1088 5617 λόγον,
1127 5552 1219 5605 καὶ⁵
1259 5552 1573 5607 ἀκολουθεῖν
1611 5553 1686 5623 τῷ
1711 5554 1897 5623 δοτῆρι

391 5727 442 5758 ⁸⁹
482 5726 673 5782 Matth.
711 5744 819 5792 ινι,
849 5727 940 5781 25.
983 5728 1051 5759 ’ν
1094 5729 1221 5783 ibid.
1266 5731 1355 5786 ‘35.

646 5826 915 5887 ΡΑτιιυι..
964 5829 1007 5888 (3
1022 5848 1079 5888 ιι.
1128 5826 1248 5909 CL!

1991 1777 2218 1821 mortem
2251 1778 2472 1837 propter
2489 1781 2547 1821 se
2574 1769 2934 1836 appetendam
2970 1778 3191 1839 paratos
3240 1768 3578 1834 invenerint;

1989 1859 2252 1916 Dominus
2270 1875 2398 1915 vero
2424 1876 2482 1914 se
2499 1861 2674 1929 ipsum
2699 1860 3006 1928 injmortem
3032 1863 3255 1916 tradidit
3276 1878 3373 1932 pro
3398 1865 3580 1930 nobis,

1991 1967 2092 2006 nos
2125 1963 2311 2006 autem
2344 1967 2448 2006 non
2486 1962 2712 2022 prepter
2746 1968 2827 2019 se,
2858 1955 2953 2008 sed
2975 1962 3195 2021 prepter
3221 1955 3586 2024 nosmetipsos

1992 2044 2061 2097 ad
2109 2050 2338 2097 mortem
2390 2044 2703 2114 procinctos
2736 2058 2859 2099 esse
2892 2046 3163 2099 hortatur.
3189 2044 3343 2110 Quod
3402 2046 3585 2101 deela-

1993 2150 2118 2189 rare
2162 2135 2352 2190 volens
2387 2136 2613 2205 adjicit:
2657 2155 2675 2188 i
2705 2135 2806 2202 Qui
2844 2137 3069 2191 voluerit
3123 2138 3364 2192 animam
3426 2154 3583 2193 suam

1991 2224 2199 2280 salvam
2230 2225 2431 2291 facere,
2480 2228 2669 2293 perdet
2700 2242 2818 2282 eam
2841 2227 2921 2295 ³⁹;
2952 2228 3043 2296 qui
3073 2240 3255 2283 autem
3289 2229 3586 2297 perdiderit
3626 2242 3629 2243 '

1994 2319 2234 2373 animam
2261 2333 2417 2373 suam
2446 2331 2671 2390 propter
2716 2337 2804 2375 me
2835 2332 2892 2377 et
2942 2334 3167 2392 propter
3197 2322 3582 2393 Evangelium,

1993 2412 2199 2468 salvam
2238 2413 2458 2467 habebit
2490 2428 2633 2468 eam.
2672 2431 2692 2466 ›
2732 2412 2875 2480 Quid
2916 2414 3061 2468 istud
3104 2414 3237 2482 :qui
3259 2415 3465 2469 salvum
3497 2414 3582 2469 fa-

1996 2516 2120 2558 cere
2136 2503 2393 2566 voluerit,
2415 2505 2626 2574 perdet,
2660 2515 2716 2561 et
2768 2505 2860 2576 qui
2894 2506 3216 2575 perdiderit,
3248 2506 3455 2561 salvam
3501 2506 3585 2562 [a-

1997 2598 2109 2652 ciet
2138 2612 2261 2651 eam
2288 2596 2313 2650 ?
2342 2596 2545 2665 Duplex
2575 2608 2659 2653 est
2681 2599 2843 2653 homo
2873 2614 3053 2665 ;unus
3104 2600 3367 2666 exterior,
3395 2601 3448 2655 id
3497 2610 3585 2655 est

1996 2704 2218 2758 corpus,
2244 2690 2382 2744 alter
2416 2688 2670 2757 interior,
2687 2691 2897 2747 scilicet
2920 2692 3127 2747 anima.
3165 2692 3321 2759 Quod
3379 2693 3427 2749 si
3482 2694 3583 2749 ho-

1998 2780 2339 2837 moiuterior
2361 2782 2600 2851 seipsum
2631 2785 2685 2838 in
2717 2793 2947 2840 mortem
2970 2786 3158 2853 tradit,
3214 2785 3395 2855 perdit
3422 2801 3579 2842 suam

1999 2874 2240 2929 animant
2275 2890 2342 2932 eo
2374 2878 2648 2933 orbatam.
2676 2876 2833 2934 Unde
2858 2880 2950 2950 qui
2976 2893 3097 2933 eam
3135 2892 3358 2951 propter
3396 2882 3581 2937 Domi-

1999 2981 2129 3020 num
2158 2978 2211 3022 et
2239 2967 2589 3040 Evangeiium
2624 2971 2940 3040 perdiderit,
2957 2986 3212 3027 vereeam
3240 2973 3375 3029 lucri
3397 2973 3580 3043 faciet,

2000 3060 2168 3117 vitam
2198 3061 2479 3118 emleStem
2504 3072 2873 3134 aeternamque
2905 3065 3004 3134 ipsi
3045 3066 3307 3136 largiens,
3352 3082 3584 3137 eamque

1999 3154 2053 3210 in
2073 3157 2531 3213 resurrectionem
2578 3160 2930 3227 adducturus,
2955 3170 3011 3216 et
3040 3162 3154 3231 ipse
3176 3178 3273 3235 per
3301 3166 3585 3231 eam,dico

1996 3249 2159 3303 etiam
2192 3249 2487 3306 secundum
2519 3265 2737 3321 corpus,
2761 3253 2933 3309 factus
2960 3256 3202 3312 coelesus
3235 3268 3290 3311 et
3319 3266 3583 3315 agtcrnus.

1998 3343 2100 3409 Qui
2124 3352 2306 3399 autem
2332 3344 2571 3398 animam
2604 3360 2759 3400 suam
2814 3347 3008 3417 diligit,
3070 3359 3129 3402 ut
3179 3365 3297 3405 eam
3349 3354 3582 3419 perdere

2001 3433 2156 3499 nolit,
2187 3443 2473 3503 pr0plerea
2522 3439 2665 3506 quod
2693 3437 2857 3494 nimis
2882 3448 3033 3494 amat
3064 3456 3304 3508 prtesens
3323 3442 3585 3497 saeculum

1998 3535 2050 3576 ct
2070 3540 2157 3578 res
2188 3525 2346 3595 hujus
2366 3529 2573 3593 smeuli,
2616 3514 2899 3584 damnabit
2930 3534 3167 3586 animam
3207 3549 3382 3595 suum,
3420 3550 3583 3602 quam

2000 3632 2044 3667 τι
2067 3632 2125 3669 ra
2158 3616 2265 3671 vita
2290 3619 2576 3688 spoliabit;
2605 3637 2725 3676 eam
2749 3622 2867 3692 ipse
2882 3635 2936 3677 et
2966 3640 3086 3679 cum
3116 3626 3203 3679 illa
3224 3628 3583 3695 semetipsum

2000 3712 2283 3781 suppliciis
2311 3714 2549 3780 addicet,
2585 3716 2756 3781 illam,
2795 3729 2898 3772 teu
2925 3718 2938 3771 ί
2968 3719 3319 3786 sempiterna:
3352 3718 3584 3774 damna-

2002 3808 2134 3861 tioni
2191 3810 2449 3874 tradens;
2481 3812 2650 3879 'quem
2687 3822 2744 3865 et
2791 3812 3335 3867 misericordissimus
3396 3812 3584 3868 Domi-

2001 3916 2105 3957 nus
2138 3901 2291 3971 quasi
2320 3900 2512 3970 lugens
2534 3902 2600 3957 de
2625 3903 2854 3971 periculi
2907 3905 3253 3961 immanitate
3285 3920 3582 3963 monuerat

1999 3998 2187 4051 dicens
2225 4010 2240 4048 :
2277 4012 2297 4047 t
2336 3994 2473 4061 Quid
2501 3998 2725 4066 prodest
2764 3997 2968 4053 homini
2987 3998 3033 4053 si
3057 4001 3316 4055 mundum
3357 4004 3580 4056 univer-

1998 4104 2119 4143 sum
2142 4088 2402 4155 lucretur,
2417 4088 2611 4142 animae
2630 4104 2757 4144 vero
2772 4105 2884 4144 sua:
2899 4091 3282 4145 detrimentum
3302 4094 3584 4161 patiatur?

1999 4180 2083 4234 vel
2126 4195 2288 4247 quam
2351 4180 2500 4235 dabit
2544 4182 2706 4236 homo
2752 4183 3250 4250 eompeusatimiem
3282 4187 3582 4253 proauima

1998 4288 2096 4326 sua
2111 4272 2218 4325 "'1
2236 4291 2255 4324 ι
2285 4270 2402 4327 Non
2430 4273 2572 4327 enim
2596 4274 2888 4329 descendet
2905 4290 3027 4329 cum
3050 4290 3114 4330 eo
3136 4276 3308 4343 gloria
3324 4276 3459 4346 ejus,
3484 4295 3583 4334 nec

1923 4408 1979 4469 Β
2005 4366 2147 4421 aliud
2179 4368 2472 4436 quidquam
2496 4383 2562 4423 ex
2610 4368 2907 4423 honoribus
2935 4382 2989 4424 et
3046 4371 3414 4440 voluptatibus
3453 4390 3577 4443 qua:

2005 4460 2109 4514 hoc
2156 4460 2357 4513 sarculo
2391 4462 2527 4515 tanti
2582 4461 2909 4526 aestimatur,
2956 4477 3073 4529 quae
3125 4464 3352 4518 salutari
3420 4468 3580 4520 murti

2002 4551 2283 4622 proposuit
2312 4590 2328 4606 .
2354 4552 2584 4618 Qualem
2617 4554 2669 4606 iu
2708 4552 2827 4608 istis
2858 4555 3101 4609 invenire
3146 4567 3300 4626 putas
3330 4574 3582 4611 εοηιιιιυ-

2002 4645 2262 4697 tationem
2295 4660 2393 4712 pro
2438 4646 2701 4714 spirituali
2752 4647 2931 4701 anima
2990 4650 3054 4703 ad
3094 4666 3259 4720 quant
3306 4659 3451 4707 totus
3493 4652 3585 4707 hic

2002 4736 2238 4790 mundus
2268 4735 2425 4792 ﬂocci
2467 4737 2750 4794 habendus
2778 4750 2862 4795 est
2891 4739 2913 4793 τ

2080 4917 2135 4970 Si
2178 4932 2307 4986 ergo
2341 4935 2483 4973 unus
2514 4918 2676 4974 homo
2702 4930 3074 4990 possettotum
3100 4923 3358 4977 mundum
3398 4924 3578 4978 lucra-

2005 5005 2075 5071 ri,
2116 5008 2216 5060 hoc
2248 5008 2378 5059 nihil
2410 5010 2456 5061 ei
2485 5009 2765 5077 prodesset
2802 5013 2996 5065 anima:
3044 5014 3427 5068 detrimentum
3462 5032 3583 5084 per-

2005 5114 2201 5167 pesso;
2235 5111 2441 5168 quanto
2470 5100 2625 5168 pejus
2655 5114 2757 5163 est,
2787 5103 2874 5155 ubi
2911 5119 2993 5155 νει
3026 5108 3254 5172 quisque
3292 5112 3575 5173 potest'vcl

2005 5192 2288 5244 minimam
2316 5202 2369 5245 et
2395 5196 2842 5262 augustissimum
2876 5206 3033 5249 terra:
3066 5208 3270 5263 partem
3295 5213 3580 5266 compara-

2012 5298 2089 5346 re,
2119 5284 2161 5335 si
2202 5299 2295 5352 per
2326 5284 2551 5336 nimium
2584 5301 2823 5339 amorem
2854 5303 2981 5354 erga
3007 5286 3137 5339 illud
3167 5290 3418 5357 exiguum
3464 5304 3583 5341 ani-

2012 5395 2112 5429 iua:
2156 5392 2266 5431 sua:
2307 5378 2691 5432 detrimentum
2733 5380 3005 5447 patiatur,
3041 5380 3166 5449 quia
3198 5398 3305 5434 nun
3348 5385 3583 5451 praetulit

2013 5479 2198 5537 typum
2223 5481 2276 5522 et
2309 5470 2574 5524 rationem
2602 5472 2802 5535 erui-is,
2832 5474 3060 5542 vitaeque
3088 5474 3241 5543 sequi
3275 5488 3582 5531 auctorem.

2008 5562 2149 5615 Crux
2174 5562 2318 5615 cnim
2355 5574 2435 5616 est
2476 5573 2633 5632 typus
2676 5564 2967 5619 adorabilis
2992 5576 3045 5620 et
3078 5567 3234 5621 istius
3260 5570 3367 5639 typi
3410 5567 3576 5622 ratio-

3258 5815 3288 5877 5
