4098 6226
501 177 608 249 ιιι

1731 193 1775 253 G
1790 191 1939 252 ΠΕΟ
1951 189 2120 251 ORII
2160 190 2245 250 ΡΛ
2257 191 2348 250 LA
2362 192 2407 249 Μ
2420 190 2483 250 ΛΞ

3647 181 3744 246 144

573 295 683 350 lloc
728 303 812 347 cst
863 308 992 361 ergo
1051 293 1140 350 Dei
1202 295 1462 364 sapientia
1527 308 1574 352 et
1618 300 1811 368 virtus,
1844 299 2071 370 seipsnm

2257 293 2428 353 Τοῦτο
2448 299 2539 353 οὖν
2571 301 2601 373 ἡ
2636 295 2728 353 τιῦ
2757 299 2891 352 Θροῦ
2926 299 3087 368 σγρία
3135 296 3230 350 καῖ
3262 297 3516 366 δύναμις,
3572 297 3632 350 τὸ
3679 293 3744 351 δι’

498 404 597 457 per
654 386 1021 442 inﬁrmitatem
1088 388 1323 453 vincere,
1375 404 1470 461 per
1519 392 1875 446 humilitatem
1933 393 2080 446 exal-

501 482 626 542 tari,
656 494 751 548 per
791 488 1162 548 paupertatem
1196 480 1376 535 ditari.
1436 482 1540 535 Sed
1587 499 1692 537 non
1740 499 1921 538 sermo
1958 493 2083 538 tan-

498 581 614 626 tum
664 582 712 627 et
761 574 1080 643 mysterium
1129 572 1329 637 crucis,
1366 574 1457 627 sed
1509 584 1561 627 et
1608 575 1724 644 ipse
1786 586 1945 647 typus
1998 576 2082 629 di-

500 667 659 719 vinus
707 672 756 716 et
822 664 1139 718 adoratione
1201 665 1414 733 dignus,
1464 665 1679 735 signum
1732 677 1820 722 est
1865 682 2078 721 sacrum

499 766 553 810 et
593 756 829 809 salutare
883 763 938 807 et
991 756 1384 818 venerandum,
1446 769 1540 824 per
1587 758 1730 824 quod
1797 759 2076 813 innumera

496 856 554 901 ct
602 843 894 899 ineffabilia
927 844 1203 898 hominum
1233 858 1295 896 ex
1327 843 1433 898 Deo
1465 855 1721 899 natorum
1769 846 1906 900 bona
1949 862 2078 902 sano

497 941 807 992 caiiicantnr
871 945 926 991 et
995 935 1388 1004 perﬁciuntur,
1446 935 1757 992 maledictio
1809 949 1862 991 et
1927 937 2080 992 dam-

494 1029 643 1083 natio
678 1028 957 1090 tulluntur,
988 1035 1164 1082 metus
1195 1036 1246 1082 et
1297 1042 1441 1082 mors
1488 1029 1808 1082 auferuntur
1830 1073 1845 1096 ,
1874 1040 2078 1084 aeterna

491 1124 603 1175 vita
632 1129 683 1175 et
716 1120 1019 1175 benedictio
1047 1120 1380 1184 tribuuntur,
1429 1120 1622 1175 salutis
1653 1121 1884 1189 lignum,
1925 1136 2080 1192 scep-

496 1225 641 1268 trmn
705 1214 864 1282 regia:
905 1214 1230 1282 potestatis,
1282 1212 1481 1266 divina:
1527 1223 1784 1282 tropaeum
1841 1216 2081 1270 victoria:

499 1314 550 1362 in
591 1311 777 1360 hostes
817 1319 930 1357 tum
969 1305 1230 1369 visibiles,
1269 1313 1379 1358 tum
1438 1306 1765 1364 invisibiles.
1819 1308 2078 1377 quidquid

497 1401 826 1454 insanientes
866 1397 1232 1465 hlnSphemeut
1267 1395 1360 1450 lilii
1401 1396 1753 1450 iulidelitatis.
1788 1396 1904 1450 Non
1933 1399 2076 1452 enim

496 1493 629 1560 ipsis
658 1489 889 1556 contigit
919 1488 1162 1556 Apostoli
1194 1500 1373 1541 votum
1401 1488 1468 1552 ",
1498 1498 1550 1540 ιιι
1583 1498 1804 1555 possent
1838 1504 2084 1558 compre-

495 1583 733 1640 hendere
766 1598 884 1636 cum
922 1581 1170 1636 onmihns
1205 1581 1408 1634 sanctis
1451 1595 1572 1650 qua:
1628 1582 1698 1634 sit
1747 1580 1977 1638 latitudo
2024 1582 2079 1638 ει

497 1673 792 1744 longitudo,
817 1684 869 1727 et
900 1672 1209 1727 sublimitas
1238 1681 1290 1725 et
1319 1671 1665 1738 profundum,
1693 1673 1948 1741 quoniam
1981 1689 2077 1742 per

503 1781 722 1819 crucem
747 1765 958 1818 Domini
994 1771 1101 1819 tota
1134 1763 1279 1818 illius
1305 1779 1399 1833 per
1428 1779 1644 1817 carnem
1672 1764 1932 1819 adventus
1964 1782 2076 1820 ma-

495 1857 782 1912 nili-statur
817 1857 1175 1924 dispensatio,
1209 1865 1262 1911 et
1305 1856 1424 1928 ejus
1456 1871 1682 1926 prorsus
1714 1859 2076 1927 comprehen-

495 1951 639 2002 ditur
675 1950 990 2021 mysterium
1013 1964 1029 2014 ;
1055 1949 1119 2002 ad
1175 1964 1365 2002 omnes
1400 1949 1547 2003 enim
1593 1948 1799 2005 limites
1827 1951 2075 2004 cxtendi-

497 2053 608 2106 tur,
642 2041 824 2097 omnia
854 2039 1257 2108 complectitur,
1283 2050 1336 2095 et
1368 2056 1489 2111 quae
1519 2057 1680 2109 supra
1713 2051 1842 2097 sunt
1870 2052 1924 2097 ct
1957 2057 2075 2111 qua:

495 2134 725 2198 intra,et
755 2149 876 2203 qua:
905 2134 1107 2187 circum
1137 2140 1304 2198 stant,
1324 2143 1375 2188 et
1395 2148 1516 2203 quae
1544 2134 2073 2190 intersunt.Causam

495 2241 627 2281 vero
672 2227 1062 2281 interserentes
1114 2234 1339 2296 propter
1385 2240 1546 2294 quam
1602 2231 1886 2296 oportebat
1930 2228 2074 2297 ipsos

497 2331 730 2385 quoque,
756 2315 801 2368 si
821 2311 1230 2382 intelligentiam
1257 2312 1515 2368 haberent
1533 2329 1772 2382 crucem,
1796 2315 2070 2370 nobiseum

495 2408 743 2469 adorare,
776 2411 1099 2457 aversantur
1133 2403 1292 2472 Regis
1339 2402 1526 2472 gloria:
1571 2405 1901 2473 symbolum,
1927 2406 2072 2472 quod

496 2501 610 2568 ipse
657 2498 820 2551 etiam
874 2496 1134 2550 Dominus
1179 2493 1403 2565 jamjam
1457 2496 1508 2547 in
1560 2495 1687 2550 illud
1745 2510 2072 2552 ascensurus

496 2603 683 2660 aperte
713 2591 792 2642 sui
823 2589 992 2658 ipsius
1026 2588 1298 2657 propriam
1330 2586 1562 2656 appellat
1594 2588 1826 2658 gloriam
1849 2597 1904 2643 et
1926 2589 2073 2644 estal-

497 2684 782 2738 talionem.
822 2681 874 2734 In
914 2680 1094 2734 futuro
1126 2681 1272 2732 enim
1304 2679 1423 2748 ejus
1444 2682 1678 2752 adventu
1711 2681 2071 2735 manifestan-

495 2774 622 2838 dus,
659 2756 940 2825 venturum
982 2770 1306 2837 praenuntiat
1341 2769 1553 2836 signum
1585 2767 1713 2822 illud
1742 2768 1861 2823 Filii
1896 2769 2072 2823 homi-

498 2871 581 2922 nis
611 2883 731 2923 cum
766 2871 1035 2936 potestate
1069 2873 1123 2917 et
1151 2861 1434 2932 majestate
1465 2875 1680 2928 magna.
1720 2858 1823 2914 Sed
1851 2899 1866 2924 ,
1896 2860 2066 2923 aiunt,

2184 391 2472 456 ἀσθενείας
2501 391 2744 460 νικῆσαι,
2777 393 2837 444 τὸ
2864 393 2955 444 διὰ
2996 388 3386 451 ταπεινώσεως
3442 387 3743 458 ὑψωθῆναι,

2179 485 2241 539 τὸ
2273 484 2362 538 διὰ
2397 485 2666 556 πτωχείας
2697 484 3024 554 πλουτῆσαι.
3080 482 3154 536 Οὐ
3199 481 3362 550 μόνον
3417 482 3474 535 δὲ
3533 484 3564 533 ὁ
3596 481 3750 546 λόγος

2180 575 2277 628 τοῦ
2310 575 2548 643 σταυροῦ
2576 575 2762 628 καὶτὸ
2795 576 3118 646 μυστήριον,
3151 573 3287 627 ἀλλὰ
3341 573 3434 624 καὶ
3494 574 3521 625 ὁ
3579 571 3751 634 τύπος

2180 666 2324 728 θεῖος
2364 667 2460 719 καὶ
2492 666 2894 736 προσκυνητδς,
2922 665 3161 734 σφραγὶς
3186 662 3262 716 ὢν
3314 662 3437 733 ἱερὰ
3479 661 3575 715 καὶ
3605 662 3751 714 αἱδέ·

2183 773 2363 825 σιμος,
2397 758 2697 827 ἁγιαστική
2732 775 2790 811 τε
2844 759 2936 810 καὶ
2993 755 3282 824 τελεστικῆ
3335 754 3445 808 τῶν
3489 756 3552 808 ὲκ
3614 754 3752 805 Θεοῦ

2179 846 2257 918 τῷ
2300 847 2442 912 γένει
2498 847 2608 899 τῶν
2647 847 2955 916 ἀνθρώπων
3010 847 3385 918 ὑπηργμένων
3453 843 3753 913 ὑπερφυῶν

2181 940 2277 990 καὶ
2309 937 2641 1008 ἀπορρήτων
2679 938 2922 1005 ἀγαθῶν,
2961 939 3101 1007 ἀρᾶς
3130 936 3224 989 καὶ
3250 937 3554 1006 καταδίκης
3599 938 3754 987 ἀναι-

2185 1030 2398 1100 ρετικὴ,
2446 1030 2657 1100 φθορᾶς
2719 1032 2817 1083 καὶ
2886 1030 3121 1083 θανάτου
3171 1029 3554 1108 καθαιρετικὴ,
3603 1029 3755 1099 ζωῆς

2181 1119 2354 1171 άῖδίου
2387 1121 2481 1172 καὶ
2527 1119 2780 1186 εὐλογίας
2837 1119 3172 1191 παρεκτικὴ,
3239 1115 3397 1181 ξύλον
3456 1115 3753 1185 σωτήριον,

2183 1211 2467 1281 σκῆπτρον
2507 1209 2799 1280 βασίλειον,
2835 1208 2981 1263 θεῖον
3017 1210 3137 1262 κατ’
3166 1209 3377 1279 ἐχθρῶν
3419 1206 3636 1275 θρατῶν
3659 1204 3756 1258 καὶ

2181 1297 2432 1366 ἀοράτων
2463 1297 2750 1366 τρόπαιον.
2808 1297 2914 1350 κᾶν
2967 1298 3262 1365 αἱρετικῶν
3307 1299 3496 1359 παῖδες
3543 1295 3756 1365 ἀπαρέ-

2183 1406 2422 1441 σκωνται
2468 1387 2858 1458 φρενοὸλαὸὦς
2883 1403 2898 1418 ·
2931 1388 2992 1441 οὐ
3023 1389 3133 1458 γὰρ
3163 1389 3428 1457 ἐπέτυχον
3485 1388 3584 1455 τῆς
3613 1388 3754 1439 ἁποο

2183 1479 2437 1547 στολικῆς
2474 1479 2662 1550 εὐχῆς,
2715 1479 2800 1532 ἵνα
2847 1479 3174 1550 ἐξισχύσωσι
3213 1478 3620 1533 καταλαϐέσθαι
3653 1479 3751 1531 σὺν

2183 1574 2318 1626 πᾶσι
2354 1575 2468 1637 τοῖς
2508 1573 2706 1642 ἁγίοις,
2752 1573 2807 1627 τί
2831 1575 2893 1628 τὸ
2912 1573 3115 1638 πλάτος
3141 1577 3238 1630 καὶ¹
3271 1575 3445 1644 μῆκος
3485 1575 3581 1626 καὶ
3611 1573 3749 1642 ὕψος

2180 1666 2276 1718 καὶ
2305 1665 2510 1736 βάθος·
2543 1667 2620 1719 ὅτι
2651 1670 2678 1720 ὁ
2712 1666 2807 1719 τοῦ
2851 1665 3063 1737 Κυρίου
3117 1669 3352 1734 σταυρός
3407 1667 3522 1719 ἐστι
3562 1666 3746 1718 πᾶσαν

2179 1757 2457 1826 ἐμφαίνων
2494 1756 2593 1828 τῆς
2641 1759 2700 1812 ἐν
2735 1757 2900 1828 σαρκὶ
2942 1756 3135 1810 τούτου
3192 1756 3501 1822 παρουσίας
3532 1757 3636 1825 τὴν
3666 1756 3751 1809 oi-

2181 1848 2467 1919 κονομίαν,
2503 1850 2599 1902 καὶ
2647 1849 2708 1902 τὸ
2769 1848 2896 1904 κατ’
2953 1849 3127 1920 αὐτὴν
3192 1849 3341 1904 ἅπαν
3393 1849 3750 1918 ιμπεριὲχων

2179 1941 2505 2012 μυστήριον,
2546 1941 2642 1994 καὶ
2700 1941 2837 2012 πρὸς
2889 1942 3067 1995 πάντα
3129 1941 3323 1994 τείνων
3373 1943 3442 1995 τά
3503 1945 3749 2014 πέρατα,

2176 2032 2274 2086 καὶ
2331 2033 2510 2087 πάντα
2550 2033 3004 2104 περιλαμϐάνων,
3058 2033 3127 2088 τά
3168 2034 3302 2098 ἀνω,
3345 2035 3414 2089 τὰ
3467 2035 3643 2104 κάτω,
3676 2038 3750 2091 τὰ

2177 2123 2358 2194 πέριξ,
2398 2124 2466 2178 τὰ
2496 2125 2724 2194 μεταξύ.
2777 2125 3216 2198 Προϐαλλόμενοι
3246 2128 3304 2181 δέ
3362 2144 3487 2180 τινα
3531 2130 3748 2199 πρόφα-

2177 2235 2284 2281 σιν,
2309 2219 2379 2273 δι’
2413 2220 2479 2291 ἢν
2510 2221 2604 2274 καὶ
2649 2221 2848 2283 αὐτοὺς
2887 2219 2994 2274 ἔδει
3035 2221 3159 2292 μεθ’
3190 2221 3375 2292 ἡμῶν,
3426 2222 3587 2293 εῐπερ
3619 2222 3750 2275 νοῦν

2175 2308 2342 2382 εἶχον,
2377 2314 2707 2382 προσκυνεῖν
2750 2313 2934 2379 nam,
2987 2315 3487 2382 ἀποτροπιάζονται
3534 2316 3627 2369 τοῦ
3651 2317 3752 2388 βα-

2177 2403 2371 2466 σιλέως
2393 2403 2491 2472 τῆς
2524 2404 2684 2472 δόξης
2712 2405 2770 2457 τὸ
2803 2404 3095 2476 σύμϐολον,
3139 2407 3167 2458 ὃ
3192 2408 3288 2459 καὶ
3311 2409 3471 2471 αὐτὸς
3496 2411 3750 2481 φανερῶς

2173 2497 2203 2549 ὁ
2241 2495 2443 2564 Κύριος
2476 2494 2612 2564 ὕψος
2647 2495 2748 2563 μὲν
2786 2497 2882 2550 καὶ
2906 2496 3066 2560 διίξαν
3092 2497 3288 2551 ἑαυτοῦ
3314 2500 3492 2564 καλεῖ,
3529 2501 3749 2568 μέλλων

2175 2588 2489 2642 ἀναόαίνειν
2540 2587 2628 2641 ἐπ’
2659 2590 2792 2643 αὑτό
2822 2605 2836 2620 ⁸
2893 2592 3038 2645 κατὰ
3073 2593 3130 2646 δὲ
3175 2593 3275 2666 τὴν
3315 2594 3615 2665 μέλλουσαν
3641 2598 3747 2651 a6-

2174 2680 2268 2733 τοῦ
2305 2682 2616 2753 παρουσίαν
2649 2685 2745 2736 καὶ
2781 2687 3112 2754 ἐπιφάνειαν
3160 2687 3479 2743 ἐλεύσεσθαι
3530 2709 3748 2761 προκαο

2172 2774 2463 2843 ταγγέλλει
2493 2776 2553 2828 τὸ
2577 2779 2807 2845 σημεῖον
2843 2777 3003 2830 τοῦτο
3036 2779 3130 2831 τοῦ
3161 2779 3291 2833 Υίοῦ
3331 2779 3426 2833 τοῦ
3455 2782 3748 2853 ἀνθρώπου

2177 2867 2320 2936 μετὰ
2348 2866 2630 2935 δυνάμεως
2673 2869 2762 2920 καὶ
2813 2868 2973 2940 δόξης
3021 2870 3254 2940 πολλῆς·
3313 2872 3429 2926 ἀλλ’
3475 2875 3531 2926 ὲν
3567 2875 3742 2947 αὐτῷ,

495 2960 748 3013 Christus
781 2958 833 3012 in
860 2972 926 3011 eo
959 2955 1202 3011 contlxus
1231 2952 1502 3019 occubuit,
1536 2964 1821 3023 propterea
1853 2969 1954 3008 nec
1985 2955 2064 3007 vi-

2174 2959 2358 3028 φησὶν,
2390 2962 2417 3012 ὁ
2447 2960 2688 3030 Χριστὸς
2739 2962 3126 3032 προσηλωθεὶς
3178 2965 3444 3032 ἀπέθανε,
3501 2971 3595 3021 καὶ
3655 2971 3749 3024 διὰ

495 3055 624 3108 dere.
655 3051 890 3121 patimur
920 3052 1337 3103 instrumentum
1393 3055 1449 3101 et
1511 3047 1732 3113 lignum,
1766 3063 1929 3117 super
1963 3064 2069 3116 quo

497 3150 710 3201 occisus
746 3157 849 3200 est.
911 3141 1349 3212 Chirographum
1382 3153 1561 3195 autem
1593 3143 1748 3197 nobis
1781 3144 2068 3196 adversum

497 3242 636 3305 quod
663 3239 820 3292 nobis
848 3237 1167 3304 conscripsit
1197 3250 1292 3302 per
1330 3234 1446 3304 ejus
1486 3235 1724 3302 anigno
1753 3235 2071 3288 inobedien-

498 3332 626 3386 tiam
695 3345 883 3384 manus
956 3327 1111 3395 primi
1148 3328 1407 3396 parentis,
1442 3326 1494 3378 in
1541 3342 1648 3395 quo
1703 3325 1892 3379 aﬂixns
1928 3323 2071 3378 fuit?

495 3426 767 3495 quomodo
795 3440 823 3477 υ
847 3423 1020 3476 medio
1049 3421 1263 3476 ablatus
1289 3430 1393 3483 est,
1427 3419 1498 3472 ita
1529 3428 1583 3472 ut
1619 3413 1806 3473 rursus
1829 3417 1882 3472 in
1909 3418 2071 3472 bene-

494 3516 784 3570 dictionem
820 3514 958 3581 apud
992 3513 1163 3567 Deum
1198 3512 1556 3566 redierimus?
1585 3512 1642 3566 ln
1666 3527 1774 3581 quo
1803 3511 2071 3582 principa-

495 3619 583 3664 tus
616 3618 670 3663 et
716 3616 1011 3676 potestates
1059 3605 1349 3676 spirituum
1408 3603 1623 3661 malitiae
1665 3606 1762 3677 qui
1810 3605 2069 3661 adversus

494 3715 736 3756 nostram
783 3712 1032 3756 naturam
1068 3715 1132 3754 ex
1169 3698 1310 3767 ligno
1356 3699 1733 3754 inobedientia:
1765 3712 2068 3769 occupave-

495 3805 623 3849 runt
657 3794 853 3858 laeum,
897 3793 1056 3862 eiecit
1095 3791 1348 3847 Christus
1398 3800 1453 3847 et
1501 3791 1714 3862 penitus
1746 3794 1971 3857 amovit,
2017 3800 2072 3849 et

497 3889 833 3955 triumphans
863 3884 1132 3948 confudit,
1169 3885 1312 3940 unde
1349 3896 1405 3940 et
1438 3899 1541 3942 nos
1577 3885 1883 3940 libertatem
1917 3901 2073 3943 acce-

497 3978 709 4048 pimus?
737 3976 793 4030 In
821 3991 927 4045 quo
959 3975 1220 4030 maceries
1252 3975 1609 4045 scparationis
1638 3974 1738 4030 fuit
1770 3977 2066 4042 destructa,

499 4068 785 4122 inimicitia
849 4067 940 4122 Dei
1001 4065 1202 4121 abolita
1253 4076 1305 4121 et
1360 4076 1660 4136 perempta,
1713 4069 1766 4121 in
1821 4083 1929 4138 quo
1985 4083 2073 4124 re-

499 4160 772 4215 cmiciliati
805 4175 995 4215 sumus
1033 4174 1154 4213 cum
1186 4159 1315 4220 Deo,
1349 4167 1404 4213 et
1452 4175 1638 4227 pacein
1669 4176 1792 4214 cum
1826 4162 1943 4230 ipso
1972 4176 2070 4231 per

491 4252 848 4321 Evangelium
883 4248 1349 4318 recuperavimns?
1373 4247 1558 4304 Nonne
1599 4250 1652 4305 in
1675 4239 1871 4315 cruce,
1896 4262 1946 4306 et
1973 4267 2068 4322 per

2173 3052 2331 3104 τοῦτο
2361 3052 2470 3105 οὐδ’
2503 3056 2637 3124 ὁρᾷν
2661 3055 2967 3126 ἀνεχόμεθα
3005 3056 3067 3108 τὸ
3117 3057 3308 3127 σχῆμα
3349 3061 3441 3112 καὶ
3479 3060 3540 3113 τὸ
3588 3060 3747 3125 ξύλον

2174 3147 2229 3199 ἐν
2257 3137 2302 3212 ᾧ
2330 3146 2724 3201 τεθανάτωται.
2757 3147 2831 3202 Τὸ
2873 3148 2928 3201 δὲ
2961 3148 3086 3201 καθ’
3139 3151 3298 3220 ἡμῶν
3351 3154 3747 3224 χειρόγραφον,

2171 3239 2198 3292 ὃ
2228 3239 2451 3308 γέγονεν
2507 3241 2642 3308 ἡμῖν
2679 3239 2768 3293 διὰ
2797 3240 2897 3310 τῆς
2958 3241 3050 3293 ἐπὶ
3107 3241 3169 3294 τὸ
3224 3239 3381 3306 ξύλον
3430 3247 3744 3313 παρακοῆς,

2171 3331 2542 3400 ὲκτεταμένης
2598 3330 2699 3398 τῆς
2745 3330 2838 3401 τοῦ
2900 3331 3247 3402 προπάτορος
3295 3333 3495 3402 χειρὸς,
3529 3337 3586 3388 ὲν
3636 3336 3746 3390 τίνι

2173 3422 2551 3495 προσηλώθη;
2601 3425 2706 3477 Καὶ
2742 3423 2832 3477 διὰ
2864 3424 3010 3485 τίνος
3041 3426 3104 3477 ἐκ
3170 3424 3341 3493 μέσου
3394 3428 3586 3494 γέγονε
3648 3430 3748 3483 καὶ

2171 3517 2470 3586 ἠφανίσθη,
2507 3518 2602 3569 καὶ
2630 3515 2773 3570 οὕτω
2828 3515 2967 3586 πρὸς
2994 3517 3095 3586 τὴν
3128 3517 3237 3571 ἀπὸ
3284 3519 3380 3572 τοῦ
3422 3519 3558 3574 θεοῦ
3593 3523 3749 3575 εὐλο-

2172 3611 2297 3678 γίαν
2332 3609 2740 3679 ὲπανήλθομενς
2797 3609 2856 3661 ὲν
2903 3608 3014 3664 τίνι
3051 3609 3110 3662 δὲ
3144 3609 3242 3673 τὰς
3288 3609 3467 3679 ἀρχὰς
3502 3612 3596 3666 καὶ
3644 3614 3744 3678 τὰς

2172 3698 2425 3765 ἐξουσίας
2453 3699 2563 3753 τῶν
2611 3701 2944 3768 πνευμάτων
2991 3698 3095 3769 τῆς
3146 3701 3437 3769 πονηρίας,
3496 3702 3554 3756 αἲ
3600 3705 3745 3758 κατὰ

2172 3794 2269 3861 τῆς
2295 3791 2571 3861 ἡμετέρας
2599 3791 2814 3860 φύσεως
2845 3793 2907 3844 ὲκ
2960 3790 3053 3844 τοῦ
3085 3791 3244 3856 ξύλου
3303 3793 3402 3861 τῆς
3451 3795 3748 3866 παρακοῆς

2170 3885 2356 3955 χώραν
2390 3883 2609 3950 ἔλαϐον,
2640 3885 2669 3936 ό
2713 3884 2950 3955 Χριστὸς
2985 3884 3379 3950 άπεξεδύσατο,
3416 3889 3512 3940 καὶ
3539 3887 3746 3951 τελέως

2170 3977 2452 4038 ἀπώσατο,
2490 3977 2583 4028 καὶ
2625 3973 3007 4046 θριαμϐεύσας
3046 3976 3378 4048 κατῄσχυνε,
3429 3977 3528 4030 καὶ
3568 3978 3746 4043 οὕτως

2169 4071 2335 4140 ἡμεῖς
2409 4068 2510 4138 τὴν
2582 4068 2898 4144 ἐλευθερίαν
2960 4066 3372 4136 ἀπελάὸομενς
3424 4071 3481 4122 ὲν
3526 4069 3634 4123 τίνι
3682 4072 3745 4126 τὸ

2175 4161 2489 4232 μεσότοιχον
2512 4158 2604 4212 τοῦ
2628 4159 2887 4230 φραγμοῦ
2911 4157 3151 4223 λέλυται,
3177 4160 3273 4213 καὶ
3297 4160 3329 4230 ή
3363 4161 3496 4232 προς
3521 4162 3628 4233 62
3649 4162 3742 4216 τὸν

2173 4251 2305 4305 Θεὸν
2339 4252 2496 4320 ἡμῶν
2521 4250 2690 4321 ἔχθρα
2722 4254 3067 4320 κατήργηται
3089 4248 3181 4302 καὶ
3207 4251 3583 4306 τεθανὰτωται
3608 4270 3622 4319 ;
3645 4255 3742 4308 καὶ

490 4342 747 4399 crucem?
777 4342 1011 4395 Audiant
1040 4339 1356 4411 Apostolum
1396 4340 1459 4392 ad
1514 4340 1774 4409 Ephesios
1816 4342 2061 4395 scriben-

2174 4345 2256 4398 διὰ
2286 4344 2432 4407 τίνος
2460 4342 2996 4413 ἀποκατηλλάγημεν
3055 4342 3194 4412 πρὸς
3261 4343 3356 4396 τὸν
3421 4345 3578 4410 Θεὸν,
3637 4349 3737 4400 καὶ

492 4450 645 4492 tem:
690 4453 707 4486 ι
751 4434 998 4490 Christus
1040 4439 1123 4487 est
1153 4448 1255 4501 pax
1305 4443 1507 4495 nostra,
1557 4435 1645 4501 qui
1679 4431 1806 4485 fecit
1841 4443 2069 4500 utraque

490 4547 660 4586 unum
681 4539 733 4582 et
763 4528 996 4582 medium
1026 4526 1280 4596 parietem
1307 4526 1551 4578 maceria:
1574 4525 1809 4588 solvens,
1837 4525 2068 4578 inimici-

490 4624 593 4676 tias
618 4621 668 4674 in
689 4635 851 4674 carne
875 4625 1064 4682 sua,ut
1082 4617 1214 4668 duos
1231 4618 1425 4669 condat
1449 4616 1499 4666 in
1520 4616 1807 4681 semetipso
1828 4614 1875 4666 in
1902 4632 2062 4668 unum

487 4728 688 4778 novum
724 4712 1020 4775 hominem,
1057 4709 1256 4762 faciens
1291 4722 1499 4774 pacem,
1529 4717 1580 4760 et
1613 4707 1920 4762 reconciliet
1945 4725 2064 4762 am-

490 4809 589 4863 Ιιοε
616 4809 666 4860 in
703 4821 809 4859 uno
835 4819 1061 4871 corpore
1099 4802 1203 4855 Deo
1232 4817 1325 4871 per
1355 4815 1572 4854 crucem
1600 4802 1926 4856 interficiens
1958 4803 2061 4855 ini-

491 4900 729 4953 niicitias
762 4897 815 4950 in
858 4897 1148 4963 semetipso
1176 4895 1240 4948 ".
1269 4912 1286 4944 ι
1322 4890 1452 4958 Vos,
1479 4909 1599 4946 cum
1636 4901 1852 4958 mortui,
1875 4896 2064 4950 Colos-

489 4989 743 5045 sensibus
803 4987 1021 5054 scribit,
1069 4987 1265 5046 essetis
1317 4986 1370 5039 in
1430 4986 1643 5040 delictis
1702 4997 1752 5040 et
1800 4992 2065 5056 praeputio

489 5081 670 5134 utrnis
697 5089 910 5143 vestrm,
945 5078 1345 5133 conviviﬁcavit
1373 5093 1494 5131 cum
1531 5078 1642 5143 illo,
1666 5078 1878 5134 donans
1905 5082 2057 5134 nobis

488 5191 669 5230 omnia
707 5175 929 5236 delicta,
962 5173 1144 5226 delens
1173 5172 1315 5240 quod
1348 5181 1466 5223 erat
1502 5173 1835 5224 c0ntrarium
1883 5175 2059 5236 nohis,

484 5279 537 5324 et
569 5270 738 5337 ipsum
799 5264 920 5318 tulit
968 5266 1034 5318 de
1090 5264 1287 5324 medio,
1342 5261 1561 5330 alligens
1600 5262 1729 5316 illud
1771 5265 1969 5324 crucis,
2009 5275 2064 5318 et

484 5359 796 5426 cxspolians
843 5357 1177 5427 principatus
1203 5364 1256 5408 et
1297 5362 1618 5424 potestates,
1654 5354 1890 5407 traduxit
1919 5372 2055 5409 cou-

488 5454 734 5519 lidenter,
764 5451 941 5518 palam
976 5449 1314 5518 triumphans
1355 5447 1472 5501 illos
1498 5448 1551 5501 in
1583 5449 1876 5518 semetipso
1921 5450 1983 5501 ⁸⁸.
2028 5467 2045 5499 ι

2166 4437 2263 4508 τὴν
2292 4437 2429 4507 πρὸς
2462 4437 2624 4489 αὐτὸν
2684 4436 2910 4506 εἰρήνην
2942 4436 3416 4507 εὐηγγελίσθημεν
3444 4455 3460 4501 ;
3524 4440 3626 4493 οὐκ
3679 4443 3740 4493 ἐν

2167 4530 2246 4599 τῷ
2287 4527 2527 4597 σταυρῷ,
2585 4528 2684 4578 καὶ
2749 4526 2840 4579 διὰ
2872 4526 2966 4580 τοῦ
3029 4528 3305 4598 σταυροῦ;
3363 4530 3739 4583 ’Λκουέτωσαν

2169 4624 2238 4674 τά
2266 4622 2358 4671 τοῦ
2399 4619 2720 4673 ’Λποστόλου
2740 4659 2753 4681 ,
2786 4620 2901 4681 τοῖς
2931 4618 3030 4688 μὲν
3068 4619 3336 4688 Ἐφεσίοις
3386 4620 3693 4691 γράφοντος
3717 4637 3735 4654 ⁸

2177 4729 2194 4761 ι
2237 4711 2297 4763 Ὀ
2329 4710 2566 4781 Χριστός
2604 4710 2752 4761 ἔστιν
2782 4710 2816 4777 ἡ
2850 4711 3041 4779 εἰρήνη
3072 4709 3252 4780 ἡμῶν,
3287 4711 3315 4763 ὀ
3372 4711 3434 4764 τὸ
3489 4712 3738 4781 μεσότοι-

2169 4820 2261 4872 χον
2296 4800 2386 4853 τοῦ
2420 4799 2678 4870 φραγμοῦ
2736 4798 2931 4864 λύσας,
2985 4801 3071 4852 ἵνα
3122 4800 3252 4863 τοὺς
3307 4802 3400 4855 δύο
3446 4804 3612 4875 κτίσῃ
3675 4804 3735 4856 ἐν

2168 4893 2348 4963 ἑαυτῷ
2403 4897 2483 4954 είς
2539 4892 2634 4944 ἕνα
2690 4892 2878 4946 καινὸν
2913 4893 3221 4964 ἄνθρωπον,
3268 4896 3436 4949 ποιῶν
3484 4897 3732 4967 εἰρήνην,

2165 4986 2259 5038 καὶ
2284 4982 2707 5055 ἀποκαταλλάξῃ
2759 4985 2888 5048 τοὺς
2926 4985 3273 5057 ἀμφοτέρους
3304 4990 3361 5040 ἐν
3413 4990 3496 5042 ἐνὶ
3520 4989 3732 5058 σώματι

2162 5078 2240 5146 τῷ
2265 5077 2382 5146 Θεῴ
2414 5077 2502 5127 διὰ
2532 5074 2626 5127 τοῦ
2689 5077 2950 5148 σταυροῦ,
2994 5079 3324 5143 ἀποκτείνας
3389 5083 3491 5151 τὴν
3530 5082 3730 5151 ἔχθραν

2163 5171 2219 5221 ὲν
2250 5168 2399 5237 αὑτῴ
2423 5184 2438 5198 ·
2474 5187 2494 5219 ι
2551 5167 2927 5221 Κολοσσαεῦσι
2966 5168 3041 5235 δὲ,
3101 5188 3118 5220 ι
3155 5170 3401 5238 Νεκροὺς
3434 5174 3592 5234 ὄντας
3616 5175 3727 5236 τοῖς

2160 5259 2580 5331 παραπτώμασι
2633 5261 2729 5313 καὶ
2755 5262 2818 5330 τῇ
2846 5261 3185 5335 ἀκροϐυστίᾳ
3215 5265 3314 5333 τῆς
3345 5265 3547 5333 σαρκὸς
3561 5265 3725 5334 ήμῶν

2163 5353 2633 5423 συνεζωοποίησεν
2673 5354 2821 5422 ἡμᾶς
2862 5355 2918 5407 ἐν
2966 5356 3134 5425 αὐτῷ,
3171 5358 3538 5428 χαρισάμενος
3594 5357 3727 5426 ἡμῖν

2162 5451 2338 5502 πάντα
2363 5446 2433 5501 τά
2481 5449 2935 5518 παραπτώματα,
2993 5449 3284 5522 ἐξαλείψας
3320 5452 3380 5505 τὸ
3408 5450 3532 5505 καθ’
3565 5449 3724 5524 ἡμῶν

568 5638 1044 5707 ⁶⁶Ειι1ιρε.ιιι,18.
1119 5642 1161 5674 ⁶⁷
1203 5641 1394 5710 Ephes.
1423 5656 1481 5704 ιι,
1513 5641 1594 5695 Η.
1635 5641 1720 5695 l5.
1794 5639 1835 5672 ⁸⁸
1884 5640 2096 5695 Coluss.
2126 5653 2184 5705 ιι,
2228 5642 2313 5708 Η,
2349 5643 2431 5700 l5.
