4114 6224
470 315 583 384 223

1718 308 2097 385 GBEGORU
2146 322 2493 385 PALAMAI.

3620 311 3732 384 226

394 500 397 503 η
472 434 604 495 Sed.
643 432 915 504 inquiunt,
946 447 974 490 ι
1011 435 1161 491 nullo
1191 435 1300 490 alio
1327 445 1525 507 praeter
1561 435 1827 491 unitatem
1861 433 2040 488 multi-

2157 431 2261 501 μδς
2296 432 2359 487 εκ
2405 434 2635 505 μονάδος
2680 435 2935 502 γεννᾶται
2960 447 2975 463 ⁸
3015 436 3047 503 ἡ
3096 433 3154 489 ει
3202 433 3439 506 ιϐδομάς
3469 431 3730 504 ἀριθμδςο

468 527 670 597 plicato
713 539 1037 599 generatur;
1088 539 1144 584 at
1181 545 1290 586 non
1332 532 1548 602 genitus
1575 531 1764 601 nequit
1793 531 1902 586 dici
1951 528 2047 598 qui

468 636 581 675 lmn
619 639 646 673 τι
682 622 865 677 multis
916 623 1007 678 sed
1052 623 1143 691 qui
1184 637 1214 678 ο
1253 624 1405 681 nullo
1450 633 1761 697 generatur,
1796 625 1941 696 quod
1992 622 2048 679 in

473 710 813 769 ltebdomada
842 729 951 770 non
978 716 1162 778 datur.

543 977 746 1035 Deinde
771 981 817 1037 si
852 994 1071 1053 propter
1101 986 1247 1042 hunc
1276 1003 1563 1043 numerum
1590 998 1649 1045 ut
1688 991 1853 1046 talem
1876 991 2049 1048 bene-

471 1069 651 1127 dictus
702 1070 807 1128 fuit
853 1075 940 1130 hic
988 1077 1125 1141 dies.
1176 1090 1384 1149 quanto
1425 1084 1600 1153 magis
1646 1086 1877 1153 primus.
1918 1086 2047 1156 quia

469 1168 775 1231 praesertim
803 1168 953 1223 illum
989 1170 1201 1241 Moyses
1227 1172 1362 1229 dixit
1396 1191 1587 1239 unum,
1612 1175 2047 1234 benedictionem

473 1260 797 1326 accepisset,
838 1263 1022 1319 unitas
1052 1265 1278 1320 omnino
1306 1277 1390 1322 est
1416 1268 1681 1341 ingenita.
1713 1269 1841 1334 Sed.
1871 1272 2045 1337 aiunt,

469 1346 588 1417 ipsa
615 1352 971 1422 multiplicata
1000 1365 1087 1411 est
1127 1369 1304 1413 mater
1354 1362 1535 1416 omnis
1579 1363 1814 1421 numeri.
1858 1380 2047 1420 eorum

473 1441 637 1495 etiam
660 1458 789 1513 quae
821 1447 956 1509 intra
981 1448 1265 1506 denarium
1293 1456 1680 1521 continuentur;
1713 1457 2048 1515 hebdomada

470 1548 604 1589 vero
630 1539 835 1593 nullum
862 1542 1001 1611 parit
1041 1544 1185 1599 intra
1210 1547 1515 1610 denarium,
1543 1557 1595 1603 et
1624 1549 1745 1604 ideo
1765 1559 1844 1605 est
1874 1552 2046 1621 virgo.

2149 525 2349 581 οὐκοῦν
2376 526 2476 582 οὐκ
2498 528 2817 598 ἀγέννητος.
2859 528 3018 583 ’⁹Αλλ’
3049 529 3147 599 οὐχ
3192 527 3301 582 ὑπό
3331 543 3499 591 τινος,
3541 516 3726 596 φασιν.

2150 618 2340 690 ἑτέρου
2389 620 2497 675 τῶν
2543 623 2681 693 μετά
2709 622 2807 692 τὴν
2853 623 3060 692 μονάδα
3117 619 3732 688 πολλαπλασιαζομένου

2150 714 2410 780 γεννᾶται
2437 729 2451 745 ⁸
2478 713 2594 767 ἀλλ’
2628 714 2728 786 οὐχ
2768 708 2924 777 οὗτος
2951 715 3255 783 ἀγέννητος
3283 715 3311 766 6
3347 713 3423 781 μὴ
3453 710 3730 779 γεννώμε-

2149 821 2239 867 νος
2282 805 2388 860 ὑπὸ
2439 806 2682 871 πολλῶν,
2720 807 2839 860 ἀλλ’
2875 808 2933 870 ὃς
2983 808 3049 861 ἂν
3092 806 3187 861 ὑπ’
3214 805 3430 871 οὐδενὸς
3468 802 3730 875 γιννῷτο,

2148 899 2289 969 ὅπερ
2320 901 2352 970 ἡ
2384 901 2618 969 ἑϐδομὰς
2653 902 2755 955 οὐκ
2788 901 2924 972 ἔχει.
3770 910 3773 911 ⁷

2224 994 2463 1047 Ἔπειτα
2496 996 2544 1047 εἰ
2590 995 2682 1049 διά
2706 995 2800 1049 τὸν
2833 993 3067 1066 ἀριθμὸν
3090 993 3284 1049 τοῦτον
3332 993 3460 1047 ὄντα
3488 990 3737 1047 τοιοῦτον

2150 1083 2184 1152 ἡ
2215 1083 2400 1155 ἡμέρα
2432 1084 2745 1155 εὐλόγηται,
2782 1084 2965 1156 πολλῷ
2996 1085 3200 1154 μᾶλλον
3227 1085 3294 1139 ἂν
3321 1087 3354 1154 ἡ
3384 1083 3600 1156 πρώτη,
3633 1081 3733 1136 καὶ
3770 1154 3773 1157 Δ

2153 1175 2371 1245 μάλισθ’
2404 1172 2485 1232 ὅτι
2541 1178 2639 1231 καὶ
2697 1177 2828 1248 μίαν
2875 1179 3049 1248 αὐτὴν
3078 1179 3109 1232 6
3149 1179 3389 1247 Μωῡσῆς
3436 1172 3581 1239 εἷπε,
3631 1175 3736 1246 τὴν

2150 1267 2403 1337 εὐλογίαν
2454 1270 2674 1335 ἐδέξατο
2697 1286 2712 1302 ’
2762 1271 2939 1342 ηγάρ
2975 1272 3146 1339 μονὰς
3178 1270 3477 1339 ἀγέννητος
3525 1271 3732 1338 πάντη.

2163 1360 2325 1415 Ἀλλά
2376 1364 2699 1433 γεννητικὴ,
2733 1365 2921 1435 φασιν,
2968 1364 3109 1434 αὕτη
3139 1362 3736 1432 πολλαπλασιαζομένη

2151 1454 2352 1518 παντὸς
2384 1454 2647 1527 ἀριθμοῦ,
2673 1458 2769 1511 καὶ
2790 1457 2904 1511 τῶν
2943 1457 3095 1520 ιντδς
3119 1457 3343 1521 δεκάδος
3368 1473 3384 1490 ο
3425 1458 3458 1527 ἡ
3482 1457 3541 1511 δὶ
3580 1456 3737 1511 ἑϐδο-

2155 1554 2263 1621 μὰς
2288 1553 2401 1607 τῶν
2430 1553 2580 1616 ἐντὸς
2609 1554 2835 1617 δεκάδος
2867 1554 3111 1629 ούδεγδς,
3157 1555 3252 1608 καλ⁵
3282 1552 3374 1607 διὰ
3407 1552 3563 1607 τοῦτο
3591 1570 3738 1622 παρ-

473 1623 624 1694 Esto,
653 1633 803 1701 virgo
823 1644 905 1689 est
925 1651 1044 1707 qum,
1068 1638 1218 1714 nullo
1244 1642 1404 1694 modo
1429 1648 1514 1697 est
1537 1651 1742 1705 mater;
1776 1647 1877 1699 hoc
1902 1645 2040 1699 enim

2153 1644 2328 1710 θένος.
2358 1646 2539 1699 Ἔστω
2559 1647 2623 1717 δὴ
2655 1646 2926 1718 παρθένος
3049 1646 3320 1717 μηδαμῶς
3354 1646 3604 1714 γεννῶσα
3630 1661 3643 1675 ο
3671 1646 3734 1722 ού

464 1733 577 1775 non
603 1733 689 1778 est
716 1739 781 1780 ex
800 1728 1146 1795 necessitate,
1173 1731 1410 1787 concedo
1445 1742 1623 1789 tamen
1650 1751 1663 1798 ;
1694 1750 1823 1807 ergo
1843 1744 2040 1807 quanta

2152 1738 2261 1809 γὰρ
2308 1736 2369 1806 ἐξ
2412 1740 2687 1810 ἀνάγκης,
2736 1739 2879 1795 ἔστω
2910 1738 2957 1795 δ’
2989 1739 3084 1794 οὖν
3116 1740 3302 1809 δμωςο
3347 1742 3382 1812 ή
3430 1739 3487 1793 δὲ
3537 1742 3734 1809 μέτρια

468 1810 623 1883 plura
653 1820 1015 1886 generaverit,
1052 1832 1202 1877 tanto
1242 1826 1418 1894 magis
1468 1843 1495 1879 a
1528 1827 1845 1897 virginitate
1894 1845 2040 1887 rece-

2154 1830 2254 1900 μὲν
2295 1827 2381 1893 οὒ,
2420 1830 2598 1885 πολλὰ
2633 1832 2690 1887 δὶ
2739 1832 3013 1902 γεννῶσα.
3069 1832 3306 1887 καθόσον
3354 1810 3548 1896 πλείω,
3590 1832 3739 1887 κατὰ

466 1902 596 1960 det?
622 1904 791 1963 Porro
818 1910 1158 1969 hebdomada
1185 1917 1413 1987 repetita
1449 1928 1501 1975 et
1530 1921 1895 1992 multiplicata
1929 1925 2040 1979 nul-

2147 1920 2406 1977 τοσοῦτον
2434 1924 2653 1987 πάντως
2698 1924 3040 1996 πορρωτέρω
3082 1924 3184 1994 τῆς
3213 1923 3514 1996 παρθενίας
3559 1923 3733 1979 ἐστίν.

467 1996 582 2053 lum
628 2000 848 2069 quidem
906 2019 1198 2062 numerum
1248 2009 1390 2066 intra
1437 2011 1725 2069 denarium
1778 2028 2040 2085 generat,

2159 2015 2227 2069 'H
2253 2015 2384 2086 γοῦν
2437 2016 2677 2084 ἑϐδομὰς
2712 2016 3309 2089 πολλαπλασιαζομένη
3360 2017 3455 2072 καὶ
3491 2018 3735 2073 sunt.an

471 2092 675 2184 multos
704 2110 829 2151 vero
860 2112 1025 2168 supra
1049 2104 1336 2172 eumdem;
1362 2106 1638 2176 quomodo
1675 2108 1842 2179 igitur
1874 2109 2040 2181 virgol

2151 2109 2288 2180 μένη
2326 2111 2438 2163 τῶν
2488 2110 2587 2181 μὲν
2617 2110 2769 2175 ἔντος
2816 2112 3041 2176 δεκάδος
3069 2113 3261 2167 οὐδένα
3308 2113 3498 2184 γεννᾷ,
3529 2112 3641 2165 τῶν
3679 2112 3736 2166 δι

470 2176 1095 2256 Sed’propugnaiioues
1145 2201 1366 2251 nostras
1415 2176 1799 2267 fugientes-ad
1854 2176 2040 2257 lunam

2150 2176 2289 2274 ύπὶρ
2342 2176 2544 2260 δεκάδα
2597 2203 2867 2269 πολλούς’
2914 2204 3032 2268 πῶς
3083 2200 3176 2261 οὖν
3208 2176 3515 2276 παρψθένοςς
3594 2202 3742 2258 Ἀλλ’

465 2277 846 2343 conscendunt
867 2292 919 2337 et
947 2282 1016 2336 ad
1047 2286 1205 2353 polos
1246 2302 1386 2359 quos
1414 2300 1623 2361 septem
1676 2302 1906 2363 ponunt,
1958 2295 2040 2351 lu-

2146 2294 2513 2366 ὶκφεύγοντες
2543 2298 2703 2371 ἡμῶν
2733 2298 2829 2361 τάς
2883 2295 3055 2362 λαϐὰς
3091 2291 3204 2352 οἷον
3241 2296 3338 2353 ἐπὶ
3373 2297 3472 2369 τὴν
3504 2295 3739 2369 σελήνην

466 2382 592 2423 nam
624 2386 753 2429 vero
791 2379 1139 2434 ostendentes
1170 2395 1267 2451 per
1310 2390 1515 2449 septem
1547 2384 1687 2449 dies,
1721 2385 1997 2445 biﬁdntam
2028 2430 2040 2456 ,

2146 2390 2503 2444 ἀναϐαίνουσι
2530 2391 2624 2444 καὶ
2651 2391 2781 2455 τοὺς
2820 2389 3043 2457 πόλους,
3088 2391 3217 2455 τοὺς
3255 2391 3354 2462 μὲν
3383 2388 3523 2444 ὲπτά
3553 2389 3741 2459 λέγον-

464 2475 565 2531 per
600 2472 676 2518 tot
705 2466 839 2521 alias
868 2469 1109 2537 plenam,
1136 2483 1190 2527 et
1219 2476 1336 2545 pari
1364 2484 1613 2545 tempore
1642 2480 1705 2533 ad
1744 2482 2040 2551 pristinum

2146 2501 2237 2548 τες
2271 2481 2433 2545 εἶναι,
2480 2482 2581 2555 τὴν
2624 2483 2681 2536 δὲ
2727 2483 2957 2554 σελήνην
2995 2484 3305 2546 δεικνύντες
3352 2484 3410 2535 ὲν
3443 2483 3585 2535 ἑπτὰ
3638 2482 3741 2553 μιν

462 2564 664 2612 statum
699 2562 1038 2619 redeuntem.
1071 2563 1334 2624 Nesciunt
1361 2566 1506 2625 enim
1550 2573 1808 2642 quoniam
1843 2577 1887 2628 si
1921 2592 2040 2645 prn-

2146 2560 2386 2648 ἡμέραις
2411 2576 2719 2647 διχοτόμον,
2749 2578 2807 2631 ιν
2836 2576 3027 2641 ἄλλαις
3053 2576 3110 2630 δὲ
3138 2574 3433 2639 τοσαύταις
3461 2576 3736 2645 πανσέλη-

460 2658 645 2724 pterea
678 2666 946 2725 augusws
982 2666 1065 2713 est
1093 2669 1352 2728 septenus
1380 2677 1663 2727 numerus,
1700 2664 1793 2720 alii
1822 2681 2040 2737 quoque

2148 2691 2259 2738 νον,
2307 2673 2404 2727 καὶ
2453 2673 2543 2728 διὰ
2590 2672 2700 2726 τῶν
2757 2674 2890 2727 ίσων
2942 2670 3107 2726 πάλιν
3171 2671 3729 2740 ἑπαναστρέφουσανο

462 2738 596 2793 nihil
627 2740 756 2796 huic
785 2746 1006 2808 cedunt,
1057 2756 1111 2801 et
1160 2750 1461 2820 praesertim
1504 2756 1750 2809 omnium
1789 2757 2040 2827 primus;

2148 2759 2405 2835 ἀγνοοῦσι
2438 2766 2547 2839 γὰρ
2576 2765 2654 2829 ὡς
2698 2767 2747 2819 εί
2779 2764 2867 2820 διὰ
2896 2765 3071 2819 ταῦτα
3120 2764 3316 2826 σεπτδς
3370 2764 3398 2815 6
3425 2738 3596 2827 61:16,
3635 2762 3733 2815 καὶ

460 2831 661 2902 quippe
690 2851 831 2890 unus
856 2850 936 2892 est
963 2838 1051 2893 hic
1077 2842 1364 2898 universus
1396 2848 1653 2914 mundus,
1689 2864 1854 2904 unum
1882 2866 2040 2906 omne

2146 2831 2207 2914 οἱ⁷
2249 2859 2400 2914 ἄλλοι
2601 2858 2853 2928 ἀριθμῶν
2900 2855 3060 2910 οὐδὲν
3113 2850 3305 2930 ἦττον,
3361 2859 3457 2909 καὶ
3500 2854 3738 2925 μάλιστα

461 2925 661 2981 caelum
702 2930 781 2984 vel
823 2930 1013 2986 saltem
1066 2950 1171 2989 non
1202 2937 1416 2994 duobus
1457 2938 1673 3008 plures;
1708 2958 1850 2998 unus
1876 2945 2040 2999 etiam

2149 2954 2370 3008 πάντων
2398 2954 2432 3023 ἡ
2459 2925 2667 3005 τούτων
2715 2925 2897 3022 ἀρχή·
2925 2945 3005 3013 εἷς
3036 2925 3149 3021 γὰρ
3175 2948 3437 3019 αἰσθητὸς
3464 2949 3613 3011 ἄπας
3645 2946 3738 3002 x6-

461 3022 544 3076 sol
575 3023 627 3077 in
658 3026 935 3090 universo,
974 3028 1099 3085 luna
1126 3045 1255 3099 una,
1285 3047 1353 3087 ne
1374 3032 1548 3088 dicam
1577 3036 1759 3089 omnia
1795 3038 1847 3091 in
1874 3054 2040 3092 unum

2150 3064 2308 3116 σμος,
2337 3022 2435 3100 καῖ
2462 3040 2543 3108 εἷς
2571 3046 2599 3099 6
2632 3046 2739 3107 πᾶς
2766 3043 3018 3113 οὐρανὸς,
3050 3042 3083 3115 ἢ
3117 3042 3265 3097 δυοῖν
3294 3042 3356 3096 ού
3396 3033 3569 3095 πλείω
3590 3058 3606 3073 ·
3641 3043 3734 3095 καὶ

462 3118 779 3187 convenire,
804 3130 981 3177 stante
1018 3139 1113 3194 pro
1147 3125 1403 3186 omnibus
1441 3134 1494 3181 et
1528 3144 1621 3199 per
1647 3130 1832 3184 omnia
1865 3139 1918 3184 et
1948 3146 2040 3185 su-

2146 3132 2223 3201 εῘς
2259 3137 2411 3207 ἣλιος
2464 3137 2523 3189 ἐν
2566 3134 2647 3206 τῷ
2687 3126 2875 3196 παντὶ.
2926 3136 3022 3187 καὶ
3061 3134 3159 3203 μία
3191 3132 3391 3204 σελήνη
3441 3134 3613 3198 ἐστΐν,
3646 3134 3740 3186 ίνα

459 3226 559 3280 per
596 3213 779 3268 omnia
814 3213 930 3270 Deo
952 3258 965 3280 ,
998 3233 1161 3287 quem
1208 3234 1374 3274 unum
1425 3229 1572 3276 recte
1607 3220 2041 3295 intelliget-tibus

464 3320 588 3361 vere
621 3306 983 3377 proclamant.
1014 3310 1120 3365 Sed
1161 3326 1287 3367 cum
1338 3313 1575 3370 rotunda
1617 3315 1726 3369 sint
1762 3326 2034 3373 astrorum

445 3402 827 3473 point-umque
852 3405 1090 3476 singula.
1126 3414 1180 3460 et
1222 3404 1275 3460 in
1326 3406 1514 3462 urbem
1542 3417 1754 3463 constet
1808 3409 2038 3466 univer-

459 3509 605 3562 sum,
629 3496 778 3553 orbis
808 3506 990 3553 autem
1020 3514 1086 3553 ea
1114 3498 1351 3567 duobus,
1402 3510 1607 3573 puncto
1646 3501 1922 3574 lineaque,
1950 3504 2035 3560 in-

461 3592 747 3659 stituatur,
788 3603 841 3647 et
875 3591 995 3650 sine
1020 3592 1237 3649 duobus
1268 3593 1390 3652 istis
1431 3595 1564 3650 nihil
1606 3598 1911 3666 praesertim
1945 3612 2042 3653 eo-

460 3700 582 3740 rum
614 3701 733 3755 quze
763 3686 865 3741 sub
894 3700 1117 3741 sensum
1146 3687 1343 3744 cadunt
1368 3688 1539 3759 possit
1559 3688 1842 3754 exsistere,
1878 3690 2041 3747 binus

458 3798 590 3852 ergo
615 3797 879 3837 numerus
905 3783 1111 3838 mundo
1160 3782 1487 3840 utilissimus
1525 3795 1608 3840 est
1647 3795 1702 3841 et
1742 3784 2035 3840 admodum

460 3861 829 3931 necessarius.
879 3873 1077 3931 Verum
1108 3876 1237 3947 quia
1280 3891 1387 3931 non
1419 3876 1557 3933 linea
1585 3886 1819 3944 tantum,
1853 3878 1947 3936 sed
1984 3887 2039 3934 et

459 3969 619 4040 plana
668 3968 981 4040 superficies
1024 3970 1081 4025 in
1120 3969 1379 4027 universo
1422 3971 1815 4042 conspiciatur,
1844 3981 2035 4027 ternus

458 4061 624 4134 igitur
658 4078 920 4119 numerus
950 4064 1092 4118 inter
1139 4063 1277 4121 alios
1302 4079 1487 4135 parem
1519 4067 1682 4121 habet
1722 4066 1988 4123 honorem
2019 4085 2035 4134 ;

456 4170 584 4210 nam
614 4164 878 4226 praetereo
908 4153 1045 4211 alias
1077 4154 1239 4226 hujus
1276 4156 1493 4210 numeri
1524 4156 1898 4213 excellentius.
1935 4158 2036 4215 Ast

456 4246 585 4318 quia
631 4248 1015 4318 praedictorum
1045 4248 1260 4320 singula
1294 4265 1403 4305 non
1437 4251 1590 4307 orbis
1620 4249 1733 4307 sint
1783 4261 1990 4308 tantum
2016 4295 2033 4321 ,

456 4346 551 4402 sed
583 4357 636 4398 et
664 4343 898 4400 solidum
927 4352 982 4399 et
1010 4344 1226 4415 sphaera
1252 4384 1270 4410 ,
1298 4344 1414 4401 haac
1441 4354 1620 4402 autem
1657 4349 1779 4400 sine
1802 4357 2037 4412 quatuor

454 4437 724 4494 exsistere
751 4448 1047 4509 nequeant,
1087 4454 1213 4493 nam
1250 4438 1476 4510 insuper
1501 4439 2038 4496 alteriumdiscrimi-

456 4533 543 4587 nis
575 4531 872 4587 necessitas
895 4533 973 4586 eis
1007 4530 1588 4603 incumbit,quomodo
1620 4548 1883 4589 numerus
1907 4549 2042 4605 qua-

458 4627 729 4682 ternarius
765 4628 907 4681 inter
942 4632 1208 4692 augustos
1236 4628 1443 4697 pariter
1474 4641 1587 4680 non
1613 4625 2039 4682 adnumeratur?

454 4716 729 4773 Praeterea
754 4717 1044 4789 quinarius
1070 4719 1237 4772 etiam
1282 4730 1503 4789 propter
1534 4718 1638 4774 alia
1671 4734 1778 4774 non
1808 4719 2038 4776 absimi-

456 4811 545 4876 lis,
573 4820 628 4867 et
659 4812 960 4881 praesertim
987 4818 1171 4865 sextus
1199 4809 1341 4866 inter
1372 4826 1565 4867 omnes
1595 4827 1881 4880 numerus;
1909 4829 2036 4869 nam

457 4906 561 4960 iste
596 4920 706 4975 prze
745 4903 1007 4959 omnibus
1048 4904 1164 4957 suis
1200 4904 1447 4971 partibus
1494 4916 1845 4973 comparatus
1892 4906 2039 4962 inter

458 4995 727 5065 perfectos
783 4995 930 5065 prior
970 5004 1250 5056 censetur,
1281 4993 1407 5049 ideo
1458 5010 1554 5065 per
1606 4996 1765 5051 talem
1819 4996 2033 5053 dierum

457 5102 747 5145 numerum
776 5085 1019 5159 perfecta
1050 5096 1183 5143 sunt
1207 5088 1413 5147 omnia.

530 5270 741 5330 Idcirco
760 5271 853 5341 qui
881 5278 1105 5342 propter
1130 5268 1259 5325 talia
1290 5269 1685 5327 hebdomadam
1714 5282 2040 5327 venerantur

458 5362 789 5435 semetipsos
822 5362 1039 5419 fallunt.
1073 5378 1180 5417 non
1210 5362 1356 5419 illam
1387 5372 1596 5418 tantum
1621 5363 1715 5419 sed
1742 5364 2042 5433 quemlibet

458 5456 705 5512 colentes
733 5471 1042 5524 numerum,
1074 5472 1267 5512 omnes
1289 5456 1433 5512 enim
1464 5459 1678 5512 numeri
1704 5472 1886 5529 parem
1921 5459 2042 5514 cul-

461 5560 550 5605 tus
579 5548 845 5603 rationem
869 5549 1124 5604 videntur
1154 5549 1383 5605 habere.
1425 5548 1562 5605 Nam
1619 5564 1745 5604 cum
1779 5566 2044 5607 numerus

436 5656 585 5698 'cum
615 5628 875 5698 omnibus
905 5656 1027 5713 qua
1050 5649 1177 5698 sunt
1204 5642 1367 5698 simul
1400 5654 1621 5700 creatus
1650 5642 1835 5711 fuerit,
1860 5644 2041 5700 omnia

456 5752 591 5791 vero
632 5753 662 5791 a
710 5736 819 5792 Deo
847 5748 1033 5791 creata
1075 5737 1301 5807 pulchra
1334 5738 1445 5793 sint
1482 5751 1538 5793 et
1568 5737 1795 5808 pulchra
1832 5738 1995 5795 nimis
2023 5779 2040 5803 ,

458 5828 604 5887 sicut
631 5845 727 5903 per
759 5832 1237 5904 Moysen-testatus
1266 5842 1347 5891 est
1379 5833 1493 5906 ipse
1523 5828 1771 5902 Creator,
1813 5834 2044 5904 quicun-

2150 3233 2226 3302 μὴ
2259 3231 2405 3300 λέγω
2438 3230 2521 3283 ὅτι
2547 3228 2728 3283 πάντα
2759 3227 2836 3299 τῷ
2859 3228 2939 3281 ἑνὶ
2972 3224 3294 3295 συνέστηκε,
3328 3226 3424 3280 τοῦ
3458 3225 3568 3297 1:96
3597 3226 3740 3281 πάν-

2146 3342 2281 3387 των,
2332 3323 2428 3377 καὶ
2467 3321 2557 3375 διά
2601 3320 2844 3387 πάντων,
2904 3321 2998 3375 καὶ
3030 3320 3145 3391 98
3170 3320 3268 3374 ἐπὶ
3304 3320 3529 3375 πάντων
3574 3317 3739 3386 Θεοῦ,

2146 3416 2307 3479 τδώς
2353 3412 2569 3486 ἀληθῶς
2599 3414 2805 3468 ινιαῖυν
2857 3414 2972 3477 τοῖς
3007 3412 3193 3476 καλῶς
3240 3413 3473 3466 συνιεῖσι
3526 3410 3744 3484 κηρύτ-

2147 3529 2331 3586 mra.
2382 3510 2447 3567 El
2485 3510 2541 3564 δὲ
2576 3510 2672 3587 καὶ
2729 3509 3033 3582 περιφερὴς
3068 3507 3178 3562 τῶν
3226 3526 3290 3562 τε
3349 3507 3601 3579 ἀστέρων
3639 3509 3742 3564 καὶ

2147 3605 2256 3660 τῶν
2286 3604 2469 3660 πόλων
2508 3604 2764 3668 ἕκαστος,
2799 3604 2895 3656 καὶ
2940 3599 3123 3672 κύκλῳ
3162 3601 3282 3655 τόδε
3322 3600 3386 3656 τδ
3438 3603 3570 3664 πᾶν,
3618 3602 3647 3657 6
3675 3598 3739 3655 δδ

2148 3698 2352 3763 κύκλος
2382 3697 2447 3753 ἐκ
2483 3698 2630 3753 δυοῖν
2679 3694 2911 3770 σημείου
2940 3712 3000 3749 τε
3032 3695 3129 3749 καὶ
3157 3693 3450 3767 γραμμῆς,
3487 3694 3583 3749 καὶ
3624 3693 3737 3748 τῶν

2145 3792 2241 3848 δύο
2271 3787 2453 3865 χωρὶς
2470 3790 2583 3845 οὐδ’
2620 3788 2688 3845 ἂν
2719 3783 2790 3859 ἦν
2835 3786 2991 3843 οὐδὲν
3043 3786 3283 3855 μάλιστα
3310 3779 3386 3841 ῶν
3432 3785 3735 3857 αἰσθητῶν,

2146 3887 2243 3942 καὶ
2295 3885 2392 3942 δύο
2450 3882 2637 3940 λοιπὸν
2682 3881 2920 3954 ἀριθμὸς
2961 3881 3387 3953 χρειωδίστατος
3435 3881 3514 3952 τῷ
3569 3879 3737 3935 παντὶ

2145 3980 2241 4036 καὶ
2273 3980 2727 4051 ἀναγκαιότατος.
2768 3979 2928 4033 Ἐπεὶ
2977 3977 3036 4032 δὲ
3073 3975 3149 4048 μὴ
3181 3976 3417 4049 γραμμὴ
3468 3978 3606 4048 μόνη
3637 3979 3737 4033 καὶ

2146 4072 2405 4131 ἐπίπεδον
2432 4074 2491 4129 ὲν
2515 4072 2594 4145 τῷ
2624 4070 2811 4135 παντὶ,
2845 4069 2937 4125 καὶ
2966 4072 2999 4143 ἠ
3048 4071 3211 4144 τριὰς
3245 4068 3443 4124 οὐκοῦν
3478 4071 3536 4124 ιν
3574 4069 3737 4141 ἀριθ-

2148 4168 2270 4236 μοῖς
2293 4165 2384 4220 τὺν
2404 4165 2519 4220 ἴσον
2532 4165 2759 4237 τρόπον’
2781 4164 3019 4237 παρίημι
3036 4162 3147 4234 γὰρ
3167 4162 3353 4230 λέγειν
3391 4162 3462 4216 τὰ
3477 4162 3614 4218 ἄλλα
3637 4162 3734 4217 τοῦ

2142 4256 2383 4329 ἀριθμοῦ
2417 4255 2612 4311 τούτου
2632 4253 3107 4327 πλεονεκτήματα.
3124 4252 3278 4307 Ἐπεὶ
3307 4252 3355 4307 δ’
3399 4251 3471 4308 αὖ
3511 4252 3735 4307 καὶτῶν

2142 4350 2559 4424 προειρημένων
2588 4349 2847 4413 Ξκαστον,
2882 4348 2941 4402 οὐ
2973 4346 3175 4413 κύκλος
3230 4346 3415 4418 μόνον,
3468 4346 3607 4401 ἀλλά
3638 4346 3735 4402 καὶ

2145 4441 2365 4515 στερεόν
2393 4443 2514 4497 ἐστι
2556 4440 2656 4497 καὶ
2688 4440 2925 4509 σφαῖρα,
2959 4437 3135 4493 ταῦτα
3183 4438 3242 4494 δι
3282 4432 3425 4492 εἶναι
3456 4437 3569 4491 τῶν
3606 4436 3736 4493 ἀδυ-

2074 4496 2116 4552 D
2145 4496 2323 4593 vdtbiv
2348 4538 2476 4593 ἄνευ
2518 4534 2618 4606 τῆς
2643 4496 2945 4605 τετράδορ
2982 4531 3067 4587 δεῖ
3093 4531 3203 4605 γάρ
3242 4532 3429 4597 αὐτοῖς
3458 4532 3520 4598 ἑξ
3561 4531 3735 4599 ἀνάγ-

2146 4646 2251 4701 κης
2282 4630 2376 4683 καὶ
2426 4626 2801 4695 διαστήματος
2828 4622 3019 4696 ἑτέρου
3044 4640 3060 4657 ·
3102 4624 3221 4687 πῶς
3263 4622 3391 4694 ούχὶ
3419 4623 3518 4679 καὶ
3559 4624 3595 4696 ἡ
3639 4640 3734 4678 τε·

2144 4716 2283 4789 τράς
2312 4714 2507 4786 ἐπίσης
2557 4713 2670 4768 τῶν
2721 4712 3060 4783 ἀξιολόγωνς
3115 4713 3240 4767 Ἔτι
3273 4730 3339 4783 γε
3402 4712 3509 4784 μὴν
3552 4715 3647 4767 καὶ⁵
3698 4715 3731 4786 ἡ

2147 4808 2349 4885 πιντάς
2371 4806 2437 4861 δι’
2470 4806 2632 4879 ἕτερα
2661 4805 3043 4877 παραπλήσια,
3089 4806 3185 4858 καὶ
3222 4803 3464 4876 μάλιστα
3502 4805 3611 4859 τῶν
3638 4804 3734 4859 ἆλ-

2145 4900 2253 4954 λων
2280 4901 2309 4952 6
2342 4898 2403 4967 ἓξ
2447 4898 2681 4972 ἀριθμός
2704 4911 2720 4926 ⁶
2751 4890 2910 4962 οὗτος
2939 4898 3050 4969 γὰρ
3096 4897 3204 4968 πρὸ
3234 4896 3346 4951 τῶν
3387 4897 3565 4952 ἄλλων
3617 4901 3733 4964 τοῖς

2145 4992 2371 5058 οἰκείοις
2431 4992 2655 5063 μέρεσιν
2703 4990 3057 5061 ὲξισούμενος
3115 4990 3335 5060 πρῶτος
3376 4991 3437 5044 ἐν
3483 4993 3596 5055 τοῖς
3625 5008 3734 5045 τι-

2149 5087 2315 5151 λείοις
2344 5086 2493 5140 ἑστι*
2527 5086 2607 5140 διὸ
2631 5086 2729 5139 καὶ
2761 5084 2882 5139 κατ’
2913 5083 3078 5139 αὐτὸν
3108 5085 3168 5139 τδ
3216 5087 3326 5138 πᾶν
3369 5084 3729 5157 συνετελέσθη

2146 5178 2328 5237 τοῦτο.

2224 5274 2288 5326 Οἱ
2329 5272 2511 5328 τοίνυν
2545 5275 2609 5325 ἐκ
2652 5270 2910 5324 τοιούτων
2938 5273 3297 5340 σεμνύνοντες
3323 5268 3423 5341 τὴν
3457 5268 3730 5336 ἑϐδομάδα

2143 5367 2436 5449 λελήθασιν
2493 5364 2745 5431 ἑαυτοὺς,
2800 5365 2860 5419 ού
2892 5364 3099 5435 ταύτην
3151 5364 3334 5435 μόνον,
3378 5363 3496 5419 ἀλλ’
3540 5363 3731 5429 ἁπλῶς

2147 5462 2367 5517 ἅπαντα
2408 5458 2863 5531 σεμνοποιοῦντες
2915 5459 3152 5531 ἀριθμόν
3179 5474 3195 5491 ·
3241 5457 3401 5513 ίκανά
3431 5459 3543 5531 γάρ
3582 5459 3729 5514 είκόο

2148 5573 2256 5620 τως
2309 5556 2423 5624 ἔχει
2473 5551 2699 5608 τοιαῦτα
2760 5554 3242 5623 σιμνολογήματα.
3310 5553 3469 5606 Ἐπεὶ
3525 5552 3639 5625 γὰρ
3699 5553 3729 5609 6

2150 5646 2387 5717 ἀριθμὸς
2425 5644 2530 5699 ὑπὸ
2575 5643 2712 5698 Θεοῦ
2756 5647 2871 5709 τοῖς
2923 5640 3047 5699 οὖσι
3082 5645 3411 5717 συνεκτίσθη
3466 5647 3624 5711 πᾶσι,
3659 5646 3729 5702 τά

2148 5741 2207 5795 δὲ
2247 5742 2354 5795 61:6
2407 5740 2502 5795 τοῦ
2550 5740 2687 5794 Θεοῦ
2734 5742 3021 5797 κτισθέντα
3072 5742 3255 5798 πάντα
3303 5742 3447 5798 καλά
3506 5758 3568 5796 τι
3631 5740 3728 5795 καὶ

2151 5833 2289 5889 καλὰ
2317 5834 2457 5901 λίχν,
2490 5834 2565 5897 ὡς
2589 5835 2676 5890 διὰ
2723 5836 2970 5900 Μωσέως
3004 5836 3164 5902 αὐτὸς
3217 5836 3671 5911 ὲπεμαρτύρησιν
3700 5838 3725 5889 6
