4114 6224
311 208 409 273 225

1654 200 1992 267 HOMILIA
2054 182 2273 267 xvn.’

3457 198 3565 268 2‘26

300 302 511 387 κτίσας.
537 321 567 395 6
592 339 680 388 τις
702 304 885 381 ἄντοῦ
918 322 1156 397 ἀριθμοῦ
1187 326 1355 397 μέρος
1377 298 1669 380 ἀπολαϐὼν
1697 321 1885 389 lissa—

2002 336 2116 392 que,
2148 329 2367 391 sumpta
2400 320 2612 375 numeri
2635 326 2812 391 parte,
2838 334 2959 375 eam
2985 328 3241 376 accurate
3267 336 3569 391 conspexe-

301 416 502 481 πικῶς
548 417 791 482 κατίδοι,
850 416 1017 472 καλὸν
1077 418 1305 490 εὑρήσει
1358 418 1452 472 καὶ
1503 417 1672 471 καλὸν
1726 416 1879 481 λίαν,

297 514 477 584 ίαυτῷ
524 531 584 567 τε
616 516 713 567 καὶ
740 515 852 577 τοῖς
884 514 1069 576 ἄλλοις
1122 512 1306 583 λόγοις
1342 510 1639 578 ἀναλογίας
1667 509 1881 581 ἐμπρέ-

296 621 396 657 πον
452 604 794 675 θαυμασίως.
851 604 928 659 Οὐ
965 605 1073 674 μὴν
1124 604 1217 659 διὰ
1262 605 1356 660 τὸν
1408 603 1645 675 ἀριθμὸν
1693 602 1884 663 ἁπλῶς

299 695 461 763 ιτερα
488 694 593 765 τῆς
628 695 823 767 ἑτέρας
851 695 1163 768 διενήνοχεν
1200 695 1451 767 ἡμέρας·
1487 692 1578 750 t1:‘
1619 693 1885 766 οὐδεμιᾶς

300 790 407 859 γὰρ
431 789 462 841 6
491 788 736 859 Μωῡσῆς
757 790 1051 859 ἐπαινέτην
1078 788 1316 860 ἀριθμοῦ
1344 788 1615 859 γεγονότα
1637 787 1731 842 τὸν
1752 788 1887 841 Θεὸν

303 878 613 947 ἱστόρησεν,
667 877 809 934 ἀλλὰ
858 880 927 933 τὰ
973 879 1096 935 καθ’
1128 878 1369 952 ἑκάστην
1401 878 1495 933 ὑπ’
1527 877 1698 933 αὑτοῦ
1751 894 1882 949 προς

303 971 519 1041 ηγμένα
557 971 627 1026 δι’
681 974 910 1027 ἐπαίνου
967 973 1253 1029 τίθεσθαι·
1314 972 1610 1046 τοιγαροῦν
1662 972 1787 1027 οὔδε
1848 974 1881 1042 ὴ

304 1066 509 1136 ἑϐδόμη
564 1066 675 1119 τῶν
731 1066 960 1138 ἡμερῶν
1004 1066 1094 1121 διὰ
1144 1068 1239 1120 τὸν
1279 1067 1517 1139 ἀριθμὸν
1573 1066 1887 1121 ἔπαινετία.

302 1158 555 1231 Δέγομεν
610 1159 793 1211 τοίνυν
838 1161 1002 1230 ἡμεῖς
1036 1161 1187 1224 τίνος
1237 1160 1431 1213 ἓνεκεν
1470 1160 1500 1212 6
1528 1159 1661 1223 Θεὸς
1718 1158 1890 1227 αὐτὴν

301 1248 670 1321 διαφερόντως
700 1235 965 1323 εύλόγησί
987 1268 1048 1305 τε
1074 1254 1170 1306 καὶ
1202 1251 1452 1324 ἡγίασεν,
1482 1251 1541 1317 ἐξ
1570 1250 1750 1306 αὐτῶν
1781 1251 1891 1303 τῶν

303 1341 399 1395 τοῦ
447 1343 693 1406 Μωσέως
735 1343 912 1412 λόγων
961 1342 1217 1407 λαδόντες
1264 1344 1366 1407 τὰς
1408 1345 1606 1415 ἀρχάς.
1649 1361 1670 1395 ε
1717 1343 1892 1397 K036-

303 1449 485 1486 παυσε
519 1433 651 1503 γὰρ,
686 1436 877 1504 φησὶν,
908 1436 935 1489 6
966 1434 1101 1498 Θεὸς
1126 1437 1192 1506 τῇ
1227 1435 1413 1505 ἡμέρα
1438 1438 1504 1507 τῇ
1539 1434 1745 1505 ἑϐδόμῃ
1784 1435 1891 1487 ἀπὸ

304 1527 527 1583 πάντων
556 1527 666 1580 τῶν
704 1527 884 1597 ἔργων
905 1527 1070 1582 αὑτοῦ
1099 1522 1174 1584 ὦν
1202 1528 1481 1597 εποίησεν.
1513 1546 1531 1580 ι
1564 1524 1697 1583 Εῖτα
1726 1544 1893 1598 προσ-

307 1620 447 1683 θεὶς,
483 1620 563 1673 ὅτι
584 1637 599 1652 ·
642 1638 661 1673 ε
697 1621 807 1674 Καὶ
836 1620 1139 1693 εὐλόγησεν
1171 1624 1197 1675 6
1231 1624 1364 1685 Θεὸς
1406 1622 1511 1690 τὴν
1544 1622 1762 1692 ἡμέραν
1794 1620 1895 1692 τὴν

1985 415 2077 479 rit,
2108 414 2391 484 pulchram
2430 412 2673 469 inveniet
2695 412 2967 482 nimisque
2996 412 3281 482 pulchram
3307 414 3575 473 sibimet-

1984 505 2089 577 ipsi
2143 505 2376 575 aliisque
2401 504 2745 575 respectibus
2759 504 3011 573 analogia
3033 505 3170 561 mire
3194 517 3571 577 pra'stantem.

1984 595 2178 653 Nullus
2208 611 2343 652 sane
2363 595 2483 652 dies
2513 595 2667 653 alteri
2693 611 2793 667 per
2818 611 3107 651 numerum
3137 612 3363 666 prorsus
3393 599 3575 663 excel-

1987 690 2083 757 lit;
2110 689 2317 746 nullius
2367 691 2516 746 enim
2536 700 2826 746 numerum
2873 689 3085 759 Moyses
3120 689 3288 745 Deum
3320 690 3574 747 laudasse

1986 795 2233 846 etiarrat.
2265 799 2455 838 verum
2488 798 2657 851 opera
2696 780 3042 854 singulorum
3087 783 3156 837 ab
3186 782 3306 853 ipso
3344 800 3573 838 enume-

1987 886 2105 932 rata
2138 876 2418 948 praeconio
2445 886 2638 930 ornata
2664 873 2867 940 fuisse;
2896 877 3136 930 ideonec
3164 876 3435 945 septimus
3458 876 3575 930 dies

1992 979 2213 1040 propter
2258 983 2546 1023 numerum
2601 966 2806 1039 dignus
2865 980 2944 1023 est
2996 966 3275 1023 laudibus.
3332 966 3580 1023 Dicimus

1988 1079 2121 1132 ergo
2164 1078 2264 1119 nos
2304 1062 2463 1133 cujus
2500 1064 2675 1132 gratia
2709 1062 2851 1118 Deus
2888 1063 2937 1117 ei
2986 1062 3189 1117 eximie
3216 1061 3492 1117 benedixit
3523 1073 3580 1117 et

1993 1155 2145 1213 illum
2174 1156 2557 1221 sanctiﬁcavit,
2587 1164 2815 1225 accepto
2838 1156 2907 1210 ab
2938 1156 3073 1226 ipsis
3119 1154 3318 1227 Mnysis
3350 1155 3582 1212 vocibus

1992 1250 2190 1314 initio;
2227 1249 2304 1305 ait
2333 1250 2479 1304 enim
2512 1268 2525 1304 :
2557 1266 2577 1301 ε
2613 1248 2902 1315 Requievit
2934 1248 3078 1304 Deus
3107 1248 3197 1303 die
3234 1248 3471 1319 septimo
3511 1250 3584 1302 ab

1995 1341 2255 1397 omnibus
2285 1341 2545 1411 operibus
2574 1357 2696 1412 qua:
2728 1340 2951 1396 fecerat.
2986 1359 3005 1393 ι
3040 1338 3235 1395 Postea
3271 1339 3537 1407 adjiciens
3562 1357 3582 1395 :

2002 1455 2021 1488 ι
2068 1437 2137 1490 Et
2178 1434 2457 1490 benedixit
2498 1434 2639 1490 Deus
2686 1434 2791 1489 diei
2839 1436 3071 1503 septimo
3121 1445 3173 1489 et
3220 1434 3584 1489 sanctiliravit

1994 1541 2163 1592 eum;
2205 1543 2224 1576 ι
2275 1537 2329 1579 et
2361 1525 2544 1580 statim
2577 1538 2803 1580 causam
2843 1525 2994 1579 addit
3032 1525 3430 1579 benedictionis
3459 1540 3582 1578 rur-

1996 1634 2092 1674 sus
2116 1617 2257 1673 idem
2281 1618 2471 1674 dicens
2505 1636 2519 1673 :
2552 1637 2569 1670 ι
2604 1618 2874 1685 Quoniam
2911 1617 3177 1687 requievit
3204 1617 3345 1672 Deus
3374 1616 3443 1671 ab
3464 1632 3584 1671 om-

286 1716 570 1790 16669.13»,
602 1718 699 1769 καὶ
731 1715 964 1787 ἡγίασεν
1002 1716 1210 1787 αύτήνα
1250 1735 1268 1769 ι
1307 1716 1402 1770 καὶ
1436 1716 1537 1785 τὴν
1582 1715 1766 1769 αἰτίαν
1797 1717 1893 1770 εὐ·-

2002 1711 2163 1766 nibus
2194 1710 2456 1778 operibus
2490 1726 2611 1781 quae
2635 1709 2813 1765 facere
2848 1710 3149 1779 inceperat.
3191 1726 3209 1759 ι
3254 1706 3422 1781 Igitur
3454 1717 3585 1762 sunt

310 1808 403 1873 θὺς
443 1809 770 1879 προστίθησι
800 1808 899 1879 τῆς
923 1808 1183 1877 εὐλογίας
1218 1809 1350 1863 αὐτὸ
1377 1808 1540 1863 τοῦτο
1582 1807 1755 1876 λίγων
1786 1807 1892 1862 πά-

310 1899 392 1954 λιν
418 1916 433 1933 ο
484 1918 505 1953 ε
556 1901 679 1953 Ὅτι
723 1899 1071 1954 κατιπαυσεν
1099 1901 1128 1954 6
1165 1900 1298 1963 Θεὸς
1342 1900 1451 1954 ἀπὸ
1509 1901 1728 1954 πάντων
1784 1900 1893 1954 τῶν

311 1992 491 2063 εργων
534 1992 700 2046 αὐτοῦ
749 1985 825 2047 ὧν
850 1990 1060 2065 ἧρξατο
1110 1993 1358 2062 ποιῆσαι.
1422 2010 1441 2044 ε
1483 1991 1698 2046 Οὐκοῦν
1748 1993 1896 2047 ἔστιν

314 2088 452 2157 ἔργα
483 2082 581 2138 τοῦ
615 2084 750 2139 Θεοῦ
791 2085 935 2155 ἅπερ
987 2083 1111 2139 οὔτε
1146 2084 1352 2157 ἤρξατο
1386 2086 1581 2153 ποιεῖν,
1612 2084 1737 2138 οὒτε
1763 2102 1900 2139 κατ-

1994 1818 2159 1873 opera
2217 1802 2311 1857 Dei
2358 1817 2480 1874 qua
2521 1805 2762 1859 nondum
2816 1804 3138 1872 inceperat,
3196 1812 3249 1857 et
3301 1818 3330 1857 a
3381 1802 3585 1873 quibus

1999 1913 2109 1953 non
2164 1896 2408 1966 quievit;
2447 1914 2467 1948 ι
2504 1896 2649 1967 quod
2677 1896 2945 1953 Dominus
2979 1899 3093 1964 ipse
3137 1895 3295 1951 nobis
3322 1896 3590 1951 revelat-it

2005 1989 2195 2044 dicens
2234 2006 2248 2045 :
2289 2006 2308 2039 ι
2352 1986 2514 2043 Pater
2543 2004 2702 2045 meus
2734 1991 3068 2060 usqueinodo
3094 2000 3354 2061 operatur
3387 1998 3443 2043 et
3487 2003 3593 2061 ego

2006 2099 2205 2154 operor
2239 2085 2329 2138 “'.
2368 2103 2389 2137 ε
3168 2079 3172 2082 ’

317 2186 520 2238 ίπαυσε
581 2181 777 2243 ποιῶν·
836 2180 915 2246 ὡς
954 2184 1052 2236 καὶ
1101 2182 1265 2245 αὐτὸς
1325 2183 1355 2238 6
1399 2181 1606 2255 Κύριος
1639 2182 1998 2255 ἀπεκάλυψεν
2026 2184 2157 2256 ἡμῖν
2213 2182 2430 2253 λέγων’
2468 2204 2487 2239 ε
2533 2183 2594 2239 '0
2660 2184 2853 2257 Πατήρ
2901 2201 2999 2254 μου
3067 2182 3175 2248 ῑως
3220 2182 3346 2255 ἄρτι
3421 2182 3596 2254 ἔργάο

312 2278 487 2344 ζεται,
523 2276 679 2344 κάγὼ
710 2278 1041 2347 ἐργάζομαι.
1090 2296 1111 2329 ε

388 2372 565 2431 Θέλων
594 2370 691 2429 οῦν
739 2374 768 2428 6
797 2375 929 2438 Θεὸς
965 2374 1077 2427 τῶν
1110 2373 1373 2428 τοιούτων
1402 2373 1581 2445 ἔργων
1630 2376 1763 2448 ἡμῖν
1794 2376 1894 2446 τὴν

326 2469 554 2538 δυνατὴν
592 2466 797 2537 γνῶσιν
833 2468 1158 2536 παρασχεῖν,
1185 2466 1281 2519 καὶ
1311 2466 1481 2520 ταῦτα
1520 2466 1687 2535 δεῖξαι
1724 2468 1897 2537 ζητηο

326 2561 422 2615 τέα
461 2560 657 2630 μᾶλλον
704 2559 799 2613 ὑπ’
856 2556 1113 2628 αῖσθησιν
1165 2558 1442 2619 ἁπάντων.
1503 2560 1604 2628 τὴν
1657 2560 1894 2629 ἑϐδόμην

318 2652 441 2706 καθ’
470 2656 537 2724 ῆν
576 2653 894 2706 κατέπαυσε
930 2651 1000 2703 τὰ
1049 2650 1287 2716 αἰσθητὰ
1324 2652 1495 2705 ποιῶν
1537 2652 1800 2723 εὐλόγησέ
1835 2670 1896 2707 τε

315 2747 407 2799 καὶ
439 2745 690 2817 ἡγίασεν,
718 2743 795 2807 ὡς
840 2741 1097 2798 ἐπάνοδον
1124 2737 1234 2797 οἷον
1276 2739 1441 2798 οὖσαν
1481 2744 1568 2800 διὰ
1602 2745 1698 2815 τῆς
1726 2764 1890 2798 κατα-

316 2839 572 2898 παύσεως
603 2836 710 2891 ἀπὸ
758 2837 870 2890 τῶν
918 2837 1090 2901 κάτω,
1123 2837 1261 2907 πρὸς
1317 2838 1502 2890 ἐκεῖνα
1551 2839 1616 2890 τὰ
1659 2838 1896 2907 κρείττω

313 2934 410 2986 καὶ
470 2930 844 3001 ὑπερκόσμια.
904 2931 1062 2985 Κατὰ
1092 2933 1197 3002 γὰρ
1244 2930 1339 2983 τὸν
1390 2930 1565 3000 μέγαν
1620 2933 1896 2983 Διονύσιον

314 3024 515 3083 είπεῖν.
554 3020 659 3087 ἔξω
707 3021 904 3077 ἑαυτοῦ
934 3022 1146 3091 γίνεται
1179 3020 1250 3076 δι’
1282 3020 1589 3093 ὑπερϐολὴν
1621 3023 1898 3092 ἁγαθότη-

310 3132 401 3181 τος
424 3118 453 3169 6
482 3115 640 3179 Θεὸς.
672 3117 770 3169 καὶ
810 3117 875 3168 ἐκ
908 3113 1003 3168 τοῦ
1041 3114 1263 3169 πάντων
1296 3115 1639 3185 ἐξῃρημένον
1670 3115 1811 3187 πρὸς
1839 3115 1901 3169 τὸ

2073 2373 2260 2445 itaque
2285 2388 2409 2428 eum
2439 2371 2581 2429 Deus
2610 2373 2806 2427 borum
2837 2386 3065 2441 operum
3095 2371 3349 2426 notitiam
3382 2371 3594 2429 viribus

2000 2469 2210 2522 nostris
2256 2466 2727 2521 accommodatam
2780 2466 2940 2520 vellet
2988 2466 3265 2536 praebere,
3320 2464 3597 2536 simulque

2000 2560 2299 2617 ostendere
2332 2574 2395 2613 ea
2431 2558 2738 2613 studiosius
2772 2572 2935 2628 quam
2975 2560 3161 2614 omnia
3190 2574 3312 2628 qua:
3340 2558 3595 2614 sentiun-

2004 2664 2093 2707 tur
2123 2668 2246 2708 esse
2275 2653 2594 2721 quaerenda,
2631 2650 2776 2705 diem
2810 2667 2921 2721 quo
2956 2653 3024 2705 ab
3062 2651 3325 2721 cperibus
3355 2653 3597 2706 sensibi-

2002 2744 2370 2815 libuSquievit
2394 2744 2757 2799 sanctiﬁcavit
2788 2745 2949 2813 eique
2981 2744 3279 2811 benedixit,
3312 2746 3469 2814 quasi
3494 2761 3595 2817 per

2004 2839 2165 2893 istam
2226 2838 2466 2907 quietem
2523 2838 2789 2891 indicaret
2821 2852 2922 2891 nos
2964 2835 3168 2892 debere
3200 2852 3231 2891 a
3258 2836 3492 2893 terrenis
3524 2840 3592 2892 ad

2008 2929 2231 2982 meliora
2260 2938 2313 2981 et
2341 2944 2503 2998 supra
2538 2938 2790 2981 naturam
2823 2942 3133 2997 assurgere.
3173 2925 3307 2981 Nam
3328 2966 3345 2992 ,
3398 2944 3596 2999 magno

2002 3021 2186 3090 judice
2226 3020 2505 3091 Dionysio,
2533 3022 2601 3074 ad
2638 3030 2793 3075 extra
2824 3020 3041 3075 excedit
3074 3018 3220 3075 Deus
3250 3031 3467 3092 propter
3504 3023 3595 3076 ni-

2012 3117 2179 3170 miam
2220 3114 2515 3169 bonitatem
2547 3128 2728 3178 suam,
2754 3124 2809 3170 et
2840 3128 2938 3184 per
2973 3113 3283 3168 diﬂusivam
3325 3129 3441 3169 suae
3487 3115 3599 3170 viro

313 3204 370 3257 ὲν
403 3208 547 3258 πᾶσι
580 3204 912 3277 κατάγεται,
942 3204 1065 3259 κατ’
1092 3206 1425 3276 ἐκστατικὴν
1458 3206 1785 3274 ὑπερούσιον
1813 3207 1899 3260 δύ-

2010 3208 2143 3261 tutis
2171 3221 2292 3277 quae
2325 3222 2541 3277 semper
2586 3208 2796 3275 integra
2830 3216 3013 3261 manet
3056 3208 3448 3264 abundantiam
3476 3248 3495 3276 ,
3527 3223 3598 3264 ex

313 3318 480 3371 ναμιν
512 3300 911 3371 ἀνεκεροίτητον
944 3296 1144 3352 ἑαυτοῦ
1173 3314 1188 3329 ·
1224 3297 1579 3367 συγκαταϐὰς
1619 3298 1686 3369 δὴ
1714 3301 1906 3368 φιλανο

310 3395 573 3465 θρώπως,
626 3392 715 3463 ἐφ’
763 3390 1098 3456 δσονάύτὸς
1148 3391 1384 3463 ἠθέλησε
1433 3394 1529 3444 καὶ
1562 3392 1753 3461 ἰρχῆν,
1814 3390 1908 3445 καὶ

308 3488 402 3539 τὸν
433 3485 563 3539 καθ’
589 3486 740 3556 ἡμᾶς
768 3483 1029 3556 αίσθητὸν
1075 3483 1262 3538 τοῦτον
1290 3485 1348 3538 ιν
1372 3484 1431 3552 ἒξ
1461 3485 1698 3555 ἡμέραις
1743 3488 1908 3556 ἐργα-

311 3579 557 3649 σάμενος
612 3578 839 3647 κόσμον,
872 3578 1016 3632 κατὰ
1066 3576 1166 3649 τὴν
1217 3576 1456 3648 ἑϐδόμην
1498 3578 1580 3640 είς
1614 3578 1674 3630 τὸ
1704 3578 1908 3631 οίκεϊον

312 3673 474 3745 ὕψος,
508 3671 537 3726 δ
568 3672 696 3742 μηδ’
721 3670 977 3738 ἀπέλιπε,
1002 3670 1327 3742 θεοπρεπῶς
1356 3670 1653 3743 ἐπανῆλθε,
1687 3673 1780 3725 καὶ
1805 3671 1908 3743 τὴν

310 3766 435 3820 κατ’
469 3764 650 3836 αὐτὴν
695 3764 1048 3821 κατάπαυσιν
1096 3763 1475 3836 εὐλογημένην
1525 3764 1730 3836 μᾶλλον
1774 3762 1911 3817 ὑπέ-

314 3859 493 3926 δειξε,
528 3857 799 3910 διδάσκων
852 3856 950 3909 καὶ
1001 3856 1149 3928 ἡμᾶς
1188 3854 1378 3930 ζητεῖν
1425 3857 1715 3923 είσελθεῖν,
1763 3854 1909 3909 κατὰ

310 3952 372 4005 τὸ
395 3949 713 4020 ἐγχωροῦν,
737 3950 816 4013 είς
842 3948 1061 4021 εκείνην
1087 3949 1187 4019 τὴν
1204 3940 1581 4015 κατάπαυσιν,
1603 3949 1727 4021 ητις
1758 3951 1908 4005 εστὶν

306 4043 423 4117 99
454 4046 495 4112 ἡ
530 4044 673 4097 κατά
720 4040 846 4095 νοῦν
884 4041 1043 4115 ἡμῶν
1096 4041 1325 4114 θεωρία,
1355 4043 1450 4097 καὶ
1501 4043 1651 4115 ήδιὰ
1703 4044 1910 4114 ταύτης

310 4141 455 4204 1:96;
494 4134 630 4189 Θεὸν
682 4132 997 4198 ἁνάνευσις.
1042 4133 1185 4205 Πρὸς
1226 4136 1294 4203 ἢν
1352 4139 1699 4190 κατάπαυσιν
1757 4136 1849 4191 καὶ
1884 4140 1911 4190 6

322 4223 665 4287 ’Δτεόστολος
722 4223 1025 4296 διαρρήδην
1073 4223 1447 4295 προτρέπεται
1480 4242 1494 4256 ο
1542 4226 1770 4295 προθεὶς
1802 4226 1910 4297 γὰρ

307 4318 371 4373 τὸ
404 4316 568 4388 παρὰ
599 4315 696 4370 τοῦ
727 4315 867 4371 Θεοῦ
905 4316 995 4371 διὰ
1028 4316 1125 4371 τοῦ
1164 4316 1478 4388 Ψαλμῳδοῦ
1532 4318 1662 4389 περὶ
1692 4320 1786 4373 τοῦ
1814 4320 1912 4388 γί-

306 4428 440 4477 νους
474 4410 592 4465 τῶν
638 4410 914 4465 Ἰουδαίων
968 4410 1297 4480 λεγόμενον·
1346 4430 1366 4463 ε
1413 4409 1501 4475 Ὦς
1526 4410 1716 4483 ὤμοσα
1753 4414 1811 4465 εν
1840 4415 1910 4485 τῇ

304 4504 455 4576 ὀργῇ
526 4519 657 4571 μου,
713 4503 762 4555 εί
820 4502 1224 4573 εἰσελεύσονται
1281 4504 1363 4565 είς
1404 4503 1504 4575 τὴν
1556 4502 1909 4558 κατάπαυσίν

2020 3301 2293 3357 cbarilate
2334 3317 2463 3373 erga
2513 3303 2764 3358 homines
2788 3301 3128 3359 descendens
3158 3315 3425 3373 quantum
3481 3307 3598 3376 ipse

2013 3394 2191 3450 voluit
2217 3403 2270 3448 et
2299 3396 2606 3451 necessitas
2640 3395 2761 3460 fuit,
2800 3404 2987 3450 creato
3020 3411 3117 3466 per
3145 3412 3308 3453 senos
3339 3398 3458 3455 dies
3488 3399 3596 3455 hoc

2011 3500 2201 3543 nostro
2231 3488 2475 3543 sensibili
2511 3492 2737 3554 mundo,
2769 3488 2858 3544 die
2902 3491 3138 3557 septimo
3170 3490 3222 3545 in
3253 3506 3408 3545 suam
3444 3506 3596 3545 sum-

2012 3582 2256 3635 mitatem
2308 3597 2470 3651 quam
2524 3582 2824 3638 nullimode
2858 3584 3191 3654 reliquerat,
3240 3599 3307 3640 ex
3345 3585 3597 3641 decentia

2011 3675 2282 3738 ascendit,
2312 3685 2367 3728 et
2400 3674 2542 3728 diem
2578 3674 2631 3729 in
2671 3690 2781 3744 qua
2812 3674 3083 3745 requievit
3117 3676 3466 3745 singulariter
3500 3676 3597 3732 be-

2013 3766 2291 3820 nedictum
2326 3764 2671 3831 monstravit,
2704 3765 2910 3821 docens
2940 3777 2994 3821 et
3019 3783 3119 3822 nos
3145 3783 3390 3837 quaerere
3422 3778 3479 3824 ut
3513 3768 3600 3824 in-

2012 3858 2346 3929 grediamur,
2373 3859 2597 3927 quando
2623 3858 2831 3925 licebit,
2856 3861 2909 3915 in
2944 3841 3350 3934 illamrequiem
3372 3880 3493 3933 qua:
3516 3874 3602 3921 est

2012 3950 2273 4021 spiritalis
2305 3960 2551 4005 nostrum
2584 3948 2865 4005 meditatio
2909 3961 2971 4006 et
3008 3966 3105 4021 per
3150 3967 3271 4008 eam
3322 3960 3387 4008 ad
3424 3954 3598 4009 Deum

2013 4054 2292 4115 aspectus.
2328 4044 2407 4098 Ad
2438 4059 2602 4114 quam
2651 4045 2896 4114 requiem
2928 4047 3224 4116 Apostolus
3260 4047 3437 4103 lucide
3464 4064 3599 4102 cou-

2013 4135 2279 4199 vertitur;
2314 4135 2649 4204 pranuittens
2684 4137 2829 4190 enim
2866 4138 3013 4206 quod
3047 4153 3078 4191 a
3104 4136 3215 4193 Deo
3246 4155 3338 4207 per
3371 4137 3601 4194 Psalmi-

2013 4241 2153 4285 stam
2186 4230 2253 4284 de
2286 4229 2517 4284 Judaico
2552 4244 2748 4297 genere
2774 4229 2982 4285 dictum
3017 4242 3101 4287 est
3136 4248 3149 4284 :
3185 4234 3481 4301 «Quoniam
3505 4235 3599 4304 ju-

2012 4322 2129 4377 ravi
2163 4321 2216 4375 in
2248 4322 2327 4375 ira
2361 4336 2501 4386 mea,
2534 4321 2580 4375 si
2609 4320 2915 4376 introibant
2942 4322 2995 4375 in
3029 4325 3273 4394 requiem
3300 4341 3471 4380 meam
3492 4326 3591 4393 ⁸³.»

2012 4413 2295 4484 lubjungit
2319 4414 2568 4469 scribens
2599 4429 2614 4466 :
2654 4431 2671 4465 ι
2722 4412 2868 4468 Dixit
2903 4414 2957 4468 in
2982 4417 3220 4485 quodam
3268 4419 3387 4472 loco
3416 4419 3483 4474 de
3511 4422 3599 4475 die

2016 4507 2246 4578 septima
2298 4506 2379 4561 sic
2428 4522 2440 4559 :
2486 4524 2505 4557 ε
2548 4508 2609 4559 Et
2643 4507 2913 4577 requievit
2947 4508 3090 4564 Deus
3129 4509 3215 4563 die
3258 4513 3490 4579 septima
3530 4516 3599 4568 ab

314 4609 460 4668 μουο
502 4615 522 4648 ο
555 4596 811 4665 ιπιφίρει
837 4594 1101 4665 γράφων·
1141 4614 1161 4649 ε
1200 4595 1430 4667 Εἴρηται
1478 4612 1581 4646 που
1633 4597 1762 4666 περὶ
1810 4597 1899 4667 τῆς

2017 4600 2276 4654 omnibus
2306 4599 2575 4667 cperibus
2611 4601 2782 4653 suis.»
2822 4599 2888 4652 Et
2920 4603 3109 4669 paucis
3133 4604 3441 4671 pradictisg:
3468 4604 3599 4659 iFe-

312 4688 564 4761 ισδόμης
612 4688 695 4741 δτι
746 4689 1095 4742 κατέπαυσεν
1130 4689 1157 4741 ό
1202 4687 1334 4750 Θεὸς
1377 4688 1486 4741 ἀπὸ
1535 4687 1755 4740 πάντων
1798 4687 1899 4742 τῶν

2017 4689 2289 4745 ειίηειιυυε
2319 4705 2447 4759 ergo
2470 4700 2522 4743 et
2562 4705 2661 4743 nos
2692 4689 2897 4759 ingredi
2938 4693 2989 4744 in
3020 4692 3167 4745 illam
3200 4694 3442 4764 requiem
3477 4695 3543 4759 “;
3574 4713 3593 4747 ι

311 4780 505 4853 ἔργων
560 4778 749 4834 αὑτοῦ.
787 4798 806 4831 ι
860 4781 968 4833 Καὶ
1015 4776 1138 4850 μετ’
1178 4778 1375 4847 ὀλίγα·
1426 4798 1443 4830 ι
1503 4778 1899 4849 Σπουδάσωμεν

2010 4784 2107 4852 qui
2146 4783 2288 4835 enim
2323 4784 2597 4849 ingressus
2627 4783 2808 4848 tuerit,
2832 4786 3133 4854 requiescet
3156 4795 3207 4840 et
3238 4786 3351 4855 ipse
3377 4788 3445 4841 ab
3468 4802 3607 4857 ope-

288 4867 419 4946 ιλοῦν
447 4870 552 4925 καὶ
581 4872 742 4943 ἡμεῖς
769 4870 1034 4923 εἰσελθεῖν
1060 4873 1137 4933 εἱς
1169 4871 1265 4939 τὴν
1289 4868 1635 4924 κατάπαυσιν
1657 4868 1823 4922 αὑτοῦ
1842 4884 1853 4897 ·
1886 4888 1899 4921 ι

2018 4874 2172 4927 tibus
2206 4874 2344 4938 Suis,
2377 4876 2838 4943 quemadmodum
2872 4875 3017 4930 Dens
3047 4892 3075 4929 a
3111 4877 3366 4946 propriis.

294 4938 346 5021 ’6
371 4964 495 5037 γὰρ
525 4938 806 5030 εἰσελθὼν,
842 4965 1157 5016 κατέπαυσε
1193 4938 1287 5016 καὶ
1338 4964 1499 5026 αὐτὸς
1532 4964 1639 5015 ἀπὸ
1677 4963 1785 5015 τῶν
1819 4960 1913 5033 ἐρ-
2392 4938 2407 4943 ’
3033 4960 3037 4962 ⁷

314 5078 438 5133 των
478 5057 671 5123 αὐτοῦ,
708 5058 961 5127 καθάπερ
995 5056 1104 5111 ἀπὸ
1135 5056 1246 5109 τῶν
1276 5055 1423 5110 ίδίων
1446 5058 1474 5109 ό
1507 5055 1661 5117 Θεός.

400 5150 575 5207 Ἀλλὰ
606 5147 690 5215 τίς
720 5148 858 5221 αὕτη
890 5151 923 5222 ἠ
958 5148 1309 5212 κατάπαυσις
1335 5147 1417 5201 ἔτι
1450 5149 1791 5217 σαωίστερεν
1822 5164 1899 5200 1:0

2095 5138 2295 5197 Verum
2345 5159 2465 5213 qua:
2521 5144 2590 5199 sit
2644 5146 2756 5200 lum:
2806 5149 3023 5218 requies
3078 5158 3132 5204 et
3174 5150 3451 5219 quomodo
3500 5164 3600 5205 nos

315 5248 475 5302 θεῖτε
536 5245 751 5314 μαθεῖν,
783 5244 880 5297 καὶ
918 5242 1036 5305 πῶς
1088 5242 1179 5296 καὶ
1210 5242 1369 5312 ἡμεῖς
1419 5240 1497 5304 είς
1548 5242 1721 5312 αὐτὴν
1766 5242 1899 5293 clas.

2020 5236 2187 5289 etiam
2219 5237 2270 5289 in
2306 5253 2424 5290 eam
2464 5237 2839 5308 ingrediuntur
2897 5240 3111 5308 plenius
3136 5241 3348 5297 discere
3376 5241 3599 5296 deside-

311 5335 667 5406 λευσόμεθας
707 5335 805 5388 "Av
841 5335 908 5387 τὰ
943 5332 1081 5403 ἔργα
1132 5329 1415 5400 μάθωμεν,
1450 5323 1525 5383 ὧν
1550 5328 1625 5390 ὡς
1655 5328 1899 5407 ἀνάρχων

2022 5329 2189 5384 ratis?
2219 5330 2273 5384 Si
2306 5345 2470 5405 opera
2496 5332 2772 5387 discamus
2802 5349 2923 5403 quae
2954 5340 3140 5403 utpote
3164 5333 3325 5389 initio
3355 5336 3600 5390 carentia

316 5431 560 5485 δντωνό
593 5428 723 5490 Θεὸς
766 5426 866 5479 οὐκ
901 5426 1129 5495 ἧρξατο,
1170 5423 1252 5477 ῐτι
1283 5422 1484 5495 μᾶλλον
1535 5423 1631 5477 καὶ
1672 5422 1771 5493 τῆς
1811 5440 1911 5478 κα-

314 5520 657 5583 ταπαύσεως
712 5516 941 5589 ταύτης,
986 5519 1081 5571 καὶ
1124 5518 1221 5588 τῆς
1256 5515 1397 5586 πρὸς
1442 5515 1611 5587 αὐτὴν
1664 5513 1906 5571 εἰσελεύ-

389 5706 463 5737 διο
499 5701 657 5761 “an.
683 5720 735 5767 ν,
771 5702 854 5760 l7,
932 5702 1146 5759 "Psul.
1192 5716 1334 5764 xciv.
1375 5700 1459 5755 ll.
1539 5698 1585 5730 “
1626 5696 1789 5757 Hebr.
1823 5715 1892 5763 tv.
1917 5701 1974 5759 ι.

2021 5423 2163 5481 Deus
2188 5426 2503 5497 neutiquam
2531 5425 2758 5496 incepit,
2788 5426 2959 5496 magis
2984 5429 3149 5483 etiam
3176 5428 3315 5481 lianc
3355 5428 3598 5496 requiem

2018 5527 2071 5571 ct
2092 5520 2366 5589 quomodo
2392 5519 2446 5575 in
2473 5532 2592 5575 eam
2616 5518 2991 5589 ingrediantur
3021 5519 3413 5591 intelligemus.
3441 5519 3609 5587 ριιιε-
