4114 6224
386 233 497 298 245

1687 238 2021 301 'BOMILIA
2052 240 2268 305 XVIII.

3528 244 3634 312 246

391 344 503 413 γὰρ
527 346 591 400 ἂν
618 344 777 416 είπερ
805 338 934 411 εἶδε,
956 347 1049 399 καὶ
1075 346 1268 419 χερσὶν
1294 348 1494 421 ῆψατο,
1524 347 1620 403 καὶ
1651 350 1954 420 συντυγχά-

2078 358 2288 407 ξοειηηοο
2344 354 2717 411 cucurrissent
2746 353 2814 409 ad
2856 364 3294 419 monumentum.
3326 366 3381 412 et
3405 375 3637 432 conspe-

390 452 576 501 νοντος
605 438 828 509 ἤκουσε,
859 438 1085 493 τοιαῦτα
1116 440 1321 508 ἔλεγεν,
1354 442 1438 494 ὅτι
1470 436 1655 511 Ἦραν
1686 444 1780 495 καὶ
1816 459 1951 511 μετ-

394 525 620 594 έθηκαν,
653 527 786 581 ὅπου
823 527 902 593 δὲ,
930 528 1031 582 οὐκ
1062 529 1325 599 οίδαμεν;
1367 529 1527 583 Ἀλλά
1561 530 1701 599 μετά
1736 529 1828 584 τὸν
1852 531 1954 585 Πέ-

2064 444 2171 497 etis
2231 443 2305 498 ibi
2361 442 2769 501 linteaminibus
2804 448 3147 514 redivissent,
3209 449 3397 515 Maria,
3435 451 3635 521 inquit.

2064 534 2245 587 stabat
2269 537 2335 587 ad
2377 546 2790 592 monumentum
2824 537 2978 599 foris.
3004 542 3244 609 plorans.

392 635 529 687 τρου
576 620 671 673 καὶ
720 619 968 675 Ἰωάννου
1018 621 1221 692 δρόμον
1249 626 1342 680 ὲπὶ
1371 623 1463 678 τὸν
1506 625 1699 693 τάφον,
1728 627 1820 678 καὶ
1851 628 1951 696 τὴν
1986 628 2105 681 ἐκεῖ
2155 628 2284 681 θέαν
2342 630 2451 683 τῶν
2498 630 2728 685 ὀθονίων
2778 633 2876 686 καὶ
2906 634 3009 702 τὴν
3073 636 3355 704 ἐπάνοδον,
3445 638 3633 707 Μαρία

394 710 660 778 είστήκει.
693 710 849 778 φησὶ,
880 711 1015 781 πρὸς
1042 713 1101 767 τὸ
1145 716 1416 783 μνημεῖον
1467 713 1729 769 κλαίουσα
1760 716 1891 783 ἔξω.

478 799 671 867 Ὀρᾶτε
719 800 796 864 ὡς
854 801 929 874 μὴ
989 804 1151 872 μόνον
1187 805 1339 860 οὔπω
1367 803 1531 875 εἶδεν,
1587 806 1852 862 ἀλλὀύδὶ
1893 806 1961 861 δι’

392 889 566 961 ἀκοῆς
597 892 1222 966 ὲπληροφορήθηςνκαὶ
1276 900 1386 953 τῶν
1436 901 1874 971 ἐπιφαινομένων
1902 902 1959 955 δὲ

390 984 599 1054 ταύτην
650 986 1042 1056 ὶρωτησάντων
1088 991 1358 1059 ἀγγέλων,
1392 992 1581 1059 Γύναι,
1614 996 1668 1047 τί
1702 994 1952 1061 κλαίειςς

393 1071 580 1141 ικιίνη
614 1074 777 1128 πάλιν
816 1078 894 1141 ὼς
947 1081 1077 1147 περὶ
1107 1083 1303 1149 νεκροῦ
1356 1084 1743 1153 ἀποκρίνεται·
1794 1084 1872 1149 ὡς
1898 1084 1957 1139 δὲ

395 1168 702 1232 στραφεῖσα
748 1168 840 1221 τδν
910 1170 1117 1242 Ἰησοῦν
1143 1168 1303 1239 εἶδεν,
1346 1175 1467 1229 οὐδὲ
1499 1174 1661 1229 πάλιν
1695 1178 1955 1248 συνῆκεν,

391 1254 510 1305 ἀλλ’
537 1257 865 1331 ἐρωτωμένη
893 1262 985 1315 καὶ
1015 1265 1150 1335 παρ’
1172 1265 1361 1329 αὑτοῦ,
1391 1267 1443 1321 τί
1495 1268 1672 1323 κλαίει
1698 1310 1714 1336 ,
1746 1268 1814 1323 τὰ
1849 1286 1958 1323 πα·-

395 1348 676 1417 ραπλήσια
734 1353 1052 1422 φθέγγεται,
1100 1358 1205 1420 ἕως
1232 1354 1292 1413 οὗ
1322 1360 1381 1425 ἐξ
1428 1360 1697 1432 ὀνόματος
1749 1362 1959 1424 ἐκεῖνος

394 1438 567 1507 αὐτὴν
605 1440 862 1509 καλέσας,
913 1446 1105 1500 ἑαυτὸν
1164 1450 1509 1519 παρέστησεν
1536 1451 1684 1509 ὄντα.
1722 1453 1857 1509 Τότε
1886 1455 1958 1523 δὴ

395 1533 786 1596 προσπεσοῦσα
835 1537 930 1591 καὶ
959 1540 1120 1609 αὑτὴ,
1146 1542 1244 1594 καὶ
1271 1542 1513 1613 ζητοῦσα
1541 1542 1633 1598 τὸν
1665 1545 1959 1616 ἀσπασμὸν

391 1618 508 1681 τοῖς
531 1620 740 1677 ἐκείνου
774 1625 902 1680 ποσὶ
927 1634 1336 1698 προσενεγκεῖν,
1369 1632 1571 1701 ἤκουσε
1606 1634 1740 1704 παρ’
1767 1635 1957 1702 αὐτοῦ,

2138 804 2415 861 Videtisne
2444 820 2565 861 eam
2604 822 2709 862 non
2757 808 2935 863 solum
2984 809 3229 864 nondum
3279 811 3506 877 vidisse,
3538 811 3635 867 sed

2065 898 2228 951 etiam
2259 898 2499 952 nondum
2537 898 2814 953 audivisse
2844 899 3175 956 Dominum?
3215 900 3283 956 Et
3326 904 3637 972 apparenti~

2065 987 2173 1044 bus
2224 989 2436 1057 angelis
2496 991 2589 1059 qui
2639 1006 2759 1045 eam
2811 992 3290 1063 interrogaverunt
3342 994 3635 1050 dicentes:

2065 1078 2279 1145 Mulier,
2300 1081 2429 1151 quid
2461 1081 2688 1152 ploras?
2718 1082 2808 1136 illa
2826 1082 3021 1138 iterum
3046 1094 3304 1155 tanquam
3331 1083 3639 1140 demortuo

2065 1173 2401 1243 respondet;
2442 1185 2497 1228 et
2546 1174 2768 1245 quando
2807 1192 3089 1233 converstr-
3106 1178 3240 1233 vidit
3277 1176 3485 1243 Jesum,
3536 1190 3638 1230 nec

2063 1262 2243 1317 adhuc
2278 1263 2521 1333 agnovit,
2554 1264 2650 1318 sed
2676 1264 2744 1317 ab
2774 1280 2840 1318 eo
2863 1266 3192 1335 interrogata
3220 1264 3352 1335 quid
3377 1263 3637 1334 ploraret,

2064 1353 2414 1409 vehementer
2445 1353 2776 1410 lamentatur
2807 1356 2982 1411 donec
3018 1356 3109 1410 ille
3134 1370 3273 1410 eanr
3287 1354 3512 1410 nomine
3538 1368 3638 1424 ap-

2068 1446 2280 1517 pellans
2334 1446 2687 1517 semetipsum
2750 1448 3022 1502 viventem
3079 1448 3297 1502 obtulit.
3332 1445 3639 1516 Tunclpsa
3748 1506 3750 1509 ,

2065 1554 2283 1609 quoque
2314 1538 2627 1607 procidens,
2654 1547 2709 1593 et
2745 1538 2973 1608 cupiens
3012 1538 3175 1609 pedes
3202 1537 3323 1607 ejus
3360 1538 3649 1608 amplecti,

2064 1631 2133 1683 ab
2160 1644 2225 1683 eo
2256 1629 2467 1683 audivit
2504 1646 2519 1683 :
2551 1627 2675 1684 Noli
2718 1646 2805 1685 me
2836 1642 3055 1701 tangere
3085 1646 3101 1695 ;
3138 1643 3168 1683 a
3196 1644 3304 1700 quo
3336 1627 3639 1695 discimus,

394 1710 489 1780 Μή
542 1728 648 1783 μου
698 1715 911 1773 ἆπτου·
964 1722 1093 1791 παρ’
1130 1715 1191 1775 οὗ
1252 1724 1625 1797 μανθάνομεν,
1677 1727 1753 1792 ὡς
1787 1728 1955 1797 ἡνίκα

2078 1722 2312 1791 ιυοοξσιιι
2362 1722 2580 1789 quando
2607 1721 2758 1792 prius
2798 1724 2947 1777 visus
2996 1730 3079 1777 est
3120 1721 3271 1777 Matri
3319 1723 3641 1792 ceterisque

398 1800 669 1875 πρότερον
722 1804 876 1880 ὤφθη
935 1814 1003 1881 τῇ
1064 1829 1125 1866 τε
1154 1814 1340 1885 Μητρὶ
1373 1817 1469 1871 καὶ
1495 1822 1616 1882 ταῖς
1673 1820 1963 1886 συνούσαις

2078 1812 2389 1868 mulieribus
2419 1814 2832 1880 comitantibus,
2867 1814 2993 1869 huic
3020 1815 3121 1869 soli
3150 1812 3297 1870 dedit
3329 1811 3491 1883 pedes
3514 1820 3639 1868 tan-

400 1894 538 1967 αὐτῇ
577 1898 846 1967 γυναιξὶν,
901 1903 1038 1973 αὐτῇ
1067 1907 1203 1980 μόνῃ
1253 1911 1349 1964 καὶ
1376 1908 1486 1964 τῶν
1514 1912 1693 1966 ποδῶν
1718 1913 1963 1983 ἅψασθαι

2078 1919 2215 1977 gere,
2261 1906 2361 1960 etsi
2404 1904 2690 1962 Mattbrnus
2741 1906 2885 1962 istud
2943 1906 3068 1960 aliis
3120 1905 3441 1961 mulieribus
3485 1916 3641 1959 com-

400 1989 696 2060 παρέσχεν,
727 1995 776 2047 εί
803 1995 896 2049 καὶ
924 1999 951 2049 ό
981 1997 1256 2063 Ματθαίος
1305 2008 1693 2059 κοινοποιεῖται
1716 2008 1816 2061 καὶ
1843 2011 1966 2071 ταῖς

400 2077 584 2142 ἄλλοις
630 2083 850 2152 γυναιξὶ
894 2087 1071 2154 τοῦτο,
1116 2089 1193 2161 μὴ
1226 2091 1396 2147 θέλων
1440 2095 1509 2149 δι’
1537 2099 1603 2167 ἢν
1650 2098 1751 2168 τὴν
1788 2099 1968 2172 ἀρχὴν

401 2172 613 2245 ἔφημεν
658 2178 862 2246 αἰτίαν,
900 2183 1151 2253 φανερῶς
1180 2186 1277 2257 τὴν
1302 2188 1531 2258 Μητέρα
1576 2190 1843 2259 προάγειν
1872 2192 1968 2246 ἐπὶ

400 2269 511 2322 τῶν
539 2272 818 2329 τοιούτων.
859 2275 1013 2330 Ἐπεὶ
1041 2276 1097 2332 δὲ
1130 2278 1272 2347 μετὰ
1302 2280 1360 2334 τὸ
1392 2279 1617 2352 πρώτην
1660 2283 1840 2337 ἐλθεῖν
1873 2283 1967 2337 ἐπὶ

402 2360 495 2411 τὸν
522 2360 694 2431 τάφον
749 2362 846 2435 τὴν
874 2365 1238 2437 άιιπάρθενον
1280 2370 1524 2440 Μαρίαν,
1583 2372 1680 2427 καὶ
1742 2373 1969 2444 πρώτην

402 2452 464 2506 τὺ
489 2452 804 2524 εὐαγγέλιον
828 2460 926 2529 τῆς
952 2460 1301 2523 ἀναστάσεως
1327 2462 1582 2528 δέξασθαι
1620 2464 1815 2519 πολλαὶ
1839 2481 1969 2520 συν-

404 2541 586 2611 ῆλθον,
610 2547 819 2600 καὶτὸν
850 2547 996 2601 λίθον
1042 2545 1180 2604 εἶδον
1230 2552 1728 2620 ἀποκεκυλισμένον
1781 2556 1971 2609 κάκεϊο

406 2652 517 2697 ναι.
545 2639 640 2692 καὶ
661 2639 771 2693 τῶν
791 2640 1037 2708 ἀγγέλων
1056 2642 1317 2713 ἥκουσαν,
1351 2645 1669 2701 ὲπανιοῦσαι
1705 2648 1843 2717 μετὰ
1872 2649 1972 2721 τὴν

403 2729 664 2802 τοιαύτην
697 2732 865 2798 ἀκοὴν
898 2735 991 2787 καὶ
1020 2733 1147 2788 θέαν
1170 2735 1569 2808 ἐμερίσθησαν.
1603 2739 1712 2792 Καὶ
1759 2740 1815 2794 αἱ
1848 2740 1970 2811 μὲν,

410 2821 663 2893 καθάπερ
706 2823 734 2875 ὁ
770 2823 998 2894 Μάρκος
1043 2825 1195 2897 φησὶ,
1250 2845 1271 2880 t
1317 2827 1521 2900 ἔφυγον
1562 2830 1670 2886 ἀπὸ
1698 2830 1795 2886 τοῦ
1829 2850 1973 2906 μνη-

412 2915 590 2983 μείου,
638 2933 732 2969 και
776 2917 921 2987 εἶχεν
975 2919 1147 2983 αὑτάς
1200 2920 1365 2989 φόϐος
1418 2924 1512 2977 καὶ
1555 2924 1847 2995 ἔκστασις,
1880 2930 1978 2982 καὶ

410 3006 591 3061 οὐδενὶ
647 3008 799 3060 οὐδὲν
828 3007 1000 3076 εἶπον,
1055 3012 1344 3079 ἐφοϐοῦντο
1370 3016 1478 3083 γάρ
1501 3033 1515 3046 ·
1556 3036 1575 3068 ι
1614 3020 1669 3071 al
1696 3017 1753 3072 δὲ
1782 3021 1851 3090 τῇ
1880 3018 1974 3073 τοῦ

412 3098 620 3168 Κυρίου
656 3100 872 3155 εἵποντο
926 3103 1132 3174 Μητρὶ,
1180 3102 1235 3158 αἱ
1288 3105 1383 3158 καὶ
1429 3109 1528 3176 τῆς
1567 3107 1662 3161 τοῦ
1692 3108 1973 3163 Δεσπότου

413 3188 539 3256 θέας
565 3195 659 3247 καὶ
688 3194 907 3264 ὁμιλίας
955 3194 1237 3265 ἐπέτυχον.
1287 3195 1355 3250 Ἦ
1380 3198 1438 3251 δι
1465 3196 1805 3271 Μαγδαληνὴ
1840 3202 1978 3274 πρὸς

415 3284 626 3355 Πέτρον
656 3288 750 3340 καὶ
803 3285 1058 3355 Ἰωάννην
1108 3284 1298 3360 ἀπῄει,
1330 3286 1450 3356 μεθ’
1478 3280 1553 3342 ὧν
1577 3288 1675 3343 καὶ
1713 3289 1852 3360 πρὸς
1886 3290 1980 3347 τδν

413 3379 587 3446 τάφον
620 3378 783 3433 πάλιν
816 3379 1033 3448 ἔρχεται
1071 3378 1206 3449 μόνη
1229 3394 1245 3411 α
1290 3380 1562 3434 κάκείνων
1588 3382 1984 3453 ἀναχωρησάν-

413 3487 546 3537 των,
570 3471 709 3541 αύτὴ
728 3471 1120 3541 παραμείνασα
1134 3473 1233 3541 τῆς
1260 3473 1595 3542 Δεσποτικῆς
1618 3474 1862 3538 ἀξιοῦται
1887 3478 1983 3530 καὶ

416 3562 555 3634 αῦτη
579 3563 729 3627 θιας,
755 3567 848 3616 καὶ
876 3562 1013 3632 πρὸς
1041 3562 1169 3625 τοὺς
1192 3563 1519 3625 ἀποστόλους
1543 3564 1633 3614 καὶ
1663 3563 1803 3635 αὕτη
1840 3566 1981 3636 πέμ-

417 3674 603 3724 πεται,
660 3659 756 3710 καὶ
816 3658 954 3727 πρὸς
985 3656 1185 3718 αὐτοὺς
1212 3654 1435 3728 ἔρχεται
1482 3655 1666 3723 πάλιν,
1702 3656 1979 3725 ἀπαγγέλ-

414 3747 586 3803 λουσα
642 3750 828 3812 πᾶσιν,
866 3748 959 3810 ’ὡς
1003 3746 1254 3815 Ἰωάννης
1308 3748 1496 3817 φησὶν,
1552 3765 1575 3800 ε
1615 3746 1735 3801 Ὀτι
1768 3748 1979 3820 ἑώρακε

415 3843 508 3896 τὸν
540 3842 767 3911 Κύριον,
798 3840 893 3895 καὶ
926 3839 1101 3893 ταῦτα
1132 3836 1285 3894 εἶπεν
1313 3838 1475 3910 αὐτῇ.
1503 3859 1523 3894 ι

487 3933 708 4003 Ταύτην
765 3927 860 3987 οὖν
917 3931 1019 4003 τὴν
1055 3929 1187 3984 Metu
1220 3928 1368 3999 πρωῒ
1396 3946 1531 4000 φησι
1563 3930 1657 3985 καὶ
1692 3932 1721 3984 ὁ
1752 3929 1982 3999 Μάρκος

416 4021 695 4094 γενέσθαι,
724 4022 979 4078 τουτέστι
1014 4021 1162 4074 κατὰ
1186 4020 1285 4091 τὴν
1314 4021 1602 4092 ἀκραιφνῆ
1638 4021 1737 4089 τῆς
1766 4022 1982 4092 ἡμέρας

417 4114 615 4185 ἀρχὴν,
657 4114 758 4168 τοῦ
790 4114 989 4184 ὄρθρου
1037 4110 1404 4182 παρελθόντος
1446 4111 1670 4175 παντὸς,
1718 4113 1834 4166 ἀλλ’
1859 4113 1983 4183 οὐχὶ

418 4206 519 4275 τὴν
543 4205 639 4259 τοῦ
676 4205 882 4276 Κυρίου
914 4204 1240 4268 ἀνάστασιν,
1278 4202 1402 4257 οὐδὲ
1433 4202 1531 4275 τὴν
1555 4206 1778 4274 πρώτην
1814 4203 1983 4257 αὐτοῦ

420 4298 742 4367 ιπιφάνιιαν
776 4297 897 4349 τότε
960 4296 1212 4364 γενέσθαι
1260 4294 1689 4366 ἰσχυριζόμενος.
1750 4294 1985 4366 Ἐχομεν

2068 2012 2236 2051 mune
2275 1996 2459 2063 iaciat,
2504 2014 2674 2068 quum
2725 2000 2889 2053 nollet
2951 2005 3169 2067 propter
3216 2010 3333 2051 eam
3376 2005 3541 2065 quam
3583 1993 3639 2049 in

2069 2092 2345 2164 principio
2396 2093 2693 2149 retulimus
2749 2108 3002 2157 causam,
3068 2098 3255 2161 aperte
3304 2090 3529 2145 Matrem
3585 2090 3641 2144 in

2072 2186 2271 2241 talibus
2326 2186 2761 2242 circumstantiis
2830 2194 3022 2239 testem
3099 2182 3365 2253 proferre.
3439 2182 3641 2237 Verum

2073 2297 2199 2337 cum
2253 2282 2428 2352 prima
2460 2282 2779 2351 sepulcrum
2841 2280 3010 2334 Maria
3060 2292 3276 2350 semper
3311 2278 3471 2347 Virgo
3526 2277 3647 2331 adi-

2072 2374 2266 2440 visset,
2308 2375 2594 2444 primaque
2645 2384 2970 2444 prosperum
3024 2370 3449 2428 resurrectionis
3492 2383 3642 2423 nun-

2076 2467 2209 2521 tium
2227 2466 2545 2536 accepisset,
2570 2467 2754 2535 plures
2781 2469 3006 2519 aderant
3032 2478 3153 2533 quae
3184 2462 3389 2531 pariter
3409 2459 3639 2527 lapidem

2073 2558 2332 2613 viderunt
2370 2556 2677 2612 revolutum
2706 2556 3042 2624 angelosque
3071 2553 3392 2617 audierunt;
3445 2550 3644 2619 qulbus

2076 2649 2279 2705 auditis
2321 2658 2377 2704 et
2417 2650 2548 2703 visis
2597 2655 2930 2704 revertentes
2961 2649 3149 2702 divisis
3180 2653 3326 2701 sunt.
3358 2645 3491 2698 Aliae
3522 2645 3645 2714 qni-

2076 2742 2219 2807 dem,
2279 2742 2418 2797 sicut
2480 2742 2693 2796 Marcus
2737 2740 2895 2807 dixit,
2954 2759 2975 2795 t
3012 2741 3268 2810 fugerunt
3333 2736 3401 2793 de
3450 2751 3638 2791 monu-

2079 2845 2283 2902 mento,
2341 2836 2612 2890 invaserat
2670 2837 2813 2890 enim
2869 2850 2967 2890 eas
3014 2843 3221 2889 tremor
3249 2840 3305 2888 et
3350 2844 3543 2901 pavor,
3594 2840 3648 2883 et

2079 2928 2286 2985 nemini
2325 2929 2619 2998 quidquam
2672 2928 2981 2983 dixerunt:
3018 2926 3282 2982 timebant
3329 2924 3478 2980 enim
3506 2922 3572 2976 ⁸⁸.
3620 2938 3639 2971 ι

2080 3022 2216 3076 Alia:
2270 3036 2399 3076 vero
2460 3032 2659 3075 secutas
2715 3028 2845 3076 sunt
2908 3018 3135 3074 Matrem
3210 3015 3430 3072 Domini
3486 3014 3649 3084 Cujus

2079 3120 2302 3181 aspectu
2355 3121 2409 3166 et
2437 3110 2713 3182 colloquio
2750 3112 2947 3182 gavisa:
2994 3120 3141 3166 sunt.
3176 3107 3491 3179 Magdalene
3521 3121 3651 3162 vero

2080 3204 2147 3257 ad
2195 3202 2411 3258 Petrum
2458 3211 2518 3258 et
2552 3202 2820 3259 Joannem
2872 3202 3029 3267 abiit,
3077 3201 3405 3271 quibuscum
3456 3198 3524 3254 ad
3560 3211 3650 3253 se-

2079 3294 2333 3364 pulcrum
2381 3310 2574 3351 rursus
2606 3293 2760 3349 venit
2814 3294 2955 3359 sola,
2996 3294 3197 3366 quibus
3241 3292 3655 3358 recedentibus,

2083 3383 2198 3453 ipsa
2231 3399 2559 3453 permanens
2587 3383 2873 3439 Dominico
2907 3384 3128 3453 dignata
3170 3389 3257 3438 est
3296 3393 3520 3451 aSpectu
3546 3422 3561 3442 .
3597 3393 3654 3434 et

2082 3476 2151 3528 ad
2200 3473 2477 3541 apestolos
2511 3474 2629 3543 ipsa
2669 3488 2889 3544 quoque
2922 3474 3177 3538 mittitur,
3224 3476 3281 3527 et‘
3325 3472 3391 3528 ad
3427 3487 3523 3528 eos
3563 3487 3652 3527 re-

2082 3562 2333 3625 vertitur,
2351 3562 2691 3617 ‘anuuntians
2716 3564 2995 3628 omnibus,
3022 3566 3165 3619 sicut
3184 3562 3370 3618 retulit
3386 3560 3654 3629 Joannes,

2088 3669 2109 3705 ι
2147 3650 2287 3719 Quia
2327 3652 2438 3706 vidi
2473 3651 2789 3716 Dominum,
2822 3662 2876 3707 ct
2908 3655 3021 3708 haec
3056 3655 3191 3708 dixit
3223 3652 3359 3707 mihi
3386 3650 3454 3705 ".
3487 3667 3507 3702 ι

2154 3907 2326 3987 Igitur
2373 3917 2516 3973 hanc
2560 3917 2825 3973 visionem
2879 3931 3037 3971 mane
3097 3916 3295 3972 iactam
3344 3929 3468 3973 esse
3518 3914 3655 3971 dixit

2086 4008 2325 4074 Marcus,
2370 4009 2423 4063 id
2475 4017 2561 4065 est
2605 4009 2660 4064 in
2694 4010 2816 4076 ipso
2861 4009 2970 4063 diei
3020 4008 3214 4070 initio.
3268 4006 3511 4063 diluculo
3540 4007 3651 4073 jam

2084 4118 2310 4173 prorsus
2336 4103 2541 4173 elapso.
2576 4118 2683 4157 non
2714 4110 2893 4157 autem
2927 4101 3140 4156 Domini
3171 4102 3654 4158 Resurrectionem

2086 4208 2139 4250 et
2168 4198 2397 4265 primam
2430 4195 2549 4265 ejus
2584 4195 2974 4264 apparitiouem
3018 4202 3153 4249 tunc
3179 4195 3481 4265 contigisse
3513 4192 3656 4248 auir-

2086 4294 2221 4339 mat.
2244 4283 2806 4353 Penitusiuvestigata
2843 4284 3103 4338 habemus
3135 4281 3653 4353 Ungueutiferarum

421 4389 485 4461 δὴ
514 4388 584 4443 τά
611 4389 720 4443 τῶν
748 4386 1092 4459 Μυροφόρων
1118 4387 1495 4456 ἡκριδωμένα,
1529 4387 1625 4439 καὶ
1654 4386 1751 4457 τὴν
1776 4385 1974 4440 ἄνωθεν

2091 4386 2234 4441 acta,
2272 4382 2326 4431 et
2380 4390 2545 4443 supra
2581 4378 2865 4443 quaesitam
2907 4385 3139 4445 quatuor
3185 4375 3652 4443 evangelistarum

423 4482 768 4553 ζητουμένην
808 4481 904 4533 ιπὶ
934 4480 1162 4543 ταύταις
1196 4472 1306 4532 τῶν
1361 4483 1649 4542 τεσσάρων
1699 4479 1987 4546 εὐαγγελι-

427 4574 571 4627 στῶν
633 4572 977 4642 συμφωνίαν.
1030 4572 1099 4626 Ol
1126 4571 1183 4624 δὲ
1232 4569 1479 4639 μαθηταὶ
1528 4568 1649 4623 κατ’
1686 4569 1858 4639 αὐτὴν
1888 4569 1987 4637 τὴν

426 4668 639 4736 ἡμέραν
688 4664 786 4734 τῆς
832 4662 1184 4725 ἀναστάσεως
1213 4658 1367 4732 παρά
1393 4674 1455 4713 τε
1506 4658 1615 4712 τῶν
1647 4658 1992 4729 Μυροφόρων

422 4756 755 4817 ἀκούσαντες
801 4752 1018 4807 καὶτοῦ
1063 4753 1289 4819 Πέτρου,
1345 4749 1440 4805 καὶ
1477 4751 1625 4818 παρὰ
1658 4750 1846 4805 Δουκᾶ
1893 4749 1990 4802 καὶ

427 4847 666 4911 Κλεόπα,
698 4845 782 4898 ὅτι
810 4849 838 4897 ὁ
895 4842 1092 4914 Κύριος
1152 4842 1240 4911 ζῇ,
1294 4843 1390 4896 καὶ
1425 4842 1627 4913 ἐθεάθη
1663 4841 1755 4894 ὑπ’
1782 4840 1987 4907 αὐτῶν,

416 4940 737 5009 ,ἡπίστησαν
755 4953 767 4967 ι
790 4937 871 4990 διδ
897 4938 989 4989 καὶ
1011 4935 1363 4999 ὀνειδίζονται
1380 4934 1512 5004 παρ’
1538 4930 1725 4997 αὐτοῦ,
1758 4927 1988 5003 ὕστερον

428 5028 681 5084 συνοῦσιν
704 5022 1059 5096 ἐπιφανέντος
1088 5028 1295 5089 αὐτοῖς.
1317 5027 1472 5079 Μετὰ
1495 5026 1552 5077 δι
1588 5025 1646 5078 τδ
1669 5024 1757 5077 διὰ
1781 5024 1989 5079 πολλῶν

427 5126 525 5177 καὶ
546 5120 805 5183 πολλάκις
842 5120 1039 5174 ἑαυτὸν
1089 5118 1444 5188 παραστῆσαι
1477 5114 1678 5179 ζῶντα,
1738 5117 1839 5169 οὐκ
1868 5116 1994 5168 ἐπί-

430 5224 663 5263 στευσαν
695 5209 854 5277 μόνον
894 5200 1113 5273 πάντες,
1143 5206 1281 5260 ἀλλὰ
1332 5207 1429 5259 καὶ
1479 5204 1755 5276 ἐκήρυξαν
1790 5222 1999 5258 παντα-

428 5295 526 5368 χοῦ
548 5311 563 5327 ·
623 5315 640 5347 ι
677 5297 767 5358 Εἰς
798 5296 979 5349 πᾶσαν
1008 5296 1116 5366 γὰρ
1166 5295 1263 5365 τὴν
1315 5296 1417 5363 γῆν
1446 5294 1667 5365 ἐξῆλθεν
1694 5297 1723 5347 ὁ
1752 5295 1991 5364 φθόγγος

2086 4467 2457 4524 concordiam.
2521 4468 2775 4536 Discipuli
2838 4481 3000 4530 vero,
3039 4467 3165 4535 ipsa»
3210 4465 3655 4522 Resurrectionis

2085 4564 2174 4619 die
2198 4603 2214 4629 ,
2266 4578 2390 4615 cum
2427 4561 2495 4615 ab
2524 4561 2632 4616 illis
2665 4560 3004 4625 mulieribus,
3032 4574 3244 4613 necnon
3300 4573 3331 4612 a
3363 4558 3550 4624 Petro,
3598 4568 3656 4613 et

2089 4654 2390 4711 secundum
2429 4652 2655 4717 Lucam,
2689 4665 2716 4704 a
2751 4651 2991 4719 Cleopha
3026 4649 3359 4704 audivissent
3381 4650 3517 4723 quia
3551 4650 3657 4703 Do-

2099 4748 2283 4802 minus
2313 4745 2444 4799 vivit
2472 4753 2525 4799 et
2571 4745 2641 4799 ab
2689 4745 2769 4799 eis
2797 4744 2946 4797 visus
2980 4754 3086 4806 est,
3138 4740 3363 4797 minime
3412 4744 3658 4797 credide-

2098 4848 2220 4893 runt
2244 4854 2259 4903 ;
2286 4838 2405 4892 ideo
2430 4835 2730 4904 increpavit
2756 4850 2849 4890 eos
2882 4836 3167 4898 Deminus,
3199 4849 3389 4889 rursus
3417 4836 3497 4890 eis
3526 4850 3661 4889 con-

2095 4930 2331 4999 gregatis
2366 4943 2656 4999 apparens.
2689 4925 2792 4983 Sed
2813 4938 3097 4997 postquam
3121 4927 3398 4982 multoties
3419 4928 3659 4998 seipsum

2094 5018 2161 5071 iis
2191 5018 2372 5070 vivum
2414 5016 2721 5079 obtulisset,
2741 5031 2851 5071 non
2880 5015 3041 5070 modo
3069 5016 3423 5072 crediderunt
3445 5031 3659 5081 omnes,

2095 5111 2189 5165 sed
2246 5118 2301 5164 et
2331 5109 2533 5177 ubique
2574 5108 3046 5177 pradicaverunt;
3097 5124 3223 5163 nam
3284 5128 3303 5160 ι
3335 5110 3392 5163 In
3440 5124 3658 5165 omnem

2100 5213 2298 5258 terram
2329 5202 2492 5255 exivit
2527 5216 2695 5257 sonus
2720 5216 2933 5269 eorum,
2968 5211 3022 5257 et
3049 5202 3102 5255 in
3151 5202 3287 5255 lines
3311 5204 3463 5256 orbis
3503 5212 3663 5255 terra:

2097 5300 2264 5352 verba
2301 5310 2487 5347 eorum
2516 5294 2584 5361 ",
2622 5313 2640 5345 ι
2686 5312 2705 5345 ι
2746 5293 2980 5349 Domino
3014 5303 3337 5364 cooperante
3375 5301 3430 5346 et
3459 5304 3665 5346 sermo—-

428 5386 631 5452 αὐτῶν,
660 5388 754 5441 καὶ
787 5388 1186 5457 είςτὰπέρατα
1209 5386 1307 5457 τῆς
1338 5388 1659 5467 οἰκουμένης
1680 5388 1747 5439 τὰ
1774 5388 1974 5456 ῥήματα

2104 5403 2227 5442 nem
2258 5386 2619 5442 conﬁrmante
2640 5386 2997 5457 sequentibus
3021 5384 3193 5454 signis
3216 5383 3320 5436 ἰδ
3354 5381 3487 5437 Nam
3509 5382 3664 5451 signa

432 5478 632 5544 αὐτῶν,
666 5498 693 5531 s
727 5498 745 5533 ι
782 5480 887 5534 τοῦ
919 5480 1135 5553 Κυρίου»
1158 5477 1565 5551 συνεργοῦντος,
1595 5481 1689 5532 καὶ
1722 5480 1814 5532 τὸν
1838 5477 1974 5547 λόγο·

2103 5481 2279 5536 donec
2308 5480 2657 5549 verbumper
2678 5494 2889 5535 omnem
2923 5487 3120 5536 terram
3145 5476 3498 5547 praedicatur:
3523 5469 3665 5529 ειιὶι-

512 5658 558 5691 ⁶³
586 5657 753 5717 Marc.
796 5680 906 5730 ενι,
938 5665 991 5721 8.
1071 5662 1301 5721 "Joan.
1328 5680 1419 5732 xx,
1445 5665 1530 5721 l8.
1612 5663 1655 5699 ⁷⁸
1683 5663 1830 5721 Psal.
1860 5678 1974 5721 xvu

2078 5661 2107 5715 ι.
2186 5658 2230 5694 ’⁸
2272 5658 2437 5716 Marc.
2479 5659 2713 5726 “1,20.
