4096 6222
515 224 617 293 251

1774 221 2159 289 GREGORII
2198 199 2526 286 PALAM/s

3642 231 3759 297 252

518 338 803 411 Evangelii
848 352 1039 394 vorem
1074 352 1087 389 :
1129 356 1147 389 ι
1186 336 1345 392 Venit
1398 336 1453 390 in
1507 335 1782 391 civitatem
1839 336 2100 391 Samaria:

2209 339 2343 392 κατὰ
2383 340 2482 412 τὴν
2533 343 2775 415 σήμερον
2824 344 3337 417 ἀναγινωσκομένην
3383 344 3465 411 είς
3523 346 3773 415 ιπήκοον

520 447 643 497 quze
696 430 896 487 dicitur
951 429 1183 493 Sicbar,
1237 430 1394 499 juxta
1442 430 1698 499 praedium
1753 428 1897 497 quod
1952 428 2105 483 dedit

519 524 691 581 Jacob
721 524 924 594 Ioseph
968 524 1081 579 tilio
1117 538 1218 578 suo
1243 522 1314 577 ".
1357 542 1375 576 ι
1438 521 1565 576 Erat
1605 521 1676 575 ibi
1731 519 1853 577 fons
1890 521 2102 588 Jac-ob;

525 617 729 671 fontem
762 624 983 685 puteum
1011 615 1173 679 dixit,
1203 614 1328 682 quia
1352 629 1549 683 aquam
1576 629 1639 667 ex
1668 611 1817 668 fonte
1846 613 2103 679 habebat,

525 716 583 761 ut
616 716 767 777 patet,
799 722 860 761 ex
892 706 1073 761 verbis
1099 703 1527 775 praecedentibus
1553 722 1568 771 ;
1597 704 1780 761 Jacobi
1809 714 1947 774 erat,
1977 708 2105 777 quia

524 798 613 854 hic
644 815 766 855 eum
804 799 1033 853 (oderat.
1090 797 1361 853 Praedium
1396 813 1524 853 vero
1553 799 1698 867 quod
1749 796 1918 855 Iacob
1958 798 2107 853 dedit

522 886 761 958 Joseplio
812 897 930 944 erat
981 890 1245 958 Sicliem;
1284 891 1361 944 ait
1408 892 1553 946 enim
1590 894 1660 946 ad
1698 906 1825 947 eum
1855 890 2106 947 ultimum

525 980 712 1035 emans
753 981 1003 1051 spiritum
1043 982 1096 1037 in
1134 979 1393 1053 Egypto,
1443 991 1497 1037 et
1528 991 1913 1039 testamentum
1946 998 2108 1039 suum

524 1072 934 1128 eonscribcns:
970 1093 990 1127 c
1028 1071 1107 1128 En
1135 1089 1235 1146 ego
1278 1073 1504 1138 morior,
1541 1090 1643 1131 vos
1677 1084 1856 1132 autem
1887 1076 2111 1133 reducet

531 1166 676 1221 Deus
714 1179 777 1223 ex
823 1176 967 1222 terra
1023 1168 1121 1223 ista
1156 1166 1224 1222 ad
1276 1177 1478 1222 terram
1524 1175 1739 1238 patrum
1769 1175 2111 1226 vestrorum.

529 1260 606 1314 Do
651 1259 748 1316 tibi
801 1260 1022 1316 Sichem
1070 1274 1284 1332 partem
1315 1276 1480 1316 unam
1510 1270 1663 1316 extra
1700 1260 1899 1318 fratres
1937 1271 2063 1320 tuos
2090 1304 2108 1330 ,

530 1369 695 1423 quam
750 1354 849 1409 tuli
884 1355 951 1409 de
986 1370 1149 1411 manu
1200 1353 1504 1410 Amorrliaei
1559 1354 1611 1410 in
1661 1354 1845 1426 gladio
1892 1367 1945 1412 et
1978 1372 2108 1414 arcu

531 1461 653 1501 meo
671 1445 773 1501 ".i
802 1444 930 1502 Ideo
958 1445 1175 1503 Sichem
1202 1448 1381 1503 stabat
1412 1447 1464 1501 in
1498 1462 1559 1502 ea
1598 1458 1751 1517 parte
1778 1462 1883 1518 qua
1919 1457 2109 1519 postea

531 1538 780 1594 constitit
827 1539 1004 1594 tribus
1039 1538 1297 1611 prraim
1354 1540 1447 1595 ﬁlii
1485 1540 1685 1612 Joseplt
1734 1542 2103 1614 primogenitl,

2207 431 2299 484 τοῦ
2347 431 2675 501 [εὐαγγελίου
2718 436 2940 506 φωνήν
2978 455 2996 489 ι
3028 437 3286 508 Ἔρχεται
3337 439 3418 501 είς
3469 437 3620 492 πόλιν
3666 440 3777 504 τῆς

2207 522 2519 593 Σαμαρείας
2564 525 2865 596 λεγομένην
2910 528 3100 598 Σιχάρ,
3155 527 3382 598 πλησίον
3431 527 3526 583 τοῦ
3568 527 3777 597 χωρίου

2205 605 2266 667 οὗ
2299 614 2499 669 ἔδωκεν
2541 616 2737 670 ’ῐακὼὸ
2786 619 2982 689 Ἰωσὴφ
3032 618 3108 689 τῷ
3151 618 3255 690 υίῷ
3297 616 3485 674 αὑτοῦ.
3522 636 3543 671 ›
3583 617 3783 689 Πηγὴν

2208 708 2309 778 μιν
2346 707 2439 762 οὖν
2476 710 2538 762 τὸ
2578 712 2755 782 φρέαρ
2811 711 2944 782 φησί
2967 728 2984 746 ο
3026 712 3087 766 τὸ
3107 713 3216 784 γὰρ
3254 712 3398 783 ὕδωρ
3434 713 3667 780 πηγαῖον
3692 701 3781 764 εἶ-

2206 815 2323 869 χεν,
2346 800 2421 863 ὡς
2446 799 2606 870 δῆλον
2637 802 2790 856 ἔσται
2818 804 3095 877 προϊόντος
3130 802 3222 858 τοῦ
3249 805 3411 872 λόγου
3423 820 3443 867 ,·
3470 804 3564 857 τοῦ
3580 798 3781 857 Ἰακὼϐ

2206 892 2263 963 δὲ
2288 888 2376 963 ἦν,
2408 894 2707 966 ἐπειδήπερ
2735 899 2941 961 ἐκεῖνος
2967 898 3173 967 ὤρυξεν
3214 899 3367 954 αὐτό.
3395 899 3470 953 Τδ
3492 898 3549 953 δὲ
3576 896 3783 969 χωρίον

2207 984 2237 1039 δ
2264 984 2427 1040 ιδωκε
2451 987 2528 1058 τῷ
2560 988 2758 1060 Ἰωσὴφ
2788 990 2816 1043 ό
2852 988 3045 1044 Ἰακὼϐ
3082 991 3151 1044 τά
3193 991 3415 1061 Σίκημά
3461 992 3610 1044 ἐστι’
3638 988 3785 1060 φησι

2209 1078 2319 1149 γάρ
2358 1079 2493 1149 πρὸς
2533 1080 2695 1134 αὐτὸν
2723 1080 2791 1134 τὰ
2845 1080 3051 1152 ἔσχατα
3084 1084 3263 1139 πνέων
3297 1086 3355 1137 iv
3396 1082 3656 1152 Αἰγύπτῳ
3681 1082 3786 1136 καὶ

2207 1166 2583 1241 διατιθέμενος
2604 1187 2620 1202 ’
2654 1191 2675 1225 ε
2714 1172 2845 1227 Ἰδοὺ
2872 1173 2981 1243 εγὼ
3008 1170 3337 1244 ἀποθνήσκω
3361 1192 3377 1209 ο
3402 1176 3547 1244 ὑμᾶς
3568 1173 3624 1229 δὲ
3644 1174 3789 1228 ἀπο-

2212 1259 2437 1333 στρέψει
2475 1262 2503 1316 δ
2540 1262 2675 1328 Θεὸς
2707 1266 2772 1319 ἐκ
2799 1264 2901 1333 τῆς
2927 1265 3033 1336 γῆς
3054 1264 3258 1336 ταύτης
3287 1265 3367 1328 είς
3414 1265 3515 1336 τὴν
3537 1264 3639 1332 γῆν
3666 1262 3787 1319 τῶν

2212 1353 2465 1425 πατέρων
2494 1355 2671 1426 ἡμῶν.
2709 1355 2851 1426 Ἐγὼ
2879 1357 2936 1411 δὲ
2980 1356 3176 1428 δίδωμί
3210 1374 3291 1412 σοι
3331 1355 3785 1429 Σίκημαὲξαίρα-

2210 1464 2302 1501 τον
2333 1449 2483 1518 παρά
2520 1449 2647 1512 τοὺς
2690 1448 2953 1519 ἀδελφούς
2984 1468 3104 1517 σου,
3150 1449 3223 1522 ἥν
3250 1448 3443 1505 ιλαδον
3496 1451 3561 1504 lx
3594 1446 3786 1521 χειρὸς

2211 1537 2321 1593 τῶν
2356 1538 2700 1612 ’Δμοῤῥαίων
2750 1540 2808 1593 έν
2836 1543 2902 1611 τῇ
2940 1539 3187 1614 μαχαίρᾳ
3238 1558 3344 1612 μου
3393 1540 3493 1596 καὶ
3531 1539 3610 1612 τῷ
3638 1536 3787 1612 τόξῳ

528 1648 690 1702 quem
722 1631 870 1688 circa
920 1632 1099 1687 locum
1153 1633 1477 1689 habitabant
1507 1634 1691 1690 decem
1733 1635 1908 1692 tribus
1937 1634 2103 1693 lsrael

2216 1648 2341 1701 μου.
2369 1649 2387 1682 ι
2418 1631 2509 1684 Διὸ
2538 1630 2607 1684 τά
2640 1630 2738 1701 μὲν
2766 1631 2984 1702 Σίκημα
3009 1633 3307 1703 κατῳκεῖτο
3330 1632 3487 1703 llo
3511 1629 3662 1703 παρά
3677 1632 3790 1701 τῆς

528 1739 698 1795 super
728 1739 865 1794 quas
907 1724 1154 1793 regnavit
1202 1722 1491 1781 Jeroboam
1541 1735 1812 1797 apostata.
1842 1726 1946 1792 Qui
1980 1742 2105 1783 cum

2224 1721 2463 1792 Ἐφραὶμ
2511 1720 2687 1791 φυλῆς
2728 1722 2974 1794 ὕστερον,
3030 1722 3091 1786 δς
3138 1718 3209 1795 ἦν
3265 1722 3381 1787 υίὸς
3432 1720 3785 1793 πρωτότοκος

528 1817 732 1886 saepius
789 1816 957 1872 Deum
991 1814 1368 1884 otiendisseut,
1420 1831 1561 1887 saepe
1622 1819 1688 1873 ab
1733 1834 1799 1874 eo
1859 1820 2105 1876 dereiicti

2209 1812 2305 1867 τοῦ
2339 1813 2534 1884 Ἰωσήφ
2556 1830 2570 1846 ·
2616 1812 2712 1868 τὸν
2759 1812 2815 1868 δὲ
2847 1814 2975 1886 περὶ
3005 1815 3146 1870 αὐτὰ
3195 1815 3361 1870 τόπον
3403 1814 3682 1886 κατῴκουν
3715 1828 3785 1883 αι

526 1907 764 1978 denique
799 1907 1041 1965 universi
1071 1908 1217 1963 ducti
1254 1918 1384 1965 sunt
1427 1908 1481 1963 in
1516 1908 1909 1979 captivitatem,
1950 1910 2022 1965 ita
2050 1919 2106 1966 ut

2209 1906 2337 1959 δέκα
2366 1906 2532 1973 φυλαὶ
2559 1906 2654 1959 τοῦ
2694 1905 2932 1978 Ἰσραὴλ,
2970 1900 3045 1961 ὧν
3082 1907 3367 1980 Ίιροδοάμ
3396 1910 3424 1962 ό
3465 1908 3789 1979 ἀποστάτης

528 2013 629 2070 pro
653 1999 736 2054 eis
767 2000 931 2054 varia:
960 2013 1147 2069 gentes
1176 2012 1205 2052 a
1244 2014 1368 2069 rege
1390 1999 1739 2069 Assyriorqu
1767 2009 2106 2071 congregatae

2209 1992 2360 2070 ἦρξε.
2405 1996 2892 2069 Προσκρούσαντες
2928 1999 2985 2054 δὲ
3016 2000 3094 2071 τῷ
3133 1999 3259 2081 Θεῇ
3303 2000 3564 2061 πολλάκις
3609 1992 3787 2065 οὗτοι,

528 2092 586 2147 iu
618 2106 807 2149 eorum
847 2092 965 2146 loco
1001 2090 1427 2146 iubabitaverint
1469 2101 1524 2146 et
1575 2092 1974 2149 Samaritarum
2013 2106 2106 2148 no-

2209 2090 2301 2145 καὶ
2348 2088 2609 2155 πολλάκις
2654 2090 3195 2159 ἑγκαταλειφθέντες.
3243 2092 3471 2163 ὕστερον
3530 2089 3785 2161 παγγενῆ

526 2198 652 2239 nten
698 2199 726 2238 a
780 2192 964 2239 monte
997 2183 1193 2239 Somor
1240 2184 1571 2252 acceperint.
1640 2183 2106 2249 Quemadmodum

2212 2182 2501 2253 γεγόνασιν
2529 2184 2890 2256 αίχμάλωτοι,
2920 2188 2996 2248 ὡς
3023 2186 3139 2240 ἀντ’
3169 2186 3354 2241 αὐτῶν
3392 2186 3519 2258 ἔθνη
3547 2186 3787 2256 διάφορα

528 2274 886 2345 pragrediens
912 2273 1108 2339 Jacob,
1144 2274 1287 2329 sicut
1320 2283 1510 2330 narrat
1545 2275 1797 2340 historia,
1847 2276 2106 2331 habitavit

2214 2274 2646 2345 συμφορήσαντα
2676 2273 2769 2327 τὸν
2797 2274 3034 2343 ἄρχοντα
3057 2274 3167 2329 τῶν
3197 2276 3497 2347 Ἀσσυρίων
3528 2278 3782 2344 ἐγκατοι-

526 2361 684 2435 iusta
720 2368 911 2424 urbem
946 2366 1343 2430 Sicltimorum,
1396 2369 1469 2423 ita
1510 2383 1663 2424 nunc
1695 2366 1955 2423 Christus
1994 2382 2106 2436 pru-

2215 2368 2379 2435 κῆσαι
2404 2366 2481 2435 τῷ
2504 2366 2675 2435 τόπῳ,
2703 2366 2797 2418 καί
2841 2365 3184 2438 Σαμαρείτας
3209 2367 3319 2422 ἀπὸ
3347 2368 3443 2422 τοῦ
3481 2369 3639 2439 δρους
3679 2366 3786 2420 Σο-

528 2461 781 2527 grediens
801 2461 1257 2531 appropinquavit
1280 2464 1348 2516 ad
1380 2458 1702 2517 Samariam.
1731 2460 1835 2517 Sed
1881 2461 1969 2517 ille
1996 2462 2106 2531 qui‘

2220 2457 2324 2526 μορ
2353 2454 2601 2510 καλέσαι.
2647 2456 2916 2525 Καθάπερ
2945 2458 3000 2511 δὲ
3042 2462 3561 2531 παραπορευόμενος
3607 2462 3637 2515 δ
3680 2463 3783 2516 Ἰαρ-

536 2555 685 2620 dem,
717 2564 777 2609 ut
806 2556 919 2627 ipse
956 2555 1110 2615 dixit.
1168 2558 1221 2611 in
1278 2555 1459 2626 gladio
1490 2567 1544 2610 et
1599 2572 1765 2620 arcu,
1819 2557 1873 2611 id
1923 2567 2009 2614 est
2043 2558 2106 2612 ad

2220 2548 2356 2615 κὼό,
2388 2548 2463 2613 ὡς
2495 2551 2527 2616 ἡ
2576 2548 2788 2619 ἱστορία
2826 2550 2984 2619 φησὶ,
3014 2552 3399 2623 παρεστήσατο
3436 2553 3504 2607 τὰ
3537 2554 3783 2625 Σίκημα,

529 2649 756 2704 exitium
788 2658 843 2704 et
882 2650 1095 2703 ruinam
1160 2650 1407 2719 priorum
1431 2647 1833 2713 habitantium,
1859 2646 2106 2703 Christus

2209 2643 2351 2698 οὕτω
2400 2644 2922 2715 παραπορευόμενος
2952 2647 2980 2697 ό
3022 2645 3259 2716 Χριστὸς
3290 2646 3409 2713 νῦν,
3460 2648 3785 2718 ὑπηγάγετο

531 2755 663 2796 vero
689 2740 741 2795 in
778 2755 1029 2795 sermone
1055 2750 1109 2794 et
1131 2739 1402 2804 doctrina,
1433 2748 1485 2794 et
1515 2740 1744 2809 proinde
1766 2740 1833 2792 ad
1859 2738 2106 2794 salutem.

2209 2739 2311 2808 τὴν
2341 2737 2671 2807 Σαμάρειαν.
2710 2734 2853 2790 Ἀλλ’
2896 2737 3102 2801 ἐκεῖνος
3130 2738 3250 2808 μὲν,
3282 2738 3359 2802 ὡς
3399 2738 3562 2803 αὑτός
3589 2755 3778 2811 φησιν,

538 2832 701 2890 cNam
733 2833 919 2898 Jesus,
953 2832 1215 2903 fatigatus
1234 2848 1299 2888 ex
1336 2832 1551 2897 itinere,
1590 2832 1812 2888 sedebat
1843 2833 1923 2887 sic
1946 2846 2106 2902 supra

2209 2832 2272 2884 ἰν
2299 2832 2365 2901 τῇ
2400 2830 2648 2901 ῥομφαίᾳ
2672 2830 2771 2885 καὶ
2822 2828 2902 2900 τῷ
2946 2830 3087 2901 τόξῳ
3121 2831 3306 2898 αὐτοῦ,
3364 2832 3607 2902 δηλονότι
3640 2833 3783 2904 πρὸς

532 2930 761 2982 fontem.
808 2923 948 2978 Hora
979 2932 1097 2978 erat
1127 2924 1284 2991 quasi
1315 2933 1489 2979 sexta.
1524 2941 1549 2977 ε

2213 2910 2594 2990 ιξολόθρευσιν
2631 2926 2727 2977 καὶ
2755 2920 3036 2976 ἀπώλειαν
3062 2923 3171 2976 τῶν
3201 2924 3468 2997 πρότερον
3498 2925 3776 2981 ἐνοικούν-

530 3040 638 3075 ⁴ιων
664 3036 679 3051 ’
706 3001 736 3074 δ
761 3020 817 3073 δὲ
844 3018 1081 3090 Χριστὸς
1110 2999 1339 3087 ἐν’λόγῳ
1364 3019 1459 3072 καὶ
1512 3015 1855 3090 διδασκαλίᾳ,
1890 3018 1971 3072 διδ
1996 3020 2092 3072 καὶ
2128 3016 2263 3087 πρὸς
2294 3016 2575 3088 σωτηρίαν
2600 3030 2617 3049 ο
2651 3034 2672 3071 ε
2705 3016 2767 3071 '0
2797 3016 2908 3089 γὰρ
2950 3015 3161 3087 Ἰησοῦς
3220 3016 3594 3086 κακοπιακὼς.
3662 3036 3775 3091 φη-

532 3118 639 3178 civ,
674 3117 738 3170 ὲκ
768 3116 867 3184 τῆς
894 3110 1224 3183 ὁδοιπορίας,
1261 3110 1495 3182 ἐκάθητο
1521 3111 1694 3175 οὕτως
1718 3113 1813 3167 ἐπὶ
1833 3114 1899 3182 τῇ
1925 3111 2102 3181 πηγῇ·
2141 3106 2261 3179 ὥρα
2282 3103 2351 3181 ἦν
2379 3107 2510 3161 ὡσεὶ
2537 3108 2695 3179 ἕκτη.
2728 3128 2748 3163 ι

603 3208 747 3265 liora
778 3216 831 3263 et
868 3205 1113 3275 fatigatio
1149 3212 1208 3259 ut
1235 3203 1449 3260 sedet-et
1498 3204 1804 3259 invitabant
1852 3219 1975 3259 eum
2007 3203 2097 3270 qui

2276 3202 2386 3257 Καὶ
2410 3202 2443 3272 ἡ
2466 3200 2583 3272 ῶρα
2615 3204 2709 3257 καὶ
2736 3204 2764 3257 δ
2794 3203 2964 3268 κόπος
2984 3206 3159 3260 ἐδίδου
3188 3205 3465 3277 καθῆσθαι
3492 3206 3586 3263 τὸν
3613 3208 3775 3281 σῶμα

492 3300 495 3303 λ
527 3317 731 3373 corpus
760 3308 949 3356 nostro
980 3288 1333 3369 nequaquum
1357 3296 1606 3353 absimile
1646 3294 1919 3352 induerat.
1952 3293 2107 3362 Quod

532 3404 591 3449 ut
635 3396 1038 3449 demonstraret
1094 3398 1148 3444 et
1200 3389 1441 3444 futuram
1490 3389 1833 3459 prospiciens
1893 3390 2106 3443 lucrum

530 3467 807 3552 sedit-sic,
838 3494 899 3538 ut
927 3484 1130 3539 dictum
1160 3494 1266 3547 est,
1300 3496 1463 3547 supra
1498 3480 1725 3553 fontem,
1760 3481 1810 3534 id
1849 3490 1928 3534 est
1963 3493 2109 3533 mere

532 3578 705 3645 humi,
721 3577 867 3633 solus
888 3574 1041 3645 quasi
1064 3585 1114 3629 et
1135 3589 1274 3628 unus
1296 3573 1568 3628 exrmuitis
1586 3573 1790 3637 viator;
1816 3571 1935 3641 ejus
1962 3573 2105 3624 enim

528 3670 786 3740 discipuli
830 3669 1080 3723 abierant
1137 3667 1191 3721 in
1244 3666 1522 3721 civitatem
1574 3676 1631 3720 ut
1662 3666 1814 3721 cibos
1842 3673 2106 3719 emerent.

533 3767 667 3820 Dum
726 3777 856 3833 ergo
902 3761 983 3816 sic
1030 3761 1180 3816 solus
1222 3777 1386 3830 supra
1434 3760 1639 3814 fontem
1681 3760 1918 3823 sederet,
1958 3758 2108 3814 venit

532 3856 730 3911 mulier
763 3854 831 3908 de
868 3852 1118 3908 Samaria
1168 3852 1397 3905 haurire
1434 3866 1661 3921 aquam;
1699 3849 1968 3904 Dominus
2005 3863 2108 3902 au-

531 3955 640 4001 tem
675 3952 729 4002 et
772 3944 967 4001 sitiens
1016 3952 1073 3998 ut
1131 3942 1317 4007 homo,
1379 3951 1433 3997 et
1486 3942 1866 4011 obsequiosam
1918 3939 2107 3995 videns

533 4056 654 4111 qua:
684 4038 752 4093 ad
802 4036 947 4092 sitim
996 4036 1291 4092 sedandam
1325 4034 1596 4101 veniebat,
1630 4050 1861 4089 cernens
1894 4049 2019 4087 vero
2050 4045 2109 4088 ut

537 4136 679 4186 Deus
704 4145 822 4185 eam
851 4143 992 4197 aqua
1026 4127 1213 4180 salutis
1247 4126 1401 4179 sitire
1432 4139 1595 4194 quam
1622 4124 1801 4193 ipsum
1830 4123 2108 4193 impertire

537 4223 840 4282 nesciebat,
897 4220 1254 4289 semelipsum
1308 4218 1507 4271 animas
1564 4214 1808 4285 diligenti
1862 4214 2107 4270 revelare

535 4319 726 4387 coepit.
792 4315 957 4377 Nam,
1012 4312 1151 4367 sicut
1206 4311 1470 4379 scriptum
1516 4316 1640 4373 est,
1686 4308 1973 4377 diligentes
2048 4321 2108 4361 se

2212 3295 2624 3364 περικείμενον,
2655 3294 2843 3349 ὁποῖόν
2877 3297 2995 3351 ἐστι
3025 3298 3084 3352 τὸ
3118 3297 3389 3371 ἡμέτερον
3411 3314 3428 3332 ·
3451 3298 3611 3355 τοῦτο
3661 3302 3779 3356 τοία

2210 3404 2305 3441 νυν
2336 3386 2723 3457 πιστούμενος,
2757 3388 2931 3442 καὶτὸ
2962 3389 3155 3459 μέλλον
3203 3391 3392 3462 κέρδος
3450 3391 3779 3465 προὸλέπων

2210 3479 2469 3550 ἐκάθητο,
2504 3481 2693 3550 φησὶν,
2765 3480 2938 3545 οὕτως
2998 3483 3092 3535 ἐπὶ
3144 3487 3208 3555 τῇ
3272 3488 3447 3556 πηγῇ,
3499 3488 3781 3544 τουτέστιν

2210 3574 2425 3641 ἀφελῶς
2461 3576 2653 3643 χαμαὶ,
2708 3577 2867 3644 μόνος
2901 3576 2973 3639 ὡς
3005 3570 3083 3639 εἷς
3139 3577 3245 3630 τῶν
3300 3579 3510 3633 πολλῶν
3542 3579 3723 3647 ὁδίτης
3755 3596 3774 3613 ο

2208 3667 2258 3719 oi
2284 3670 2393 3738 γὰρ
2419 3668 2658 3738 μαθηταὶ
2711 3667 2877 3721 αὑτοῦ
2918 3669 3357 3741 ἀπεληλύθεισαν
3413 3674 3493 3735 είς
3541 3673 3641 3746 τὴν
3673 3674 3775 3727 πό-

2210 3758 2316 3825 λιν,
2347 3759 2435 3813 ἵνα
2496 3761 2700 3831 τροφὰς
2754 3762 3090 3830 ἀγοράσωσι.
3142 3764 3551 3835 Μεμονωμένου
3595 3764 3778 3821 τοίνυν

2212 3850 2385 3912 οὔτως
2418 3851 2510 3904 ἐπὶ
2538 3855 2603 3923 τῇ
2634 3855 2784 3922 πηγῇ
2836 3853 3176 3925 καθημένου,
3229 3856 3445 3924 ἔρχεται
3508 3857 3649 3929 γυνὴ
3709 3861 3781 3915 ἐκ

2214 3939 2308 4007 τῆς
2343 3941 2656 4010 Σαμαρείας
2706 3943 2972 4013 ἀντλῆσαι
3036 3944 3199 4015 ὕδωρ·
3240 3948 3268 3999 ό
3319 3947 3377 4000 δὲ
3432 3949 3639 4018 Κύριος
3676 3951 3778 4006 καὶ

2212 4028 2383 4097 διψῶν
2434 4031 2509 4095 ὡς
2538 4032 2844 4103 ἄνθρωπος,
2873 4035 2965 4089 καὶ
2988 4036 3087 4105 τὴν
3136 4036 3365 4107 ἔχουσαν
3414 4040 3773 4107 ἀνθρωπίνως

2211 4124 2309 4192 τὴν
2341 4123 2507 4192 δίψαν
2557 4124 2764 4178 παῦσαι
2817 4130 3271 4199 παραγενομένην
3307 4127 3457 4194 ἰδὼν,
3510 4130 3654 4199 ὁρῶν
3714 4130 3773 4185 δι

2212 4214 2288 4276 ὡς
2315 4212 2448 4276 Θεὸς
2490 4216 2587 4268 καὶ
2628 4215 2727 4283 τὴν
2758 4215 2958 4287 ταύτης
2991 4218 3222 4287 καρδίαν
3273 4219 3515 4289 διψῶσαν
3580 4221 3775 4286 ὓδατος

2212 4304 2504 4375 σωτηρίου,
2531 4305 2622 4359 τὸν
2667 4306 2723 4359 δὲ
2755 4307 3051 4376 δυνάμενον
3105 4308 3263 4363 τοῦτο
3318 4312 3626 4382 παρασχεῖν
3672 4312 3780 4364 οὐκ

537 4410 737 4480 diligit.
771 4408 961 4477 Incipit
992 4416 1173 4459 autem
1217 4418 1322 4472 qua
1356 4400 1463 4455 erit
1489 4408 1766 4468 acceptus,
1797 4407 1858 4453 et
1889 4396 1957 4452 ad
1985 4412 2105 4453 eam

2210 4397 2437 4463 εἰδυῖαν,
2463 4398 2814 4467 ἀποκαλύψαι
2849 4400 2946 4467 μὲν
2993 4402 3183 4455 ἑαυτὸν
3230 4402 3514 4471 ἐπείγεται
3575 4405 3640 4475 τῇ
3669 4420 3773 4458 πο-

536 4504 670 4558 dixit
710 4520 724 4556 :
762 4521 780 4554 ι
829 4501 899 4554 Da
962 4497 1092 4552 milii
1152 4497 1359 4551 bibere.
1395 4513 1414 4547 ι
1474 4494 1570 4550 Illa
1617 4508 1748 4549 vero
1799 4508 1921 4549 cum
1963 4500 2106 4547 esset

2212 4490 2383 4564 θούσῃ
2424 4490 2573 4563 ψυχῇ
2595 4508 2613 4525 ο
2648 4492 2806 4544 ποθεῖ
2834 4494 2941 4562 γάρ
2994 4495 3089 4546 καὶ
3125 4495 3283 4557 αὐτὸς
3310 4495 3438 4561 τοὺς
3478 4494 3780 4561 ποθοῦντας

535 4595 843 4668 perspicax,
884 4601 939 4646 et
967 4607 1034 4644 ex
1091 4589 1205 4643 sola
1236 4597 1406 4650 veste,
1446 4603 1512 4641 ex
1546 4586 1740 4650 forma,
1769 4600 1835 4640 cx
1860 4581 2106 4639 decentia

2215 4582 2357 4635 κατὰ
2388 4582 2449 4635 τδ
2475 4582 2863 4652 γεγραμμένον
2888 4598 2902 4613 ο
2933 4583 3163 4653 ἄρχεται
3204 4584 3262 4637 δὲ
3302 4586 3427 4640 ὅθεν
3477 4587 3783 4656 εὑπαράδε-

541 4690 678 4746 iuris
710 4686 948 4753 fulgente
974 4698 1099 4737 eum
1135 4696 1256 4735 esse
1287 4678 1533 4734 Jurkeum
1570 4678 1818 4750 legisque
1857 4678 2106 4732 observa‘

2213 4690 2343 4738 κτος
2388 4674 2568 4739 ἔσται,
2606 4674 2700 4726 καί
2733 4691 2863 4743 φησι
2907 4675 3043 4744 πρὸς
3072 4675 3277 4744 αὐτὴν⁹
3316 4694 3338 4727 ι
3378 4679 3475 4741 Δός
3509 4695 3600 4746 μοι
3636 4677 3779 4750 ὕδωρ

542 4796 717 4836 torem
766 4776 1113 4843 intelligeret,
1170 4772 1355 4837 Miror,
1403 4770 1601 4839 inquit,
1656 4770 1929 4839 quomodo
1980 4778 2035 4821 tu
2083 4783 2106 4822 ε

2216 4768 2380 4819 πιεῖν.
2414 4783 2435 4817 ι
2484 4765 2550 4818 Ἡ
2577 4765 2634 4817 δὲ
2660 4760 2859 4837 συνετὴ
2924 4764 3083 4834 οὖσα,
3139 4770 3233 4819 καὶ
3294 4769 3404 4823 ἀπὸ
3463 4770 3631 4843 μόνης
3680 4773 3779 4842 τῆς

540 4871 769 4927 tuulicre
800 4866 1141 4920 Samaritana
1174 4864 1356 4933 poscis
1391 4862 1612 4926 bibere;
1642 4858 1811 4915 Judaei
1838 4860 1983 4914 enim
2018 4861 2106 4913 Sa-

2215 4859 2406 4929 στολῆς
2453 4859 2673 4912 καὶτοῦ
2711 4860 2991 4930 σχήματος
3053 4862 3148 4914 καὶ
3183 4860 3285 4930 τῆς
3347 4862 3778 4935 ἐπιφαινομένης

541 4958 831 5015 maritanis
885 4963 1073 5024 utpote
1133 4954 1360 5025 paganis
1419 4967 1528 5006 non
1588 4957 1901 5007 coutuntur.
1956 4947 2106 5005 Unde

2212 4950 2412 5018 εξωθεν
2446 4951 2803 5021 κοσμιότητος
2852 4951 3107 5004 ’ίουδαίόν
3136 4968 3194 5004 τε
3244 4953 3375 5005 ὄντα
3409 4954 3653 5018 συνεῖσα,
3683 4954 3781 5007 καὶ

543 5051 808 5105 Dominus
839 5050 1186 5104 occasionem
1226 5047 1374 5115 cepit
1426 5044 1778 5114 semetipsum
1808 5041 2106 5108 revelandi,

2213 5044 2308 5098 τοῦ
2336 5046 2502 5115 νόμου
2549 5044 2787 5115 φύλακα,
2820 5043 3117 5114 Θαυμάζω,
3152 5044 3281 5116 ἔφη,
3330 5043 3451 5110 πῶς
3494 5044 3647 5112 παρά
3670 5045 3778 5099 Σα-

540 5144 607 5199 sd
638 5158 758 5197 eam
792 5142 980 5195 dicens
1018 5157 1034 5195 :
1068 5159 1088 5192 ‹
1127 5139 1185 5195 Si
1214 5139 1384 5192 scires
1414 5138 1614 5191 donum
1642 5135 1760 5200 Dei,
1798 5142 1852 5189 et
1879 5134 2004 5205 quis
2030 5146 2106 5189 est

2220 5137 2526 5206 μαρεῐτιδος
2565 5138 2734 5201 αίτεῖς
2769 5142 2942 5205 πόμα,
2975 5135 3084 5189 τῶν
3126 5136 3395 5192 Ἰουδαίων
3449 5137 3780 5206 τοίςΣαμα-

544 5236 636 5308 qui
672 5234 804 5289 dicit
834 5234 930 5290 tibi
959 5252 973 5288 :
1008 5232 1079 5285 Da
1111 5230 1242 5285 mihi
1277 5229 1485 5293 bibere,
1538 5236 1591 5282 tu
1628 5228 1856 5282 forsitan
1885 5225 2106 5297 petisses

2220 5229 2427 5297 ρείταις
2468 5228 2797 5292 ῶςὲθνικοῖς
2830 5225 2946 5282 οὖσι
2983 5229 3065 5299 μὴ
3111 5227 3535 5284 κοινωνούντων.
3613 5227 3673 5281 ⁸ο
3720 5227 3779 5280 δι

539 5331 614 5385 ab
651 5344 738 5397 eo,
774 5338 828 5384 ct
856 5327 1097 5383 dedisset
1124 5325 1219 5379 tibi
1251 5338 1446 5393 aquam
1484 5322 1685 5375 vivam.

2219 5321 2427 5393 Κύριος
2457 5322 2713 5392 ἀφορμῆς
2763 5322 3069 5392 λαὸόμενος
3116 5324 3307 5377 ἑαυτὸν
3364 5320 3782 5376 ἀποκαλύπτειν

540 5401 807 5495 ἄρχεται,
827 5417 1158 5492 πρὸςαὺτὴν
1184 5415 1363 5485 λέγων
1388 5430 1404 5445 ο
1444 5432 1462 5466 ι
1508 5415 1570 5467 Εἰ
1596 5413 1742 5484 ᾕδεις
1768 5413 1864 5482 τὴν
1896 5413 2105 5486 δωρεὰν
2146 5412 2241 5466 τοῦ
2267 5410 2427 5478 Θεοῦ,
2463 5413 2554 5467 καὶ
2584 5412 2671 5478 τίς
2698 5416 2845 5469 ἐστιν
2878 5413 3097 5483 ὀλόγων
3122 5431 3228 5483 σοι,
3281 5415 3380 5477 Δός
3467 5429 3560 5483 μοι
3629 5408 3784 5480 ὕδωρ

540 5520 713 5585 πιεῖν,
726 5516 798 5571 σὺ
818 5515 885 5571 ἀν
911 5514 1119 5587 ᾔτησας
1144 5511 1328 5579 αὐτὸν,
1369 5510 1463 5563 καὶ
1496 5508 1696 5562 ἔδωκεν
1721 5508 1785 5563 ἀν
1839 5524 1922 5561 σοι
1955 5506 2100 5578 ὕδωρ
2140 5508 2269 5573 ζῶν.
2312 5526 2330 5562 ι

619 5695 845 5751 "loeti.
884 5707 955 5759 tv,
996 5693 1049 5748 5.
1128 5693 1172 5725 ⁷⁸
1207 5691 1345 5746 ch.
1385 5688 1688 5754 xci-111,21.
