4114 6224
223 287 313 353 329

1551 288 1887 351 HOMILIA
1926 288 2107 349 xxv.
3348 248 3461 333 230'

222 401 299 454 σία
316 395 655 482 τοῦΧριστοῦ
682 397 901 469 τιμῶσα
923 399 1017 452 καὶ
1046 399 1188 469 μετὰ
1219 399 1453 456 Θάνατον
1475 404 1600 465 τοὺς
1634 381 1779 454 κατὰ

1887 412 2003 453 rum
2048 398 2141 467 qui
2176 396 2301 450 hinc
2331 394 2387 449 in
2418 392 2509 447 illa
2541 390 2631 447 die
2654 388 3012 445 decesserunt
3040 392 3096 439 et
3124 399 3189 438 ex
3222 382 3327 438 hac
3348 382 3462 437 vita

217 491 335 546 Θεὸν
360 490 431 554 ὥς
447 490 664 561 ἀληθῶς
684 488 979 562 ζήσαντας,
1010 491 1134 546 καθ’
1158 492 1399 564 ἑκάστην
1443 495 1659 566 ἡμέραν
1683 492 1777 546 τοῦ

218 584 447 638 ἑνιαυτοῦ
480 584 703 654 μνήμην
734 584 973 638 ποιεῖται
990 584 1099 639 τῶν
1114 585 1239 639 κατ⁹
1262 586 1435 657 αὐτὴν
1468 587 1775 657 μεταστάν-

217 694 313 729 των
345 674 613 741 ἐντεῦθεν,
642 674 739 730 καὶ
772 677 872 746 τῆς
904 678 1177 749 ὲπικήρου
1205 678 1419 749 ταύτης
1460 678 1606 748 ζωῆς
1645 680 1780 731 ἀπο-

214 772 564 843 δημησάντων
588 767 761 839 ἁγίων
789 783 807 799 ⁸
849 769 939 823 τόν
963 786 1023 823 τε
1058 769 1427 841 βίον·ἑκάστου
1458 772 1779 842 προτιϐείσα

213 868 301 933 τῆς
329 864 481 932 ἡμῶν
517 862 703 915 ἕνεκεν
760 860 1046 929 ὠφελείας,
1104 863 1199 917 καὶ
1223 864 1284 918 es
1340 864 1495 929 τέλος
1536 864 1783 919 ῦποδεικ·

215 954 357 1019 vim,
388 953 496 1007 εἴτε
525 954 649 1037 μετ’
675 954 902 1023 εἰρήνης
934 953 1283 1025 κεκοίμηται,
1316 955 1425 1009 εἴτε
1450 954 1779 1026 μαρτυρικῷ

210 1044 339 1097 τέλει
365 1047 457 1098 τὸν
488 1045 601 1115 βίον
616 1043 955 1099 κατέκλεισε.
989 1044 1106 1099 Νῦν
1131 1046 1190 1099 δὲ
1236 1048 1375 1116 μετὰ
1405 1046 1505 1117 τὴν
1572 1049 1779 1117 Πεντηο

210 1137 397 1207 κοστην
421 1136 554 1205 ὁμοῦ
574 1139 781 1202 πάντας
808 1140 1217 1210 συναγαγοῦσα,
1236 1139 1414 1195 κοινὸν
1437 1142 1621 1206 αὐτοῖς
1647 1142 1777 1194 ἀνα-

208 1226 407 1295 πέμπει
430 1227 520 1280 τὸν
543 1225 733 1297 ῦμνον,
790 1231 849 1283 οὐ
916 1232 1078 1301 μόνον
1129 1232 1209 1284 ὅτι
1259 1232 1467 1296 πάντες
1515 1230 1778 1301 ἀλλήλοις

205 1319 458 1388 ῆνωνται,
479 1321 737 1376 καὶκατὰ
763 1324 862 1389 τὴν
887 1323 1214 1394 δεσποτικὴν
1270 1324 1441 1394 εὐχὴν
1471 1323 1531 1377 ἓν
1591 1325 1733 1378 εἰσιν
1758 1339 1774 1355 ⁸

212 1428 232 1461 ε
259 1412 354 1475 Δὸς
383 1413 493 1485 γὰρ
518 1414 717 1479 αὐτοῖς,
757 1420 891 1486 φησὶ
919 1416 1056 1487 πρὸς
1099 1417 1193 1471 τὸν
1239 1418 1435 1472 ἑαυτοῦ
1476 1419 1691 1489 Πατέρα
1722 1420 1779 1472 ὲν

1883 492 2090 545 caduca
2119 489 2515 559 migraverunt,
2549 491 2657 537 tam
2710 477 3146 547 uniuscujusque
3190 478 3356 530 vitam
3406 478 3461 527 in

1886 578 2064 633 medio
2099 590 2409 649 proponens
2436 582 2657 644 propter
2690 570 2975 626 utilitatem
2998 574 3265 627 nostram,
3289 581 3460 636 quam

1886 685 2115 729 mortem
2140 673 2453 736 ostendens,
2475 672 2588 724 sive
2609 668 2752 738 quod
2776 667 2826 720 in
2848 678 2979 734 pace
2998 660 3346 725 dormierint,
3364 674 3460 714 seu

1886 768 2028 840 quod
2066 766 2326 839 martyrio
2358 766 2523 819 vitam
2562 763 2885 817 clauserint.
2928 758 3102 813 Hodie
3131 767 3313 812 autem
3342 766 3464 824 post

1891 862 2271 926 Pentecosten,
2302 856 2561 912 omnibus
2611 852 2776 908 simul
2812 851 3181 921 Congregatis,
3210 865 3463 905 commu-

1887 967 2008 1006 nem
2039 950 2105 1006 ad
2140 965 2234 1005 eos
2267 950 2526 1021 hymnum
2552 947 2775 1011 emittit,
2818 960 2922 998 non
2953 954 3164 997 tantum
3197 944 3459 1010 quoniam

1885 1057 2075 1097 omnes
2117 1041 2221 1097 sibi
2254 1040 2485 1094 invicem
2524 1037 2805 1107 conjuncti
2847 1045 2995 1101 sunt,
3041 1046 3095 1091 et
3125 1036 3249 1105 quia
3290 1052 3457 1089 unum

1886 1143 2017 1189 sunt
2039 1130 2341 1188 secundum
2366 1128 2671 1184 orationem
2705 1126 3037 1181 dominicam
3070 1142 3084 1179 :
3122 1127 3197 1179 ait
3224 1125 3367 1180 enim
3392 1125 3459 1177 ad

1888 1227 2101 1281 Patrem
2148 1223 2201 1278 in
2242 1221 2549 1292 Evangeliis
2590 1219 2853 1273 Dominus
2901 1233 2917 1270 :
2960 1238 2980 1270 ‹
3034 1218 3109 1273 Da
3142 1218 3222 1272 eis
3256 1228 3313 1269 ut
3356 1218 3417 1269 si:
3445 1228 3472 1269 ε

1887 1333 2081 1384 unum,
2102 1315 2241 1371 sicut
2270 1328 2395 1384 ego,
2420 1312 2602 1379 Pater,
2626 1312 2679 1365 in
2714 1321 2784 1378 te,
2818 1319 2869 1365 et
2897 1318 2949 1363 tu
2980 1311 3031 1365 in
3063 1325 3168 1376 me,
3199 1319 3331 1363 utet
3358 1308 3465 1378 ἱραί

1888 1416 1943 1471 in
1981 1411 2140 1468 nobis
2175 1422 2345 1463 unum
2387 1406 2498 1463 sint
2540 1404 2595 1459 in
2626 1405 2856 1459 veritate
2882 1404 2949 1457 ".
2986 1422 3004 1454 ι

207 1504 551 1574 Εὐαγγελίοις
577 1507 607 1560 6
630 1507 860 1580 Κύριος,
893 1527 911 1562 t
950 1509 1037 1564 ἵνα
1094 1515 1293 1573 πάντες
1340 1509 1398 1564 ἓν
1432 1503 1559 1573 ὦσι,
1596 1510 1849 1582 καθάπερ
1887 1504 2018 1577 ἐγὼ,
2051 1503 2261 1572 Πάτερ,
2298 1501 2357 1555 ὲν
2388 1498 2495 1565 σοὶ,
2526 1497 2623 1550 καὶ
2653 1497 2717 1551 σὺ
2744 1499 2803 1551 ὲν
2838 1495 2983 1567 ἐμοὶ,
3022 1494 3110 1548 ίνα
3160 1493 3255 1547 καὶ
3315 1495 3471 1550 αὐτοὶ

214 1604 269 1655 ὲν
292 1602 425 1673 ημῖν
455 1603 514 1656 ἓν
542 1595 677 1657 ὦσιν
695 1605 752 1659 ιν
781 1604 1033 1679 ἀληθείᾳ.
1064 1622 1087 1659 s

268 1696 341 1749 οὺ
374 1696 543 1764 μόνον
572 1697 755 1751 τοίνυν
788 1699 878 1753 διὰ
908 1699 1069 1754 τοῦτο
1091 1700 1269 1754 κοινδν
1304 1702 1493 1767 αὐτοῖς
1520 1704 1655 1759 πᾶσι
1688 1703 1779 1758 τδν

1958 1696 2102 1764 Non,
2130 1697 2378 1767 inquam,
2399 1699 2624 1765 propter
2648 1692 2754 1747 hoc
2788 1689 2963 1746 solum
2993 1704 3337 1744 communem
3361 1705 3473 1745 om-

209 1787 369 1858 ὕμνον
399 1790 731 1846 ἀποδίδωσιν
768 1792 921 1864 ἠτοῦ
973 1794 1110 1848 Θεοῦ
1176 1793 1498 1865 Ἐκκλησία,
1538 1796 1656 1850 ἀλλ’
1690 1798 1775 1851 ὅτι

207 1881 296 1934 καὶ
329 1882 539 1953 σπουδὴ
567 1882 739 1954 ταύτῃ
777 1884 866 1938 διὰ
897 1902 960 1937 τε
982 1886 1085 1954 τῆς
1103 1886 1266 1953 ἁγίας
1292 1887 1774 1961 Τεσσαρακοστῆς,

208 1974 424 2046 καὶτῆς
470 1976 590 2045 μετ’
648 1978 820 2048 αὐτὴν
867 1979 1272 2051 Πεντηκοστῆς,
1326 1983 1507 2036 πάντα
1540 1981 1607 2037 τὰ
1638 1982 1783 2052 ἔργα

208 2065 438 2135 ὲκφῆναι
492 2066 589 2119 καὶ
622 2068 931 2139 ἀνυμνῆσαι
956 2069 1049 2123 τοῦ
1101 2069 1259 2126 Θεοῦ.
1298 2071 1454 2125 Ἐπεὶ
1479 2068 1574 2128 οὖν
1600 2074 1777 2127 πάντα

207 2154 439 2225 ἐξεῖπεν,
500 2160 577 2224 ὡς
631 2160 782 2214 ἴστε·
815 2161 935 2227 πῶς
979 2162 1081 2233 τὴν
1128 2162 1303 2236 ἀρχὴν
1326 2165 1354 2218 6
1390 2166 1593 2234 κόσμος
1623 2158 1779 2229 οὗτος

204 2253 343 2315 ἅπας
374 2252 593 2319 ἐγένετο
634 2253 739 2305 ὑπὸ
768 2253 903 2307 Θεοῦ
926 2269 943 2287 ο
986 2253 1103 2318 πῶς
1134 2256 1163 2309 6
1202 2254 1371 2326 ’Δδὰμ
1423 2254 1638 2328 leti)qu
1682 2257 1779 2312 τοῦ

209 2345 534 2416 παραδείσου
561 2345 657 2399 καὶ
684 2344 776 2398 τοῦ
799 2344 935 2399 Θεοῦ
956 2361 973 2377 ’
1000 2346 1116 2409 πῶς
1140 2347 1167 2400 6
1190 2348 1359 2401 πάλαι
1383 2348 1519 2413 λαὸς
1549 2349 1777 2421 ἐκλήθη.

208 2438 314 2500 πῶς
363 2439 465 2493 καὶ
520 2437 678 2493 αὐτοὶ
730 2437 1079 2506 παραϐάντες
1118 2437 1438 2511 ἐξώσθησαν
1481 2441 1583 2512 τῆς
1644 2443 1778 2512 πρὸς

207 2532 334 2586 Θεὸν
360 2532 697 2600 οἰκειότητος
717 2547 731 2562 ·
769 2530 887 2596 πῶς
911 2533 939 2585 6
983 2531 1078 2585 τοῦ
1130 2531 1269 2587 Θεοῦ
1324 2526 1624 2606 μονογενὴς
1654 2536 1780 2601 Υίὸς

210 2622 394 2688 κλίνας
421 2623 689 2694 οὐρανοὺς
718 2622 858 2693 ὑπὲρ
891 2623 1052 2695 ημῶν
1106 2624 1371 2695 κατῆλθε,
1396 2627 1494 2680 καὶ
1542 2627 1782 2699 ἔπραξεν

208 2716 343 2787 ὑπὲρ
366 2716 529 2786 ἡμῶν
552 2716 791 2783 ἐξαίσια,
826 2722 923 2771 καὶ
953 2717 1162 2780 ἐδίδαξε
1205 2719 1276 2773 τὰ
1304 2719 1571 2790 σωτήρια,
1609 2720 1782 2776 ἔπαθέ

204 2823 260 2860 τε
285 2807 380 2861 καὶ
404 2806 683 2861 ἀπέθανεν
720 2807 861 2878 ὑπὲρ
896 2807 1077 2877 ἡμῶν,
1114 2809 1211 2863 καὶ
1248 2808 1427 2881 ιτάφη
1467 2810 1543 2875 ὡς
1567 2812 1786 2883 ἄνθρωρ

206 2913 319 2963 πος,
356 2900 459 2951 καὶ
491 2896 566 2961 ὡς
616 2898 750 2962 Θεὸς
777 2898 977 2969 ἀνίστη
1003 2900 1325 2973 τριήμερος,
1365 2899 1457 2957 καὶ
1503 2905 1582 2965 είς
1617 2905 1785 2976 οὒραα

209 2991 353 3054 νοῦς,
382 2989 512 3045 ὅθεν
539 2990 637 3046 καὶ
669 2990 960 3057 κατῆλθεν,
994 2990 1223 3060 ὕστερον
1255 2994 1396 3062 μετὰ
1425 2993 1630 3065 σαρκὸς
1659 2997 1783 3049 ἀνε-

1882 1795 2046 1851 nibus
2085 1794 2348 1865 hymnum
2378 1785 2795 1846 solvitEcclesia
2822 1784 2940 1850 Dei,
2974 1786 3068 1839 sed
3089 1786 3251 1837 etiam
3281 1793 3341 1838 ut
3368 1784 3473 1860 hoc

1878 1886 2066 1943 etudio
2096 1901 2193 1955 per
2216 1898 2431 1938 sacram
2460 1879 2945 1949 Quadragesimam
2976 1879 3258 1947 ipsamque
3281 1878 3476 1933 subse-

1878 1989 2137 2050 quentem
2182 1975 2522 2030 Pentecosta:
2568 1971 2925 2026 festivitatem
2956 1971 3141 2024 omnia
3180 1970 3275 2025 Dei
3306 1986 3473 2042 opera

1877 2072 2231 2144 proferantur
2251 2079 2305 2125 et
2328 2067 2581 2124 laudibus
2604 2064 2936 2132 eﬂerantur;
2958 2074 3018 2119 ut
3034 2066 3221 2119 sciatis
3266 2065 3473 2133 (omnia

1879 2165 2030 2221 brevi
2050 2175 2304 2219 sermone
2331 2158 2838 2232 comprehendam),
2856 2157 3130 2228 quomodo
3155 2171 3183 2210 a
3210 2157 3475 2240 principio

1880 2256 2122 2314 mundus
2141 2256 2248 2311 iste
2274 2262 2422 2308 totus
2449 2267 2480 2307 a
2512 2250 2621 2307 Deo
2646 2250 2825 2306 factus
2852 2260 2967 2317 est;
3002 2252 3277 2319 quomodo
3298 2251 3469 2305 Adam

1883 2366 1912 2405 s
1943 2347 2199 2421 paradiso
2245 2356 2300 2403 et
2330 2346 2439 2402 Deo
2479 2346 2685 2416 eiectus
2717 2353 2833 2411 est;
2881 2346 3157 2414 quomodo
3187 2352 3343 2399 vetus
3377 2346 3469 2399 Dei

1883 2442 2117 2513 populus
2145 2451 2375 2496 vocatus
2409 2439 2551 2505 fuit;
2586 2437 2860 2509 quomodo
2894 2438 2993 2507 ipsi
3034 2451 3254 2507 quoque
3286 2448 3469 2490 trans-

1882 2534 2055 2606 gressi
2074 2536 2241 2591 amoti
2262 2545 2391 2591 sunt
2411 2548 2439 2587 a
2460 2532 2830 2587 familiaritate
2844 2530 2968 2595 Dei;
2989 2529 3264 2600 quomodo
3285 2529 3480 2598 unige-

1884 2627 2036 2683 nitus
2061 2626 2153 2683 Dei
2180 2626 2350 2687 Filius
2374 2625 2544 2683 caelos
2561 2624 2833 2678 inclinans
2854 2637 2952 2691 pro
2976 2621 3133 2676 nobis
3158 2621 3465 2681 descendit.

1884 2730 1939 2777 ct
1963 2733 2064 2793 pro
2087 2720 2244 2776 nobis
2266 2733 2407 2773 nova
2428 2717 2561 2771 fecit
2581 2726 2636 2773 et
2666 2716 2928 2773 salutaria
2958 2715 3165 2781 docuit,
3194 2730 3293 2785 pro
3318 2716 3477 2769 nobis

1885 2827 2086 2884 passus
2124 2821 2207 2868 est
2234 2822 2303 2867 et'
2326 2820 2603 2875 mortuus,
2641 2810 2890 2880 sepultus
2930 2820 2993 2863 ut
3021 2808 3205 2875 homo,
3236 2819 3290 2863 ut
3328 2808 3475 2863 Deus

1886 2914 2010 2977 post
2042 2914 2155 2962 tres
2180 2905 2297 2961 dies
2328 2902 2651 2966 resurrexit.
2694 2903 2749 2957 in
2781 2901 2985 2957 caelum
3023 2900 3168 2956 unde
3194 2902 3477 2956 descendit

1891 3006 2078 3069 postea
2099 3013 2223 3054 cum
2247 3010 2481 3066 corpore
2501 2995 2773 3059 ascendit,
2798 3002 2849 3049 et
2876 2994 3073 3050 sedens
3101 2993 3169 3048 ad
3194 2992 3473 3049 dexteram

205 3079 405 3151 ληφθη,
449 3082 549 3136 καὶ
575 3080 811 3147 καθίσας
836 3085 901 3137 ὲκ
928 3082 1122 3149 δεξιῶν
1149 3083 1244 3137 τοῦ
1276 3085 1509 3157 Πατρδς,
1536 3086 1785 3157 ιπεμψεν

1887 3090 2089 3155 Patris,
2141 3089 2293 3144 misit
2325 3088 2452 3144 inde
2508 3084 2772 3157 Spiritum
2816 3086 3256 3153 sanctissimum.
3305 3086 3477 3157 igitur

207 3172 413 3224 ἐκεῖθεν
443 3171 809 3240 τδέπανάγιον
842 3172 1069 3245 Πνεῦμα
1093 3190 1107 3205 ⁸
1135 3173 1261 3228 επεὶ
1287 3174 1382 3229 οὖν
1411 3178 1591 3231 πάντα
1611 3176 1787 3231 ταῦτα

209 3259 527 3335 ἀνύμνησεν
549 3264 583 3335 ἡ
619 3264 713 3317 τοῦ
745 3264 881 3320 Θεοῦ
929 3265 1253 3338 Ἐκκλησία,
1272 3266 1368 3321 νῦν
1392 3267 1487 3322 καὶ
1514 3269 1576 3322 τὸ
1598 3267 1787 3323 λεῖπον
1818 3280 1828 3292 ⁸

207 3355 570 3424 προστιθεῖσα
599 3373 658 3410 τε
679 3356 818 3429 ὁμοῦ
851 3359 948 3413 καὶ
975 3360 1260 3425 δεικνῦσα,
1283 3361 1490 3425 πόσους
1520 3362 1615 3415 καὶ
1637 3363 1785 3427 οἴους

208 3442 462 3517 καρποὺς
488 3446 767 3518 συνήγαγε
795 3448 930 3520 πρὸς
964 3449 1113 3523 ζωὴν
1132 3448 1353 3505 αίὼνιον
1384 3453 1417 3523 η
1450 3451 1544 3506 τοῦ
1576 3452 1783 3523 Κυρίου

209 3539 302 3591 καὶ
328 3538 471 3592 Θεοῦ
504 3540 599 3593 καὶ
627 3539 880 3612 Σωτῆρος
904 3540 1064 3613 ὑμῶν
1106 3540 1282 3613 Ἰησοῦ
1303 3540 1543 3614 Χριστοῦ
1576 3558 1785 3615 παρου-

212 3630 323 3695 σία,
352 3632 449 3683 καὶ
476 3632 510 3700 ἡ
534 3630 631 3685 τοῦ
652 3633 921 3701 παναγίου
952 3624 1268 3705 Πνεῦματος
1295 3634 1786 3704 δύναμις,πάντων

210 3720 347 3790 ὁμοῦ
378 3722 624 3775 ποιεῖται
657 3719 763 3775 τῶν
802 3722 975 3789 ἁγίων
1006 3725 1106 3794 τὴν
1136 3726 1385 3796 μνήμην,
1410 3728 1501 3781 καὶ
1538 3728 1672 3781 πᾶσι
1695 3726 1787 3781 τὸν

209 3808 510 3882 ὕμνονκὰὶ
536 3812 636 3882 την
656 3816 821 3886 τιμὴν
850 3816 1148 3893 ἀποδίδωσί
1172 3818 1434 3890 σήμερον.

274 3903 622 3977 Τιμησωμεν
670 3904 761 3959 οῦν
820 3909 914 3961 καὶ
954 3910 1144 3981 ἡμεῖς,
1171 3902 1423 3981 ἀδελφοὶ,
1455 3912 1582 3977 τοὺς
1602 3911 1795 3981 ἁγίους

209 3995 296 4050 τοῦ
332 3994 500 4051 Θεοῦ.
536 3997 859 4070 Τιμήσομεν
901 3996 958 4055 δὲ
1006 4002 1162 4071 «die;
1214 3992 1342 4056 Ἐὰν
1386 4001 1795 4074 καταμίμησιν

210 4090 438 4142 ἐκείνων
488 4086 825 4158 καθάρωμεν
857 4089 1085 4157 ἑαυτοὺς
1128 4095 1238 4148 ἀπὸ
1269 4094 1473 4161 παντὸς
1509 4095 1794 4165 μολυσμοῦ

209 4183 413 4252 σαρκὸς
445 4182 542 4235 καὶ
569 4180 906 4252 πνεῦματος,
942 4190 1036 4240 καὶ
1074 4189 1405 4259 ἁποστῶμεν
1460 4189 1573 4242 τῶν
1604 4175 1794 4243 κακῶν

205 4280 343 4342 τέως
373 4278 469 4332 διὰ
490 4274 591 4348 τῆς
620 4280 832 4352 ἀποχῆς
852 4280 1060 4337 τούτων
1105 4283 1245 4355 πρὸς
1276 4270 1594 4356 ἁγιωσύνην
1626 4286 1789 4358 φερό-

1886 3192 2173 3254 postquam
2212 3181 2340 3257 hac
2374 3178 2558 3233 omnia
2602 3176 2843 3231 laudavit
2878 3175 2970 3230 Dei
3012 3175 3275 3242 Ecclesia,
3309 3176 3475 3233 hodie

1887 3274 2111 3345 insuper
2131 3281 2325 3328 caetera
2344 3271 2652 3341 produccns
2680 3268 2954 3338 simulque
2985 3268 3307 3347 ostendens,
3338 3279 3475 3337 quot

1885 3376 1942 3421 et
1981 3363 2171 3435 quales
2210 3364 2420 3420 fructus
2464 3362 2518 3415 in
2562 3361 2727 3415 vitam
2760 3368 3018 3414 aeternam
3053 3361 3471 3431 congregaverit

1887 3457 2103 3511 Domini
2136 3464 2191 3512 et
2222 3455 2315 3510 Dei
2354 3463 2406 3510 et
2431 3453 2727 3510 Salvatoris
2758 3447 2930 3507 nostri
2963 3449 3092 3507 Jesu
3128 3451 3331 3506 Christi
3367 3451 3467 3504 ad-

1891 3560 2108 3615 ventus,
2144 3546 2357 3603 necnon
2410 3546 2584 3601 virtus
2631 3544 2967 3601 sanctissimi
3021 3538 3280 3614 Spiritus,
3352 3558 3477 3595 om-

1896 3640 2045 3693 nium
2086 3636 2250 3693 simul
2277 3645 2593 3691 sanctorum
2628 3635 2950 3689 memoriam
2987 3633 3144 3698 facit,
3182 3632 3470 3687 omnibus-

1896 3747 2001 3803 que
2025 3731 2288 3803 hymnum
2326 3736 2381 3783 et
2412 3728 2677 3783 honorem
2712 3725 2813 3781 hac
2847 3726 2934 3780 die
2970 3726 3253 3796 persolvit.

1963 3912 2074 3968 Nos
2120 3926 2363 3983 quoque,
2400 3908 2621 3976 fratres,
2657 3909 2708 3962 in
2756 3908 2966 3963 honore
3002 3907 3300 3962 habeamus
3350 3923 3479 3962 san-

1895 4016 2013 4064 ctos
2047 4005 2165 4061 Dei.
2200 3998 2283 4059 At
2310 4002 2587 4074 quomodo
2625 3992 2835 4056 honore
2869 4000 3248 4066 habebimus?
3294 4000 3349 4055 Si
3384 4017 3477 4055 eos

1896 4098 2090 4152 imitati
2130 4096 2493 4151 emundemus
2538 4110 2639 4149 nos
2688 4093 2756 4148 ab
2804 4093 2955 4149 omni
3000 4094 3161 4148 sorde
3197 4094 3381 4149 carnis
3422 4103 3479 4147 et

1895 4192 2143 4259 Spiritus,
2177 4205 2208 4243 α
2234 4189 2397 4244 malis
2444 4188 2821 4243 abstineamus
2868 4176 3046 4241 donec
3082 4202 3175 4256 per
3207 4187 3347 4241 hanc
3381 4189 3478 4243 ab-

1895 4283 2212 4339 stinentiam
2267 4279 2334 4334 ad
2384 4294 2579 4335 eorum
2626 4279 3049 4335 sanctimoniam
3098 4279 3359 4336 feramur.
3418 4281 3478 4335 Si

208 4384 362 4439 μενοι
381 4385 399 4399 ·
431 4370 532 4423 ἐὰν
560 4369 870 4441 παύσωμεν
895 4370 997 4445 τὴν
1018 4373 1275 4442 γλῶσσαν
1306 4377 1466 4449 ἡμῶν
1488 4380 1598 4432 ἀπὸ
1619 4378 1787 4449 ὅρκου

1891 4378 2075 4447 lingua
2092 4385 2278 4430 nostra
2307 4390 2336 4427 ε
2362 4373 2695 4446 iuramentis
2744 4383 2796 4428 et
2820 4373 3077 4442 periuriis
3106 4374 3393 4442 quieverit,
3427 4376 3476 4428 si

206 4464 301 4515 καὶ
328 4463 654 4534 ἄπιορκίας,
704 4465 976 4535 ληρωδίας
1004 4484 1064 4521 τε
1098 4470 1196 4523 καὶ
1239 4469 1529 4540 λοιδορίας,
1571 4471 1669 4523 καὶ
1717 4471 1787 4525 τὰ

1890 4486 1923 4525 a
1947 4468 2273 4539 vaniloquiis
2304 4476 2359 4521 et
2381 4466 2715 4537 opprobriis,
2748 4464 2793 4519 si
2825 4465 2964 4519 labia
2988 4473 3173 4519 nostra
3192 4480 3293 4518 nec
3322 4479 3471 4518 men-

204 4550 549 4629 χείληὴρῶν
578 4556 686 4610 ἀπὸ
712 4557 942 4625 ψεύδους
967 4559 1062 4612 καὶ
1096 4562 1491 4630 συκοφαντίας,
1523 4564 1616 4616 καὶ
1645 4560 1787 4616 οὕτω

1890 4563 2104 4617 dacium
2163 4574 2339 4629 neque
2402 4557 2816 4629 sycophantiam
2880 4557 3062 4621 locuta
3122 4555 3346 4624 fuerint,
3401 4555 3476 4610 ita

202 4649 298 4716 τὴν
320 4646 607 4720 εὐφημίαν
625 4649 808 4714 αὐτοῖς
838 4653 1230 4724 προσάγωμεν.
1272 4652 1401 4707 Ἐὰν
1429 4655 1486 4709 δὲ
1517 4655 1592 4726 μὴ
1619 4654 1787 4719 οὕτως

1891 4655 2082 4710 laudas
2126 4655 2301 4709 bonas
2334 4652 2415 4706 eis
2447 4652 2845 4721 persolvcmus.
2893 4648 2948 4702 Si
2989 4658 3172 4703 autem
3226 4660 3470 4703 nosmet-

205 4739 433 4802 ἑαυτοὺς
464 4738 821 4810 καθάρωμεν,
847 4737 1204 4814 ἀκουσόμεθά
1249 4746 1479 4810 δικαίως
1518 4746 1648 4816 παρ’
1684 4747 1787 4799 αῦ-

1897 4748 2048 4819 ipsos
2083 4745 2164 4801 sic
2214 4758 2324 4798 non
2355 4742 2853 4801 emendaverimus.
2885 4739 3007 4810 jure
3040 4740 3239 4812 singuli
3282 4742 3351 4795 ab
3396 4742 3479 4797 eis

203 4830 311 4882 τῶν
337 4833 437 4885 καὶ
473 4831 632 4901 ἡμῶν
656 4824 891 4897 ἕκαστος
921 4834 1108 4889 ἐκεῖνα
1132 4835 1201 4889 τὰ
1230 4836 1324 4889 τοῦ
1357 4836 1495 4890 Θεοῦ
1531 4838 1668 4907 πρὸς
1700 4838 1793 4891 τὸν

206 4922 534 4993 ἁμαρτωλὸν
586 4920 841 4998 ρη’ματα’
882 4923 999 4981 Ἵνα
1028 4928 1082 4980 τί
1134 4917 1345 5001 τολμᾷς
1378 4930 1793 5001 ἀναλαμῦάνειν

206 5016 298 5068 ἐπὶ
332 5018 585 5087 μνήμης,
631 5021 727 5073 καὶ
762 5018 941 5075 λαλεῖν
982 5021 1073 5075 διὰ
1120 5019 1371 5095 γλώττης
1404 5024 1498 5077 καὶ
1550 5024 1689 5079 αὐτὰ
1722 5023 1793 5076 τᾶ

206 5109 310 5163 τῶν
339 5111 807 5180 ἁγίωνλδνόματα,
844 5115 939 5168 καὶ
961 5109 1270 5187 διηγεῖσθαι
1305 5116 1405 5187 τὴν
1443 5104 1625 5187 πάσης
1658 5116 1792 5186 ἁρε-

204 5200 303 5271 τῆς
335 5203 435 5255 καὶ
474 5203 871 5273 καθαρότητος
896 5200 1347 5279 πεπληρωμένην
1402 5194 1564 5281 146
1611 5209 1793 5263 αὐτῶν

207 5293 526 5365 δεαγωγῆνς
584 5298 655 5351 Σὺ
688 5296 746 5351 δὲ
777 5298 1049 5381 ἐμίσησας
1070 5290 1174 5353 ’τὸν
1226 5293 1487 5371 ινὰρετον
1531 5302 1670 5371 βίον,
1699 5303 1791 5353 καὶ
1822 5301 1831 5309 “

207 5385 313 5440 ἀπὸ
345 5386 552 5442 σαυτοῦ
582 5390 683 5461 τὴν
712 5390 813 5459 τῆς
832 5390 1130 5461 «inﬂixit
1149 5390 1245 5445 τοῦ
1272 5390 1529 5461 σώματος
1552 5391 1794 5445 ἀπεδίω-

210 5478 301 5543 ξας
323 5481 698 5553 καθαρότητα.
741 5500 761 5535 ε
797 5482 1135 5556 Είέθεώρεις
1168 5484 1431 5553 κλέπτην,
1470 5485 1795 5553 συνέτρεχες

1891 4841 2175 4895 audiemus
2197 4854 2259 4893 ea
2292 4853 2414 4907 quae
2447 4838 2587 4890 Deus
2618 4836 2890 4905 peccatori
2916 4836 3048 4889 dicit
3070 4836 3235 4890 verba
3269 4853 3284 4892 :
3323 4854 3339 4886 ι
3375 4836 3479 4893 Ut-

1891 4923 2019 5000 quid
2051 4944 2219 4983 ausus
2246 4944 2305 4983 es
2333 4926 2385 4981 in
2413 4928 2729 4980 memoriam
2754 4942 3036 4982 assumere
3058 4935 3114 4981 et
3138 4910 3481 4995 lingua'proo

1892 5029 2035 5081 ferre
2096 5031 2412 5077 sanctorum
2463 5022 2707 5085 nomina,
2767 5021 3094 5089 plenamque
3150 5020 3367 5076 virtutis
3424 5032 3481 5073 et

1896 5118 2179 5174 munditia:
2201 5114 2673 5171 conversationem
2702 5129 2891 5169 eorum
2913 5129 3171 5169 enarrare
3190 5112 3213 5166 τ
3237 5113 3317 5167 Tu
3348 5128 3478 5168 vero

1894 5210 2019 5265 odio
2046 5210 2271 5280 probam
2307 5206 2543 5262 habebas
2571 5205 2757 5272 vitam,
2789 5214 2843 5261 et
2866 5206 3026 5275 longe
3052 5220 3082 5259 a
3115 5216 3166 5260 te
3193 5207 3391 5260 animae
3423 5218 3479 5259 et

1892 5302 2143 5370 carperis
2188 5300 2397 5371 ejecisti
2448 5298 2795 5354 munditiam.
2832 5314 2864 5369 μ
2920 5297 2978 5351 Si
3011 5297 3235 5351 videbas
3278 5296 3476 5359 furem,

1892 5394 2157 5449 currebas
2174 5408 2297 5447 cum
2337 5407 2428 5458 eo,
2457 5400 2511 5445 et
2538 5405 2663 5445 cum
2696 5389 2959 5445 adulteris
2996 5390 3296 5481 ponpionem
3325 5396 3475 5442 tuam

1895 5487 2156 5557 ponebas.
2184 5487 2255 5539 Os
2296 5492 2449 5539 tuum
2484 5484 2784 5539 abundavit
2811 5484 3039 5549 malitia,
3066 5488 3123 5538 et
3159 5482 3344 5552 lingua
3380 5488 3476 5533 tua

213 5571 371 5643 αὐτῷ,
409 5575 508 5626 καὶ
540 5575 680 5641 μετα
718 5573 912 5646 μοιχοῦ
941 5576 1048 5647 τὴν
1071 5576 1270 5648 μερίδα
1306 5593 1400 5630 σου
1452 5576 1651 5637 ἐτίθεις
1679 5590 1695 5604 ο
1737 5572 1787 5627 τί

1898 5580 2258 5634 concinnabat
2300 5579 2473 5634 dolos.
2507 5575 2718 5632 Sedens
2749 5576 3015 5631 adversus
3061 5577 3284 5631 fratrem
3318 5582 3470 5626 tuum

214 5665 385 5734 στόμα
418 5682 515 5720 σου
538 5667 837 5723 ἐπλεόνασε
873 5673 1095 5737 κακίας,
1127 5673 1217 5725 καὶ
1252 5670 1286 5742 ἡ
1317 5669 1541 5740 γλῶσσά
1568 5688 1661 5725 σου
1701 5687 1798 5723 πε-
1840 5744 1843 5747 ἰ

292 5787 337 5821 ⁷⁸
367 5787 537 5844 Joan.
564 5804 701 5856 xvu,
746 5789 841 5845 20.

471 5884 745 5947 Panos.
786 5888 903 5947 Gtt.
941 5888 1067 5948 CLI

1900 5670 2239 5741 loquebaris,
2278 5678 2332 5726 et
2382 5670 2644 5726 adversus
2674 5667 2846 5724 lilium
2880 5670 3075 5723 matris
3110 5677 3215 5722 tuac
3239 5664 3479 5737 ponebas

2970 5886 3039 5946 11
