4078 6216
207 279 300 348 361

1453 257 1787 322 HOMILIA
1830 254 2106 316 XXVIII.

3334 243 3443 307 362

211 414 296 450 rw
332 387 624 462 καρτερίαν
652 387 747 441 καὶ
772 382 1006 457 μετρίως
1039 377 1388 449 παραστῆσαι
1412 375 1768 462 δυνήσονται;

1891 381 1983 435 rue
2026 366 2094 419 ad
2147 357 2378 419 mortem
2410 362 2709 432 composite
2738 372 2957 430 possent
3001 360 3315 430 explanare,
3344 360 3445 430 qui

215 489 302 549 ’ος
325 461 648 553 καθημέραν
680 476 749 550 ἦν
767 476 1148 544 ἀποθνήσκων,
1178 468 1374 540 μᾶλλον
1394 467 1449 520 δὲ
1480 461 1775 527 ἀελτεθνη-

204 579 309 641 κὼς
344 576 590 637 διετέλει,
625 572 736 635 ζῶν
769 569 937 632 ⁵αὐτὸς
968 566 1176 629 ούκέτι,
1212 562 1464 628 καθάπερ
1488 555 1645 616 αὑτός
1671 569 1772 620 φη-

210 687 311 731 σιν,
350 671 483 723 ἀλλὰ
514 669 691 732 ζῶντα
722 664 865 734 ἔχων
893 664 950 715 ἐν
980 657 1158 727 ἑαυτῷ
1186 656 1278 707 τὸν
1308 651 1563 721 Χριστόν.
1603 647 1776 715 ’Υπὲρ

204 762 258 816 δὲ
305 762 403 830 τῆς
444 761 659 829 ἀγάπης
693 757 788 808 τοῦ
824 750 1059 826 Χριστοῦ
1100 749 1175 817 μὴ
1220 746 1377 816 μόνον
1424 743 1490 794 τὰ
1535 738 1777 830 παρόντα

208 828 450 907 σκύϐαλα
479 851 722 920 ἡγήσατο
750 846 950 907 πάντα,
978 840 1114 894 ἀλλὰ
1140 840 1234 890 καὶ
1262 836 1334 887 τὰ
1363 833 1629 903 μέλλοντα
1656 828 1775 881 δεύ-

208 963 337 1016 τερα
375 944 583 997 τίθεται
626 938 933 1009 συγκρίνων
973 934 1110 1003 πρὸς
1151 931 1348 984 αὐτόν·
1390 945 1411 977 ε
1464 924 1776 1016 Πέπεισμαι

206 1013 331 1106 γὰρ,
366 1037 553 1105 φησὶν,
585 1033 659 1097 ὡς
686 1033 810 1083 οὒτε
847 1028 1098 1087 θάνατος,
1134 1022 1258 1075 οὔτε
1300 1018 1444 1085 ζωὴ,
1506 1013 1636 1106 οὔτε
1661 1014 1777 1106 ἐνε-

210 1103 411 1187 σειῦτα,
432 1103 568 1177 γοῦτε
594 1124 879 1193 μέλλοντα,
904 1117 1028 1170 οὔτε
1054 1115 1276 1183 ὕψωμα,
1296 1110 1420 1163 οῦτε
1444 1107 1603 1177 βάθος
1621 1103 1780 1171 δυνή-

206 1236 355 1274 σεται
378 1220 520 1290 ἡμᾶς
550 1217 780 1287 χωρίσαι
810 1215 909 1282 τῆς
930 1212 1151 1279 ἀγάπης
1174 1205 1269 1259 τοῦ
1304 1202 1463 1273 160
1488 1197 1649 1259 Θεοῦ,
1678 1197 1774 1290 τῆς

203 1316 260 1366 ἐν
302 1287 523 1381 Χριστῷ
562 1306 796 1377 Ἰησοῦ.»
829 1303 998 1375 Ζῆλον
1025 1302 1081 1354 δὲ
1109 1295 1224 1370 εἶχε
1262 1294 1423 1357 Θεοῦ,
1452 1292 1526 1352 ὠς
1555 1290 1649 1341 καὶ
1678 1287 1778 1381 Cn:-

199 1402 327 1455 λοῦν
357 1376 523 1468 ius;
570 1376 705 1449 Θεοῦ
746 1396 915 1463 gnto.
972 1391 1087 1445 Καὶ
1128 1390 1237 1441 τίνι
1276 1385 1387 1438 τῶν
1432 1381 1709 1438 ἁπάντων,
1742 1376 1776 1442 ἢ

201 1496 353 1565 μόνῳ
381 1493 574 1561 Πέτρῳ
598 1487 992 1558 παραχωρήσει
1020 1483 1127 1535 τῶν
1154 1481 1286 1534 ίσων
1310 1495 1327 1545 ;
1360 1478 1474 1543 Τὴν
1502 1475 1559 1526 δὲ
1588 1468 1780 1525 ταπεί-

196 1602 364 1639 νωσιν
390 1579 524 1647 οἷος,
552 1581 720 1636 αὐτοῦ
753 1578 914 1632 πάλιν
946 1576 1181 1632 ἄκουσον
1209 1572 1338 1642 περὶ
1371 1566 1566 1621 ἑαυτοῦ
1596 1564 1787 1631 λέγον-

200 1695 291 1742 τος
319 1694 335 1708 ·
378 1696 398 1729 ι
418 1673 562 1744 Ἐγώ
594 1674 713 1745 είμι
742 1674 768 1724 ὁ
795 1671 1076 1740 ἐλάχιστος
1101 1664 1214 1720 τῶν
1252 1662 1588 1724 ἀποστόλων,
1606 1656 1778 1720 ὅςούκ

199 1716 319 1842 ξῖιῖι
354 1716 560 1831 ιλιι-λζ
576 1716 1233 1822 καλασθαιέπόστολοςδ
1266 1755 1333 1808 Τί
1358 1752 1451 1807 οῦν
1484 1751 1778 1842 ἐπειδήπερ
1812 1716 1854 1773 Β

200 1865 228 1917 ὁ
261 1841 441 1923 αὐτός
472 1862 589 1912 ἔστι
631 1855 710 1927 τῷ
757 1857 944 1924 Πέτρῳ
988 1854 1086 1922 τὴν
1118 1848 1432 1919 ὁμολογίαν,
1461 1845 1552 1896 τὸν
1584 1841 1743 1911 ζῆλον
1763 1878 1778 1901 ,

204 1972 305 2024 την
334 1953 690 2012 ταπείνωσιν,
726 1950 822 2018 τὴν
861 1947 1106 2015 ἀγάπην,
1143 1939 1233 2011 ἆρ’
1263 1940 1385 2010 οὐχὶ
1413 1938 1507 1989 καὶ
1542 1934 1651 1986 τῶν
1679 1931 1778 1984 αὺο

202 2051 313 2100 τῶν
357 2048 548 2114 ιτυχεν
574 2041 827 2097 ἐπάθλων
859 2041 1010 2108 παρὰ
1038 2035 1133 2090 τοῦ
1172 2034 1351 2087 πάντα
1400 2032 1459 2085 ὲν
1491 2025 1641 2095 ζυγῷ
1686 2027 1782 2077 καὶ

202 2137 389 2205 μέτρῳ
428 2138 522 2185 καὶ
558 2130 783 2198 σταθμῷ
820 2128 1060 2188 τιθέντος
1102 2124 1429 2191 δικαιοτατῳ
1450 2137 1470 2188 ;
1518 2117 1628 2171 Καὶ
1661 2116 1781 2205 πῶς

196 2202 262 2279 ἄν
291 2202 412 2293 ἔχοι
456 2224 614 2289 λόγον
636 2235 655 2284 ;
681 2224 780 2271 Διὰ
812 2218 971 2271 τοῦτο
1002 2216 1196 2285 Πέτρῳ
1232 2214 1334 2282 μέν
1358 2226 1525 2280 φησιο
1566 2226 1585 2260 ε
1625 2208 1696 2259 Σὺ
1730 2202 1781 2259 εί

198 2319 429 2386 Πέτρος,
468 2321 563 2367 καὶ
612 2315 705 2366 ἐπὶ
749 2310 925 2381 ταύτῃ
969 2309 1034 2378 τῇ
1076 2307 1251 2376 πέτρα
1295 2302 1635 2372 οἰκοδομήσω
1677 2316 1780 2369 μου

197 2413 298 2475 τὴν
343 2405 672 2474 Ἐκκλησίαν
695 2418 709 2432 ⁸
749 2420 769 2453 ε
799 2404 929 2472 περὶ
956 2400 1010 2451 δὲ
1042 2397 1255 2450 Παύλου
1282 2395 1337 2448 τί
1366 2411 1501 2464 φησι
1531 2393 1666 2461 πρὸς
1690 2392 1782 2445 τὸν

198 2502 500 2564 ’Δνανίανς
555 2516 574 2549 ι
627 2496 829 2559 Σκεῦος
875 2488 1030 2554 οὗτος
1081 2488 1315 2557 ἐκλογῆς
1366 2486 1457 2557 μοί
1501 2486 1641 2547 ἐστι,
1684 2483 1779 2537 τοῦ

205 2591 481 2663 βαστάξαι
502 2590 565 2641 τὸ
588 2588 759 2657 ὅνομὰ
782 2602 884 2655 μου
907 2583 1138 2636 ἐνώπιον
1157 2578 1326 2632 ἐθνῶν
1344 2578 1437 2630 καὶ
1459 2573 1741 2644 βασιλέων.
1758 2589 1777 2622 ι

200 2662 373 2738 ίιοίον
416 2681 632 2747 δνομα;
665 2676 881 2735 πάντως
917 2673 977 2725 τὸ
1016 2667 1308 2738 ἐπικληθὲν
1348 2667 1436 2734 ἐφ’
1482 2666 1651 2736 ημᾶς,
1685 2662 1782 2732 τὴν

197 2775 292 2828 τοῦ
326 2771 571 2844 Χριστοῦ
626 2767 973 2837 Ἐκκλησίαν,
1004 2764 1072 2833 ἣν
1109 2762 1186 2824 ὼς
1217 2760 1462 2829 θεμέλιος
1512 2759 1541 2810 ὀ
1575 2755 1782 2825 Πέτρος

201 2868 501 2937 βαστάζει,
541 2863 734 2939 ξυρᾶτε
769 2862 974 2928 Πέτρου
1007 2857 1099 2909 καὶ
1140 2852 1349 2907 Παύλου
1377 2850 1438 2903 τὸ
1485 2849 1781 2939 περιφανὲς

199 2936 298 3012 καὶ
355 2936 623 3027 ὁμότιμον
670 2953 819 3014 ὅσον,
867 2948 963 3003 καὶ
997 2944 1071 3008 ὠς
1114 2944 1205 2999 ὑπ’
1244 2941 1569 3011 ἀμφοτέρων
1606 2940 1641 3007 ἡ
1684 2936 1779 2989 τοῦ

196 3049 451 3122 Χριστοῦ
499 3044 794 3112 Ἐκκλησία
823 3041 1145 3112 βαστάζεται
1170 3055 1185 3103 ;
1215 3036 1316 3088 Διὰ
1344 3035 1503 3138 τοῦτο
1526 3032 1620 3085 καὶ
1640 3028 1779 3138 αῦτη
1812 3076 1859 3138 c

197 3145 297 3196 νῦν
349 3142 489 3211 μίαν
522 3146 614 3191 καί
658 3137 757 3206 τὴν
806 3135 974 3202 αὐτὴν
1013 3129 1343 3200 ἀμφοτέροις
1394 3126 1549 3197 νέμει
1594 3124 1780 3194 τιμὴν,

196 3234 494 3304 ὀμοτίμως
521 3227 771 3297 ἀλλήλοις
806 3220 1237 3291 συνεορτάζουσα
1271 3219 1536 3289 σήμερον.

283 3325 437 3380 Ἀλλ’
457 3325 615 3394 ἡμεῖς
637 3316 1069 3390 ἀναθεωροῦντες
1090 3315 1290 3369 τούτων
1310 3315 1407 3383 τὴν
1430 3311 1673 3376 ἔκϐασιν,
1696 3326 1785 3379 μισ

200 3415 523 3489 μησώμεθα
544 3415 642 3485 τὴν
658 3409 1027 3482 ἀναστροφὴν,
1042 3406 1145 3460 κᾶν
1164 3408 1212 3459 εί
1227 3406 1303 3476 μὴ
1322 3404 1511 3465 τᾶλλα,
1526 3404 1626 3473 τὴν
1654 3403 1787 3469 γοῦν

196 3513 266 3563 ὲκ
286 3506 680 3568 ταπεινώσεως
696 3504 791 3557 καὶ
812 3500 1101 3573 μετανοίας
1131 3497 1437 3567 διόρθωσιν.
1460 3496 1542 3549 Τὰ
1560 3493 1660 3564 μὲν
1676 3496 1786 3564 γὰρ

196 3602 345 3655 ἄλλα
413 3596 626 3669 μεγάλα
670 3596 763 3647 καὶ
808 3592 989 3662 ὑψηλὰ
1013 3590 1107 3642 καὶ
1138 3588 1392 3659 μεγάλοις
1418 3589 1785 3657 προσήκοντα,

198 3695 303 3747 καὶ
362 3686 629 3760 μεγαλοις
671 3685 805 3756 πρὸς
858 3684 1089 3753 μίμησιν
1146 3680 1384 3748 ἥκοντα,
1446 3679 1575 3740 ἴσως
1638 3676 1787 3728 ἐστιν

197 3786 236 3837 ἃ
286 3784 397 3837 καὶ
450 3781 565 3842 τοῖς
621 3778 755 3830 πᾶσι
809 3774 871 3829 τὸ
920 3772 1178 3842 παράπαν
1219 3771 1513 3841 ἀμίμηταο
1565 3771 1600 3839 ὴ
1643 3767 1689 3821 δ’
1726 3768 1789 3820 ὲκ

201 3874 518 3947 μετανοίας
550 3870 832 3937 διόρθωσις
867 3869 998 3937 ἡμῖν
1032 3866 1233 3937 μᾶλλον
1271 3864 1304 3935 ἢ
1353 3863 1582 3924 ἐκείνοις
1618 3877 1787 3931 προσ-

195 3969 377 4039 ἧκεν,
411 3968 525 4037 ὅσῳ
553 3967 647 4018 καὶ
674 3964 771 4032 τῆς
802 3961 1018 4032 ἡμέρας
1051 3959 1287 4027 ἑκάστης
1314 3955 1485 4008 πολλὰ
1521 3953 1789 4022 πταίομεν

198 4062 475 4122 ἕκαστος,
517 4056 611 4110 καὶ
643 4053 941 4122 οὐδαμόθεν
990 4050 1211 4106 ἄλλοθεν
1260 4049 1392 4117 ἡμῖν
1424 4045 1577 4107 ἐλπὶς
1615 4061 1789 4115 σωτη-

198 4154 362 4224 ρίας,
434 4150 487 4199 εί
535 4144 613 4217 μὴ
657 4144 859 4212 ταύτην
902 4142 989 4196 διὰ
1023 4140 1124 4208 τῆς
1173 4138 1449 4209 διηνεκοῦς
1499 4135 1791 4205 μετανοίας

196 4237 666 4308 ἐπιστωσάμεθα.
701 4237 1033 4305 Προηγεῖται
1060 4233 1121 4285 δὲ
1160 4232 1255 4301 τῆς
1285 4231 1573 4299 μετανοίας
1606 4230 1642 4299 η
1670 4229 1794 4281 ἐπί-

199 4349 429 4406 γνωσις
462 4331 572 4383 τῶν
609 4330 825 4382 οίκείων
858 4327 1239 4395 πταισμάτων,
1275 4323 1396 4393 ἥτις
1416 4322 1637 4393 μεγάλη
1676 4321 1792 4375 ἐστὶ

1875 458 2115 527 quotidie
2161 457 2517 520 moriebatur,
2547 457 2722 525 potius
2770 469 2899 509 vero
2936 468 3149 521 semper
3190 460 3442 506 mortuus

1874 551 2109 617 vivebat,
2140 551 2258 619 ipse
2292 549 2404 620 jam
2443 564 2549 602 non
2586 548 2792 611 vivens,
2827 546 2969 601 sicut
3007 546 3127 613 ipse
3155 545 3312 604 dixit.
3345 544 3441 598 sed

1874 645 2141 698 viventem
2170 643 2378 698 habens
2415 642 2471 695 in
2524 642 2707 709 selpso
2753 639 3055 693 Christum.
3106 636 3223 691 Praa
3265 636 3440 691 chari-

1878 744 1989 791 tate
2012 737 2237 801 Christi,
2264 736 2601 804 nonltantum
2625 732 2807 787 omnia
2830 730 3199 785 arbitrabatur
3224 740 3281 783 ut
3308 736 3445 783 ster-

1876 843 2025 890 cora,
2053 828 2146 883 sed
2176 836 2232 883 et
2259 826 2443 882 futura
2469 827 2589 882 loco
2604 824 2758 895 ponit
2788 825 3087 894 posteriore
3117 822 3185 875 ad
3202 822 3445 876 charita-

1880 931 1987 976 tem
2018 931 2331 990 comparata
2365 938 2380 973 :
2420 939 2439 968 α
2483 920 2677 973 Certus
2702 934 2847 983 sum,
2884 917 3081 986 inquit,
3110 914 3239 985 quia
3270 928 3447 984 neque

1880 1028 2050 1078 mors,
2085 1028 2261 1083 neque
2301 1016 2435 1076 vita,
2477 1026 2651 1080 neque
2686 1011 2971 1079 przesentia
2995 1048 3009 1073 ,
3050 1022 3226 1078 neque
3265 1006 3446 1061 futura

1878 1122 2055 1177 neque
2088 1106 2318 1160 altitudo
2354 1120 2534 1175 neque
2561 1102 2887 1173 profundum
2926 1102 3127 1172 poterit
3160 1115 3259 1154 nos
3292 1115 3445 1169 sepa-

1880 1215 2001 1254 rare
2053 1214 2082 1253 a
2116 1199 2383 1253 charitate
2414 1198 2504 1251 Dei
2542 1213 2664 1267 qua:
2691 1206 2772 1251 est
2818 1198 2870 1275 in
2902 1194 3125 1249 Christo
3154 1192 3284 1247 Jesu
3323 1193 3388 1247 “.
3421 1211 3442 1245 ι

1878 1293 2064 1348 Zelum
2097 1293 2189 1347 Dei
2215 1293 2403 1348 habuit
2432 1292 2504 1347 ita
2531 1300 2589 1347 ut
2615 1308 2714 1346 nos
2733 1292 2909 1346 zelare
2938 1289 3101 1344 faciat
3132 1290 3303 1343 zelum
3332 1286 3449 1342 Dei.

1880 1381 1943 1436 Et
1969 1382 2054 1437 cui
2083 1397 2147 1436 ex
2177 1383 2435 1437 omnibus
2464 1381 2566 1435 nisi
2602 1383 2699 1436 soli
2734 1382 2893 1435 Petro
2920 1380 3087 1434 cessit
3110 1377 3454 1448 aequalibus?

1882 1473 1986 1530 Sed
2015 1476 2191 1544 qualis
2219 1475 2273 1529 in
2308 1474 2659 1530 humilitate?
2687 1473 2820 1528 Eum
2854 1488 3049 1528 rursus
3072 1474 3359 1527 audiamus
3385 1472 3454 1525 de

1882 1569 2062 1636 seipSo
2088 1570 2357 1624 dicentem
2394 1583 2411 1622 :
2452 1588 2470 1621 ι
2503 1571 2613 1639 Ego
2643 1582 2763 1621 sum
2795 1567 3058 1621 minimus
3082 1565 3449 1635 apostolorum

1886 1662 1977 1729 qui
2012 1675 2116 1715 non
2142 1677 2261 1716 sum
2291 1662 2489 1734 dignus
2517 1656 2698 1716 vocari
2720 1660 2999 1730 apostolus
3027 1659 3090 1713 η.
3134 1678 3153 1711 ι
3194 1658 3332 1722 Quid
3360 1657 3459 1711 ad-

1884 1754 1992 1809 huc
2007 1754 2030 1807 ?
2048 1763 2334 1823 postquam
2354 1755 2495 1808 idem
2527 1770 2591 1809 ac
2610 1755 2807 1809 Petrus
2827 1753 2991 1807 fuerit
3015 1752 3068 1805 in
3085 1750 3455 1814 confessione,

1888 1845 1942 1899 in
1998 1846 2134 1910 zelo,
2166 1846 2221 1899 in
2256 1844 2582 1909 humilitate,
2618 1846 2672 1900 in
2721 1846 3011 1908 charitate,
3044 1843 3311 1914 numquid
3348 1858 3453 1897 non

1885 1936 2074 1991 eadem
2100 1936 2341 2006 suscepit
2370 1937 2591 2006 praniia
2623 1938 2693 1991 ab
2721 1952 2787 1991 eo
2817 1938 2909 2005 qui
2942 1939 3123 1991 omnia
3152 1936 3204 1988 in
3236 1936 3368 2004 iugo
3402 1941 3459 1987 et

1887 2042 2143 2082 mensura
2198 2037 2252 2082 et
2290 2029 2531 2097 pondere
2576 2029 2731 2098 ponit
2774 2028 3131 2098 azquissimo?
3170 2027 3458 2092 Quoinodo

1883 2117 2153 2187 aequalis?
2178 2115 2338 2173 Petro
2369 2118 2589 2188 quidem
2636 2119 2774 2173 dixit
2824 2136 2839 2173 :
2897 2136 2914 2170 ι
2954 2119 3034 2173 Tu
3068 2133 3128 2173 es
3152 2116 3368 2177 Petrus.
3405 2130 3474 2180 et

1889 2226 2055 2279 super
2081 2210 2222 2263 hanc
2256 2210 2472 2265 Petram
2499 2210 2779 2265 aediﬁcabo
2813 2210 3110 2266 Ecclesiam
3144 2225 3320 2265 meam
3356 2208 3453 2261 ¹⁶.ι

1888 2300 1964 2354 De
2003 2300 2173 2355 Paulo
2218 2310 2398 2356 autem
2449 2302 2579 2373 quid
2633 2302 2772 2357 dixit
2818 2305 2883 2356 ad
2940 2304 3254 2357 Ananiam?
3297 2321 3316 2353 ι
3354 2301 3463 2357 Vas

1885 2391 2174 2447 electionis
2203 2392 2289 2447 hic
2315 2401 2402 2447 est
2442 2394 2574 2448 mihi
2602 2395 2669 2449 ad
2697 2397 3021 2461 portandum
3049 2410 3246 2449 nomen
3274 2408 3460 2449 meum

1887 2500 2072 2540 coram
2105 2486 2358 2556 gentibus
2398 2495 2453 2541 et
2494 2488 2714 2557 regibus
2748 2490 2814 2544 ".
2855 2507 2872 2539 ι
2900 2488 3183 2556 Quodnam
3221 2489 3462 2541 nomen?

1891 2577 2039 2633 Sane
2078 2581 2224 2650 quod
2268 2585 2719 2649 cognominatum
2763 2590 2847 2635 est
2885 2598 2982 2649 pro
3016 2583 3174 2637 nobis
3212 2580 3459 2635 Ecclesia

1888 2670 2117 2737 Christi,
2162 2687 2324 2742 quam
2370 2674 2525 2744 quasi
2554 2674 2965 2729 fundamentum
3012 2672 3209 2729 Petrus
3259 2681 3456 2743 portat.

1890 2759 2173 2817 Videtisne
2232 2763 2452 2817 Petrum
2498 2773 2554 2818 et
2598 2763 2825 2819 Paulum
2869 2775 2924 2820 et
2954 2766 3161 2818 honore
3198 2779 3358 2834 pares
3405 2773 3461 2817 ct

1889 2860 2166 2922 quomodo
2222 2856 2290 2910 ab
2347 2867 2579 2926 utroque
2630 2856 2870 2912 Ecclesia
2923 2856 3127 2911 Christi
3160 2856 3460 2924 portatur!

1890 2942 2180 3014 Propterea
2214 2945 2329 3015 ipsa
2350 2962 2497 3001 nunc
2524 2963 2687 3002 unum
2715 2958 2770 3004 et
2794 2950 3042 3003 eumdem
3068 2949 3334 3004 ambobus
3362 2951 3463 3004 ho-

1890 3052 2081 3091 norem
2116 3038 2328 3101 tribuit,
2351 3052 2474 3092 cum
2504 3040 2559 3092 in
2582 3039 2796 3093 laudem
2826 3040 3111 3109 utriusque
3137 3043 3278 3095 hanc
3310 3042 3457 3097 diem

1890 3128 2083 3185 festam
2116 3131 2476 3186 concelebrat.

1961 3308 2073 3367 Nos
2131 3326 2281 3380 vero,
2346 3312 2539 3367 borum
2606 3328 2820 3370 errores
2888 3314 3107 3383 intuiti,
3159 3318 3459 3386 imitemur,

1891 3406 1995 3461 nisi
2056 3415 2283 3469 caetera,
2355 3409 2544 3462 saltem
2597 3422 2785 3463 eorum
2852 3424 2947 3481 per
3002 3411 3359 3470 humilitatem
3410 3425 3465 3471 et

1893 3515 1988 3570 per
2028 3502 2404 3570 pcenitentiam
2440 3503 2855 3558 correctionem.
2895 3503 3016 3557 Alia
3070 3506 3215 3559 enim
3269 3521 3462 3575 magna

1892 3601 1949 3648 et
2007 3594 2221 3650 excelsa
2280 3596 2714 3660 etmagnanimis
2782 3606 3151 3651 consentanea
3230 3606 3286 3651 et
3341 3612 3465 3668 qua:

1894 3686 1960 3743 ad
1993 3686 2356 3741 imitationem
2388 3688 2646 3754 incitant;
2694 3687 2821 3743 item
2863 3696 2992 3742 sunt
3019 3689 3125 3743 alia
3153 3704 3316 3759 supra
3348 3705 3464 3744 om-

1894 3782 2051 3835 nium
2099 3780 2459 3833 imitationem
2490 3778 2685 3849 posita,
2718 3780 2812 3834 sed
2842 3780 3111 3835 correctio
3158 3796 3249 3849 per
3282 3782 3463 3851 pinni-

1896 3872 2118 3927 tentiam
2144 3885 2244 3926 nos
2274 3872 2446 3942 magis
2486 3885 2651 3939 quam
2680 3872 2785 3927 illis
2814 3872 2968 3927 decet
2997 3873 3333 3944 quisingulis
3355 3874 3467 3928 die-

1896 3965 1999 4020 bus
2049 3964 2327 4019 multoties
2370 3962 2743 4028 oﬂ'endimus,
2804 3966 2876 4018 ita
2936 3974 2996 4019 ut
3069 3966 3216 4039 nulla
3283 3968 3354 4021 sit
3399 3980 3464 4020 ex

1896 4072 2223 4127 quacunque
2264 4066 2416 4126 parte
2466 4071 2589 4127 spes
2643 4056 2799 4111 nobis
2826 4058 2931 4111 nisi
2984 4073 3146 4123 quam
3173 4072 3266 4127 per
3294 4061 3467 4114 conti-

1900 4164 2063 4203 nuam
2097 4149 2471 4218 pcenitentiam
2505 4162 2924 4217 consequemur.
2959 4148 3135 4203 Porro
3173 4150 3326 4219 praeit
3355 4166 3466 4219 pte-

1899 4244 2140 4298 nitentiat
2186 4243 2519 4297 conscientia
2555 4243 2897 4311 propriorum
2956 4249 3328 4309 peci-atorum,
3370 4256 3462 4308 qun

1898 4344 1984 4389 est
2010 4349 2238 4401 magnus
2261 4334 2325 4388 ad
2352 4333 2726 4402 pmnitenliam
2759 4348 3002 4403 gressus.
3044 4332 3135 4387 Ait
3162 4332 3306 4386 enim
3334 4333 3466 4386 Pro-

199 4428 361 4498 πρὸς
402 4422 630 4491 ιλασμδν
667 4419 890 4489 ἀφορμή
916 4431 932 4448 ο
971 4434 994 4469 ι
1040 4413 1292 4483 Ἐλέησόν
1322 4429 1389 4481 με
1424 4413 1551 4483 γὰρ,
1598 4432 1619 4464 ι
1656 4414 1789 4482 φησι

1894 4428 2099 4499 pheta"
2128 4425 2269 4482 idem
2298 4438 2351 4481 et
2378 4426 2664 4480 Psalmista
2686 4426 2752 4479 ad
2788 4425 2952 4479 Deum
2982 4442 2995 4478 :
3023 4443 3043 4476 ι
3085 4423 3335 4480 Miserere
3366 4426 3466 4479 mci

204 4522 367 4593 πρὸς
414 4519 510 4571 τὸν
552 4514 696 4584 Θεὸν⁸
734 4516 762 4566 ό
800 4509 1101 4581 ’ψαλμῳόδς
1146 4506 1441 4573 Προφήτης
1470 4520 1485 4537 ·
1524 4521 1545 4556 ε
1570 4506 1673 4557 ⁸ὃτι
1700 4503 1799 4573 τὴν

203 4609 463 4682 ἀνομίαν
498 4622 600 4676 μου
632 4604 745 4672 ἐγὼ
772 4602 1079 4671 γινώσκωσι
1109 4598 1200 4652 διὰ
1218 4598 1316 4665 τῆς
1342 4593 1689 4663 ἐπιγνώσεως
1710 4595 1799 4646 ἕλ-

200 4722 332 4760 κων
365 4701 464 4753 τὸν
510 4697 678 4760 ἱλεον,
710 4697 803 4749 κοιλ⁵
838 4690 1339 4763 δι’,ὲξαγορεύσεως
1384 4690 1481 4741 καὶ
1516 4687 1614 4755 τῆς
1646 4688 1804 4739 αὺτο-

206 4792 481 4869 μιιμψίας
531 4788 741 4842 τελείαν
789 4786 888 4855 τὴν
929 4786 1121 4853 ἄφεσιν
1165 4781 1542 4853 κομιζόμενος.
1602 4800 1621 4832 ε
1660 4781 1803 4833 Εἶτια

205 4892 358 4958 γὰρ,
398 4876 970 4951 φησ“ιν,Ἑξαγορεύσω
997 4873 1119 4928 κατ’
1142 4872 1277 4943 ιμοῦ
1306 4871 1407 4939 τὴν
1432 4871 1664 4939 ἀνομίαν
1696 4884 1799 4939 μου

206 4979 297 5052 τῷ
333 4973 559 5046 Κυρίῳ,
582 4972 681 5024 καὶ
709 4970 776 5021 σὺ
799 4968 1017 5037 ἀφῆκας
1038 4967 1139 5032 τὴν
1167 4963 1422 5018 ἀσέϐειαν
1446 4964 1543 5031 τῆς
1574 4962 1804 5031 καρδίας

210 5088 358 5142 μου.
392 5084 413 5119 ι
449 5065 533 5135 Τῇ
566 5065 674 5133 γὰρ
700 5059 990 5131 ἐπιγνώσει
1013 5056 1124 5111 τῶν
1153 5057 1369 5109 οίκείων
1392 5056 1805 5126 ἁμαρτημάτων

207 5170 425 5223 ἕπεται
463 5163 499 5232 ἡ
537 5158 713 5214 οίκεία
745 5157 1126 5224 κατάγνωσις·
1177 5152 1351 5223 ταύτῃ
1394 5152 1452 5205 δὲ
1496 5152 1529 5222 ἠ
1568 5152 1657 5203 ἐπὶ
1694 5151 1807 5211 τοῖς

207 5258 600 5332 ἁμαρτήμασι
634 5251 801 5320 λύπη,
829 5249 897 5319 ἢν
924 5251 952 5301 ὀ
996 5246 1203 5310 Παῦλος
1248 5248 1390 5300 κατὰ
1432 5245 1567 5298 Θεὸν
1600 5261 1809 5315 προση-

210 5357 492 5424 γόρευσε.
513 5346 593 5417 Τῇ
614 5344 670 5398 δὲ
700 5343 842 5395 κατά
862 5341 994 5394 Θεὸν
1021 5338 1166 5411 λύπη
1195 5338 1371 5410 ταύτῃ
1404 5338 1647 5406 πέφυκεν
1679 5337 1810 5390 ἁκο-

1897 4520 2159 4589 quoniam
2211 4518 2550 4587 iniquitatem
2610 4532 2783 4571 meam
2843 4531 3115 4587 cognosco
3165 4518 3230 4571 ".
3293 4536 3313 4568 ι
3365 4518 3470 4572 Per

1898 4608 2293 4663 conscientiam
2336 4606 2513 4677 pergit
2541 4606 2606 4659 ad
2644 4606 3097 4672 misericordiam,
3129 4617 3182 4661 et
3216 4623 3311 4676 per
3339 4623 3470 4663 con-

1900 4702 2191 4756 fessionem
2224 4700 2419 4768 suique
2450 4698 2621 4766 ipsius
2655 4699 3107 4767 vituperationem
3138 4699 3349 4768 plenam
3381 4715 3471 4754 ac-
3502 4702 3505 4705 ⁴

1900 4792 2031 4861 cipit
2054 4791 2455 4845 remissionem.
2482 4788 2620 4844 Nam
2651 4807 2665 4843 :
2697 4809 2715 4839 ι
2743 4789 2861 4853 Dixi
2886 4793 3051 4857 enim,
3073 4791 3265 4860 inquit,
3301 4795 3471 4847 conli-

1905 4885 2061 4937 tebor
2095 4883 2383 4937 adversum
2434 4897 2521 4936 me
2564 4882 2885 4953 iniustitiam
2919 4898 3091 4937 meam
3124 4882 3386 4947 Domino,
3419 4894 3473 4936 et

1909 4983 1965 5029 tu
2018 4975 2274 5030 remisisti
2315 4975 2648 5044 impietatem
2680 4976 2864 5030 cordis
2915 4975 3016 5029 mei
3056 4976 3121 5028 ".
3159 4993 3178 5026 ι
3232 4974 3469 5029 Suorum
3502 4992 3507 4995 ·

1910 5067 2303 5121 conscientiam
2336 5078 2687 5136 peccaturum
2711 5065 2961 5137 sequitur
2981 5067 3067 5121 sui
3100 5068 3273 5137 ipsius
3289 5082 3477 5137 repre-

1913 5158 2108 5223 hensio
2130 5175 2157 5225 θ
2174 5160 2314 5213 hanc
2331 5160 2526 5215 deinde
2543 5162 2780 5230 peccatis
2814 5161 3051 5226 tristitia,
3080 5176 3243 5230 quam
3279 5160 3476 5213 Paulus

1914 5251 2224 5305 secundum
2278 5250 2446 5305 Deum
2515 5252 2867 5320 nuncupavit.
2912 5252 2986 5306 Ex
3033 5252 3135 5307 hac
3176 5254 3476 5307 secundum

1917 5342 2082 5399 Deum
2133 5344 2351 5400 tristitia
2409 5346 2652 5399 nascitur
2698 5346 2878 5401 cordis
2924 5345 3146 5399 contriti
3203 5345 3268 5398 ad
3314 5344 3480 5397 Deum

207 5441 446 5501 λουοετν
488 5438 524 5508 ἡ
565 5436 706 5509 μετὰ
742 5435 1220 5503 συντετριμμένης
1266 5431 1493 5503 καρδίας
1538 5430 1677 5500 πρὸς
1719 5430 1789 5483 τδ,

1914 5436 2187 5492 confessio
2236 5446 2291 5492 et
2334 5436 2694 5507 supplicatio,
2748 5452 2869 5492 cum
2924 5436 3282 5505 promissione
3338 5443 3483 5503 pust-

213 5536 370 5593 Θεδν
400 5530 750 5601 ὲξαγόρευσίς
772 5545 832 5582 τε
860 5530 955 5581 καὶ
978 5526 1182 5598 δέησις,
1212 5530 1307 5581 καὶ
1338 5529 1372 5597 ἡ
1400 5526 1691 5598 ὑπόσχεσις
1714 5528 1814 5596 τῆς

1920 5531 2033 5582 Ιιαιο
2066 5543 2097 5581 a
2151 5529 2309 5585 malis
2361 5528 2668 5584 abstinendi
2714 5546 2728 5584 :
2778 5538 2832 5583 et
2873 5528 2977 5584 hoc
3017 5538 3102 5585 est
3140 5526 3481 5599 pinniteutia.

214 5635 307 5695 εἰς
341 5628 408 5683 τὸ
444 5626 573 5695 ἑξῆς
617 5641 729 5677 των
770 5624 979 5678 κακιῶν
1012 5616 1243 5694 ἀποχῆς,
1276 5624 1368 5677 καὶ
1406 5624 1566 5677 τοῦτό
1601 5628 1805 5697 ἐστινὴ
1849 5631 2127 5698 μετάνοια.

299 5725 354 5759 ιθ
378 5719 542 5776 Boni.
574 5732 696 5781 vm,
722 5717 814 5773 59.
890 5720 934 5752 "
964 5719 983 5773 1
1008 5717 1134 5772 Cor.
1160 5733 1250 5783 xv,
1278 5720 1330 5771 9.
1411 5717 1664 5774 "Matth.
1699 5736 1804 5785 xvi,
1853 5722 1939 5777 18.
1981 5723 2020 5752 "
2055 5723 2174 5775 Act.
2214 5733 2293 5783 ιε,
2334 5717 2419 5772 l5.
2500 5719 2543 5751 "
2574 5717 2719 5773 Psal.
2743 5735 2794 5785 L,
2831 5717 2955 5785 l,2.
3002 5717 3045 5749 ¹⁹
3068 5715 3212 5774 PsaL
3241 5731 3387 5783 χχιιι,
3420 5714 3479 5772 5.

583 5808 850 5870 Ρλτιιοι..
898 5812 1015 5871 Gn.
1060 5810 1183 5872 CLI

2936 5808 3012 5867 12
