4114 6224
544 249 659 318 375

1770 251 2152 318 GREGOBII
2191 257 2529 331 ΡΑιΑΜιΒη

3696 266 3827 329 376

541 364 825 419 tristitiam
852 372 905 419 et
933 364 1335 419 contritionem.
1383 362 1486 431 Qui
1535 364 1679 421 enim
1710 365 1816 423 hac
1863 368 2100 423 caruerit

2210 372 2419 442 Κυρίου
2451 370 2546 425 τοῦ
2578 370 2912 441 ποιήσαντος
2947 373 3119 443 ἡμᾶς.
3163 376 3259 437 καὶ
3290 376 3622 439 καλέσαντω
3657 376 3824 445 πρὸς

541 457 788 521 tristitia,
820 458 1142 512 non'audito
1180 459 1359 527 ipsum
1404 469 1637 514 vocante
1672 457 1807 524 Deo,
1839 476 1963 516 cum
2008 461 2119 514 ele-

534 550 643 605 ctis
673 551 875 604 sanctis
924 566 1028 604 non
1075 550 1507 620 eomputabitur,
1536 566 1633 606 nec
1679 552 2037 608 beatitudinis
2062 554 2116 608 in

535 643 826 711 Evangelia
857 642 1144 711 promissa:
1174 653 1227 698 et
1257 643 1456 699 divina:
1488 646 1883 700 consolationis
1919 646 2118 715 gaudio

530 737 871 805 perfruetur;
908 736 985 790 ait
1020 737 1165 790 enim
1194 736 1447 793 Christus
1476 753 1490 789 :
1521 757 1539 789 ι
1594 737 1742 793 Beati
1780 739 1873 810 qui
1900 740 2108 810 lugent,

524 826 783 896 quoniam
816 827 915 895 ipsi
950 828 1387 881 consolabuntur
1418 830 1488 883 ".
1525 848 1543 881 ι

2226 464 2544 533 μετάνοιαν,
2588 464 2684 517 καὶ
2731 462 2870 534 πρὸς
2916 464 3017 535 τὴν
3056 468 3330 539 σωτήριον
3373 468 3583 537 ταύτην
3626 466 3828 537 λύπην

2223 552 2319 605 καὶ
2345 552 2406 605 τὸ
2436 552 2631 616 πένθος
2658 554 2753 607 καὶ
2784 556 2887 624 τὴν
2926 557 3222 624 κατάνυξιν
3242 576 3259 591 ο
3286 557 3362 623 ὡς
3391 561 3419 613 ὅ
3452 575 3515 628 γε
3556 559 3633 630 μὴ
3669 558 3822 614 ταὺ-

2220 659 2321 714 την
2365 643 2507 714 ἔχων
2557 646 2658 717 οὐχ
2696 649 2977 717 ὑπήκουσε
3027 650 3105 720 τῷ
3161 651 3477 717 καλέσαντι,
3511 652 3634 707 οὐδὲ
3690 652 3823 717 τοῖς

2220 736 2445 805 κλητοῖς
2474 738 2657 805 ἁγίοις
2697 738 2794 792 τοῦ
2833 740 2971 794 Θεοῦ
3002 742 3430 813 συνηρίθμηται,
3470 744 3589 798 οὐδὲ
3618 746 3725 814 τῆς
3754 743 3822 797 ιν

2217 827 2295 895 τῷ
2340 828 2659 901 Εὐαγγελίῳ
2706 832 3111 904 μακαριότητος
3168 833 3653 907 κατηγγελμένης,
3714 831 3824 888 καὶ

522 925 621 994 τῆς
653 922 1075 997 ἐπηγγελμένης
1105 925 1260 990 θείας
1284 925 1691 998 παρακλήσεως
1756 927 2133 995 ἔπιτεῦξεται·
2179 943 2200 978 ε
2234 925 2521 998 Μακάριοι
2573 928 2707 997 γάρ,
2758 928 2947 999 φησὶν,
2990 931 3043 983 oi
3109 929 3460 997 πενθοῦντες,
3496 930 3583 986 ὅτι
3635 926 3819 984 αὐτοὶ

522 1019 1071 1090 παρακληθήσονται.
1122 1044 1139 1069 υ

593 1113 648 1170 Si
674 1114 793 1183 quis
826 1126 1009 1168 autem
1047 1115 1227 1171 dicat:
1266 1118 1375 1187 Ego
1402 1118 1521 1172 sine
1558 1126 1782 1188 peccato
1816 1133 1964 1183 sum,
2003 1132 2111 1173 non

518 1222 651 1277 ergo
701 1207 848 1260 luctu
907 1206 1182 1276 indigeo?
1235 1206 1305 1263 At
1364 1207 1495 1263 illud
1533 1207 1747 1264 diﬂicilc
1781 1218 1834 1263 et
1886 1207 2110 1263 rarissi-

518 1317 670 1355 mum
691 1311 776 1355 est
805 1310 861 1355 ct
909 1300 1024 1356 fere
1076 1302 1217 1356 inter
1249 1301 1612 1372 impossibilia
1659 1302 2109 1370 c0tnputandum.

517 1389 699 1462 Magni
732 1391 892 1460 pretii
926 1406 1059 1446 sane
1105 1400 1190 1446 est
1220 1407 1348 1447 Suas
1382 1392 1649 1448 moderari
1685 1394 1987 1463 passiones,
2016 1392 2111 1449 sed

520 1483 884 1539 aliamadliuc
913 1484 1077 1549 hujus
1126 1484 1389 1539 salutaris
1436 1484 1618 1540 luctus
1674 1484 1831 1540 nobis
1885 1496 2110 1541 sanctus

517 1593 698 1633 sermo
778 1578 1195 1631 demonstravit.
1259 1577 1561 1633 Mmrebant
1644 1576 1787 1633 enim
1854 1578 2108 1651 discipuli

515 1668 693 1723 orbati
749 1684 851 1722 suo
903 1683 1030 1723 vere
1090 1668 1232 1723 bono
1299 1670 1560 1739 magistro
1598 1666 1727 1725 Jesu
1774 1668 2022 1735 Christo,
2057 1682 2110 1728 et

514 1776 617 1817 nos
660 1775 876 1831 quoque
909 1760 1067 1815 hodie
1114 1760 1233 1831 ipso
1282 1763 1583 1830 privamur,
1608 1779 1719 1818 non
1752 1773 1933 1819 autem
1988 1765 2111 1834 ipso

514 1852 656 1919 solo,
705 1853 799 1908 sed
830 1861 885 1906 et
918 1853 1152 1922 paradisi
1188 1852 1447 1909 felicitate
1483 1871 1500 1920 ;
1531 1856 1838 1911 excidimus
1868 1858 2014 1911 enim
2044 1872 2111 1912 ex

514 1961 603 2011 ea,
628 1929 680 2000 et
706 1960 807 2016 pro
847 1948 1068 2015 regione
1104 1946 1322 2018 absque,
1347 1946 1539 2004 dolore
1581 1948 1861 2019 regionem
1904 1949 2114 2007 dolori-

516 2041 621 2093 bus
651 2050 703 2093 et
729 2040 993 2095 aerumnis
1044 2040 1259 2109 plenam
1314 2042 1655 2115 accepimus.
1686 2041 1888 2099 Privati
1920 2060 2112 2101 sumus

515 2132 938 2188 conversatione
988 2132 1054 2187 ad
1094 2133 1264 2187 Deum
1305 2132 1445 2188 faeie
1489 2134 1557 2189 ad
1604 2134 1824 2198 faciem,
1849 2138 2113 2192 societate

515 2224 840 2294 angelorum
870 2234 923 2277 et
948 2223 1052 2277 vita
1082 2232 1306 2278 aeterna.
1331 2222 1465 2289 Quis
1487 2223 1581 2279 tali
1605 2225 1823 2293 cognita
1852 2225 2112 2294 privatio-

514 2327 584 2365 ne
621 2328 727 2365 non
753 2312 993 2366 doleret?
1026 2314 1115 2379 qui
1151 2320 1335 2366 autem
1362 2312 1501 2368 hanc
1531 2327 1638 2368 non
1662 2313 1919 2384 cnguovit
1950 2316 2016 2370 de
2048 2320 2112 2371 tl-

511 2402 730 2459 delibus
758 2419 867 2458 non
892 2414 994 2458 cst.
1022 2404 1134 2459 Nos
1168 2420 1298 2474 ergo
1329 2420 1467 2475 quos
1510 2404 1798 2462 divinitius
1845 2408 2111 2479 inspirata

511 2498 763 2555 doctrina
798 2498 957 2554 talem
985 2499 1290 2553 carcntiam
1313 2498 1501 2553 docuit
1536 2498 1843 2571 aﬂligamus
1871 2513 2113 2558 uosmet-

514 2589 687 2657 ips0s,
717 2589 936 2653 fratres,
962 2600 1017 2645 et
1046 2590 1291 2644 maculas
1310 2601 1660 2661 peccatorum
1708 2607 1806 2663 per
1841 2594 2110 2649 salutares

510 2684 817 2737 secundum
851 2680 1019 2735 Deum
1055 2683 1326 2754 lacrymas
1359 2684 1672 2748 abluamus,
1702 2693 1762 2739 ut
1793 2686 2111 2743 misericor-

510 2775 658 2831 diam
695 2777 1066 2839 inveniamus,
1100 2774 1168 2829 ad
1196 2776 1510 2845 paradisum
1571 2775 1863 2834 redeamus
1897 2788 1950 2834 et
1979 2780 2110 2836 doe-

513 2870 672 2923 trinze
706 2870 828 2924 vitae
856 2854 1248 2937 felicitatisque
1283 2870 1574 2938 participes
1597 2869 1918 2937 efﬁciamur,
1939 2889 2105 2945 quam

509 2964 674 3018 nobis
705 2964 961 3019 omnibus
1009 2962 1274 3017 concedat
1304 2976 1400 3032 per
1426 2964 1656 3033 gratiam
1711 2972 1764 3018 et
1793 2965 2106 3022 misericor-

2302 1110 2445 1168 Ἀλλ’
2472 1113 2592 1184 ἐρεῖ
2616 1130 2702 1177 τις
2732 1112 2893 1177 ὲκτδς
2940 1112 3221 1184 ἁμαρτίας
3254 1104 3417 1175 εἶναι,
3449 1110 3545 1163 καὶ
3591 1109 3668 1180 μὴ
3702 1108 3829 1164 δεῖ·

2215 1205 2341 1262 σθαι
2370 1205 2466 1260 τοῦ
2513 1194 2786 1273 πένθουςς
2830 1204 2981 1260 Ἀλλ’
3011 1206 3061 1258 εί
3093 1204 3189 1261 καὶ
3215 1202 3477 1274 δυσχερὲς
3515 1200 3681 1255 τοῦτο
3715 1198 3821 1254 xui.

2216 1299 2616 1362 σπανιώτατον,
2638 1297 2733 1352 καὶ
2766 1296 2957 1368 σχεδον
2990 1295 3101 1351 τῶν
3129 1296 3414 1352 ἀδυνάτων
3440 1295 3591 1348 ἐστίν
3614 1309 3632 1327 ·
3658 1293 3822 1362 ἀγα-

2214 1392 2389 1463 πητδν
2412 1392 2544 1463 γάρ,
2570 1392 2621 1445 εί
2646 1390 2744 1446 καὶ
2774 1390 3151 1463 μετριοπαθὴς
3185 1391 3213 1443 ό
3235 1388 3525 1460 ἄνθρωπος
3551 1385 3778 1456 γένοιτο
3797 1400 3814 1416 σ

2211 1486 2361 1555 ὅμως
2399 1487 2429 1540 ό
2477 1484 2637 1552 λόγος
2686 1481 2934 1550 ﬁniatis
2984 1482 3088 1554 τὴν
3144 1482 3321 1553 ἀρχὴν
3371 1479 3468 1536 τοῦ
3520 1478 3817 1551 σωτηρίου

2210 1578 2404 1634 τούτου
2451 1579 2690 1645 πένθους
2724 1579 2822 1635 καὶ
2873 1578 3045 1646 ἀλλην
3072 1576 3255 1631 αίτίαν
3281 1591 3299 1609 ο
3333 1571 3643 1629 ἐλυποῦντο
3687 1571 3813 1642 γὰρ

2211 1673 2263 1727 oi
2298 1673 2544 1744 μαθηταὶ
2596 1670 2960 1744 στερηθέντες
2988 1669 3086 1725 τοῦ
3132 1670 3304 1733 ὅντως
3334 1666 3558 1736 ’ἀγαθοῦ
3593 1664 3695 1720 καὶ
3719 1664 3818 1720 διο

2212 1768 2482 1835 δασκάλου
2520 1766 2790 1839 Χριστοῦ,
2840 1759 2903 1820 οῦ
2934 1769 3030 1819 καὶ
3068 1766 3231 1836 ἡμεῖς
3285 1760 3636 1833 στερούμεθα
3677 1758 3814 1813 νῦν.

2214 1862 2325 1917 Καὶ
2348 1863 2410 1916 οὗ
2434 1859 2630 1915 τούτου
2666 1860 2857 1932 μόνου,
2889 1858 3029 1914 ἀλλὰ
3054 1857 3151 1912 καὶ
3173 1857 3272 1925 τῆς
3294 1859 3353 1909 ὲν
3378 1855 3461 1925 τῷ
3483 1852 3815 1925 παραδείσῳ

2212 1954 2461 2026 τρυφῆς·
2503 1952 2951 2024 ἐκπεπτώκαμεν
2996 1951 3106 2021 γάρ
3146 1950 3341 2019 αὐτῆς,
3396 1947 3492 2000 καὶ
3521 1944 3813 2016 ἀντηλλαι

2215 2046 2429 2118 ξάμεθα
2475 2044 2572 2099 τοῦ
2610 2041 2861 2108 ἀπαθοῦς
2900 2030 3107 2115 χωρίου
3135 2041 3227 2096 τὸν
3262 2038 3490 2107 ἐμπαθῆ
3538 2038 3637 2090 καὶ
3678 2035 3812 2088 ἐτεί-

2213 2158 2377 2195 πονον
2398 2138 2592 2209 τοῦτον
2617 2138 2798 2211 χῶρον
2820 2154 2837 2169 ’
2865 2122 3212 2208 ἐστερήμεθα
3239 2135 3337 2202 τῆς
3362 2122 3806 2199 αὑτοπροσώπου

2214 2234 2352 2305 πρὸς
2388 2232 2525 2299 Θεὸν
2576 2232 2819 2302 ὁμιλίας,
2872 2234 2975 2302 τῆς
3018 2228 3157 2299 μετὰ
3186 2228 3297 2281 τῶν
3328 2224 3577 2296 ἀγγέλων
3626 2216 3808 2275 αὐτοῦ

2214 2325 2509 2390 συναυλίας
2538 2323 2637 2379 καὶ⁵
2677 2323 2780 2394 τῆς
2820 2306 2995 2378 ἀϊδίου
3023 2321 3193 2391 ζωῆς.
3234 2319 3332 2382 Τίς
3384 2317 3486 2386 τὴν
3532 2315 3806 2384 στέρησιν

2211 2414 2420 2471 τούτων
2468 2415 2646 2479 είδὼς,
2679 2415 2742 2468 οὐ
2776 2412 3005 2478 πενθεῖς
3054 2410 3117 2467 '0
3148 2411 3222 2475 ,δὲ
3266 2408 3343 2480 μὴ
3386 2406 3599 2475 ταύτην
3634 2400 3805 2464 εἰδὼς

2211 2508 2336 2563 οὐδὲ
2362 2508 2464 2579 τῆς
2499 2507 2697 2579 μοίρας
2726 2507 2847 2560 ἐστὶ
2870 2504 2981 2559 τῶν
3011 2502 3243 2558 πιστῶν.
3272 2501 3484 2556 Οὐκοῦν
3513 2499 3676 2567 ἡμεῖς
3706 2493 3805 2550 διά

2211 2602 2314 2672 τῆς
2352 2586 2715 2655 θεοπνεύστου
2764 2595 3142 2661 διδασκαλίας,
3198 2602 3254 2647 ὲν
3293 2593 3503 2663 εἰδήσει
3547 2588 3651 2657 τῆς
3681 2602 3797 2639 τοι.

2211 2695 2383 2765 αὐτης
2416 2694 2707 2763 γεγονότες
2750 2694 3081 2764 στερήσεως,
3117 2689 3483 2758 πενθήσωμεν
3508 2683 3659 2754 ἡμᾶς
3696 2679 3808 2733 σῦ-

2210 2775 2360 2851 τοίις,
2390 2786 2634 2855 ἀδελφοὶ,
2669 2787 2763 2839 καὶ
2784 2787 2908 2849 τοὺς
2928 2770 3001 2847 ¹ἐξ
3028 2781 3303 2853 ἁμαρτίας
3336 2776 3652 2849 μολυσμοὺς
3701 2773 3799 2827 διὰ

2208 2879 2304 2935 τοῦ
2350 2878 2491 2933 κατά
2524 2878 2659 2932 Θεὸν
2693 2876 2926 2941 πένθους
2976 2872 3400 2945 ἀπονιψώμεθαο
3436 2871 3524 2923 ἵνα
3556 2867 3654 2922 καὶ
3691 2864 3799 2936 τὴν

2211 2971 2564 3043 συμπάθειαν
2589 2970 2864 3044 εὕρωμεν,
2891 2972 2985 3025 καὶ
3008 2969 3147 3039 πρὸς
3164 2966 3257 3022 τὸν
3290 2965 3625 3037 παράδεισον
3655 2960 3803 3013 επα-

508 3058 655 3112 diazn
716 3072 871 3111 suam
938 3054 1204 3110 Dominus
1260 3064 1449 3110 uoster
1492 3054 1653 3112 Jesus
1711 3057 1985 3123 Christus,
2014 3062 2099 3116 cui

2208 3066 2509 3136 νέλθωμεν,
2539 3068 2635 3119 καὶ
2680 3066 2781 3135 τῆς
2831 3064 3006 3117 ἀϊδίου
3040 3062 3187 3132 ζωῆς
3234 3060 3332 3113 καὶ
3382 3054 3795 3127 παρακλήσεως

508 3149 689 3203 omnis
711 3149 905 3218 gloria,
930 3156 1192 3219 potestas,
1222 3148 1396 3201 honor
1423 3157 1476 3202 et
1503 3149 1766 3216 adoratio,
1797 3166 1919 3207 cum
1953 3154 2100 3225 inge-

2206 3157 2632 3229 εὐμοιρήσωμεν
2662 3176 2674 3188 ·
2709 3155 2777 3230 ἧς
2821 3160 3035 3226 γένοιτο
3080 3155 3291 3214 πάντας
3314 3152 3466 3221 ἡμᾶς
3507 3146 3798 3214 ἐπιτυχεῖν

507 3242 623 3297 nilo
650 3240 809 3297 Patre
841 3257 945 3297 suo
975 3251 1030 3297 et
1058 3241 1409 3297 sanctissimo
1440 3244 1581 3295 bono
1604 3254 1661 3297 et
1688 3244 1903 3300 viviﬂco
1928 3244 2102 3315 Spiri-

508 3346 588 3402 tu,
618 3351 764 3390 uunc
797 3345 849 3389 et
880 3349 1119 3405 semper,
1149 3342 1205 3389 et
1236 3332 1289 3387 in
1325 3334 1520 3389 saecula
1541 3336 2097 3395 seculorum.Amen.

2204 3249 2393 3329 χάριτι
2440 3250 2532 3302 καὶ
2580 3248 2967 3320 φιλανθρωπίᾳ
2996 3246 3091 3300 τοῦ
3140 3244 3354 3316 Κυρίου
3401 3242 3561 3311 ἡμῶν
3607 3235 3794 3309 Ἰησοῦ

2203 3342 2474 3413 Χριστοῦ,
2509 3336 2554 3413 ᾧ
2605 3342 2810 3414 πρέπει
2861 3334 3013 3397 πᾶσαν
3050 3339 3201 3404 δόξα,
3241 3337 3467 3406 κράτος,
3519 3334 3659 3404 τιμὴ
3692 3331 3795 3384 xai.

504 3428 907 3500 προσκύνησις,
943 3427 1042 3481 σὺν
1070 3425 1147 3497 τῷ
1186 3428 1415 3496 ἀναρχω
1462 3428 1859 3505 αὑτοῦιηατρὶ,
1890 3432 1985 3484 καὶ
2011 3432 2089 3503 τῷ
2126 3435 2383 3507 παναγίῳ
2451 3437 2545 3491 καὶ
2595 3434 2786 3507 ἀγαθῷ
2833 3434 2931 3488 καὶ
2986 3432 3239 3502 ζωοποιῷ
3298 3428 3602 3499 Πνεῦματι,
3684 3427 3793 3483 νῦν

502 3528 600 3579 καὶ
634 3523 724 3579 ἀεὶ
756 3524 848 3577 καὶ
883 3524 965 3587 είς
998 3522 1127 3587 τοὺς
1165 3523 1371 3588 αίῶνας
1395 3523 1504 3580 τὼν
1539 3525 1774 3582 αἰώνων.
1817 3527 2013 3600 ’Δμήν.

1035 3637 1327 3694 ilOMlLiA
1387 3638 1537 3695 XXX

499 3758 675 3829 Super
706 3772 871 3812 cacas
907 3758 998 3821 qui
1032 3760 1318 3811 secundum
1368 3759 1740 3829 evangelistam
1776 3761 2094 3819 Matthwum

565 3832 737 3884 visum
770 3839 1079 3900 recepvrunl
1112 3830 1166 3881 in
1197 3829 1375 3893 domo,
1412 3840 1461 3885 et
1508 3832 1645 3900 quod
1686 3851 1790 3887 non
1833 3852 1967 3891 vera:
2014 3844 2095 3891 est

566 3901 690 3967 ﬁdei
715 3899 808 3970 qui
828 3912 901 3953 est
937 3901 1131 3971 absque
1164 3902 1486 3971 pauitantia
1518 3899 1783 3973 operibus.

567 4080 836 4137 Dominus
886 4089 1075 4138 noster
1124 4082 1285 4140 Jesus
1348 4084 1602 4143 Christus
1674 4103 1798 4143 cum
1856 4103 2088 4159 corpore

491 4177 638 4244 quod
674 4178 812 4245 apud
850 4194 949 4234 nos
985 4194 1083 4248 pro
1116 4179 1277 4234 nobis
1300 4182 1556 4249 sumpsit,
1588 4196 1922 4237 conversaris
1960 4199 2084 4237 cum

493 4269 872 4326 habitantibus
902 4280 1102 4325 terram
1138 4272 1343 4326 multos
1374 4282 1428 4327 et
1464 4274 1768 4328 secundum
1806 4290 2008 4346 corpus
2032 4283 2088 4331 et

490 4364 792 4418 secundum
820 4366 1055 4420 animam
1081 4381 1256 4421 meos
1297 4368 1526 4422 sanavit.
1555 4365 1611 4422 Si
1635 4368 1758 4437 quis
1787 4370 2087 4439 praesertim

488 4460 611 4511 visu
637 4460 905 4528 εμὶτίιιιςιιί
945 4462 1260 4516 consideret
1310 4463 1710 4518 restitutionem
1745 4479 1869 4534 qua:
1900 4472 2086 4519 trans-

2705 3644 2861 3716 ιε’]
2892 3643 3137 3697 omam
3177 3644 3260 3697 A'.

2208 3765 2526 3835 ,ἱππόθεσρ
2561 3760 2967 3835 έχουᾳατορς
2996 3760 3149 3835 κατὰ
3183 3760 3292 3814 τὸν
3332 3763 3791 3835 abun-5.1:th

2270 3833 2575 3903 Ματθαῖον
2596 3834 2667 3887 ἐν
2692 3833 2850 3898 olida
2873 3832 3343 3903 ἀναϐλέψαντας
3367 3839 3642 3903 τυφλούς
3671 3856 3687 3870 ο
3716 3832 3791 3890 ἐν

2266 3900 2554 3986 ἧμαι-ὄτι
2582 3904 2856 3985 οὐρεὲστι
2886 3904 3097 3986 πίστιν
3123 3901 3291 3972 ἔχειν
3317 3900 3562 3973 ἀληθῶς
3601 3900 3792 3986 iugi;-

2271 3972 2392 4030 ἰῶν
2422 3975 2614 4046 ἔργων
2642 3972 2754 4045 τῆς
2776 3974 3123 4043 μετανοίας.

2276 4089 2336 4145 '0
2372 4088 2579 4160 Κύριος
2632 4088 2793 4157 ήμῶν
2849 4084 3059 4157 Ἰησοῦς
3110 4085 3350 4157 Χριστὸς
3382 4104 3528 4159 μετα
3582 4092 3785 4162 σῶμα.

2194 4200 2306 4249 τος,
2333 4180 2361 4236 ὃ
2393 4181 2523 4251 παρ’
2553 4179 2711 4251 ἡμῶν
2743 4179 2885 4251 ὑπὲρ
2921 4180 3080 4251 ἡμῶν
3113 4178 3371 4246 ἀνέλαϐε,
3402 4196 3787 4251 συναναστρε-

2195 4275 2435 4345 φόμενος
2468 4275 2581 4337 τοῖς
2620 4272 2715 4325 ἐπὶ
2746 4273 2873 4343 γῆς.
2920 4256 3153 4329 πολλοὺς
3182 4271 3279 4325 καὶ
3307 4272 3454 4327 κατὰ
3486 4266 3649 4343 σῶμα
3685 4275 3785 4328 καὶ

2196 4368 2338 4422 κατὰ
2382 4366 2565 4439 ψυχὴν
2613 4365 2954 4437 ἐθεράπευσε
3009 4362 3293 4433 τυφλούςο
3349 4364 3552 4435 μᾶλλον
3597 4364 3680 4430 δὲ,
3733 4367 3788 4426 εί

2194 4463 2294 4532 μέν
2333 4478 2419 4525 τις
2470 4462 2671 4514 σκοπεῖ
2706 4458 2808 4531 τὴν
2846 4458 2990 4512 κατά
3019 4458 3263 4512 διάνοιαν
3306 4456 3625 4528 ἀνάϐλεψιν,
3654 4458 3788 4531 ἣτις

486 4554 670 4605 euuzln
704 4551 770 4605 de
800 4552 1123 4609 inﬁdelitate
1172 4554 1238 4608 ad
1269 4553 1449 4620 fidem,
1486 4565 1541 4610 et
1573 4556 1640 4611 de
1672 4555 1977 4626 ignorantia
2015 4558 2082 4613 ad

2205 4559 2342 4610 iactv
2366 4558 2401 4629 ή
2441 4554 2503 4620 ἐξ
2540 4555 2804 4615 ἀπιστίας
2849 4552 2930 4616 είς
2962 4552 3173 4616 πίστιν,
3202 4554 3299 4607 καὶ
3328 4553 3389 4617 ἐξ
3437 4552 3667 4620 ἀγνοίας
3700 4553 3787 4616 είς

488 4647 855 4716 cognitionem
887 4648 999 4707 Dei.
1022 4649 1302 4703 numerari
1353 4658 1632 4719 nequeunt
1663 4651 1754 4720 qui
1780 4667 1875 4722 per
1904 4651 2087 4706 incar-

485 4740 765 4795 nationem
798 4740 1012 4795 Domini
1044 4744 1221 4797 visum
1260 4752 1585 4812 receperunt
1644 4743 1795 4807 caeci,
1826 4747 1926 4800 soli
1957 4757 2085 4801 sunt

487 4836 857 4889 numerabiles
887 4836 959 4902 ei,
1003 4836 1090 4891 cui
1125 4837 1445 4907 capillorum
1480 4849 1793 4893 nostrorum
1814 4856 2082 4893 numerus

486 4927 738 4992 eOgnitus
776 4938 879 4979 est.
924 4928 1076 4993 Quod
1109 4929 1152 4981 si
1198 4930 1568 4997 corporalium
1603 4931 1890 4986 oculorum
1931 4933 2082 4987 visus

487 5016 891 5072 restitutionem
932 5021 1370 5086 coiisideremus,
1407 5024 1608 5077 tnultos
1630 5024 1794 5078 etiam
1831 5025 2073 5080 invenie-

489 5128 612 5165 mus
638 5112 774 5169 alios
818 5114 1037 5182 quidem
1080 5116 1200 5170 solo
1236 5118 1423 5181 verbo,
1457 5118 1595 5174 alios
1630 5134 1760 5174 vero
1790 5120 1908 5175 solo
1941 5129 2084 5173 tactu

484 5216 746 5270 sanatos;
800 5206 891 5261 alii
921 5224 1019 5279 per
1050 5208 1225 5262 solum
1248 5223 1528 5265 accessum
1548 5212 1613 5265 ad
1642 5211 1828 5267 Jesum
1862 5212 2091 5283 ejusque

484 5301 882 5365 adorationcm,
913 5302 1006 5356 alii
1059 5318 1155 5373 per
1215 5303 1529 5359 unctionem
1597 5306 1741 5376 spuli
1794 5316 1849 5361 et
1908 5306 2006 5360 luti
2056 5322 2087 5362 a

484 5392 707 5448 Christo
742 5396 1087 5450 sanationem
1120 5408 1466 5466 receperunt.
1494 5398 1631 5453 Cum
1664 5400 1905 5455 venisset
1936 5402 2085 5455 cnim

485 5486 663 5551 Jesus,
698 5497 757 5541 ut
791 5499 974 5542 narrat
1007 5487 1315 5555 Matthaaus,
1342 5506 1502 5547 secus
1532 5508 1682 5547 mare
1714 5492 1963 5558 Galilmm,
1990 5510 2084 5550 ac-

490 5589 780 5635 cesserunt
812 5586 876 5635 ad
924 5598 1049 5636 cum
1109 5585 1281 5639 turba:
1343 5586 1547 5639 multis.
1575 5585 1833 5642 habentes
1886 5603 2074 5644 secum

567 5765 611 5795 “
645 5763 841 5819 Matth.
894 5782 943 5831 ν,
988 5765 1034 5819 ι.

2192 4652 2493 4718 ἐπίγνωσιν
2523 4647 2663 4702 Θεοῦ
2699 4646 3015 4718 μετάθεσις,
3048 4646 3161 4699 οὐδ’
3201 4645 3421 4718 ἀριθμῷ
3458 4646 3787 4717 περιϐαλεῖν

2191 4746 2309 4799 ἔστι
2337 4745 2467 4807 τοὺς
2503 4742 2592 4797 διά
2624 4743 2723 4812 τῆς
2762 4739 3239 4810 ἑνανθρωπήσεως
3267 4739 3363 4794 τοῦ
3407 4742 3617 4809 Κυρίου
3648 4742 3787 4795 ἀνα-

2190 4837 2495 4905 ϐλέψαντας
2545 4832 2783 4903 τυφλούς
2814 4848 2829 4865 ο
2866 4831 3016 4902 αὐτῷ
3047 4834 3159 4902 γάρ
3215 4833 3355 4885 εἰσιν
3394 4833 3609 4904 ὴριθμη
3622 4835 3783 4904 μένοι

2191 4928 2362 4999 μόνῳ,
2395 4926 2473 4997 τῷ
2500 4925 2717 4989 καὶτὰς
2744 4924 2937 4997 τρίχας
2966 4922 3128 4994 ἡμῶν
3158 4924 3548 4995 ἠριθμημένας
3574 4924 3779 4994 ἔχοντι.

2189 5026 2251 5079 Ei
2295 5025 2351 5077 δὲ
2408 5023 2517 5077 τῶν
2571 5020 2906 5093 σωματικῶν
2964 5020 3265 5089 ὀφθαλμῶν
3317 5020 3417 5086 τὴν
3480 5019 3781 5089 ἀνάδλεψιν

2188 5117 2527 5186 σκοποῦμεν,
2564 5115 2655 5169 καὶ
2679 5114 2800 5168 κατ’
2838 5114 3009 5185 αὐτὴν
3048 5113 3281 5175 πολλοὺς
3309 5111 3781 5182 εὑρήσομενντοῦς

2191 5210 2291 5281 μὲν
2320 5210 2465 5280 λόγῳ
2496 5212 2665 5279 μόνῳ,
2707 5208 2836 5271 τοὺς
2862 5208 2920 5261 δὲ
2947 5208 3060 5277 ἀφῇ
3107 5207 3243 5277 μόνῃ
3271 5220 3287 5235 ⁶
3314 5206 3432 5258 ἔστι
3463 5204 3519 5259 δὲ
3560 5203 3656 5267 οῦς
3683 5204 3781 5257 καὶ

2190 5303 2338 5373 μόνῳ
2362 5300 2439 5371 τῷ
2468 5302 2801 5373 προσπεσεῖν
2843 5301 2941 5353 καὶ
2970 5301 3339 5370 προσεγγίσαι
3366 5314 3381 5330 ·
3406 5298 3559 5360 τινάς
3596 5298 3654 5349 δὲ
3682 5299 3781 5350 καὶ

2185 5397 2278 5449 διὰ
2322 5396 2665 5464 πτύσματος,
2698 5395 2731 5465 ἢ
2763 5395 2859 5448 καὶ
2886 5391 3064 5465 πηλοῦ
3114 5396 3421 5464 χρῖσματος
3452 5392 3607 5461 παρὰ
3641 5392 3782 5462 Χριο

2193 5491 2323 5545 στοῦ
2355 5490 2623 5553 λαϐόντας
2668 5488 2766 5557 τὴν
2814 5488 2981 5542 iactv.
3024 5486 3305 5549 Ἐλθόνῖος
3346 5488 3454 5557 γάρ
3490 5486 3645 5557 παρὰ
3676 5484 3782 5555 τὴν

2190 5584 2471 5640 θάλασσαν
2524 5584 2626 5653 τῆς
2684 5580 3002 5650 Γαλιλαίας,
3066 5579 3141 5645 ὡς
3187 5582 3214 5635 ό
3276 5580 3557 5645 βιατθαῖὀς
3612 5595 3777 5651 φησι.
