4070 6210
306 301 407 366 385

1661 308 1993 370 UOMILIA
2031 310 2222 370 XXX.

3448 318 3559 388 386

304 416 414 470 ἀλλ’
443 414 497 469 οί
524 414 751 482 ποιηταὶ
784 413 880 468 τοῦ
935 418 1100 487 νόμου
1153 417 1658 492 δικαιωθήσονται·
1697 440 1716 473 ι
1757 420 1874 483 καὶ.
1924 437 1947 471 ε
1984 420 2104 481 Ὃς,
2137 420 2326 487 φησιν,
2357 418 2414 471 ὲν
2440 417 2590 489 νόμῳ
2656 422 2958 491 καυχᾶσαι,
3004 420 3094 476 διὰ
3161 423 3264 495 τῆς
3302 425 3560 497 παραδά-

303 507 436 570 «eo;
470 505 568 561 τοῦ
601 511 768 569 νόμου
802 511 894 563 τδν
924 511 1055 563 Θεὸν
1085 512 1400 581 ἀτιμάζεις.
1438 534 1457 566 ι

372 601 641 673 Καθάπερ
676 602 753 663 δὲ,
789 604 1031 673 ἀδελφοὶ,
1062 606 1200 675 πρὸς
1246 606 1373 671 τοὺς
1418 608 1707 672 Ἰουδαίους
1755 608 1853 660 ἕλει

2053 605 2208 662 Sicut
2235 620 2387 675 ergo,
2422 605 2641 672 fratres,
2677 617 2735 659 ut
2767 606 2902 659 dixit
2937 606 3137 660 Paulus
3188 605 3255 659 ad
3300 603 3555 661 Judaaos:

305 709 393 763 γεν
426 694 591 758 αὐτὸς
639 696 667 748 ὁ
710 696 945 762 Παῦλος,
974 697 1093 750 ὅτι·
1132 717 1151 749 ι
1185 699 1461 771 Περιτομὴ
1504 700 1727 768 ὠφελεῖ,
1778 702 1873 756 ἐὰν

304 790 463 857 νόμον
502 788 789 861 πράττῃς·
848 792 944 843 ἐὰν
998 791 1052 843 δὲ
1100 793 1429 863 παραϐάτης
1480 795 1648 862 νόμου
1694 790 1795 869 ᾖς,
1838 798 1870 865 ἡ

304 884 576 952 περιτομή
615 900 708 935 σου
750 884 1089 953 ἀκροϐυστία
1143 885 1387 955 γέγονεν·
1430 907 1448 939 ι
1501 887 1676 952 οὕτως
1721 890 1874 943 οὐδὲν

301 976 505 1046 ἀπᾷδον
544 976 681 1049 πρὸς
708 976 854 1046 ὑμᾶς
904 981 1098 1041 εἰπεῖν,
1152 979 1236 1033 ὅτι
1283 980 1465 1043 πίστις
1498 982 1735 1053 ὠφελεῖ,
1776 986 1874 1038 ἐὰν

302 1068 439 1119 κατὰ
476 1068 785 1136 συνείδησιν
834 1069 1188 1141 πολιτεύηταί
1233 1090 1341 1139 τις,
1395 1073 1492 1127 καὶ
1523 1076 1873 1152 ἀνακαθαίρῃ

296 1159 487 1212 ἑαυτὸν
541 1160 611 1214 δι’
638 1160 1088 1235 ὲξομολογήσεως
1123 1166 1218 1219 καὶ
1272 1168 1587 1234 μετανοίας,
1640 1171 1736 1222 καὶ
1771 1170 1871 1233 τὰς

294 1253 589 1324 συνθήκας,
620 1252 686 1318 ἃς
708 1257 1001 1324 ἐποιήσατο
1030 1256 1168 1326 πρὸς
1200 1259 1291 1310 τὸν
1316 1260 1450 1312 θεὸν
1480 1261 1571 1311 ἐπὶ
1601 1260 1696 1312 τοῦ
1722 1261 1869 1314 θείου

296 1348 695 1419 βαπτίσματος,
728 1350 810 1412 εἰς
854 1349 1018 1421 ἔργον
1066 1352 1286 1423 προάγῃ
1309 1368 1324 1383 ⁸
1358 1356 1454 1407 ἐὰν
1497 1354 1553 1406 δὲ
1587 1359 1650 1427 τῇ
1694 1373 1872 1409 συνει-

291 1439 691 1513 δνξσειάπειθῆ,
734 1444 828 1495 καὶ
880 1447 979 1509 τὰς
1036 1445 1315 1515 συνθήκας
1363 1446 1555 1517 ἁθετῇ,
1596 1449 1630 1514 ἡ
1672 1448 1866 1502 τούτου

292 1534 476 1596 πίστις
509 1534 742 1600 ἀπιστία
772 1535 1005 1603 γίνεται·
1042 1537 1161 1598 πῶς
1209 1538 1319 1607 γὰρ
1347 1539 1758 1610 ἐπιστεύσαμεν
1785 1543 1867 1594 ὅτι

292 1626 657 1695 σωθησόμεθα
688 1627 1122 1695 βαπτισθέντες;
1157 1630 1383 1693 Πάντως
1417 1632 1500 1684 ὅτι
1526 1631 1619 1685 τοῦ
1660 1635 1865 1703 Κυρίου

287 1718 603 1789 ἠκούσαμεν
634 1720 905 1783 εἰπόντος·
937 1739 955 1771 ι
995 1720 1055 1774 '0
1084 1720 1384 1783 πιστεύσας
1413 1723 1511 1776 καὶ
1544 1722 1866 1792 βαπτισθεὶς

288 1810 621 1881 σωθήσεταιο
649 1814 675 1865 ὁ
709 1810 764 1863 δὲ
803 1812 1113 1882 ἀπιστήσας
1141 1813 1665 1884 κατακριθήσεταω
1715 1818 1867 1871 Ἐπεὶ

280 1904 465 1956 τοίνυν
498 1905 702 1965 ἐκεῖνος
725 1904 1013 1974 ἀμφότερα
1036 1905 1212 1960 ταῦτα
1236 1902 1390 1960 εἶπεν
1421 1910 1451 1979 ἡ
1476 1910 1860 1979 αὑτοαλήθεια,

1988 717 2006 750 ι
2036 698 2397 754 Circumcisio
2426 700 2648 768 quidem
2682 701 2925 769 prodest,
2962 700 3007 753 si
3044 699 3219 768 legem
3252 699 3553 767 observes;

1980 790 2025 845 si
2072 801 2255 845 autem
2292 791 2679 861 prawaricator
2717 792 2850 862 legis
2906 792 3001 858 sis,
3057 792 3403 847 circumcisio
3462 802 3553 847 tua

1975 884 2299 953 przeputium
2353 882 2493 937 facta
2528 894 2615 939 est
2640 884 2724 949 “;
2765 902 2785 936 ι
2837 885 2919 940 sic
2964 896 3017 938 et
3057 899 3156 938 nos
3206 885 3389 939 dicere
3430 902 3556 954 pos-

1975 991 2168 1031 sumus
2196 977 2342 1046 quod
2396 976 2533 1031 ﬁdes
2573 978 2795 1045 prodest
2824 976 2871 1031 si
2919 982 3044 1045 quis
3089 977 3388 1031 secundum
3419 992 3555 1030 con-

1974 1070 2263 1127 scientiarn
2295 1071 2459 1131 vivat.
2500 1071 2739 1139 seipsum
2778 1086 2876 1139 per
2910 1068 3313 1124 confessionem
3347 1078 3399 1123 et
3440 1085 3556 1138 pa:-

1972 1166 2257 1219 nitentiam
2278 1149 2531 1234 puriﬁcet
2582 1172 2638 1219 et
2680 1163 2734 1217 in
2764 1162 3016 1218 elIectum
3048 1162 3297 1217 traducat
3322 1177 3459 1232 quas
3501 1164 3564 1233 in_

1974 1255 2245 1325 baptismo
2293 1258 2359 1311 ad
2402 1254 2573 1311 Deum
2611 1254 2739 1310 fecit
2793 1256 3231 1324 proniissiones;
3267 1255 3312 1309 si
3370 1264 3552 1309 autem

1970 1348 2322 1402 conscientia:
2372 1348 2614 1411 rebellis,
2650 1346 3112 1417 promissionibus
3168 1347 3404 1400 inﬁdelis
3457 1348 3555 1411 sit,

1972 1440 2089 1508 ejus
2121 1438 2255 1495 ﬁdes
2288 1440 2585 1496 inﬁdelitas
2634 1439 2889 1496 efﬁcitur.
2927 1440 3215 1505 Quomodo
3252 1440 3397 1491 enim
3428 1455 3554 1505 spc-

1968 1548 2157 1587 ramus
2209 1548 2309 1587 nos
2358 1534 2663 1602 baptizatos
2708 1531 2927 1586 futuros
2974 1545 3097 1585 esse
3154 1530 3381 1594 salvos?
3411 1529 3557 1584 Sane

1966 1625 2093 1694 quia
2136 1625 2425 1680 Dominum
2476 1625 2787 1679 audivimus
2816 1624 3089 1679 dicentem
3125 1641 3141 1677 :
3177 1642 3194 1673 ι
3234 1623 3334 1687 Qui
3372 1623 3553 1676 credi-

1966 1718 2104 1771 derit
2137 1726 2191 1773 et
2216 1718 2522 1788 baptizatus
2552 1718 2739 1783 fuerit,
2772 1717 2957 1772 salvus
2990 1718 3092 1770 erit
3123 1734 3138 1770 :
3173 1716 3264 1785 qui
3288 1731 3413 1768 wro
3440 1731 3552 1767 non

1965 1796 2279 1876 crediderit,
2308 1810 2765 1866 condcmnabitur
2792 1810 2860 1864 ".
2905 1828 2923 1861 ι
2964 1808 3099 1861 Cum
3137 1824 3265 1877 ergo
3299 1809 3410 1861 haec
3440 1808 3555 1859 duo

1970 1904 2170 1970 requiri
2204 1904 2405 1957 dixerit
2438 1904 2553 1972 ipsa
2593 1904 2793 1957 veritas
2822 1912 2875 1956 et
2920 1902 3141 1955 credere
3177 1910 3228 1953 et
3261 1900 3550 1967 baptizaii,

282 1997 341 2048 τό
380 2014 438 2048 τε
470 1997 765 2049 πιστεῦσαι
792 1995 889 2048 καί
920 1996 981 2049 τὸ
1015 1997 1402 2070 βαπτισθῆναι,
1445 2002 1555 2053 τῶν
1581 2002 1853 2056 ἀδυνάτων

1970 1995 2310 2062 impossibile
2339 2005 2422 2050 est
2449 2004 2510 2050 ut
2546 1997 2787 2049 salvetur
2815 1994 2907 2064 qui
2964 1993 3226 2062 baptizari
3283 1990 3547 2051 noluerit,

286 2087 402 2138 ἐστὶ
432 2087 673 2156 σωθῆναι
700 2091 791 2141 τὸν
826 2089 901 2158 μὴ
926 2088 1154 2143 θέλοντα
1188 2090 1581 2171 βαπτισθῆναι,
1608 2094 1714 2148 κᾶν
1734 2086 1884 2169 λέγῃί

284 2178 447 2247 δῆθεν
470 2180 777 2233 πιστεύειν
804 2182 1011 2234 καὶτὸν
1046 2183 1120 2254 μὴ
1144 2184 1494 2249 πιστεύοντα,
1516 2188 1622 2240 κᾶν
1642 2190 1867 2244 ἐϐαπτί-

276 2272 397 2345 σθη.
444 2274 590 2327 Ἀλλ’
622 2276 738 2337 ἐρεῖ
790 2275 1073 2328 πιστεύειν
1131 2279 1241 2340 πᾶς
1290 2279 1319 2332 ό
1367 2278 1717 2348 βαπτισθείςο
1746 2283 1863 2338 ἀλλ’

277 2365 503 2419 ἀκούσει
537 2365 690 2433 παρὰ
722 2366 814 2419 τοῦ
856 2367 1208 2421 ’Δποστύλοψ
1254 2388 1273 2419 ι
1302 2369 1485 2433 Δεῖξον
1518 2389 1608 2441 μοι
1626 2374 1739 2443 ,τὴν
1772 2374 1864 2426 πί-

274 2474 391 2511 στιν
416 2474 517 2511 σου
550 2458 615 2511 ἐκ
643 2459 751 2512 τῶν
780 2458 960 2529 ἔργων
985 2476 1105 2517 σου.
1140 2478 1160 2511 ι
1204 2461 1316 2515 Καὶ
1342 2463 1370 2516 δ
1408 2462 1615 2535 Κύριος
1642 2466 1750 2537 γὰρ
1773 2466 1862 2523 διὰ

270 2550 431 2605 τοῦτο
463 2551 561 2623 τὴν
608 2550 797 2605 πίστιν
842 2550 921 2620 τῷ
971 2552 1104 2624 θείῳ
1148 2552 1493 2623 βαπτίσματι
1548 2560 1857 2626 συντάττει,

273 2644 359 2698 διὰ
386 2644 490 2714 τῆς
517 2644 758 2705 πίστεως
788 2644 888 2714 τὴν
939 2645 1049 2698 τῶν
1080 2647 1301 2700 οἰκείων
1352 2647 1586 2707 ἐντολῶν
1624 2651 1857 2720 τήρησιν

273 2736 348 2806 τῷ
377 2735 721 2807 βαπτίσματι
752 2739 1063 2793 συνάπτων.
1098 2738 1370 2808 Πρότερον
1408 2743 1517 2810 γὰρ
1551 2742 1720 2795 εἰπὼν
1746 2745 1855 2806 τοῖς

278 2827 578 2896 μαθηταῖς*
629 2844 648 2877 ι
680 2825 1052 2895 Πορευθέντες
1100 2828 1179 2890 εἰς
1233 2829 1325 2881 τὸν
1372 2832 1577 2899 κόσμον
1617 2836 1851 2898 ἅπαντα,

276 2918 559 2989 κηρύξατε
588 2918 650 2971 τὸ
678 2918 1017 2987 Εύαγγὲλιον
1044 2921 1193 2993 πάσῃ
1215 2925 1280 2990 τῇ
1313 2923 1512 2975 κτίσεν
1538 2943 1557 2975 ι
1590 2920 1691 2977 εἶτ’
1718 2925 1853 2995 ἐπή-

275 3027 469 3079 γαγεψ
509 3029 530 3062 ε
577 3009 637 3063 Ὀ
672 3010 970 3075 πιστεύσας
1002 3015 1097 3066 καὶ
1125 3014 1445 3082 βαπτισθεὶς
1470 3016 1794 3085 σωθήσεται.
1828 3037 1847 3069 ι

275 3105 339 3160 τί
366 3105 464 3159 οὖν
495 3122 662 3175 φησιν
694 3107 753 3159 ἐν
788 3105 868 3175 τῷ
918 3111 1320 3176 κεκηρυγμένῳ
1372 3110 1521 3176 παρὰ
1554 3110 1662 3163 τῶν
1708 3128 1849 3178 πεμ-

276 3200 525 3269 φθέντων
570 3197 917 3271 Εὗαγγελίῳ,
966 3200 1063 3252 καὶ
1106 3200 1157 3253 τί
1206 3201 1483 3254 πιστεύειν
1535 3203 1850 3270 ἀναγκαίως

271 3292 548 3361 πρακτέον
582 3285 724 3345 εἶναι
759 3294 871 3353 τοῖς
905 3290 1245 3345 ὑπακούουσι
1272 3311 1290 3357 ;
1318 3295 1539 3356 Πάντως
1580 3295 1660 3347 ὅτι
1692 3294 1720 3345 ὁ
1752 3295 1848 3355 τὰς

1967 2088 2069 2141 etsi
2101 2088 2324 2142 aliunde
2355 2102 2416 2141 se
2447 2087 2591 2141 dicat
2614 2087 2860 2152 credere,
2893 2095 2948 2140 et
2972 2086 3065 2155 qui
3110 2101 3216 2139 non
3249 2083 3545 2140 crediderit

1967 2180 2186 2250 quando
2213 2181 2439 2250 quidem
2481 2180 2789 2250 baptizatus
2822 2179 3009 2234 fuerit.
3036 2176 3116 2233 Tu
3144 2194 3275 2233 vero
3308 2178 3437 2231 mibi
3462 2177 3551 2231 di-

1966 2288 2100 2327 ces:
2144 2272 2317 2333 credit
2372 2276 2687 2342 quiconque
2733 2281 2818 2326 est
2868 2272 3221 2341 baptizatus;
3266 2272 3361 2326 sed
3420 2271 3550 2326 audi

1962 2367 2279 2443 Apostolum
2314 2383 2330 2422 :
2367 2385 2387 2419 ι
2421 2366 2658 2421 Ostende
2707 2367 2840 2419 mibi
2884 2367 3043 2419 ﬁdem
3078 2375 3227 2419 tuam
3286 2379 3353 2421 ex
3415 2380 3549 2434 ope-

1962 2460 2117 2514 ribus
2142 2459 2327 2515 tuis“.
2366 2476 2385 2510 ι
2418 2459 2625 2513 Idcirco
2643 2458 2907 2511 Dominus
2938 2457 3095 2510 ﬁdem
3124 2472 3247 2511 cum
3277 2456 3551 2526 baptismo

1960 2552 2149 2605 divino
2176 2550 2476 2619 conjungit,
2510 2566 2633 2604 cum
2682 2549 2785 2604 ﬁde
2817 2550 3012 2603 uniens
3051 2558 3375 2605 czeterorum
3408 2528 3551 2619 pra;-

1959 2654 2242 2713 ceptorum
2274 2643 2713 2697 observationem
2740 2656 2865 2696 cum
2900 2640 3197 2710 baptismo.
3231 2640 3368 2694 Cum
3396 2641 3544 2696 enim

1952 2736 2062 2803 jam
2078 2734 2359 2805 discipulis
2373 2736 2651 2791 dixissem
2666 2735 2862 2789 Euntes
2881 2733 2933 2787 in
2953 2732 3545 2801 mundumuniversum

1964 2829 2252 2896 praulicale
2287 2827 2640 2898 Evangelium
2671 2829 2818 2881 omni
2868 2840 3185 2887 creaturae,»
3215 2826 3501 2894 subjunxit
3524 2838 3546 2882 3

1964 2921 2093 2988 «Qui
2112 2922 2405 2977 crediderit
2422 2933 2475 2976 et
2493 2923 2796 2989 baptizatus
2817 2919 2998 2982 fuerit,
3020 2920 3203 2973 salvus
3225 2923 3345 2972 erit.
3361 2938 3380 2970 ι
3403 2918 3544 2986 Quid

1956 3028 2089 3081 ergo
2137 3026 2233 3081 per
2298 3012 2400 3066 hoc
2456 3010 2810 3079 Erangelium
2864 3026 2893 3063 a
2950 3011 3135 3063 missis
3184 3009 3540 3073 pra-dicatum

1956 3105 2248 3174 signiﬁcat,
2271 3112 2322 3158 et
2355 3102 2485 3174 quid
2523 3116 2747 3155 necesse
2771 3101 2901 3155 dicit
2937 3100 3006 3153 ab
3036 3100 3383 3153 audientibus
3422 3114 3545 3153 cre-

1955 3196 2242 3249 dendum?
2271 3195 2455 3249 Sane:
2513 3194 2629 3263 qui.
2664 3208 3004 3259 cognoscens
3046 3193 3299 3245 mandata
3337 3190 3539 3246 Christi

1957 3287 2084 3342 facit
2113 3297 2167 3342 et
2212 3298 2395 3344 servat
2426 3302 2511 3352 ea,
2556 3288 2643 3342 liic
2672 3295 2757 3342 est
2790 3286 2881 3355 qui
2920 3294 3063 3338 amat
3114 3300 3263 3348 eum,
3311 3290 3385 3349 et,
3441 3282 3543 3336 Per

267 3352 493 3446 ἐντολὰς
526 3385 666 3455 ἔχων
694 3382 788 3437 τοῦ
820 3382 1089 3453 Χριστοῦ,
1124 3384 1224 3437 καὶ
1248 3352 1641 3454 πράττωνκαὶ⁴
1669 3352 1853 3455 τηρῶν

1959 3365 2303 3447 patientiam,
2338 3376 2730 3439 constantiam,
2795 3352 3206 3425 tribulationem
3264 3369 3543 3424 obtinetur

262 3475 458 3539 αὐτᾶς,
494 3475 705 3539 ὲκεῖνός
735 3474 883 3530 ἔστιν
909 3477 937 3529 ὁ
971 3471 1207 3545 ἀγαπῶν
1244 3474 1407 3528 αὐτόν
1429 3491 1443 3506 ι
1472 3475 1588 3543 καὶ,
1617 3475 1739 3527 Ὅτι
1784 3475 1855 3528 δι’

267 3563 577 3636 ὑπομονῆς,
634 3566 732 3619 καὶ
776 3566 875 3636 τῆς
915 3565 1111 3645 στενῆς
1158 3564 1257 3618 καὶ
1286 3564 1655 3635 τεθλιμμένης
1704 3563 1850 3635 ζωῆς

260 3654 356 3723 τῆς
388 3655 671 3725 σωτηρίας
695 3650 842 3707 ἐστὶν
868 3655 1172 3725 ἐπιτυχεῖν·
1196 3656 1313 3721 καὶ,
1341 3673 1358 3705 ι
1383 3655 1510 3708 Ἐὰν
1544 3656 1620 3725 μὴ
1659 3671 1843 3724 περισ-

266 3748 439 3819 σεύσῃ
474 3750 509 3818 η
545 3746 863 3817 δικαιοσύνη
901 3747 1058 3818 ἡμῶν
1090 3749 1278 3799 πλεῖον
1320 3747 1429 3799 τῶν
1470 3745 1849 3816 Γραμματέων

264 3839 357 3892 καὶ
381 3841 723 3911 Φαρισαίων,
759 3841 820 3893 οὔ
856 3838 934 3911 μὴ
964 3840 1296 3909 εἰσέλθωμεν
1328 3841 1407 3903 είς
1433 3837 1532 3909 τὴν
1561 3838 1841 3909 βασιλείαν

264 3938 447 4007 γελίου
479 3938 776 4008 κηρύττειν
811 3939 995 3993 αὐτοῖς
1032 3934 1320 3999 ἐπέταξεν.

334 4030 554 4085 Οὐκοῦν
578 4030 607 4079 ὁ
635 4030 825 4100 τηρεῖν
856 4029 1105 4082 σπεύδων
1133 4030 1230 4093 τὰς
1264 4028 1413 4089 θείας
1435 4028 1678 4091 ἐντολὰς,
1706 4029 1850 4081 ἐκεῖ·

262 4126 349 4189 νὸς
382 4126 539 4178 ἔστιν
585 4125 614 4176 ὁ
670 4121 966 4175 πιστεύων·
1016 4125 1043 4175 ὁ
1077 4119 1133 4173 δὲ
1188 4121 1264 4191 μὴ
1308 4119 1553 4172 σπεύδων
1576 4120 1844 4190 πράττειν

260 4216 356 4269 καὶ
391 4216 610 4286 τηρεῖν,
658 4212 795 4284 μηδὲ
844 4211 1051 4283 ζημίαν
1082 4211 1386 4280 ἡγούμενος
1418 4211 1479 4262 τὸ
1527 4212 1602 4280 μὴ
1633 4212 1845 4281 τηρεῖν,

263 4309 400 4379 μηδὲ
430 4309 523 4361 διὰ
560 4306 854 4376 μετανοίας
887 4306 1080 4358 ἑαυτὸν
1115 4306 1406 4372 ἐπανάγων
1438 4305 1573 4373 πρὸς
1605 4305 1703 4374 τὴν
1738 4306 1844 4357 τῶν

257 4405 420 4461 θείων
449 4403 686 4459 ἐντολῶν
712 4404 971 4473 τήρησιν,
1005 4402 1127 4455 οὐδέ
1161 4399 1303 4471 μετὰ
1333 4402 1443 4455 τῶν
1474 4400 1843 4471 βεϐαπτισμέ-

254 4518 363 4555 νων
396 4502 687 4569 στήσεται,
717 4499 821 4550 κᾶν
846 4497 984 4567 λέγῃ
1012 4494 1397 4567 βεϐαπτίσθαι·
1434 4513 1451 4545 ι
1481 4495 1841 4565 Διχοτομήσει

260 4592 391 4663 γὰρ,
427 4593 619 4661 φησιν,
670 4590 855 4651 αὐτὸν,
904 4593 1000 4643 καὶ
1048 4591 1110 4641 τὸ
1150 4588 1315 4658 μέρος
1340 4586 1503 4639 αὑτοῦ
1560 4590 1699 4655 μετὰ
1730 4585 1840 4639 τῶν

262 4684 513 4739 ἀπίστων
548 4683 726 4753 θήσει.
761 4679 783 4735 ἰ
832 4681 995 4735 Ἀλλὰ
1030 4680 1190 4733 τοῦτο
1238 4679 1338 4751 μὲν
1389 4679 1529 4748 πρὸς
1582 4679 1731 4751 ἡμᾶς
1783 4680 1841 4731 ἐν

262 4778 520 4839 απειλατς
569 4774 652 4827 ἔτι
702 4776 903 4840 κεῖται,
967 4771 1368 4843 φιλανθρώπως
1427 4772 1521 4824 τοῦ
1575 4770 1839 4824 δεσπότου

1962 3466 2134 3522 sidus.
2175 3465 2239 3519 Et
2273 3483 2287 3519 :
2335 3484 2354 3517 ι
2387 3464 2501 3520 Nisi
2538 3461 2902 3518 abundaverit
2939 3462 3149 3531 justitia
3183 3470 3360 3512 vestra
3394 3460 3545 3529 plus-

1958 3574 2121 3626 quam
2172 3559 2492 3612 Scribarum
2555 3567 2611 3611 et
2646 3557 3073 3619 Pharisaeorum,
3120 3568 3226 3605 non
3266 3551 3544 3605 iutrabitis

1959 3653 2014 3705 in
2052 3666 2281 3720 regnum
2320 3650 2605 3706 caelorum.
2648 3669 2667 3702 ι
2722 3646 2833 3703 Hac
2862 3655 2989 3702 sunt
3026 3660 3146 3715 quae
3182 3644 3346 3718 jussit
3379 3642 3557 3701 Jesus,

1956 3762 2052 3817 per
2083 3745 2435 3816 Evangelium
2466 3743 2771 3813 praedicari.

1880 3839 1989 3894 τῶν
2020 3838 2330 3911 οὐρανῶνῚ
2368 3837 2543 3891 ταῦτα
2573 3836 2681 3907 γάρ
2718 3837 2869 3890 ἐστιν
2898 3833 3044 3906 ἆπερ
3082 3832 3172 3886 διὰ
3229 3830 3322 3884 τοῦ
3358 3831 3539 3896 Εὑαγ·

2030 4025 2135 4094 Qui
2187 4038 2318 4095 ergo
2346 4024 2413 4080 de
2454 4020 2813 4087 observandis
2838 4018 3106 4075 mandatis
3134 4016 3401 4073 sollicitus
3433 4026 3535 4086 est,

1951 4124 2042 4179 hic
2072 4132 2153 4179 est
2186 4122 2279 4193 qui
2312 4121 2527 4186 credit;
2560 4119 2653 4190 qui
2692 4127 2877 4172 autem
2911 4119 2977 4171 de
3013 4114 3282 4169 faciendis
3311 4127 3538 4168 servan-

1952 4217 2152 4287 disque
2192 4231 2303 4271 non
2358 4224 2517 4270 curat
2552 4212 2846 4276 mandatis,
2910 4225 3010 4263 nec
3041 4208 3277 4277 seipsum
3313 4213 3542 4261 accusat

1949 4311 2019 4365 de
2051 4325 2240 4367 eorum
2269 4308 2564 4363 violatione
2586 4320 2687 4361 nec
2716 4320 2812 4376 per
2836 4303 3215 4375 penitentiam
3249 4302 3316 4356 ad
3345 4316 3535 4354 eorum

1950 4405 2389 4460 observationem
2433 4418 2491 4457 se
2543 4401 2834 4463 reducens,
2882 4412 2995 4451 non
3056 4412 3182 4453 cum
3243 4394 3536 4465 baptizaiis

1947 4496 2328 4561 collocabitur,
2351 4494 2451 4549 etsi
2479 4509 2537 4548 se
2558 4491 2890 4561 baptizatum
2916 4491 3094 4555 dicat;
3121 4487 3361 4543 iDividet
3387 4486 3533 4543 enim

1946 4605 2094 4653 eum,
2116 4590 2191 4642 ait
2219 4586 2573 4656 evangelista,
2599 4595 2918 4655 partemque
2939 4582 3060 4651 ejus
3082 4592 3249 4651 ponet
3268 4595 3392 4635 cum
3432 4578 3533 4651 liy-

1945 4681 2175 4751 pocritis
2206 4679 2304 4733 “.i
2339 4676 2451 4731 Hoc
2483 4693 2582 4749 pro
2612 4676 2769 4731 nobis
2808 4674 2989 4729 adliuc
3020 4673 3072 4727 in
3102 4674 3268 4728 minis
3309 4670 3535 4737 residet,

1947 4773 2378 4829 misericorditer
2395 4780 2745 4840 exspectante
2764 4767 2993 4821 Domino
3021 4766 3396 4835 pienilentiani
3432 4777 3532 4817 no-

257 4870 354 4939 τὴν
395 4865 679 4937 ἡμετέραν
714 4862 1007 4935 μετάνοιαν
1034 4864 1413 4933 ἐκδεχομένου·
1446 4864 1573 4925 τοὺς
1616 4863 1673 4917 δὲ
1708 4863 1843 4916 ἰου-

1957 4881 2145 4924 stram.
2175 4864 2394 4921 Judacos
2424 4874 2605 4918 autem
2638 4861 2704 4916 ad
2744 4858 3158 4915 instructionem
3183 4868 3424 4912 nostram
3454 4856 3540 4910 di-

256 4959 441 5022 δαίους
478 4959 618 5027 πρὸς
651 4956 1035 5029 σωφρονισμὸν
1066 4957 1340 5027 ἡμέτερον
1381 4954 1634 5009 ἐντεῦθεν
1668 4953 1842 5023 ἐδιχο-

254 5062 486 5127 τόμησε,
524 5058 619 5108 καὶ¹
649 5055 747 5124 τῆς
781 5035 921 5124 πρὸς
950 5053 1147 5105 ἑαυτὸν
1177 5056 1273 5104 καὶ
1307 5054 1396 5104 τὸν
1432 5049 1682 5120 Ἀϐραὰμ
1714 5066 1841 5117 συγ.

252 5150 467 5217 γενείας
502 5146 936 5218 ἁπηλλοτρίωσε,
966 5146 1103 5214 πρὸς
1134 5146 1332 5206 αὐτοὺς
1361 5144 1534 5210 λέγων
1557 5160 1569 5174 ο
1608 5161 1625 5194 ι
1648 5143 1839 5212 Ὑμεῖς

262 5258 315 5295 ,κ
346 5244 445 5295 τοῦ
496 5242 703 5311 πατρὸς
755 5240 911 5303 ὑμῶν
952 5230 1047 5293 τού
1102 5238 1354 5292 διαϐόλου
1408 5237 1555 5303 ἐστὲ,
1606 5239 1840 5301 καὶτὰς

256 5329 556 5408 ἐπιθυμίας
596 5336 765 5391 αίρτοῦ
798 5336 980 5389 θέλετε
1013 5338 1209 5389 ποιεῖν.
1253 5354 1271 5385 ι
1328 5334 1441 5388 Καὶ
1484 5334 1671 5387 πάλιν·
1711 5351 1729 5383 ι
1773 5333 1834 5386 Ei

252 5407 433 5484 τέκνα
468 5430 567 5484 τοῦ
624 5422 878 5499 Ἀϐραὰμ
930 5424 1067 5501 ἦτε,
1121 5431 1189 5483 τὰ
1238 5407 1377 5500 ἔργα
1436 5428 1531 5481 τοῦ
1578 5426 1831 5498 Ἀδραὰμ

257 5523 491 5579 Emisit:
541 5524 631 5579 ἄν.
668 5542 687 5576 ι
739 5521 865 5577 Ὅτι
920 5523 978 5576 δὲ
1030 5523 1113 5585 ἐκ,
1151 5522 1341 5591 γένους
1386 5520 1644 5590 Ἀϐραὰμ
1690 5514 1831 5588 ἦσαν

254 5611 418 5685 οὗτοι,
453 5617 539 5681 τίς
561 5616 664 5671 οὐκ
692 5610 832 5671 οἶδεν
858 5633 874 5681 ;
927 5608 992 5670 Ei
1014 5610 1019 5615 ’
1041 5613 1173 5687 γοῦν
1271 5609 1379 5667 τῶν
1412 5613 1590 5683 ἔργων
1640 5628 1698 5665 τε
1735 5598 1833 5665 καὶ

320 5796 549 5853 “Rom.
590 5794 777 5865 si,25.
854 5793 1081 5851 "Marc.
1138 5794 1352 5863 xvt,l6.

1447 5793 1491 5828 "
1512 5789 1631 5850 Jac.
1672 5807 1748 5861 si,
1780 5792 1867 5849 l8.

1948 4962 2097 5028 visit,
2132 4960 2475 5030 priiavitque
2501 4955 2914 5027 propinquitate
2948 4969 3073 5009 cum
3116 4952 3298 5022 seipso
3322 4963 3531 5005 etcum

1945 5054 2224 5109 Abraham
2272 5053 2463 5108 dicens
2494 5069 2509 5105 :
2548 5050 2691 5105 «νος
2745 5065 2811 5104 ex
2850 5058 3004 5119 patre
3041 5047 3258 5103 diabolo
3286 5048 3443 5110 estis,
3478 5052 3535 5099 et

1946 5148 2215 5203 desideria
2245 5145 2417 5215 patris
2450 5144 2614 5199 vestri
2645 5144 2806 5197 vultis
2837 5142 3018 5197 facere
3048 5140 3114 5193 το.
3149 5159 3167 5191 ι
3200 5139 3265 5193 Ει
3295 5139 3487 5193 iterum
3513 5155 3528 5193 :

1952 5259 1971 5292 ι
2010 5239 2065 5295 Si
2099 5238 2440 5293 ﬁliiAbralia:
2468 5237 2684 5300 essetis,
2706 5250 2868 5305 opera
2890 5232 3118 5288 Abrahae
3148 5230 3399 5286 faceretis
3422 5230 3524 5283 τί.»

1948 5308 2105 5398 Quod
2130 5341 2312 5385 autem
2334 5332 2400 5385 de
2423 5344 2620 5400 genere
2646 5328 2877 5381 Abrahae
2903 5325 3103 5381 fuerint
3129 5324 3253 5394 quis
3284 5322 3532 5377 nesciat?

1947 5425 2003 5480 Si
2040 5440 2169 5494 ergo
2202 5439 2427 5494 operum
2465 5432 2517 5477 et
2547 5436 2763 5476 morum
2795 5420 3088 5475 diversitas
3120 5418 3404 5472 carnalem
3434 5431 3525 5486 ge-

1946 5518 2286 5572 nerationem
2336 5516 2403 5571 ad
2434 5514 2666 5570 nibilum
2704 5514 2917 5581 redigit,
2950 5521 3004 5566 et
3036 5528 3065 5566 e
3096 5510 3358 5565 ﬂliatione
3384 5507 3529 5564 ﬁlios

1945 5611 2247 5680 secundum
2296 5609 2616 5680 sanguinem
2658 5607 2845 5677 ejicit;
2888 5605 3163 5677 quomodo
3215 5616 3346 5672 ergo
3401 5615 3524 5668 non,

1944 5792 1989 5826 "
2019 5790 2219 5849 Matth.
2247 5806 2401 5855 xxxv,
2436 5788 2526 5847 51.
2602 5789 2648 5822 ’⁸
2698 5786 2986 5853 Joanmu,
3020 5783 3110 5839 44.
3190 5784 3233 5815 τι
3262 5784 3393 5839 ibid.
3427 5781 3526 5838 59.
