4078 6216
398 264 506 333 391

1635 264 2015 326 GREGORII
2062 262 2384 326 PALAM/E

3551 247 3661 328 392

396 383 598 452 μᾶλλον
641 382 670 435 ὁ
721 380 861 451 μετὰ
889 378 987 448 τὴν
1034 378 1226 447 πεῖραν
1276 376 1431 431 σπῶν
1458 376 1554 430 τοῦ
1605 376 1962 448 δηλητηρίου,
2006 378 2101 430 καὶ
2165 374 2255 429 τὸν
2324 374 2554 428 θάνατον
2592 372 2794 436 ἀθλίως
2846 372 2982 442 πρδς
3030 367 3224 423 ἑαυτὸν
3268 366 3656 435 ἐφελκόμενος,

391 474 488 529 τοῦ
539 474 649 544 πρὸ
698 474 798 542 τῆς
830 472 1026 542 πείρας
1057 470 1218 523 τοῦτο
1258 470 1595 540 πράττοντός
1644 488 1702 523 τε
1737 472 1831 523 καὶ
1868 470 2198 541 πάσχοντος.

463 566 706 620 Adamus
759 579 889 633 ergo
937 574 1061 617 ante
1123 564 1251 617 mali
1310 563 1745 631 experimentum
1810 565 1961 617 mulo
1996 572 2038 623 Α

394 656 713 711 consiliario
753 655 1008 715 credens,
1046 654 1174 707 honi
1208 653 1505 707 consilium
1545 657 1971 715 mandatumque

392 746 606 815 reiecit.
661 747 904 813 Quisque
946 755 1199 799 nostrum
1270 744 1421 809 illud,
1459 746 1619 809 eheu,
1678 744 1809 797 facit
1851 750 1973 812 post

390 830 832 905 experimentum
882 845 936 892 et
988 840 1260 891 minarum
1296 836 1795 905 adimpletiouem;
1852 836 1971 889 ideo

389 928 587 997 singuli
623 929 796 993 magis
845 930 1110 998 arguendi
1144 930 1552 999 damnandiqne
1587 943 1780 982 sumus
1804 942 1966 996 quam

384 1024 645 1074 Adamus.
696 1020 766 1073 At
825 1034 952 1075 vero
1010 1022 1154 1075 inter
1221 1037 1321 1075 nos
1358 1037 1466 1075 non
1536 1031 1783 1089 superest
1837 1019 1969 1075 illud

390 1112 592 1177 lignum
618 1120 672 1164 et
699 1111 910 1164 nullum
948 1121 1033 1166 est
1066 1113 1385 1166 mandatum
1430 1113 1497 1165 de
1530 1115 1647 1179 ipso
1676 1112 1967 1167 comedere

389 1204 715 1271 prohibens.
766 1205 1000 1274 Lignum
1054 1206 1293 1274 quidem
1332 1206 1477 1259 inter
1536 1220 1637 1259 nos
1688 1219 1794 1258 non
1842 1213 1966 1267 est.

388 1298 546 1349 adest
576 1306 757 1349 autem
807 1307 863 1349 et
902 1311 1042 1350 nunc
1092 1296 1254 1351 nobis
1307 1297 1400 1350 Dei
1440 1300 1779 1361 mandatum,
1821 1300 1964 1367 quod

389 1388 566 1455 ipsum
621 1388 891 1443 facientes
940 1398 997 1441 et
1050 1390 1352 1442 secundum
1408 1391 1585 1457 ipsum
1645 1392 1828 1444 vivere
1878 1404 1971 1445 vo‘

391 1480 588 1545 lentes,
623 1496 653 1533 a
686 1482 1037 1550 propriorum
1072 1494 1224 1535 reatu
1256 1491 1609 1549 peccatorum
1655 1490 1709 1536 et
1748 1484 1817 1535 ab
1851 1483 1965 1535 ori-

388 1570 556 1639 ginali
589 1573 975 1628 maledictione
998 1583 1052 1626 et
1078 1574 1428 1627 damnatione
1460 1574 1650 1628 liberat
1674 1590 1689 1640 ;
1714 1574 1806 1643 qui
1834 1591 1967 1629 vero

387 1663 566 1732 ipsum
611 1666 907 1732 repellunt,
937 1664 1101 1732 eique
1139 1666 1362 1735 maligni
1403 1666 1700 1723 consilium
1744 1677 1798 1722 et
1835 1684 1965 1737 pec-

384 1766 566 1809 catum
608 1765 973 1826 anteponunt,
1008 1758 1059 1811 in
1094 1757 1236 1813 hanc
1266 1759 1410 1827 ignis
1444 1763 1627 1814 aeterni
1660 1762 1963 1831 gehennam

376 1846 607 1903 diabolo
640 1859 694 1902 et
728 1852 937 1919 angelis
976 1852 1095 1919 ejus
1141 1853 1470 1921 promissam
1513 1864 1567 1908 et
1597 1863 1961 1923 praeparatam

2154 560 2365 631 'O‘pttv
2396 557 2490 611 οὖν
2542 557 2715 622 Ἀδὰμ
2751 555 2862 624 πρὸ
2916 556 3016 622 τῆς
3056 551 3257 621 πείρας
3303 551 3381 621 τῷ
3430 549 3660 618 πονηρῷ

2081 652 2241 723 174
2272 651 2562 721 συμϐούλῳ
2597 651 2869 710 πεισθεὶς,
2913 646 3128 715 παρέϐη
3162 646 3259 711 τὴν
3304 644 3398 695 τοῦ
3443 639 3656 708 ἀγαθοῦ

2076 745 2392 815 συμϐουλήν
2431 761 2490 795 τε
2519 744 2611 796 καὶ
2659 742 2914 813 ἐντολήν·
2942 739 3100 809 ἡμῶν
3140 739 3198 791 δὲ
3235 737 3465 797 ἕκαστος
3493 733 3659 787 τοῦτο

2074 839 2307 907 πράττει
2342 837 2480 907 φεῦῑ
2518 836 2658 905 μετά
2688 838 2787 906 τὴν
2827 837 3023 903 πεῖραν
3053 834 3144 884 καὶ
3176 830 3274 899 τὴν
3297 828 3518 882 ἔκϐασιν
3544 826 3659 882 τῶν

2072 929 2461 1001 ἠπειλημένων
2482 947 2496 961 ’
2522 928 2603 981 διὸ
2642 928 2738 981 καὶ
2781 926 3169 994 περισσότερον
3211 923 3367 990 ἡμῶν
3396 921 3655 980 ἕκαστος,

2072 1022 2103 1092 ἢ
2146 1026 2173 1074 ό
2211 1022 2385 1091 Ἀδὰμ
2435 1023 2643 1083 ἐκεῖνος
2679 1021 2959 1088 μεμπτέος
3005 1019 3123 1069 ἐστὶ
3170 1015 3268 1067 καὶ
3298 1015 3655 1082 κατάκριτος.

2084 1115 2227 1168 Ἀλλ’
2259 1114 2359 1167 οὐκ
2398 1112 2551 1167 ἔστιν
2600 1117 2658 1165 ἐν
2700 1114 2832 1183 ἡμῖν
2863 1112 3040 1163 ὲκεῖνο
3072 1108 3134 1160 τὸ
3181 1108 3359 1173 ξύλον,
3403 1105 3526 1159 οὐδὲ
3558 1102 3655 1157 τοῦ

2071 1208 2205 1259 Θεοῦ
2232 1208 2328 1261 νῦν
2357 1209 2472 1259 ἔστι
2499 1208 2637 1277 πρὸς
2677 1207 2827 1274 ἡμᾶς
2852 1202 3042 1271 ἐντολὴ
3086 1201 3186 1271 τὴν
3218 1200 3433 1253 ἐκείνου
3462 1196 3657 1266 γεῦσιν

2071 1296 2518 1368 ἀπαγορεύουσα.
2557 1294 2717 1349 Τοῦτ’
2763 1294 2897 1347 αὐτὸ
2927 1293 3027 1362 μὲν
3068 1292 3244 1344 ἐκεῖνο
3276 1291 3337 1343 τὸ
3366 1289 3521 1355 ξύλον
3552 1288 3655 1340 οὐκ

2069 1393 2220 1446 ἐστιν
2249 1396 2307 1445 ὲν
2354 1393 2491 1462 ἡμῖν
2521 1392 2673 1456 ἴσως,
2710 1394 2743 1460 ἡ
2773 1391 2829 1443 δὲ
2870 1388 2967 1441 τοῦ
3011 1387 3147 1441 Θεοῦ
3183 1385 3371 1455 ἐντολὴ
3421 1383 3519 1439 καὶ
3554 1383 3655 1439 νῦν

2068 1491 2200 1558 ἡμῖν
2232 1489 2489 1557 πάρεστι,
2526 1488 2656 1550 τοὺς
2684 1486 2783 1554 μὲν
2815 1484 2950 1554 αὐτῇ
2992 1482 3371 1550 πειθομένους,
3401 1481 3494 1533 καὶ
3525 1478 3655 1532 κατ’

2068 1581 2239 1651 αὐτὴν
2264 1581 2362 1651 ζῇν
2392 1580 2699 1643 ἐθέλοντας,
2729 1582 2828 1647 τῆς
2854 1577 2961 1629 τῶν
2983 1573 3447 1629 οῖκείων¹πάντων
3470 1573 3659 1642 ἀμαρδ

2066 1675 2329 1745 τημάτων
2391 1673 2644 1741 εὐθύνης,
2700 1671 2796 1725 καλ⁵
2850 1670 2951 1737 τῆς
2985 1668 3323 1736 προγονικῆς
3364 1666 3505 1734 ἀρᾶς
3551 1667 3656 1720 καὶ

2068 1766 2367 1836 καταδίκης
2407 1764 2790 1833 ἐλευθεροῦσα,
2829 1763 2957 1825 τοὺς
2990 1761 3047 1813 δὲ
3070 1762 3162 1813 καὶ
3191 1759 3289 1812 νῦν
3324 1760 3492 1829 αὐτὴν
3522 1761 3655 1810 ἀθε-

2063 1860 2317 1924 τοῦντας,
2348 1862 2443 1912 καὶ
2492 1867 2878 1927 προτιμῶντας
2925 1853 3098 1921 αὐτῆς
3141 1854 3245 1923 τὴν
3272 1852 3368 1906 τοῦ
3405 1850 3653 1923 πονηροῦ

386 1938 701 1995 mittuntur.
776 1943 1060 2009 Quodnam
1132 1959 1262 2016 ergo
1338 1962 1481 2001 nunc
1534 1949 1693 2003 nobis
1750 1949 1961 2003 incum-

2070 1954 2383 2025 συμϐουλήν
2410 1971 2468 2007 τε
2504 1955 2601 2006 καὶ
2631 1950 2963 2023 προσϐολὴν,
3012 1951 3094 2013 είς
3123 1948 3221 2019 τὴν
3272 1947 3655 2018 ἡπειλημινην

387 2029 468 2085 bit
524 2029 619 2085 Dei
677 2034 1059 2088 mandatum?
1139 2034 1483 2101 Paenitentia,
1550 2040 1707 2108 cujus
1779 2042 1963 2110 regula

386 2121 663 2193 pracipua
758 2134 840 2180 est
922 2129 990 2180 de
1074 2128 1280 2184 illicitis
1376 2132 1603 2185 omnino
1670 2131 1970 2188 abstinere.

391 2213 531 2269 Cum
566 2216 713 2270 enim
746 2233 776 2271 e
823 2218 945 2273 loco
979 2219 1179 2273 divina:
1218 2221 1515 2291 voluptatis
1561 2224 1723 2293 ejecti
1770 2240 1965 2280 sumus

381 2304 645 2377 justeque
685 2309 754 2363 de
800 2310 1055 2379 paradiso
1086 2310 1181 2366 Dei
1212 2315 1449 2382 expulsi,
1484 2322 1538 2369 et
1576 2314 1631 2367 in
1672 2315 1773 2369 hoc
1804 2316 1969 2370 bara-

384 2398 572 2453 tbrum
602 2400 930 2465 incidimus,
962 2412 1015 2455 et
1051 2418 1173 2456 cum
1209 2405 1544 2459 animalibus
1584 2405 1761 2459 brutis
1799 2408 1967 2461 coha-

383 2492 563 2548 bitare
590 2496 1031 2565 commorat-ique
1071 2497 1275 2552 fuimus
1304 2501 1569 2558 damnati.
1611 2509 1665 2553 et
1692 2501 1840 2553 omni
1869 2516 1964 2569 spe

380 2585 628 2641 destituti
658 2586 859 2643 fuimus
913 2599 1078 2660 atque
1107 2608 1135 2645 a
1161 2596 1510 2647 revocatioue
1554 2593 1608 2647 in
1644 2595 1956 2663 paradisum

382 2691 823 2745 removeremus,
863 2691 994 2736 tunc
1048 2684 1166 2752 ipsa
1193 2686 1411 2752 justitia
1434 2700 1651 2755 pinnam
1676 2686 1960 2742 sustinens

378 2786 477 2824 seu
511 2771 695 2840 potius
738 2773 887 2841 iuste
938 2774 1111 2843 ipsam
1155 2777 1210 2831 in
1266 2792 1366 2832 nos
1402 2779 1590 2832 venire
1625 2780 1955 2841 coni-edens.

2074 2047 2153 2114 τῷ
2184 2046 2415 2114 διαϐόλῳ
2470 2044 2565 2098 καὶ⁵
2613 2042 3139 2115 προητοιμασμένην
3164 2040 3384 2095 αἰώνιον
3433 2039 3655 2109 ἐκείνην

2067 2142 2295 2209 γέενναν
2338 2138 2434 2193 τοῦ
2464 2138 2633 2209 πυρὸς
2664 2135 3269 2208 παραπέμπουσα..ἰ“ίς
3298 2130 3394 2186 οὖν
3434 2133 3581 2184 ἐστιν
3610 2135 3649 2203 ἡ

2067 2234 2166 2285 νῦν
2197 2234 2330 2302 ἡμῖν
2366 2231 2503 2301 αὕτη
2538 2230 2875 2299 προκειμένη
2916 2227 3012 2279 τοῦ
3047 2225 3185 2277 Θεοῦ
3225 2224 3411 2293 ἐντολή
3436 2240 3453 2289 ς
3483 2226 3517 2293 ὴ
3553 2237 3657 2291 με-

2066 2326 2286 2379 τάνοια·
2320 2314 2386 2396 ἦς
2413 2324 2474 2377 τὸ
2502 2322 2800 2392 κεφάλαιον
2820 2316 2930 2373 τῶν
2952 2318 3420 2389 ἀπηγορευμένων
3446 2314 3650 2386 μηκέτι

2063 2416 2290 2487 ψαύειν·
2326 2418 2450 2468 ἐπεὶ
2477 2416 2587 2486 γὰρ
2625 2413 3014 2485 ἀπερρίφημεν
3051 2411 3146 2464 τοῦ
3174 2411 3378 2482 χωρίου
3416 2412 3514 2476 τῆς
3554 2412 3650 2462 ὲν-

2064 2509 2188 2561 θέου
2220 2507 2458 2578 τρυφῆς,
2489 2507 2583 2559 καὶ
2602 2504 3050 2575 ἀπεκλείσθημιν
3073 2502 3166 2555 τοῦ
3198 2501 3526 2572 παραδείσου
3545 2499 3648 2554 τοῦ

2064 2601 2201 2652 Θεοῦ
2255 2600 2504 2662 δικαίως,
2556 2597 2649 2650 καὶ
2715 2597 2796 2658 εις
2847 2596 2909 2648 τὸ
2962 2595 3236 2665 βάραθρον
3274 2594 3433 2647 τοῦτο
3470 2610 3649 2647 κατα-

2065 2690 2463 2759 πεπτώκαμεν,
2512 2688 2608 2742 καὶ
2640 2689 2913 2741 συνοικεῖν
2967 2687 3060 2739 καὶ
3091 2686 3501 2741 συνδιαιτᾶσθαι
3530 2686 3651 2749 τοῖς

2058 2784 2277 2851 ἀλόγοις
2323 2782 2483 2845 ζώοις
2520 2779 3019 2849 κατεδικάσθημεν,
3053 2780 3146 2832 καὶ
3190 2778 3474 2841 ἁνέλπιδες
3507 2794 3649 2830 κατ-

376 2876 609 2917 excessu
650 2865 914 2921 bonitatis
956 2877 1011 2921 et
1042 2871 1250 2923 amoris
1280 2884 1411 2940 erga
1443 2872 1716 2935 homines,
1751 2886 1849 2940 per
1878 2872 1959 2924 vi-

2063 2875 2323 2943 ἐστημεν,
2355 2875 2479 2925 ὅσον
2510 2873 2571 2925 τὸ
2617 2873 2697 2934 είς
2730 2872 2878 2941 ἡμᾶς
2909 2867 3066 2943 ἦχον,
3101 2872 3201 2941 τῆς
3232 2872 3370 2939 πρὸς
3398 2871 3491 2924 τὸν
3534 2888 3647 2923 πα-

378 2970 539 3012 scera
564 2958 963 3014 misericordiae
991 2976 1127 3027 suae,
1165 2978 1337 3032 usque
1370 2963 1437 3017 ad
1469 2978 1569 3018 nos
1605 2974 1825 3033 propter
1858 2977 1957 3018 nos

2063 2969 2312 3036 ράδεισον
2350 2965 2723 3035 ἀνακλήσεως,
2766 2963 2929 3035 αὐτὸς
2971 2966 2999 3016 ό
3037 2962 3351 3033 δικαιοσύνῃ
3388 2962 3505 3014 τότε
3540 2961 3647 3030 τὴν

378 3050 687 3114 descendit,
722 3060 777 3105 et
816 3061 876 3106 ut
908 3054 1157 3121 exetnplo
1210 3069 1313 3107 suo
1358 3055 1578 3109 doceret
1607 3055 1953 3126 salvaretque

2063 3061 2213 3131 δίκην
2245 3056 2578 3128 ἐπενεγκὼν,
2606 3057 2809 3129 μᾶλλον
2833 3056 2891 3111 δὲ
2915 3056 3138 3119 δικαίως
3160 3054 3369 3125 ταύτην
3390 3054 3646 3107 ἐπελθεῖν

376 3140 622 3197 salutare
674 3146 1012 3213 pmnitentize
1061 3147 1358 3200 consilium
1406 3157 1461 3201 et
1505 3157 1833 3218 praeceptum
1866 3159 1951 3203 at-

2063 3156 2190 3224 ἠμῖν
2228 3154 2615 3223 συγχωρήσας,
2666 3149 2941 3221 ὑπερϐολῇ
2975 3147 3071 3202 νῦν
3104 3146 3512 3217 φιλανθρωπίας
3544 3146 3645 3200 καὶ

375 3234 507 3289 tulit
537 3235 725 3291 dicens
758 3253 774 3290 :
814 3237 1233 3293 «Paenitentiam
1266 3240 1410 3309 agite
1436 3282 1451 3306 ,
1495 3241 1953 3311 appropinquavit

2063 3244 2419 3315 ἀγαθότητος,
2474 3245 2563 3297 διά
2624 3244 2916 3313 σπλάγχνα
2975 3243 3159 3300 ἐλέους
3202 3241 3391 3303 αὑτοῦ,
3447 3240 3645 3310 μέχρις

374 3324 523 3381 enim
575 3343 803 3398 regnum
853 3332 1119 3386 caelorum
1148 3333 1213 3384 “.
1258 3351 1276 3384 ι
1322 3332 1648 3404 Priusquam
1697 3336 1951 3389 incarna-

2063 3336 2221 3408 ὴμῶν
2256 3336 2396 3408 ὑπὲρ
2429 3334 2589 3404 ἡμῶν
2622 3333 2885 3403 κατῆλθε,
2942 3335 3035 3384 καὶ
3066 3328 3190 3384 καθ’
3239 3330 3384 3399 ἡμᾶς
3411 3330 3649 3398 γενόμε-

379 3426 535 3473 retur
554 3416 794 3475 Verbum
830 3423 947 3488 Dei,
983 3434 1193 3479 tantum
1218 3425 1454 3482 distabat
1489 3442 1518 3482 a
1550 3427 1704 3481 uobis
1730 3444 1956 3499 regnum

2063 3447 2150 3491 νος
2182 3428 2584 3497 ἀναμαρτήτως
2608 3424 2916 3495 ἄνθρωπος,
2951 3424 3039 3478 ἵνα
3068 3422 3143 3493 τῷ
3182 3422 3355 3492 ὁμοίῳ
3374 3420 3435 3475 τὸ
3455 3421 3645 3491 ὅμοιον

386 3509 505 3576 Dei,
546 3522 818 3579 quantum
850 3515 1018 3571 distat
1052 3518 1253 3573 ctelum
1287 3535 1315 3571 a
1368 3528 1532 3573 terra.
1589 3519 1724 3577 Cum
1776 3531 1959 3574 autem

2063 3519 2349 3590 ἀναδιδάξῃ
2383 3517 2478 3571 καὶ
2510 3515 2886 3586 ἀνασώσηται,
2918 3514 3019 3586 τὴν
3052 3518 3319 3585 σωτήριον
3348 3515 3447 3582 τῆς
3474 3529 3643 3582 μετι-

376 3617 471 3658 rex
505 3606 774 3661 caelorum
818 3610 1109 3665 nobiscum
1149 3622 1507 3665 conversatus
1563 3622 1645 3665 est
1693 3622 1746 3665 et
1802 3613 1961 3667 habi-

2063 3610 2208 3671 νοίας
2242 3610 2533 3678 εἰσήνεγκε
2586 3606 2903 3676 συμϐουλήν
2948 3622 3007 3658 τε
3056 3606 3154 3657 καὶ
3208 3603 3451 3673 ἐντολὴν,
3502 3604 3642 3674 πρὸς

378 3697 542 3761 tavit,
576 3698 1041 3771 appropinquavit
1072 3700 1141 3755 ad
1176 3716 1276 3757 nos
1308 3716 1503 3756 omnes
1545 3717 1771 3773 regnum
1806 3702 1921 3757 Dei.

2063 3703 2204 3769 ἡμᾶς
2239 3700 2409 3754 εἰπών
2429 3715 2444 3731 ο
2487 3716 2505 3751 ι
2550 3699 2905 3764 Μετανοεῖτε,
2934 3698 3019 3751 ὅτι
3049 3698 3279 3768 ἤγγικεν
3309 3697 3343 3767 ἡ
3391 3695 3644 3765 βασιλεία.

374 3788 486 3841 τῶν
511 3782 793 3859 ούρανῶνλ
856 3812 874 3845 ο
916 3794 1020 3863 πρὸ
1073 3794 1172 3865 μὲν
1204 3795 1314 3862 γὰρ
1347 3795 1448 3863 τῆς
1482 3796 1948 3867 ὲνανθρωπήσεως
1987 3793 2082 3847 τοῦ
2112 3796 2289 3861 Λόγου
2336 3791 2433 3846 τοῦ
2475 3790 2633 3853 Θεοῦ,
2667 3792 2795 3843 ὅσον
2834 3794 2861 3844 ό
2947 3790 3177 3860 οὐρανὸς
3229 3790 3337 3841 ἀπὸ
3379 3791 3478 3859 τῆς
3536 3788 3645 3857 γῆς

373 3880 598 3952 ἀπέχει,
627 3882 849 3937 τοσοῦτο
891 3888 1112 3956 μακρὰν
1146 3887 1303 3957 ἡμῶν
1361 3883 1429 3958 ἦν
1480 3890 1513 3959 η
1568 3888 1817 3957 βασιλεία
1846 3887 1956 3939 τῶν
1978 3886 2239 3954 οὐρανῶν
2263 3903 2275 3917 ·
2307 3885 2405 3939 τοῦ
2470 3885 2525 3937 δὲ
2562 3882 2834 3952 βασιλέως
2865 3884 2975 3935 τῶν
3008 3882 3254 3951 οὐρανῶν
3288 3884 3420 3953 ἡμῖν
3484 3884 3646 3955 ἐνδη-

380 3981 680 4061 μησαντος,
704 3985 799 4039 καὶ
831 3984 929 4054 τὴν
960 3987 1080 4052 μεθ’
1116 3986 1270 4056 ήμῶν
1302 3988 1499 4040 ἕνωσιν
1537 3989 1951 4056 εὐδοκήσαντος,
1992 3986 2221 4057 ήγγισεν
2252 3985 2387 4055 ἡμῖν
2418 3986 2587 4038 πᾶσιν
2610 3986 2642 4052 ὴ
2673 3982 2923 4053 βασιλεία
2980 3982 3089 4035 τῶν
3160 3982 3425 4050 οὐρανῶν.

447 4077 831 4135 Paenitentiam
868 4097 1095 4153 agamus
1125 4099 1276 4154 ergo,
1318 4082 1515 4138 fratres
1540 4087 1667 4149 uici,
1697 4086 1951 4147 obsecro,

373 4178 433 4223 et
472 4169 743 4227 iaciamus
777 4171 971 4242 dignos
1005 4172 1222 4227 [ructus
1273 4173 1636 4242 pmuitentiae,
1685 4184 1742 4227 ut
1779 4174 1951 4228 cmlo-

374 4276 500 4316 rum
546 4278 776 4331 regnum
811 4267 1132 4319 hereditate
1171 4267 1488 4333 capiamus;
1524 4268 1591 4318 ad
1629 4280 1727 4319 nos
1754 4279 1955 4333 appro.

376 4360 681 4430 piuquavit,
714 4377 819 4415 non
860 4361 930 4415 ab
972 4378 1038 4415 eo
1085 4362 1407 4415 recedamus
1458 4376 1554 4429 per
1587 4360 1725 4413 mala
1762 4373 1948 4429 Opera.

378 4453 537 4518 Quod
582 4464 758 4507 nescit
789 4468 1049 4507 occasum
1089 4454 1271 4507 lumen
1310 4454 1492 4506 illuxit
1532 4454 1709 4517 nobis,
1748 4452 1802 4505 in
1842 4452 1951 4505 cla-

377 4547 539 4615 ritate
584 4544 705 4615 ejus
729 4547 1074 4601 ambulemus
1111 4562 1207 4615 per
1254 4546 1394 4600 bona
1433 4560 1642 4615 opera;
1694 4544 1949 4615 apparuit

376 4636 489 4693 vita
526 4648 750 4702 aeterna,
789 4638 929 4692 hanc
963 4639 1320 4707 acquiiamus
1350 4653 1445 4708 per
1480 4639 1743 4691 virtutum
1782 4650 1949 4705 opera

2135 4081 2582 4150 Μετανοήσωμεν
2611 4074 2727 4143 οὖν,
2752 4078 2991 4146 ἀδελφοὶ,
3021 4078 3347 4147 παρακαλῶ,
3376 4079 3471 4131 καὶ
3504 4095 3644 4149 καρ-

2059 4174 2195 4237 ποὺς
2225 4170 2408 4238 ἀξίους
2440 4172 2544 4238 τῆς
2602 4171 2893 4241 μετανοίας
2920 4170 3347 4238 ὲπιδειξώμεθα,
3401 4170 3492 4225 ῐνσ.
3536 4171 3644 4243 τὴν

2058 4265 2168 4319 τῶν
2218 4263 2467 4335 οὐρανῶν
2525 4262 2808 4333 βασιλείαν
2866 4264 3407 4333 κληρονομήσωμενσ
3469 4265 3643 4333 ἐγγὺς

2059 4360 2216 4428 ἡμῶν
2259 4358 2400 4427 αὕτη
2427 4358 2642 4425 γέγονε,
2704 4358 2776 4427 μὴ
2829 4355 3197 4427 μακρύνωμεν
3243 4357 3393 4427 ἡμᾶς
3424 4342 3641 4425 ἀὐτοὺς

2056 4451 2169 4506 ἀπὸ
2196 4451 2400 4519 ταύτης
2436 4452 2600 4522 ⁴ἡμεῖς
2630 4450 2731 4507 ηδιά
2756 4450 2868 4502 τῶν
2902 4450 3076 4520 ἔργων
3107 4448 3217 4500 τῶν
3252 4449 3525 4520 πονηρῶν.
3564 4450 3643 4507 Τὸ

2056 4543 2359 4613 ἀνέσπερον
2381 4545 2512 4615 ἡμῖν
2542 4542 2829 4613 ἐπέλαμψε
2853 4542 2969 4610 φῶς
2991 4558 3005 4573 ο
3035 4542 3345 4614 ὀδεύσωμεν
3371 4542 3507 4613 πρὸς
3535 4543 3642 4612 τὴν

2054 4635 2263 4705 λάμψιν
2297 4635 2466 4689 αὑτοῦ
2502 4635 2592 4689 διὰ
2620 4636 2729 4690 τῶν
2760 4636 2939 4706 ἔργων
2970 4636 3083 4687 τῶν
3122 4636 3365 4704 ἀγαθῶν.
3406 4636 3470 4689 Ἦ
3502 4637 3641 4689 alti»-

374 4742 641 4798 quantum
700 4732 1027 4800 poterimus.
1083 4734 1185 4797 Qui
1242 4745 1344 4785 nos
1379 4730 1652 4783 beatiﬁcat
1696 4728 1950 4784 Christus

2063 4746 2163 4791 νιος
2192 4726 2513 4798 ἐφανερώθη
2566 4724 2681 4795 ζωή
2707 4742 2722 4757 ⁸
2779 4726 3198 4797 ἀντιλαϐὠμεθα
3237 4729 3437 4797 ταύτης
3473 4730 3641 4798 ἡμεῖς

374 4830 503 4876 ante
537 4838 637 4879 nos
669 4825 819 4892 prior
845 4825 1183 4878 ambulavit:
1217 4835 1439 4876 strenue
1467 4836 1762 4890 sequamur
1800 4837 1949 4874 cum.

378 4912 679 4986 Fugiamus
714 4917 1092 4972 infelicitatem
1130 4931 1321 4970 eorum
1372 4917 1464 4984 qui
1521 4919 1573 4968 in
1628 4914 1868 4968 tenebris
1897 4922 1953 4969 et

377 5007 432 5058 in
468 5009 655 5059 umbra
691 5008 886 5061 mortis
916 5007 1133 5061 sedent.
1184 5006 1506 5071 Qumraums
1555 5014 1608 5057 et
1654 5004 1952 5072 adimplea-

376 5114 497 5153 mus
526 5113 693 5167 opera
730 5100 1089 5168 paenitentia,
1125 5098 1511 5159 humilitatem,
1563 5100 1950 5151 contritioucm

370 5200 429 5245 et
456 5191 702 5245 dolorem
734 5193 1036 5269 internum,
1064 5206 1159 5265 cor
1183 5192 1314 5244 mite
1343 5200 1399 5243 et
1430 5190 1764 5255 misericors,
1786 5190 1951 5259 justi-

374 5288 506 5336 tiam
545 5283 799 5354 diligens,
831 5284 1123 5353 puritatem
1152 5296 1441 5353 quaerens,
1489 5286 1801 5350 paciﬁcum,
1846 5297 1945 5351 pa-

376 5375 520 5430 tiens
547 5376 599 5429 iu
633 5377 1136 5445 persecutiouiuus,
1167 5356 1485 5439 calumniis,
1524 5374 1739 5443 injuriis
1769 5384 1821 5428 et
1845 5390 1946 5444 op-

374 5468 611 5534 probriis
638 5477 692 5521 et
723 5467 881 5520 malis
909 5482 1007 5536 pro
1034 5467 1267 5521 veritate
1298 5480 1351 5520 et
1385 5466 1597 5535 justitia
1632 5466 1944 5528 exautlatis,

372 5575 643 5615 memores
679 5563 839 5633 hujus
896 5561 1042 5617 verbi
1078 5578 1092 5615 :
1131 5580 1149 5613 ι
1197 5560 1345 5617 Beati
1413 5574 1678 5630 pauperes
1711 5558 1902 5628 spiritu
1928 5599 1943 5623 ,

444 5746 490 5776 τ’
528 5746 720 5802 Matth.
766 5760 840 5813 tv,
887 5750 949 5802 Π

2049 4822 2117 4875 δι’
2144 4820 2355 4889 ἀρετῶν
2401 4822 2499 4890 ὅση
2548 4818 2799 4889 δύναμις.
2840 4819 2899 4873 Ὀ
2933 4820 3238 4888 μακαρίους
3286 4822 3455 4873 ποιῶν
3488 4821 3645 4891 ἡμᾶς

2050 4912 2285 4983 Χριστὸς
2311 4911 2627 4983 ἐπεδήμησε
2646 4927 2665 4944 ο
2694 4910 2995 4982 προθύμως
3033 4911 3184 4982 αύτῷ
3218 4915 3637 4983 προσέλθωμεν.

2050 5006 2322 5073 Φύγωμεν
2354 5002 2553 5064 τῶνὲν
2582 5005 2763 5073 σκότει
2799 5006 2893 5059 καὶ
2928 5006 3056 5076 σκιᾷ
3102 5004 3335 5060 θανάτου
3386 5005 3637 5075 καθημέ-

2050 5116 2161 5151 νων
2204 5097 2305 5171 τὴν
2334 5090 2650 5167 ἀθλιότητα.
2706 5098 3042 5167 Ποθήσωμεν
3076 5098 3171 5151 καὶ
3198 5098 3533 5169 κτησώμεθα
3564 5099 3636 5151 τὰ

2052 5191 2189 5261 ἔργα
2224 5191 2324 5259 τῆς
2374 5191 2683 5260 μετανοίας,
2723 5189 2977 5260 φρόνημα
3008 5190 3288 5255 ταπεινὸν,
3338 5191 3635 5255 κατάνυξιν

2052 5289 2147 5341 καὶ
2194 5288 2393 5351 πένθος
2439 5289 2830 5355 πνευματικὸν,
2884 5286 3112 5357 καρδίαν
3165 5288 3400 5356 πραεῖαν
3446 5285 3634 5349 ἐλέους

2054 5382 2353 5451 γέμουσαν,
2402 5379 2751 5449 δικαιοσύνης
2781 5379 3013 5449 ἐρῶσαν,
3056 5380 3449 5448 καθαριότητος
3481 5381 3637 5433 ἀντι-

2057 5474 2410 5544 ποιουμένην,
2444 5472 2745 5543 εἰρηνικὴν,
2781 5473 3143 5541 εἶρηνοποιὸν,
3172 5472 3491 5543 φερέπονίν,
3515 5474 3632 5537 τοῖς

2056 5568 2197 5637 ὑπὲρ
2221 5566 2477 5637 ἀληθείας
2504 5567 2594 5618 καὶ
2618 5562 2963 5631 δικαιοσύνης
2986 5566 3448 5634 ὲνασμενίςουσαν
3468 5562 3633 5630 διωγ-
