4070 6210
570 264 682 328 395

1859 262 2241 324 GREGORII
2283 261 2608 324 PALAM/E

3712 261 3820 329 396

559 382 863 437 modestam
909 377 1282 448 humilemque
1337 377 1400 430 de
1445 378 1637 448 seipsis
1687 380 2119 444 :estimationem,

2239 383 2358 453 μεθ’
2389 378 2772 450 ὑπερηφανίας
2802 378 3038 450 ἀτροςρία
3063 378 3155 432 καὶ
3179 379 3413 460 ἀκτησία
3437 392 3448 408 ⁸
3499 378 3588 434 διὰ
3619 380 3821 441 ταῦτα.

555 489 619 530 se
665 485 932 542 pauperes
999 468 1228 533 faciunt,
1293 478 1668 538 paupertatem
1715 486 1836 539 qua:
1857 487 1920 524 ex
1961 471 2129 524 easd-

557 575 667 620 tate
727 564 975 632 corporis
1044 573 1147 628 est,
1194 571 1500 634 sectantur,
1564 561 1802 630 impiam
1869 561 2126 615 omnibus

550 656 766 711 divitiis
801 653 973 721 magis
1003 648 1425 705 desiderabilem
1454 649 1883 718 astimant;qui
1919 650 1963 703 si
1999 650 2134 717 ipsis

552 747 757 816 aliquid
795 743 1010 799 molesti
1064 741 1302 820 accidat,
1354 757 1449 812 per
1501 743 1814 813 patientiam
1849 751 1902 796 et
1931 743 2131 813 gratia-

552 856 675 895 rum
715 838 986 893 actionem
1013 836 1378 890 voluntarium
1411 834 1515 889 sibi
1543 837 1743 891 bonum
1770 834 2024 898 reddunt,
2046 844 2130 889 ta-

553 933 683 996 lium
716 939 803 986 est
822 947 1048 1002 regnum
1079 929 1340 984 cmlorunt
1388 927 1756 996 Festinemus,
1785 928 2002 991 fratres,
2031 943 2132 982 nos

549 1039 775 1095 quoque
815 1025 951 1078 tales
983 1022 1097 1076 ﬁeri
1135 1039 1423 1091 pauperes,
1477 1032 1535 1076 ut
1588 1037 1816 1092 regnum
1863 1021 2129 1076 calorum

549 1114 914 1170 obtineamus.
939 1113 1094 1180 Quod
1135 1114 1179 1166 si
1217 1113 1531 1182 hujusmodi
1555 1127 1828 1183 pauperes
1877 1112 1994 1166 ﬁeri
2023 1127 2130 1165 non

553 1209 833 1270 volumus,
897 1207 1090 1262 saltem
1152 1222 1245 1275 per
1296 1206 1698 1276 eleemosynam
1752 1215 1806 1260 et
1858 1206 2128 1259 honorum

520 1311 873 1367 tuostrorum
921 1298 1519 1360 communicationem,
1572 1297 1774 1350 horum
1829 1311 2130 1366 pauperum

551 1395 686 1451 socii
716 1395 1034 1450 elliciamur.
1076 1390 1367 1446 Faciamus
1413 1392 1572 1446 nobis
1614 1390 1826 1445 amicos
1857 1405 1920 1444 ex
1954 1405 2133 1444 mam-

556 1503 720 1543 mona
751 1485 1076 1556 iniquitatis,
1109 1483 1164 1539 id
1195 1492 1279 1538 est
1309 1498 1371 1538 ex
1417 1483 1484 1538 iis
1513 1498 1634 1553 qua:
1677 1483 1946 1553 superﬂua
1979 1493 2130 1549 sunt,

467 1612 482 1632 ί
552 1565 728 1635 donec
757 1580 810 1632 in
847 1580 1102 1648 presenti
1132 1577 1241 1631 vita
1280 1591 1498 1641 sumus,
1528 1585 1585 1631 ut
1613 1587 1736 1646 post
1768 1577 2129 1631 resurrectio-

552 1688 676 1746 nem
732 1672 786 1724 in
840 1670 944 1724 alia
979 1670 1090 1728 vita
1133 1669 1403 1740 recipiant
1457 1685 1561 1724 nos
1601 1671 1654 1722 in
1710 1678 1913 1723 aeterna
1949 1669 2134 1724 taber-

2240 495 2260 528 ι
2292 475 2594 546 Μακάριοι,
2642 473 2810 543 φησὶν
2852 474 2881 526 6
2929 472 3158 542 Κύριος,
3206 473 3256 525 οἱ
3305 473 3506 541 πτωχοὶ
3537 473 3614 542 τῷ
3657 474 3822 526 πνεύ-

2237 583 2388 638 ματι,
2417 584 2437 616 ι
2473 564 2781 630 τουτέστιν,
2830 563 2879 616 οἱ
2924 561 3013 615 διά
3047 564 3147 634 τὴν
3195 562 3344 615 ἔνδον
3375 562 3472 615 καὶ
3501 563 3561 616 ὲν
3597 565 3819 626 ἑαυτοῖς

2231 659 2326 712 τοῦ
2381 657 2734 729 φρονήματος
2787 655 2890 725 τῆς
2943 653 3126 724 ψυχῆς
3176 655 3528 719 ταπείνωσιν,
3577 657 3674 708 καὶ
3715 655 3820 726 τὴν

2233 753 2297 804 ἐκ
2332 750 2430 819 τῆς
2461 747 2795 819 ἐγκρατείας
2829 744 2926 799 τοῦ
2969 743 3225 815 σώματος
3259 744 3633 813 ἀσπαζόμενοι
3663 761 3823 798 πτω-

2233 841 2410 914 χείαν,
2443 842 2537 895 καὶ
2567 840 2669 909 τὴν
2700 837 3095 907 ἀκτημοσύνην
3125 835 3360 889 πλούτου
3395 838 3598 897 παντὸς
3640 835 3822 889 1:905:-

2233 935 2459 1003 νητέραν
2499 934 2827 1002 ἡγούμενοι*
2861 929 2910 983 οἳ
2945 929 3049 983 κᾶν
3090 946 3144 981 τι
3172 927 3381 981 τούτων
3411 930 3686 990 ἀκουσίως
3715 929 3819 981 αύ-

2231 1029 2341 1088 τοῖς
2370 1025 2611 1090 ἐπέλθοι,
2639 1023 2728 1078 διά
2751 1023 2854 1094 τῆς
2885 1023 3164 1094 ὑπομονῆς
3200 1023 3296 1076 καὶ
3323 1022 3426 1092 τῆς
3459 1023 3816 1092 εὐχαριστίας

2233 1117 2482 1172 ἑκούσιον
2536 1119 2750 1181 ἑαυτοῖς
2815 1115 3097 1172 ποιοῦνται
3146 1114 3209 1169 τδ
3265 1114 3506 1183 ἀγαθόν’
3552 1115 3651 1168 καὶ
3706 1114 3817 1166 τῶν

2229 1211 2488 1264 τοιούτων
2519 1209 2669 1263 ἐστὶν
2707 1211 2739 1278 ἡ
2773 1207 3022 1278 βασιλεία
3047 1207 3155 1282 τῶν
3183 1208 3455 1277 οὐρανῶν.
3490 1208 3821 1262 Σπουδάσω-

2235 1321 2357 1374 μεν,
2403 1303 2648 1372 ἀδελφοὶ,
2693 1300 2931 1356 τοιοῦτοι
2961 1301 3172 1372 πτωχοὶ
3219 1301 3313 1353 καὶ
3341 1301 3504 1371 ἡμεῖς
3531 1301 3817 1368 γενέσθαι,

2232 1382 2320 1450 ἵνα
2352 1393 2630 1465 βασιλείαν
2661 1375 2914 1464 οὐράνιον
2943 1393 3324 1465 κομισώμεθα.
3353 1394 3414 1447 Et
3436 1393 3494 1447 δὲ
3525 1392 3599 1464 μὴ
3623 1410 3826 1463 προαι-

2223 1486 2478 1559 ρούμεθα
2528 1486 2765 1540 τοιοῦτοι
2821 1488 3030 1556 πτωχοὶ.
3067 1485 3343 1553 γενέσθαι,
3395 1485 3485 1539 διὰ
3531 1485 3668 1554 γοῦν
3716 1486 3822 1555 τῆς

2231 1579 2605 1651 ἐλεημοσύνης
2639 1579 2734 1634 καὶ
2763 1583 2862 1650 τῆς
2893 1581 2957 1632 ἐκ
3002 1580 3111 1632 τῶν
3147 1577 3504 1652 ὑπαρχόντων
3537 1579 3674 1650 ἡμῖν
3717 1595 3824 1648 με-

2229 1678 2502 1735 ταδόσεως
2533 1676 2783 1730 κοινωνοὶ
2807 1675 2916 1728 τῶν
2943 1675 3203 1729 τοιούτων
3231 1675 3465 1745 πτωχῶν
3493 1673 3819 1744 γενώμεθα.

552 1767 747 1821 uacula
776 1779 896 1819 sua.
941 1745 1484 1837 Volebathratres,
1523 1773 1756 1816 mentem
1794 1772 2030 1818 Vestram
2063 1764 2119 1816 al

2236 1767 2584 1839 κτησώμεθα
2631 1767 2821 1836 φίλους
2874 1768 2936 1820 έκ
2989 1767 3085 1820 τοῦ
3138 1768 3375 1837 μαμωνᾶ
3423 1767 3522 1837 τῆς
3573 1766 3819 1827 ἀδικία,

548 1859 804 1912 omnibus
835 1857 1262 1912 beatitudinibus
1292 1855 1527 1910 liberare
1556 1870 1692 1924 quas
1713 1855 1920 1924 profert
1942 1855 2124 1909 Domi-

552 1970 655 2007 nus
689 1953 740 2007 in
767 1951 1083 2022 Evangelio,
1104 1950 1197 2004 sed
1218 1965 1367 2004 nunc
1385 1965 1493 2004 non
1519 1958 1604 2004 est
1627 1958 1861 2017 tempus,
1881 1956 1932 2002 et
1958 1949 2124 2017 hujus

551 2045 818 2100 orationis
852 2042 1135 2097 exordium
1165 2042 1329 2095 tinem
1363 2040 1612 2110 requirit.
1656 2039 1956 2094 Ostendere
1979 2038 2124 2094 enim

555 2137 708 2191 vobis
741 2137 1128 2207 proposuimus
1161 2133 1332 2188 Deum
1367 2146 1596 2188 mortem
1630 2148 1740 2188 non
1775 2133 1995 2194 fecisse,
2027 2148 2127 2186 nec

552 2221 812 2297 morbos,
869 2245 969 2285 nec
1035 2227 1411 2293 inﬁrmitates;
1468 2227 1573 2281 hoc
1627 2227 2128 2282 demonstravimus

546 2323 726 2393 quoad
759 2332 988 2377 mortem
1009 2323 1227 2385 animae,
1253 2323 1414 2390 cujus
1438 2313 1732 2390 primarius
1751 2321 1851 2376 fuit
1871 2323 2128 2376 stimulus

543 2423 856 2485 peccatum.
906 2413 1064 2468 Nunc
1109 2430 1326 2484 quoque
1373 2413 1728 2483 quaerendum
1761 2423 1848 2469 est
1880 2415 2039 2469 nobis
2071 2422 2128 2468 et

542 2502 866 2579 discendum
919 2503 1060 2558 unde
1121 2518 1271 2559 mors
1320 2504 1572 2573 corporis
1617 2504 1883 2573 originem
1919 2504 2120 2569 ducat;

545 2601 687 2652 hanc
716 2597 864 2651 enim
921 2606 1152 2652 mortem
1202 2613 1309 2651 non
1357 2596 1485 2652 fecit
1539 2596 1681 2652 Deus
1732 2597 1826 2668 qui
1876 2605 1958 2652 est
2006 2598 2124 2666 ipsa

542 2695 678 2754 vita,
717 2698 864 2744 totus
917 2690 1051 2755 vita,
1105 2689 1374 2759 cujusque
1429 2690 1550 2743 vitae
1585 2704 1778 2757 causa,
1811 2689 2125 2758 temporalis

540 2796 589 2843 et
628 2793 846 2835 οειοτιιω
879 2781 1180 2850 prwsertim
1212 2790 1268 2833 et
1297 2780 1516 2834 dlvinm.

2239 1863 2520 1915 τουτέστιν
2536 1863 2599 1912 δκ
2617 1861 2722 1911 τῶν
2737 1859 2878 1912 κατὰ
2897 1861 3216 1931 περισσείαν
3234 1860 3466 1911 ἐνόντων
3487 1857 3647 1928 176
3660 1858 3819 1926 ἡμῖν,

2238 1954 2341 2016 ἕως
2372 1945 2607 2020 ἀνῶμεν
2628 1955 2686 2006 ὲν
2708 1955 2773 2023 τῇ
2810 1952 3062 2022 παρούσῃ
3096 1949 3234 2021 ζωῇ,
3282 1951 3358 2013 ὡς
3403 1952 3468 2004 ἂν
3503 1949 3821 2018 μεταστάν-

2235 2063 2333 2108 τας
2359 2045 2457 2114 τῆς
2483 2046 2718 2098 emas:
2760 2046 2928 2115 ζωῆς,
2962 2045 3221 2112 δέξωνται
3256 2045 3405 2115 ἡμᾶς
3433 2046 3512 2105 είς
3553 2042 3651 2104 τάς
3677 2041 3819 2095 αἰω-

2237 2136 2384 2197 νίους
2429 2135 2611 2189 αὐτῶν
2643 2138 2839 2189 ἐκεῖνοι
2879 2139 3066 2206 μονάς.
3111 2135 3446 2204 Ἐϐουλόμην
3478 2133 3577 2203 μὲν
3601 2131 3695 2187 οὖν
3720 2135 3817 2185 καὶ

2235 2231 2456 2282 πάντων
2487 2229 2614 2298 ἑξῆς
2648 2228 2756 2282 τῶν
2797 2229 2856 2280 ἐν
2885 2228 2964 2298 τῷ
2995 2227 3317 2298 Εὐαγγε).ίῳ
3340 2227 3435 2280 τοῦ
3474 2225 3680 2296 Κυρίου
3711 2243 3817 2295 μα-

2233 2310 2526 2390 καρισμῶν
2583 2321 3030 2389 παραγυμνῶσαι
3082 2319 3176 2372 νῦν
3223 2320 3375 2388 ὑμῖν,
3430 2317 3672 2387 ἀδελφοὶ,
3709 2318 3812 2387 τὴν

2231 2411 2468 2483 διάνοιαν
2490 2428 2505 2440 ·
2535 2413 2651 2466 ἀλλ’
2684 2411 2809 2466 οὔτε
2845 2414 2873 2465 6
2919 2411 3112 2484 παρὼν
3148 2413 3374 2482 ἀρκέσει
3406 2411 3623 2482 καιρὸς,
3655 2410 3756 2464 καὶ
3782 2410 3812 2463 6

2233 2505 2522 2575 προτεθεὶς
2552 2506 2682 2576 ἡμῖν
2713 2505 2813 2577 τὴν
2844 2506 3021 2577 ἀρχὴν
3051 2505 3208 2574 λόγος
3235 2490 3463 2558 ἀπαιτεῖ
3491 2505 3552 2557 τὺ
3581 2503 3772 2556 λεῖπον
3795 2519 3809 2533 ⁸

2224 2597 2394 2663 δεῖξαι
2443 2598 2557 2668 γὰρ
2613 2598 2985 2668 προεθέμεθα,
3036 2597 3111 2662 ὡς
3143 2600 3186 2652 ’ό
3245 2597 3379 2660 Θεδς
3425 2598 3658 2650 θάνατον
3709 2598 3813 2650 οὐκ

2225 2691 2502 2764 ἐποίησεν,
2545 2690 2667 2744 οὐδὲ
2699 2692 2989 2761 νοσήματα
3036 2696 3130 2744 καὶ
3161 2691 3446 2754 ἀσθενείας
3469 2708 3482 2722 ·
3525 2689 3813 2759 ἐδείξαμεν

2231 2783 2288 2836 δὲ
2319 2783 2478 2836 τοῦτο
2509 2786 2600 2836 ἐπὶ
2631 2783 2724 2837 τοῦ
2753 2785 2894 2836 κατά
2917 2783 3094 2854 ψυχὴν
3122 2785 3380 2847 θανάτου,
3403 2776 3464 2836 οὗ
3492 2785 3607 2836 ἐστι
3639 2801 3810 2850 12pm;-

541 2874 826 2943 γουμένως
854 2876 1079 2942 κέντρον
1111 2874 1144 2943 ἡ
1171 2873 1435 2944 ἁμαρτία.
1461 2875 1552 2926 Δεῖ
1580 2872 1710 2943 γοῦν
1745 2874 1841 2934 καὶ
1871 2873 2117 2943 περὶτοῦ
2159 2877 2302 2931 κατά
2331 2878 2490 2946 σῶμα
2522 2878 2756 2930 θανάτου
2805 2877 3040 2948 ζητῆσαι
3084 2880 3178 2932 καὶ
3210 2877 3403 2945 μαθεῖν
3463 2876 3633 2946 ἡμᾶς,
3710 2878 3810 2926 πό-

541 2967 633 3018 θεν
669 2965 783 3038 ἔχει
818 2968 918 3034 τὴν
943 2969 1157 3034 γένεσιν
1179 2981 1193 2995 ο
1237 2968 1333 3018 καὶ
1355 2965 1543 3018 τοῦτον
1572 2967 1679 3036 γὰρ
1707 2966 1798 3020 τὸν
1828 2967 2058 3020 θάνατον
2086 2968 2113 3020 6
2152 2967 2286 3032 Θεὸς
2317 2953 2566 3041 αὑτοζωῆ
2590 2971 2685 3036 ὢν,
2718 2971 2813 3024 καὶ
2835 2969 2971 3034 ὅλως
3001 2970 3139 3042 ζωὴ,
3165 2973 3261 3024 καὶ
3323 2969 3468 3041 ζωῆς
3539 2969 3805 3032 παντοίας

537 3066 736 3130 αἴτιος,
770 3062 874 3132 τῆς
916 3078 978 3115 τε
1005 3062 1063 3115 ὲν
1098 3062 1275 3134 χρόνῳ
1308 3064 1406 3115 καὶ
1453 3061 1552 3132 τῆς
1584 3064 1640 3115 ὲν
1668 3063 1846 3127 αίῶνι,
1886 3064 1982 3119 καὶ
2013 3062 2248 3134 μάλιστα
2279 3066 2379 3135 τῆς
2410 3067 2586 3120 ἀϊδίου
2621 3067 2715 3120 καὶ
2750 3067 3042 3131 θεοειδοῦς.

617 3158 770 3211 lianc
793 3170 924 3218 ergo
950 3156 1202 3225 corporis
1237 3161 1468 3208 mortem
1496 3169 1596 3207 nec
1625 3154 1797 3218 dedit,
1839 3171 1938 3209 nec
1968 3156 2117 3219 fecit,

2297 3160 2405 3211 Kal.
2463 3159 2656 3211 τοῦτον
2700 3159 2884 3212 τοίνυν
2924 3159 3016 3211 τὸν
3050 3159 3144 3213 τοῦ
3186 3160 3437 3231 σώματος
3485 3159 3737 3226 θάνατον,
3777 3162 3807 3216 6

543 3267 649 3309 nec
677 3249 998 3318 herijussit.
1019 3246 1172 3314 Quod
1198 3247 1242 3302 si
1265 3251 1424 3301 etiam
1447 3248 1582 3300 hanc
1600 3262 1831 3301 mortem
1853 3247 1992 3302 Drus
2009 3266 2116 3303 non

538 3343 692 3409 fecit,
734 3355 836 3398 nec
870 3340 1185 3394 morborum
1218 3341 1587 3407 corporalium
1617 3350 1808 3392 auctor
1839 3351 1944 3403 est,
1978 3344 2122 3395 unde

537 3453 671 3508 ergo
699 3435 859 3490 nobis
891 3433 1210 3502 corporales
1244 3433 1593 3486 inﬁrmitates
1624 3443 1677 3486 et
1705 3433 1923 3486 morbi?
1967 3431 2121 3488 Unde

544 3546 694 3586 mers
715 3526 1002 3598 corporis?
1040 3524 1185 3580 unde
1218 3525 1331 3578 hac
1357 3541 1504 3578 mors
1542 3524 1702 3594 ipsa?
1753 3526 2033 3580 Attendite
2067 3537 2120 3580 et

543 3621 851 3691 intelligite.
892 3616 1206 3688 Spiritualis
1251 3627 1305 3671 et
1331 3618 1511 3671 omnis
1544 3618 1668 3672 ntali
1704 3621 1857 3689 origo
1893 3634 2119 3688 serpens

541 3728 668 3770 eum
698 3728 794 3784 per
828 3711 1091 3766 malitiam
1133 3709 1495 3780 principatum
1527 3711 1796 3774 amiserit,
1843 3711 1946 3765 vita
1980 3713 2119 3764 bona

543 3824 598 3864 ct
627 3822 754 3863 vera
782 3804 1002 3866 excidit,
1032 3803 1180 3872 justc
1204 3803 1270 3856 de
1301 3803 1388 3856 illa
1421 3803 1666 3866 orbatus,
1699 3819 1860 3873 quam
1892 3805 2006 3873 ipse
2027 3803 2120 3857 de-

540 3880 786 3968 reliquit,
822 3909 874 3951 et
895 3896 1120 3967 spiritus
1139 3910 1384 3949 mortuus
1405 3904 1506 3961 cst,
1525 3911 1631 3949 non
1655 3896 1833 3965 quoad
1862 3898 2120 3953 substan-

534 4000 690 4059 tiam,
727 3989 1153 4044 intntortalitatis
1195 3989 1340 4044 enim
1387 3990 1700 4044 substantia
1749 4006 1858 4044 non
1890 4002 1993 4057 est,
2022 3995 2114 4046 sml

535 4101 624 4158 per
654 4102 792 4141 verae
825 4086 946 4138 vita:
978 4083 1358 4138 amissionem.
1395 4082 1494 4149 Qui
1533 4083 1626 4136 tali
1661 4097 1770 4137 non
1825 4094 2115 4139 contentus

539 4181 606 4234 ad
642 4180 842 4232 malum
869 4191 1006 4232 ausu
1055 4174 1296 4245 seipsum
1336 4174 1467 4230 facit
1499 4176 1827 4230 mortilicum
1860 4178 2112 4247 spiritum

537 4285 592 4328 rt
615 4273 808 4329 fraude
836 4272 972 4326 heul
1005 4269 1281 4324 hominem
1307 4269 1361 4322 in
1394 4284 1507 4324 sua;
1525 4271 1716 4325 mortis
1745 4271 2114 4342 participatio-

540 4382 664 4422 nem
711 4365 963 4420 attraliit.
988 4362 1406 4419 Consenticntes
1434 4363 1578 4417 enim
1614 4363 1830 4418 Satanae
1859 4372 2114 4435 protopa-

537 4470 721 4514 rentes
743 4458 916 4512 nostri
936 4464 1128 4511 contra
1154 4455 1433 4510 Creatoris
1453 4457 1808 4523 voluntatem,
1830 4458 2014 4512 nudati
2034 4459 2115 4512 in-

2221 3249 2351 3311 Θεὸς
2383 3248 2506 3302 οὔτε
2553 3251 2776 3316 ἔδωκεν,
2829 3249 2954 3304 οὔτε
2983 3252 3262 3321 ἐποίησεν,
3315 3250 3439 3304 οὔτε
3492 3255 3804 3321 προσέταξε

2220 3341 2495 3410 γενέσθαι.
2527 3343 2590 3395 Εἰ
2622 3341 2680 3395 δὲ
2727 3343 2820 3396 καὶ
2856 3342 3045 3398 τοῦτον
3077 3345 3106 3396 6
3137 3343 3272 3408 Θεὸς
3307 3345 3398 3398 τὸν
3426 3345 3662 3398 θάνατον
3699 3347 3802 3400 ούκ

2221 3435 2500 3505 ἐποίησεν,
2552 3435 2673 3489 οὐδὲ
2725 3435 2832 3489 τῶν
2887 3437 3215 3507 σωματικῶν
3258 3439 3581 3508 νοσημάτων
3635 3441 3802 3504 αὑτός

2219 3529 2368 3582 ἐστιν
2395 3528 2588 3592 αἴτιος,
2619 3527 2788 3582 πόθεν
2834 3525 2928 3582 οὖν
2962 3531 3098 3600 ἡμῖν
3148 3531 3205 3584 αἱ
3254 3534 3573 3600 σωματικαὶ
3612 3535 3800 3605 ἀρῤω-

2221 3620 2367 3674 στίαι
2401 3621 2494 3674 καὶ
2521 3621 2589 3674 τά
2620 3624 2935 3690 νοσήματας
2973 3622 3068 3690 ἀφ’
3101 3615 3163 3676 οὗ
3199 3625 3292 3675 καὶ
3335 3625 3364 3677 6
3409 3623 3504 3676 τοῦ
3543 3624 3800 3693 σώματος

2221 3713 2456 3776 θάνατος
2469 3704 2689 3780 ςπόθεν
2730 3715 2785 3766 δὲ
2816 3719 2844 3767 ὁ
2885 3715 3115 3779 θάνατος
3142 3707 3332 3784 οὗτοςς
3368 3718 3670 3787 προσέχετε
3700 3721 3798 3772 καὶ

2222 3804 2453 3858 συνίετε.
2517 3804 2574 3859 '0
2626 3807 2816 3876 νοητὸς
2866 3809 2956 3860 καὶ
2990 3807 3298 3879 ἀρχέκακος
3345 3809 3487 3877 ὄφις,
3539 3812 3666 3862 ἐπεὶ
3696 3810 3798 3880 τὴν

2220 3898 2396 3970 ἀρχὴν
2430 3899 2566 3968 πρὸς
2614 3899 2713 3968 τὴν
2759 3900 2960 3953 κακίαν
2998 3900 3460 3971 ἀπηυτομόλησε,
3520 3905 3797 3972 στερεῖται

2216 3990 2315 4063 τῆς
2344 3991 2556 4064 ἀγαθῆς
2599 3992 2692 4046 καὶ
2721 3991 2890 4057 ὅντως
2941 3992 3106 4063 ζωῆς,
3157 3994 3436 4058 ἀπωσθεὶς
3477 3995 3685 4064 ταύτης
3714 3996 3797 4049 δι-

2221 4084 2410 4150 καίως,
2451 4079 2518 4153 ἦς
2551 4085 2767 4155 ἀπέδρα
2800 4083 3012 4155 φθάσας
3051 4086 3237 4150 αὐτὸς,
3287 4087 3382 4140 καὶ
3417 4089 3611 4159 νεκρὸν
3640 4089 3795 4157 γίνεο

2216 4192 2307 4229 ται
2359 4174 2600 4247 πνεῦμα,
2637 4178 2698 4228 ού
2750 4179 2873 4230 κατ’
2912 4175 3126 4241 οὐσίαν,
3158 4180 3220 4233 οὐ
3267 4179 3377 4251 γὰρ
3429 4179 3578 4234 ἐστιν
3631 4183 3792 4236 οὐσία

2218 4270 2562 4336 νεκρότητος,
2609 4269 2748 4322 ἀλλά
2786 4273 2930 4324 κατά
2975 4272 3249 4343 ἀποϐολὴν
3281 4272 3380 4343 τῆς
3419 4273 3589 4337 ὅντως
3619 4275 3790 4342 ζωῆς.

2228 4359 2286 4412 ’0
2315 4360 2368 4411 δὲ
2400 4359 2563 4429 κόρον
2596 4363 2670 4433 μὴ
2716 4363 3013 4432 λαμϐάνων
3046 4366 3142 4434 τῆς
3179 4365 3317 4436 πρδς
3356 4365 3554 4420 κακίαν
3583 4368 3790 4437 ὁρμῆς.

2216 4455 2310 4506 καὶ
2334 4454 2653 4523 νεκροποιὸν
2687 4454 2880 4510 ἑαυτὸν
2913 4459 3058 4508 ποιεῖ
3088 4457 3330 4528 πνεῦμα,
3359 4455 3497 4528 δόλῳ
3527 4459 3632 4526 φεῦ
3655 4461 3668 4515 l
3691 4463 3790 4514 τὸν

536 4553 812 4606 dementis
855 4549 1048 4604 lucidis
1081 4549 1452 4618 \‘italibusque
1504 4549 1816 4619 splendoris
1863 4551 2105 4619 superni,

2224 4541 2503 4613 Ξιθρωπον
2545 4545 2992 4615 ἐπισπασάμενος
3043 4549 3180 4616 πρὸς
3228 4549 3511 4603 κοινωνίαν
3557 4550 3656 4620 τῆς
3713 4556 3794 4604 οἱ-

533 4643 933 4711 mortuietipsi
964 4641 1263 4696 secundum
1289 4643 1526 4696 animam
1556 4643 1699 4696 velut
1729 4641 1961 4696 Satanas
1987 4641 2111 4696 farti

533 4749 681 4794 sunt.
709 4737 851 4804 Quia
892 4752 1018 4790 vero
1056 4735 1222 4789 Satan
1247 4750 1356 4790 non
1394 4735 1558 4789 modo
1591 4736 1820 4804 spiritus
1867 4746 2113 4792 mortuus

532 4839 637 4898 cst,
661 4832 755 4885 sed
781 4831 943 4882 etiam
970 4828 1306 4882 mortificans
1327 4829 1533 4896 eosqui
1563 4829 2022 4897 appropinquant,
2059 4838 2114 4884 et

532 4924 602 4978 iis
625 4923 828 5000 quibus
860 4928 962 4974 una
995 4936 1118 4974 cum
1148 4919 1310 4974 Satan
1344 4935 1490 4976 mors
1518 4931 1634 4975 erat
1675 4937 1874 4990 corpus
1902 4921 2110 4989 aderat,

535 5031 631 5085 per
672 5015 820 5084 quod
877 5012 1160 5067 mortifera
1211 5013 1441 5067 tentatio
1485 5011 1552 5066 ad
1607 5025 1792 5068 actum
1846 5014 2105 5085 propulit,

530 5108 650 5163 suis
679 5106 1005 5176 corporibus
1049 5115 1275 5160 mortuae
1309 5105 1702 5175 mortiferaque
1733 5110 1930 5162 animae
1961 5124 2108 5161 mor-

532 5209 638 5254 tem
666 5199 1222 5255 communicaverunt
1255 5199 1556 5268 statimque
1590 5200 1641 5252 iu
1682 5212 1881 5253 terram
1928 5199 2103 5253 disso-

530 5291 706 5346 lutum
760 5289 954 5347 fulssct
987 5290 1285 5344 humanum
1332 5305 1556 5360 corpus,
1611 5292 1715 5345 nisi
1770 5291 2105 5360 providentia

532 5385 889 5456 potentiaque
927 5383 1201 5453 superiori
1231 5386 1550 5437 concretum
1581 5385 1906 5439 sententiam
1934 5385 2101 5437 susti-

529 5473 741 5528 nuisset
762 5473 934 5537 illius.
965 5477 1060 5543 qui
1091 5473 1215 5526 solo
1242 5471 1407 5525 verbo
1455 5471 1560 5525 [ert
1592 5473 1799 5526 omnia.
1850 5469 2103 5526 Rcmovit

525 5580 581 5623 et
611 5565 824 5623 distulit
855 5566 998 5621 sicut
1044 5580 1211 5636 supra
1259 5565 1497 5619 diximus
1529 5565 1859 5618 sententiam
1907 5570 2104 5619 mortis

529 5659 828 5730 corporalis
857 5667 924 5712 ει·
945 5659 1360 5730 sapientiarsuae
1393 5656 1678 5712 altitudine
1706 5665 1758 5710 et
1785 5657 2104 5711 misericor-

532 5755 634 5807 dia:
674 5751 1006 5807 abundantia
1045 5752 1188 5805 hanc
1233 5747 1414 5804 taliter
1477 5747 1625 5815 tulit,
1661 5759 1718 5803 ut
1753 5749 1854 5804 sibi
1909 5749 1959 5801 iu
2012 5748 2099 5802 fu-

2215 4636 2366 4698 κείας
2411 4636 2754 4707 νεκρώσεως.
2804 4638 3227 4710 Ὀμονοήσαντες
3267 4641 3324 4694 δὲ
3377 4642 3453 4712 τῷ
3505 4643 3685 4696 Σατάν
3740 4646 3791 4697 οι

2212 4730 2304 4780 τοῦ
2330 4731 2521 4796 γένους
2549 4732 2893 4802 προπάτορες
2919 4736 3069 4805 παρά
3100 4734 3326 4806 γνώμην
3352 4735 3443 4788 τοῦ
3476 4737 3789 4803 κτίσαντος,

2211 4821 2593 4888 γυμνωθέντες
2623 4821 2730 4876 τῶν
2785 4827 2849 4877 ὲκ
2889 4826 2988 4894 τῆς
3033 4827 3236 4879 ἄνωθεν
3268 4828 3462 4896 αίγλης
3502 4830 3787 4894 φωτεινῶν

2213 4915 2306 4966 καὶ
2338 4914 2587 4977 ζωτικῶν
2628 4916 2962 4988 ἐνδυμάτων,
3013 4918 3199 4989 νεκροὶ
3235 4919 3368 4987 φεῦι
3423 4920 3496 4982 ὡς
3542 4921 3569 4971 ὁ
3606 4923 3788 4974 Σατάν

2215 5007 2309 5058 καὶ
2336 5007 2491 5060 αὐτοὶ
2522 5009 2662 5062 κατὰ
2696 5009 2914 5078 πνεῦμα
2949 5011 3258 5078 γεγόνασιν.
3299 5012 3453 5064 Ἐπεὶ
3475 5015 3520 5066 δ’
3545 5015 3573 5065 6
3601 5014 3783 5068 Σατὲιν

2215 5100 2274 5150 ού
2306 5099 2501 5168 νεκρόν
2549 5103 2666 5152 ἐστι
2702 5101 2915 5172 πνεῦμα
2967 5103 3148 5169 μόνον,
3208 5104 3343 5157 ἀ).λά
3401 5107 3498 5158 καὶ
3552 5109 3783 5179 νεκροῦν

2212 5195 2336 5254 τοὺς
2391 5192 2732 5258 ὲγγίζοντας,
2777 5198 2888 5258 τοῖς
2933 5197 2988 5248 δὲ
3045 5196 3376 5266 μετασχοῦσι
3424 5200 3522 5268 τῆς
3571 5203 3781 5254 ἐκείνου

2215 5283 2533 5352 νεκρώσεως
2568 5286 2662 5337 καὶ
2721 5287 2878 5356 σῶμα
2915 5289 3098 5359 παρῆν
3155 5291 3419 5360 ἑκατέρῃ,
3469 5292 3537 5345 δι’
3591 5287 3652 5347 οὗ
3688 5301 3784 5349 καὶ

2215 5376 2596 5446 συνεπερέινθιῖ
2626 5377 2757 5446 πρὸς
2785 5377 2943 5448 ἔργον
2973 5379 3200 5433 ἐλθοῦσα
3229 5383 3260 5454 ἡ
3299 5384 3613 5453 νεκροποιὸς
3643 5403 3784 5458 συμ-

2211 5466 2402 5536 ϐουλὴ,
2453 5469 2800 5537 μεταδιδόασι
2855 5473 2951 5524 καὶ
2999 5476 3111 5536 τοῖς
3163 5475 3387 5539 οίκείοις
3445 5478 3660 5547 σώμασι
3714 5486 3781 5536 τὰ

2215 5561 2384 5629 νεκρά
2415 5564 2508 5613 καὶ
2561 5563 2854 5633 νεκροποιά
2895 5567 3154 5633 γεγονότα
3207 5568 3496 5639 πνεύματα
3551 5572 3649 5642 τῆς
3693 5591 3780 5628 νε-

2213 5655 2492 5723 κρώσεως,
2524 5657 2626 5709 κᾶν
2653 5656 2873 5727 διελύθη
2916 5659 3171 5729 πάραυτα
3215 5663 3352 5732 πρὸς
3386 5662 3489 5731 γῆν
3522 5665 3778 5735 ἐπιστρέ-

2209 5750 2316 5820 dav
2348 5751 2407 5800 τδ
2429 5750 2772 5814 ἀνθρώπινον
2802 5753 2981 5822 σῶμα,
3011 5757 3064 5808 εί
3100 5755 3176 5826 μὴ
3218 5756 3527 5828 προμηθείᾳ
3563 5760 3657 5811 καὶ
3685 5760 3776 5815 δυο
