4078 6216
537 294 645 358 399
1395 373 1399 376 ~
1847 284 2219 376 GREGOBH
2257 287 2580 345 PALAM
3671 278 3787 351 too

536 416 593 459 ut
628 403 857 458 leviores
890 399 1044 453 nobis
1090 396 1342 470 redderet
1373 397 1595 451 morbos
1657 397 1819 467 jussit
1861 398 2100 451 adhiberi

2212 399 2343 465 ἡςιίν
2379 395 2676 466 στοιχείων,
2716 394 2847 465 πρὸς
2876 397 2978 449 πᾶ)
3007 395 3200 465 ἁναχεῖ
3229 392 3288 447 τὸ
3344 393 3523 464 σῶμα,
3551 397 3646 447 καὶ
3691 393 3788 448 οῦς

535 496 872 550 bcncdictam
905 489 1235 561 aspersionis
1261 504 1456 558 aquam
1491 499 1550 542 ut
1585 503 1709 542 cmn
1749 491 1851 545 {ide
1883 499 2099 543 utcutcs

533 585 661 640 inde
691 581 1015 641 sanctiﬁcati
1048 580 1362 649 Superiores
1391 595 1769 634 rcmancamus
1801 580 2004 633 morbis
2037 596 2097 631 ex

531 692 755 752 peccmo
780 695 876 734 nos
899 677 1300 732 ittvadcutibus.
1327 676 1389 729 Et
1411 677 1573 730 simul
1597 677 1788 730 docent
1812 692 1930 738 nos,
1951 693 1998 745 g2
2016 691 2103 728 as-

530 785 688 829 saute
719 777 906 826 morbo
929 768 1345 838 conlugirmluttt
1367 783 1490 822 esse
1516 784 1620 822 non
1645 770 1709 823 ad
1736 785 1923 839 magos
1947 779 1998 821 ct
2016 770 2099 822 iu-

528 875 802 928 cantores,
835 865 926 919 sed
957 863 1021 916 ad
1062 865 1248 924 lit-um,
1283 861 1349 912 ad
1383 869 1693 913 sanctorum
1731 862 1848 930 ejus
1879 862 2098 915 invoca-

527 962 728 1014 tionem
753 999 768 1023 ,
795 957 860 1012 ad
892 956 1255 1011 sanctiﬁcatas
1300 953 1400 1020 ipsi
1451 961 1506 1006 ct
1557 968 1652 1022 per
1689 953 1850 1007 vitam
1886 951 2099 1006 oblatas

527 1053 685 1106 nobis
719 1052 1017 1112 orationes,
1045 1063 1234 1118 preces
1260 1058 1314 1102 et
1343 1046 1794 1116 supplicationes.
1824 1046 1926 1111 Qui
1955 1046 2098 1099 enim

528 1146 596 1198 ad
649 1158 837 1209 magos
878 1151 932 1194 et
967 1141 1283 1194 incantores
1332 1137 1680 1207 coniugium,
1732 1143 1932 1204 negant
1981 1150 2100 1189 esse

527 1235 720 1296 Deum,
756 1233 1164 1301 conjunguntur
1195 1229 1536 1285 daemonibus
1572 1243 1700 1282 suas
1730 1227 2100 1282 occidentibus

526 1330 762 1391 animus,
795 1336 848 1381 et
877 1325 1169 1396 aliquando
1193 1323 1520 1379 insanabiles
1545 1323 1762 1376 morbos
1786 1329 1840 1373 et
1866 1330 2098 1373 mortem

527 1423 700 1489 ipsam
745 1435 810 1473 ex
858 1434 1046 1472 eorum
1097 1415 1428 1471 commercio
1470 1420 1770 1481 reportant.
1826 1409 2100 1468 chozias

526 1513 672 1568 enim
688 1511 873 1566 Achab
905 1511 1050 1565 lilius
1072 1509 1126 1562 in
1158 1508 1530 1562 inﬁrmitatem
1566 1505 1846 1575 delapsus,
1871 1504 2018 1558 misit
2044 1512 2102 1558 ut

523 1604 790 1674 scriptum
830 1611 910 1657 est
952 1601 1017 1655 ad
1066 1601 1228 1656 deum
1277 1598 1522 1654 Aecaron
1563 1595 1910 1652 :idololatrae
1955 1594 2098 1650 enim

2205 507 2281 540 τω
2302 488 2424 547 τοὺς
2453 489 2645 550 ἄλλους
2675 487 2780 538 τῶν
2813 489 2868 539 ὲν
2905 489 3035 557 ἡμῖν
3077 485 3403 555 ἀχρειοῦσα,
3429 486 3525 548 τὰς
3584 485 3785 548 νόσους

2205 583 2368 637 ποιεῖ.
2413 583 2475 633 'H
2515 581 2645 649 γοῦν
2695 580 3100 650 φιλανθρωπία,
3136 580 3386 648 καθάπερ
3447 581 3607 648 ἔφην,
3668 583 3786 632 τῶν

2207 676 2367 745 ιερῶν
2398 677 2673 744 Πατέρων,
2710 675 2818 728 ἰδυῦ
2832 693 2898 728 σα
2929 673 3135 743 νοσώδη
3188 674 3279 727 τὸν
3309 672 3501 742 καιρὸν
3559 671 3780 734 τοῦτον,

2202 769 2278 828 ὡς
2302 767 2365 820 ἂν
2393 769 2526 836 ἡμῖν
2560 767 2899 838 ἐπικουφίσῃ
2945 767 3044 829 τὰς
3100 767 3311 829 νόσους,
3336 765 3396 817 τὸ
3444 762 3789 834 ἡγιασμένον

2201 860 2357 912 τοῦτο
2388 859 2482 911 τοῦ
2525 859 2822 931 ῥαντισμοῦ
2861 859 3161 930 προσέταξε
3202 858 3378 912 τελεῖν
3405 858 3554 926 ἡμᾶς
3609 857 3781 924 ὕδωρ,

2205 953 2271 1004 ἵν’
2303 953 2552 1005 ἐντεῦθεν
2581 953 2938 1022 ἁγιαζόμενοι
2974 953 3022 1004 oi
3062 953 3200 1023 μετὰ
3255 953 3489 1014 πίστεως
3541 944 3782 1020 προσερὲ

2202 1044 2444 1114 χόμενοι,
2470 1044 2813 1115 ὅιαμένωμεν
2836 1042 3100 1114 ἀνώτεροι
3133 1044 3242 1098 τῶν
3278 1044 3335 1109 ἐξ
3366 1044 3788 1114 ἁμαρτημάτων

2202 1136 2620 1208 προσϐαλόντων
2643 1138 2773 1206 ἡμῖν
2811 1138 3168 1207 νοσημάτων·
3227 1138 3342 1206 ἃμα
3373 1135 3432 1189 et
3490 1136 3584 1188 καὶ
3635 1136 3792 1188 διδέ-

2205 1244 2427 1291 σκοντες
2459 1229 2629 1299 ἡμᾶς,
2668 1230 2732 1283 ἄν
2767 1247 2873 1281 τινι
2906 1228 3086 1300 συμϐῇ
3118 1228 3292 1296 νόσος,
3327 1228 3402 1300 μὴ
3434 1229 3570 1301 πρὸς
3593 1230 3791 1281 ἐπαοι-

2200 1320 2324 1384 δοῦς
2343 1323 2436 1373 καὶ
2469 1321 2675 1391 γόητας
2703 1321 2942 1393 τρέχειν,
2979 1323 3265 1394 ἀλλὰπρὸς
3296 1325 3386 1377 τὸν
3424 1322 3582 1388 Θεὸν,
3635 1320 3786 1392 πρὶς

2200 1412 2298 1482 τὴν
2327 1411 2435 1465 τῶν
2469 1413 2643 1481 ἁγίων
2691 1415 2858 1468 αὑτοῦ
2919 1415 3239 1485 πρεσϐείαν,
3308 1415 3446 1486 πρὸς
3502 1416 3602 1478 τάς
3663 1413 3787 1468 τῶν

2201 1505 2596 1575 ἀφιερωμένων
2619 1506 2766 1577 αὐτῷ
2797 1509 2891 1560 καὶ
2924 1507 3014 1561 διὰ
3049 1507 3166 1579 βίου
3194 1507 3575 1577 ἀνακειμένων
3629 1506 3785 1582 ὑπὲρ

2199 1593 2360 1662 ἡμῶν
2384 1594 2653 1659 ἐντεύξεις
2679 1597 2773 1650 καὶ
2795 1595 3009 1667 δεήσεις
3037 1599 3132 1650 καὶ
3183 1597 3516 1668 προσευχάς.
3541 1598 3602 1650 Οί
3663 1598 3788 1666 γὰρ

524 1705 681 1750 erant
709 1694 821 1761 isti,
865 1692 1035 1763 magis
1069 1702 1124 1747 et
1154 1691 1342 1745 ariolis
1371 1689 1706 1744 conﬁdentes
1733 1705 1746 1741 :
1776 1688 1923 1742 misit
1969 1700 2099 1757 ergo

2203 1685 2342 1754 πρὸς
2371 1686 2589 1756 ὲττῳδάς
2621 1689 2716 1740 καὶ
2747 1689 3002 1757 γοητείας
3037 1689 3348 1759 χωροῦντες
3398 1688 3652 1742 ἁθετοῦσι
3720 1689 3789 1742 τὺ

524 1790 711 1842 Achab
749 1787 891 1859 regis
927 1786 1071 1841 (ilius
1099 1785 1192 1854 qui
1233 1784 1632 1854 interrogarent
1661 1794 1756 1834 cos
1783 1781 1849 1832 de
1885 1794 1980 1832 sua
2013 1778 2098 1832 iu-

2201 1773 2342 1828 είναι
2375 1776 2528 1838 Θεὸν,
2581 1779 2972 1832 συντάσσονται
3007 1782 3120 1843 τοῖς
3177 1781 3422 1848 δαίμοσι,
3477 1777 3785 1834 θανατοῦσι

524 1875 817 1941 llrmitate;
849 1875 1049 1943 quibus
1079 1887 1375 1928 occurrens
1408 1870 1614 1924 nuntiis
1647 1868 1794 1924 Elias
1834 1869 2096 1938 propheta

2203 1866 2298 1928 τὰς
2328 1867 2540 1924 ἑαυτῶν
2572 1869 2784 1940 ψυχάςο
2822 1872 2936 1925 ἔστι
2985 1871 3030 1924 δ’
3052 1873 3139 1926 ὅτε
3189 1873 3284 1926 καὶ
3339 1871 3526 1937 νόσους
3580 1871 3790 1942 ἀνηκέ-

521 1969 662 2024 dixit
697 1988 710 2023 :
744 1988 762 2020 ‹
801 1965 1075 2036 Numquid
1113 1981 1219 2018 non
1256 1973 1339 2019 est
1370 1963 1509 2017 Deus
1555 1963 1609 2015 in
1647 1961 1836 2026 Israel,
1872 1969 1930 2016 ut
1959 1959 2100 2015 eatis

2204 1977 2364 2026 στοιις
2391 1963 2454 2015 ὲκ
2485 1963 2690 2017 τούτων
2735 1965 2980 2036 τρυγῶσι
3031 1967 3124 2019 καὶ
3186 1965 3440 2020 θάνατον.
3526 1963 3789 2035 Ὀχεζίας

522 2063 590 2117 ad
636 2060 1032 2116 consulendum
1087 2057 1214 2112 Baal
1258 2058 1418 2112 deum
1479 2054 1761 2111 Accaronl
1809 2053 1980 2119 Quam
2029 2053 2100 2110 ob

2204 2057 2314 2124 γάρ
2347 2073 2477 2108 ποτε
2503 2058 2528 2109 6
2559 2057 2654 2109 τοῦ
2694 2057 2902 2127 ’Δχαάϐ
2938 2057 3193 2129 ἀσθενείᾳ
3221 2057 3562 2130 περιπεσὼν,
3600 2058 3788 2126 επεμ-

522 2170 635 2210 rem
693 2154 808 2207 hazc
855 2153 994 2208 dixit
1043 2151 1306 2205 Dominus
1342 2169 1355 2204 :
1391 2149 1467 2204 De
1502 2149 1707 2204 lectulo
1750 2163 1915 2216 super
1939 2162 2098 2217 quem

2203 2146 2272 2216 ψε
2305 2148 2448 2201 κατὰ
2471 2148 2531 2201 τὸ
2553 2149 2942 2219 γεγραμμένον
2973 2149 3109 2220 πρὸς
3163 2152 3258 2205 τὸν
3295 2152 3418 2206 θεὸν
3461 2151 3780 2221 Ἀκκαρὼιο

522 2246 839 2311 ascendisti,
872 2260 977 2299 non
1013 2242 1338 2306 descendes,
1368 2242 1461 2296 sed
1494 2249 1670 2295 morte
1702 2240 1954 2295 morieris
1985 2239 2089 2294 ".t

2206 2239 2588 2311 εἰδωλολάτραι
2619 2242 2676 2295 δὲ
2698 2238 2839 2310 ἦσαν
2871 2237 3039 2308 οῦτοι,
3073 2242 3170 2296 καὶ
3198 2244 3478 2316 γοητείαις
3507 2245 3601 2298 καὶ
3645 2261 3794 2314 μανι

519 2342 696 2404 τείαις
719 2341 1078 2412 προσέχοντες
1099 2353 1119 2370 θ
1148 2336 1243 2391 ἕπε
1255 2337 1361 2406 μψε
1387 2337 1517 2405 γοῦν
1539 2337 1566 2390 6
1591 2334 1685 2389 τοῦ
1711 2334 1977 2404 βασιλέως
2007 2333 2214 2403 ’Δχαάϐ
2240 2335 2353 2395 υίὸς
2383 2329 2540 2399 οὗτος
2562 2337 2698 2408 πρὸς
2721 2336 2993 2401 τοιούτους
3017 2338 3209 2408 μαθεῖν
3235 2338 3365 2409 περὶ
3388 2337 3488 2406 τῆς
3501 2336 3792 2400 ἀσθενείας

520 2432 708 2490 αὐτοῦ.
755 2431 1111 2502 Ὕπαντήσας
1168 2429 1224 2483 δὲ
1291 2431 1406 2491 τοῖς
1457 2426 1897 2496 ἀπεσταλμένοις
1951 2425 2130 2479 Ἠλιοῦ
2198 2429 2225 2480 6
2267 2429 2575 2498 προφήτης,
2636 2433 2772 2500 φησὶ
2839 2431 2976 2502 πρὸς
3034 2429 3268 2493 αὐτούς’
3307 2448 3328 2483 ε
3391 2432 3552 2502 Παρά
3585 2431 3646 2484 τὸ
3705 2431 3791 2502 μὴ

519 2526 660 2584 εἶναι
691 2529 824 2583 Θεὸν
848 2528 906 2582 ὲν
960 2526 1202 2597 Ἰσραὴλ,
1266 2525 1427 2592 ὑμεῖς
1483 2523 1785 2594 πορεύεσθε
1841 2522 2178 2594 ἐπιζητῆσαι
2215 2527 2272 2577 ἐν
2301 2525 2376 2593 τῷ
2412 2526 2557 2578 Βάαλ
2584 2525 2705 2580 θεὸν
2767 2527 3092 2599 ’Δκκαρὼνς
3136 2527 3276 2584 Τάδε
3325 2526 3474 2599 λέγει
3535 2528 3784 2599 Κύριος*

531 2627 598 2677 Ἦ
627 2623 786 2693 κλίνη
813 2621 898 2694 ἐφ’
925 2616 993 2697 ἦς
1018 2621 1219 2691 ἁνέϐης
1249 2621 1384 2684 ἐκεῖ,
1416 2619 1477 2673 οὐ
1530 2619 1818 2690 καταϐήσῃ
1873 2620 1967 2672 ἀπ’
1997 2619 2190 2690 αὐτῆς,
2226 2620 2360 2673 ἀλλὰ
2399 2621 2616 2692 θανάτῳ
2643 2622 2909 2693 ἀποθανῇ.
2951 2641 2970 2675 ι

589 2718 784 2776 Nonne
811 2719 1006 2775 videtis
1026 2717 1223 2788 quodii
1241 2717 1335 2787 qui
1366 2732 1550 2786 magos
1579 2715 1888 2785 ariolosque
1914 2718 1980 2770 al
2009 2731 2100 2771 εο-

2287 2717 2503 2786 Ὁρᾶτε,
2532 2719 2614 2771 δτι
2643 2718 2695 2786 οἱ
2729 2717 2881 2789 παρά
2916 2718 3130 2788 γοήτων
3156 2718 3250 2772 καὶ
3283 2719 3531 2788 μάντεων
3586 2716 3790 2789 ἐπιζη-

522 2810 891 2882 gnoscendum
917 2823 1030 2863 rem
1059 2807 1301 2877 aliquam
1327 2806 1410 2860 vel
1442 2805 1720 2869 morbum,
1753 2813 1949 2873 negent
1975 2818 2099 2859 esse

2203 2805 2418 2869 τοῦντές
2439 2823 2494 2858 τι
2522 2806 2774 2878 μαθεῖν,ἢ
2800 2806 3017 2872 παθεῖν,
3051 2806 3335 2861 ἀθετοῦσιν
3365 2804 3504 2860 εῐναι
3531 2809 3621 2858 τὴν
3649 2808 3790 2860 Θεὸν

523 2905 666 2958 inter
696 2917 795 2958 nos
827 2900 1020 2964 Deum,
1050 2907 1107 2954 et
1132 2899 1259 2954 inde
1301 2907 1534 2953 mortem
1566 2905 1867 2966 reportent,
1903 2897 2100 2950 anima:

2203 2897 2260 2950 ἐν
2275 2899 2425 2968 ἡμῖν,
2447 2899 2539 2952 καὶ
2555 2898 2783 2953 θάνατον
2797 2901 3004 2952 ἐκεῖθεν
3022 2900 3356 2969 καρποῦνται
3375 2899 3607 2970 μάλιστα
3620 2901 3660 2968 1
3671 2901 3791 2971 78

522 2993 820 3064 praesertim
861 2998 1115 3055 mortem,
1148 2998 1202 3041 et
1253 2988 1417 3042 etiam
1467 2986 1762 3057 aliquando
1809 2985 2100 3055 corporis?

2207 2989 2306 3059 μὲν
2338 2989 2429 3042 τὸν
2453 2989 2554 3060 τῆς
2581 2990 2779 3060 ψυχῆς,
2803 2991 2920 3043 lett
2943 2991 2986 3044 δ’
3002 2992 3090 3044 ὅτε
3112 2992 3208 3045 καὶ
3228 2991 3322 3044 τὸν
3348 2989 3445 3043 τοῦ
3478 2990 3740 3060 σώματος
3766 3009 3785 3058 ;

521 3085 622 3152 Qui
666 3092 842 3137 autem
877 3083 933 3136 in
982 3077 1403 3134 necessitatibus
1457 3075 1542 3131 vel
1589 3074 2004 3130 inﬁrmitatibus
2037 3074 2100 3129 ad

2221 3082 2281 3134 '0
2309 3082 2364 3135 δὲ
2387 3082 2521 3150 πρὸς
2551 3082 2641 3136 τὸν
2665 3083 2797 3136 Θεὸν
2825 3085 2918 3136 καὶ
2941 3085 3066 3148 τοὺς
3094 3083 3286 3151 ἁγίους
3308 3080 3474 3136 αὑτοῦ
3506 3082 3789 3150 προστρὲ-

521 3177 690 3231 Deum
723 3185 776 3230 et
803 3182 1026 3230 sanctos
1054 3172 1175 3238 ejus
1199 3167 1466 3240 confugit,
1492 3167 1536 3223 si
1566 3167 1615 3221 ei
1645 3164 1921 3236 expediat,
1957 3180 1988 3219 α
2015 3179 2107 3220 ne-

519 3267 874 3325 cessitatibus
912 3263 1296 3334 corporalibus
1331 3262 1548 3316 eruitur
1573 3268 1628 3314 et
1659 3273 1689 3312 a
1734 3258 1941 3312 morbis
1969 3256 2107 3312 libe-

523 3369 704 3427 ratur;
736 3359 1023 3414 sanitatem
1051 3370 1180 3410 vero
1196 3353 1394 3409 anima:
1415 3350 1904 3418 remissionemque
1921 3363 2111 3419 pecca-

530 3465 712 3511 torum
753 3467 968 3522 semper
1000 3449 1242 3517 reperit;
1277 3447 1358 3503 sic
1388 3446 1626 3516 loquitur
1651 3441 1855 3515 Christi
1887 3450 2108 3508 aposto-

519 3547 610 3606 lus
638 3556 692 3603 ct
719 3549 886 3601 frater
917 3543 1152 3598 Jacobus
1192 3559 1208 3595 :
1258 3559 1276 3592 ι
1309 3540 1621 3594 lnlirmatur
1649 3535 1778 3606 quis
1812 3535 1866 3588 in
1905 3530 2106 3588 vobis?

519 3645 746 3709 inducat
777 3639 1127 3709 presbyteros
1161 3632 1450 3698 Ecclesiae,
1499 3640 1553 3685 et
1585 3638 1746 3684 orent
1773 3640 1940 3695 super
1973 3629 2100 3680 eum

521 3744 786 3806 tingentes
813 3746 938 3786 eum
969 3728 1092 3782 oleo
1119 3727 1172 3781 in
1206 3724 1428 3779 nomine
1455 3719 1696 3782 Domini,
1729 3729 1784 3773 et
1824 3719 2003 3773 oratio
2042 3719 2106 3769 ῦς

517 3825 604 3883 dei
654 3823 883 3879 salvabit
917 3819 1194 3874 inllrmum
1227 3856 1244 3882 ,
1278 3826 1332 3870 et
1363 3812 1627 3870 excitabit
1655 3826 1779 3866 eum
1821 3808 2101 3874 Domitius,

519 3924 575 3971 et
595 3915 642 3970 si
673 3915 726 3968 in'
755 3910 992 3982 peccatis
1011 3908 1106 3976 sit,
1140 3907 1499 3963 remittuntur
1523 3904 1571 3958 ei
1599 3903 1669 3958 ⁸³.
1705 3920 1725 3952 ι
1756 3900 1988 3955 Necesse
2019 3907 2106 3954 est

521 4020 703 4063 autem
729 4015 789 4060 ut
809 3999 1179 4074 cooperemini
1207 3997 1544 4056 orationibus
1568 4003 1788 4064 propter
1805 4009 1898 4047 vos
1922 3993 2102 4058 factis,

520 4116 616 4170 per
641 4098 1060 4161 conversionem
1087 4133 1104 4158 ,
1138 4089 1539 4147 confessionem
1565 4126 1581 4151 ,
1615 4087 2020 4156 eleemosynam
2049 4093 2104 4136 cl.

524 4193 629 4246 alia
665 4188 999 4260 paenitentia:
1039 4199 1244 4253 opera;
1286 4182 1518 4235 multum
1552 4178 1694 4232 enim
1747 4178 1882 4233 valet
1927 4178 2102 4232 oratio

516 4284 650 4355 justi
682 4283 923 4336 assidua.
959 4276 1082 4331 Fiat
1110 4290 1237 4345 ergo
1274 4286 1330 4327 ut
1363 4288 1461 4326 nos
1494 4286 1704 4336 omnes,
1735 4287 1766 4326 ει
1801 4271 1954 4324 malis
1984 4273 2102 4325 ani-

2170 3241 2173 3245 .
2208 3190 2320 3242 χων
2351 3174 2406 3226 ἑν
2426 3173 2695 3242 ἀνάγκαις
2719 3177 2816 3229 καὶ
2849 3174 3176 3238 ἀσθενείαις,
3201 3177 3248 3228 εί
3276 3177 3545 3246 συμφέρει
3575 3175 3786 3254 τούτῳ,

2207 3266 2302 3318 καὶ
2336 3264 2446 3317 τῶν
2483 3269 2810 3335 σωματικῶν
2843 3267 3103 3334 ἀναγκῶν
3127 3267 3338 3330 λύεται,
3369 3271 3464 3322 καὶ
3489 3267 3594 3319 τῶν
3620 3285 3789 3334 νοση-

2211 3357 2394 3427 μάτων
2421 3358 2857 3412 ἀπαλλάττεταιο
2891 3361 2990 3429 τῆς
3025 3359 3080 3413 δὲ
3115 3361 3259 3413 κατὰ
3319 3358 3502 3430 ψυχὴν
3561 3359 3783 3426 ὑγείας,

2208 3453 2302 3503 καὶ
2328 3450 2426 3520 τῆς
2451 3451 2558 3503 τῶν
2587 3452 3002 3524 ἁμαρτημάτων
3024 3454 3270 3522 ἀφέσεως
3285 3453 3373 3506 ἀεὶ
3393 3455 3749 3522 ἐπιτυγχάνει
3767 3467 3786 3484 ο

2208 3542 2352 3596 οῦτω
2388 3545 2495 3614 γάρ
2526 3549 2619 3599 καὶ
2641 3548 2669 3598 6
2695 3545 2789 3600 τοῦ
2826 3546 3062 3618 Χριστοῦ
3094 3546 3391 3610 ἀπόστολος
3421 3556 3516 3599 καὶ
3548 3546 3790 3612 ἀδελφὸς

2222 3635 2478 3698 Ίάκωϐός
2501 3653 2698 3707 φησιν·
2743 3657 2762 3690 t
2813 3638 3058 3694 ’Λσθενεῖ
3101 3657 3188 3704 τις
3219 3642 3277 3692 ἂν
3299 3639 3466 3706 ὑμῖνξ
3528 3653 3781 3707 προσκα.

2207 3725 2459 3781 λεσάσθω
2488 3729 2615 3798 τοὺς
2658 3729 3066 3800 πρεσϐυτέρους
3121 3731 3223 3802 τῆς
3287 3729 3640 3801 Ἐκκλησίας,
3682 3732 3789 3785 καὶ

2210 3819 2703 3890 προσευξάσθωσαν
2727 3821 2814 3875 ἐπ’
2838 3823 3026 3889 αὐτὸν,
3061 3822 3382 3894 ἀλείψαντες
3419 3823 3587 3877 αὐτὸν
3613 3822 3789 3893 ἐλαίῳ

2206 3914 2266 3966 ἐν
2293 3911 2367 3982 τῷ
2398 3912 2623 3982 ὀνόματι
2652 3914 2744 3966 τοῦ
2777 3914 3008 3986 Κυρίου,
3043 3916 3137 3969 καὶ
3169 3917 3200 3986 η
3240 3917 3376 3988 εὐχὴ
3407 3917 3506 3985 τῆς
3539 3915 3784 3981 πίστεως

2208 4005 2368 4056 σώσει
2399 4005 2488 4055 τὸν
2519 4004 2816 4075 κάμνοντα,
2854 4007 2947 4060 καὶ
3008 4009 3198 4078 inps!
3251 4009 3415 4063 αὑτὸν
3459 4010 3487 4062 ὁ
3531 4008 3786 4076 Κύριος-

2205 4093 2307 4146 κᾶν
2341 4095 2615 4164 ἁμαρτίας
2751 4097 3091 4167 πεποιηκὼς,
3142 4100 3481 4170 ἀφεθήσεται
3539 4099 3710 4170 αὐτῷ.
3757 4120 3780 4152 ι

2205 4190 2296 4240 Δεῖ
2324 4189 2379 4241 δὲ
2402 4189 2497 4240 καὶ
2530 4190 2672 4258 ὑμᾶς
2699 4193 2982 4258 συνεργεῖν
3014 4195 3133 4254 ταῖς
3179 4193 3320 4262 ὑπὲρ
3355 4193 3509 4262 ὑμῶν
3562 4193 3783 4262 εὐχαῖς,

2203 4279 2271 4332 δι’
2309 4279 2667 4351 ἐπιστροφῆς,
2700 4280 2768 4333 δι’
2827 4283 3253 4351 ὲξαγορεύσεως,
3287 4282 3355 4336 δι’
3379 4283 3784 4354 ἐλεημοσύνης,

522 4391 623 4428 tua:
659 4383 712 4427 et
742 4369 990 4440 corporis
1022 4365 1234 4420 liberati
1265 4364 1353 4416 hic
1382 4363 1435 4414 in
1472 4359 1875 4432 tranquillitate
1906 4363 2094 4414 viven-

2203 4368 2289 4421 ὃιά
2317 4369 2424 4422 τῶν
2481 4369 2656 4424 ἄλλων
2699 4372 2874 4440 ἔργων
2919 4371 3016 4441 τῆς
3085 4374 3406 4442 μετανοίας·
3462 4373 3597 4427 πολὺ
3657 4371 3779 4446 γάρ

523 4477 604 4521 tes
653 4465 884 4520 feliciter
939 4457 1222 4530 praesentis
1258 4455 1381 4509 vita:
1416 4455 1650 4523 spatium
1687 4467 2095 4522 percurramus.

523 4574 708 4634 postea
731 4569 937 4615 statuto
955 4567 1198 4623 tempore
1219 4551 1511 4621 participes
1534 4548 1835 4602 clliciamur
1854 4560 2093 4613 :cternae,

521 4661 696 4711 beatae
733 4661 789 4708 et
831 4646 1268 4717 iucorruptibilis
1320 4645 1485 4710 omni
1519 4641 1707 4697 dolore
1746 4653 1800 4696 et
1849 4655 2096 4694 atrunma

522 4759 747 4816 prorsus
777 4741 968 4796 alienae
993 4738 1136 4803 vitae,
1161 4735 1217 4790 in
1249 4734 1370 4805 ipso
1400 4731 1527 4787 Jesu
1555 4729 1774 4786 Clu-isto
1804 4730 2015 4784 medico
2041 4739 2096 4784 et

524 4843 633 4895 Deo
657 4837 965 4892 animarum
996 4841 1404 4902 corporumque
1451 4834 1760 4879 nostrorum
1787 4861 1803 4886 ,
1841 4824 1929 4879 cui
1972 4838 2093 4877 cum

523 4935 681 4987 l’atre
705 4939 759 4984 et
785 4934 975 4983 sancto
1009 4924 1215 4996 Spiritu
1245 4923 1414 4992 gloria
1445 4920 1497 4972 iu
1525 4917 1723 4973 saacula
1747 4916 2092 4972 saeculorum.

522 5028 714 5077 Amen.

2203 4462 2380 4537 ίσχύει
2409 4463 2596 4532 δέησις
2625 4463 2836 4517 δικαίου
2862 4465 3254 4537 ἐνεργουμένη.
3290 4467 3508 4522 Γένοιτο
3535 4466 3593 4520 δὲ
3623 4468 3783 4537 ἡμᾶς

2201 4555 2428 4620 πάντας,
2459 4556 2682 4609 καὶτῶν
2710 4558 2808 4627 τῆς
2844 4558 3022 4629 ψυχῆς
3058 4561 3151 4613 καὶ
3213 4562 3323 4613 τῶν
3376 4559 3470 4614 τοῦ
3524 4559 3785 4630 σώματος

2199 4644 2608 4714 ἀπαλλαγέντας
2671 4647 2880 4723 δεινῶν,
2928 4648 3026 4703 νῦν
3084 4648 3184 4720 μὲν
3237 4651 3294 4702 ιν
3373 4648 3788 4721 μετριοπαθείᾳ

2200 4740 2472 4810 βιοῦντας.
2520 4744 2779 4816 εὐμαρῶς
2843 4745 3092 4800 διανῦσαι
3125 4746 3186 4800 τδ
3215 4746 3492 4818 διάστημα
3545 4749 3642 4817 τῆς
3671 4764 3787 4799 πα-

2205 4832 2406 4903 ρούσης
2445 4836 2624 4905 ζωῆςο
2689 4837 3054 4902 διανύσαντας
3111 4839 3169 4893 δὲ
3218 4837 3399 4907 τοῦτο,
3445 4839 3783 4910 μεταλαχών

2207 4927 2350 4978 κατὰ
2377 4930 2566 4997 καιρὸν
2594 4929 2685 4981 καὶ
2716 4930 2814 4998 τῆς
2832 4931 3054 4985 αἰωνίου
3081 4933 3178 4987 καὶ
3208 4933 3486 5005 μακαρίας
3515 4933 3612 4986 καὶ
3635 4935 3790 5001 ἀκτι-

2211 5019 2376 5086 ράτου
2412 5019 2579 5089 ζωῆς,
2611 5023 2702 5072 καὶ
2757 5022 2976 5086 τελείως
3006 5024 3250 5090 ἀπαθοῦς
3303 5025 3400 5079 καὶ
3463 5026 3656 5095 ἀπημο
3688 5041 3781 5089 ος,

525 5125 581 5174 ὲν
605 5109 750 5187 αὐτῷ
774 5113 995 5187 Χριστῷ
1029 5112 1104 5181 τῷ
1135 5110 1308 5180 ἰατρῷ
1340 5109 1431 5162 καὶ
1474 5105 1593 5175 Θεῷ
1623 5107 1730 5160 τῶν
1762 5107 1949 5179 ψυχῶν
2005 5110 2095 5161 καὶ
2134 5110 2244 5164 τῶν
2273 5114 2543 5184 σωμάτων
2584 5117 2776 5186 ὴμῶν⁹
2840 5119 2958 5188 μεθ’
3012 5118 3070 5174 οῦ
3130 5119 3207 5191 τῷ
3265 5121 3444 5194 Πατρὶ
3491 5120 3616 5189 δόξα
3669 5121 3780 5176 σὺν

526 5213 660 5283 ἁγίῳ
689 5208 986 5279 Πνεύμιτι,
1013 5205 1090 5268 εί,
1113 5203 1237 5265 τοὺς
1269 5201 1496 5262 αἰῶνας.
1539 5201 1737 5269 Ἀμήν.

613 5396 654 5427 ⁸⁸
685 5395 746 5452 ιγ
773 5392 911 5464 Reg.
945 5409 982 5457 t,
1026 5389 1080 5444 3.
1158 5387 1202 5418 ⁸¹
1241 5383 1362 5442 Jac.
1397 5403 1448 5453 ι’,
1484 5389 1567 5454 ll,
1601 5387 1686 5441 l5.

4051 0 4065 206 Α
