4078 6216
238 323 335 388 401

795 439 1058 495 ὈΜΙΛῘΑ
1095 439 1219 494 AB'.

230 557 341 612 Τοῦ
361 555 553 628 αὑτοῦ
601 556 795 628 ὁμιλία
818 560 907 625 εις
942 559 1007 613 τὸ
1042 559 1196 614 κατὰ
1218 559 1326 612 τὸν·
1353 557 1807 628 εὐαπελιστήν

293 627 604 700 Ματθαῒσν
627 627 740 695 τῆς
768 630 1027 697 Maiam:
1061 630 1364 700 Κυριακῆς
1393 627 1804 700 summer

292 699 365 752 ἐν
395 699 436 767 ᾗ
464 698 564 754 καὶ
597 700 733 768 περὶ
773 703 1144 771 πειρασμῶν.

307 813 568 879 Ἰάκωὸος
591 817 621 870 δ
644 816 986 888 άδελφόθεος,
1027 835 1049 870 ι
1083 819 1272 872 Πᾶσαν
1341 821 1524 890 χαράν
1582 820 1804 890 ἡγήσα-

224 906 342 969 σοε,
362 907 552 976 φησὶν,
575 907 708 961 ὅταν
736 910 1070 980 πειρασμοῖς
1093 911 1433 981 περιπέσητε
1458 912 1748 973 ποικίλοις.
1777 931 1798 963 ι

223 999 337 1050 Οὐκ
383 994 541 1052 εἶπεν
587 999 797 1064 ἁπλῶς,
857 1001 1118 1075 Χαίρετε,
1176 1004 1338 1070 ἀλλὰ,
1381 1005 1571 1058 Πᾶσαν
1624 1004 1805 1075 χαρὰν

223 1087 528 1154 ἡγήσασθε,
552 1089 741 1161 φησὶν,
771 1090 871 1144 οὐκ
899 1078 1326 1162 ἀνεπαισθήτως
1360 1093 1507 1164 ἔχειν
1538 1095 1678 1166 πρὸς
1729 1094 1800 1148 τὰ

210 1182 239 1267 ι
251 1179 471 1235 πώδυνα
496 1183 781 1250 παραινῶν
803 1200 818 1215 ο
843 1183 1005 1238 τοῦτο
1037 1186 1147 1256 γάρ
1176 1187 1461 1249 ἀδύνατον,
1530 1189 1647 1242 ἀλλ’
1674 1189 1800 1242 ἑπι-

218 1273 584 1344 κριτέστερον
611 1275 754 1348 ἔχειν
782 1278 1181 1348 εἰσηγούμενος
1212 1279 1308 1333 τὸν
1365 1279 1660 1352 θεάρεστον
1709 1282 1801 1336 λο-

216 1363 441 1432 γισμόν.
482 1365 670 1418 Πάσαν
723 1366 780 1419 δὲ
843 1362 966 1420 εἷπε
1003 1369 1201 1438 χαρὰν,
1249 1368 1500 1423 τουτέστι
1558 1371 1799 1433 τελείαν,

218 1450 512 1520 μεγίστην,
537 1453 822 1525 ἀνελλιπῆ,
850 1459 946 1509 καὶ
978 1457 1198 1526 μάλισθ’
1227 1460 1358 1512 ὅταν
1408 1461 1458 1513 of
1497 1461 1802 1533 πειρασμοὶ

213 1542 520 1605 πολυειδεῖς
549 1534 684 1597 ὦσιο
721 1545 899 1610 stari;
933 1545 1061 1602 Ὀτι
1085 1549 1173 1603 διά
1204 1550 1305 1619 τῆς
1343 1550 1454 1604 τῶν
1477 1552 1802 1624 πειρασμῶν

211 1633 503 1704 ὑπομονῆς
527 1637 944 1707 γυμναζόμεθα,
977 1642 1074 1696 καὶ
1103 1641 1470 1714 δοκιμώτεροι
1529 1643 1802 1716 γινόμεθα

211 1726 280 1776 τὶ
310 1725 454 1794 πρὸς
477 1727 571 1780 τὸν
607 1727 761 1784 Θεόν.
796 1730 908 1784 Καὶ
928 1731 990 1785 ού
1023 1732 1184 1788 τοῦτο
1245 1735 1439 1806 μόνον,
1495 1736 1636 1792 ἀλλὰ
1699 1739 1800 1792 καὶ

1582 305 1912 377 HOMlLfA
1959 317 2205 381 XXX”.

1826 1776 1876 1836 B

3382 299 3485 371 562

2422 431 2712 490 HOMILIA
2743 428 2963 486 XXXII.

1910 552 2166 624 Ejusdem
2203 549 2505 624 homifiojn
2546 542 2892 624 Evangelium
2923 540 3215 624 undeeimw
3245 540 3492 624 ρεπιιῃὶ-

1978 641 2066 748 ειιὶ
2087 613 2767 681 εεειιηάιιηι’ΜαιιΙιιειιιιὶ;
2805 617 2863 671 in
2890 631 2998 687 qua
3036 621 3087 668 et
3124 614 3190 667 de
3239 613 3490 666 nutatio-

1980 712 2033 748 ιιι
2073 712 2155 748 us.

1980 712 2155 752 ηιυυε.

1977 806 2212 862 Iacobus
2247 805 2415 860 frater
2439 803 2652 858 Domini
2689 802 2803 857 ait:
2832 818 2850 853 ι
2882 798 3056 855 Omne
3087 797 3344 870 gaudium
3369 795 3488 850 exi-

1905 899 2144 960 stimate.
2189 913 2314 953 cum
2365 898 2419 951 in
2459 895 2795 952 tentationes
2822 891 3005 948 varias
3055 889 3357 945 incideritis
3381 888 3483 944 ³⁸.»

1905 993 2023 1051 Non
2059 993 2233 1049 solum
2279 991 2411 1046 dicit
2448 1007 2463 1044 :
2505 988 2771 1048 Gaudete.
2822 986 2920 1041 sed
2973 1002 2995 1037 ι
3029 997 3193 1040 οιιιιιο
3228 980 3486 1053 gaudium

1904 1087 2246 1152 existimate;
2284 1105 2302 1137 ι
2329 1099 2438 1138 ιιοιι
2462 1081 2760 1136 exhortans
2792 1093 2894 1135 nos
2927 1077 2992 1132 ad
3014 1092 3120 1133 non
3141 1074 3487 1132 sentiendum

1904 1180 2146 1236 dolorem
2175 1193 2190 1244 ;
2229 1178 2335 1232 hoc
2359 1174 2503 1230 enim
2534 1171 2874 1244 impossibile
2898 1178 2982 1225 est
3005 1212 3020 1234 ,
3051 1169 3145 1226 sed
3173 1166 3491 1238 superiores

1907 1289 2007 1330 nos
2050 1270 2309 1326 exhibere
2351 1267 2811 1339 iucundissimum
2847 1278 2968 1319 esse.
3011 1263 3124 1318 Deo
3162 1261 3489 1330 obsequium

1903 1366 2224 1418 ostendens.
2258 1364 2428 1418 Omne
2467 1361 2605 1416 dixit
2637 1359 2925 1426 gaudium,
2954 1355 3006 1410 id
3034 1362 3120 1409 est
3148 1353 3488 1424 perfectum,

1905 1458 2230 1523 maximum,
2250 1455 2550 1520 infinitum,
2577 1452 2882 1523 przesertim
2910 1449 2957 1504 si
2986 1450 3150 1503 variat
3174 1446 3286 1504 sint
3313 1456 3492 1501 tenta-

1901 1554 2104 1607 tiones.
2166 1550 2396 1618 Quare?
2456 1548 2601 1616 Quia
2654 1562 2756 1617 per
2823 1544 3162 1599 tolerantiam
3234 1539 3494 1596 tentatio-

1901 1662 2032 1701 nnm
2083 1658 2409 1701 exercemur
2463 1649 2518 1698 et
2571 1639 2747 1709 magis
2793 1635 3010 1707 probati
3064 1633 3333 1689 efﬁcimur
3361 1644 3491 1700 erga

1903 1739 2096 1795 Deum.
2122 1738 2186 1792 Et
2215 1744 2476 1807 prteterea
2500 1732 2669 1804 magis
2690 1729 3076 1802 cognoscimur
3105 1727 3158 1781 in
3188 1723 3493 1780 tentatione

210 1816 484 1891 γνώριμοι
507 1821 739 1876 τοιοῦτοι
764 1823 917 1888 ὄντες
938 1842 952 1857 ο
975 1823 1119 1881 οὕτω
1146 1827 1258 1900 γάρ
1283 1830 1384 1883 καὶ
1432 1831 1467 1900 ή
1497 1830 1591 1885 τοῦ
1629 1833 1793 1886 Σολο-

1903 1830 2134 1894 versati;
2157 1827 2293 1882 dixit
2324 1826 2471 1880 enim
2492 1823 2560 1879 de
2593 1822 2798 1878 sanctis
2821 1819 3092 1890 sapientia
3123 1813 3439 1870 Salomonis
3473 1828 3490 1867 :

213 1909 430 1979 μῶντος
461 1911 626 1984 σοφία
658 1916 787 1986 περὶ
814 1917 924 1970 τῶν
948 1919 1121 1988 ἁγίων
1173 1922 1340 1992 φησίν
1362 1939 1377 1953 ·
1415 1942 1433 1974 ι
1477 1924 1601 1979 ὀτι
1648 1926 1799 1980 ἐπεί-

213 2019 386 2073 ρπσεν
414 2003 621 2071 αὐτοὺς
643 2008 672 2061 ό
699 2007 855 2074 Θεὸς,
890 2009 986 2064 καὶ
1014 2003 1176 2083 εὗρεν
1199 2012 1403 2079 αὐτοὺς
1437 2014 1621 2081 ἀξίους
1669 2017 1803 2072 ἑαυ-

209 2096 330 2153 τοῦ.
366 2117 390 2150 s
428 2093 559 2184 _'Ap'
589 2102 652 2154 ού
687 2101 870 2174 πάσης
891 2107 1068 2179 χαρᾶς
1092 2105 1246 2171 άξιος
1293 2108 1479 2174 αὐτοῖς
1504 2112 1533 2165 ό
1601 2129 1800 2184 πειρα-

213 2192 353 2260 σμὸς
378 2182 536 2256 οὗτος
562 2209 578 2258 ;
613 2193 786 2250 Τοῦτο
817 2199 912 2251 καὶ
936 2201 962 2252 ὁ
985 2198 1116 2263 Θεὸς
1141 2202 1279 2271 πρὸς
1297 2202 1390 2255 τὸν
1429 2202 1554 2256 Ἰὼϐ
1599 2182 1800 2272 είπῶν,

209 2284 535 2354 ἀπήλλαξεν
579 2288 743 2341 αὐτὸν
790 2291 888 2360 τῆς
945 2293 1037 2347 ἐπὶ
1092 2293 1170 2363 τῷ
1223 2295 1522 2367 πειρασμῷ
1578 2297 1797 2369 λύπηςο

215 2395 235 2426 ι
271 2378 394 2431 Οἴει
435 2395 524 2446 με,
567 2377 762 2448 λέγων,
786 2381 965 2446 άλλως
998 2401 1081 2437 σοι
1117 2390 1616 2459 κεχρηματικέναι,
1650 2390 1799 2462 ῆῖνα

210 2468 499 2540 ἀναφανῇς
530 2470 738 2536 δίκαιος
768 2489 782 2536 ;
822 2492 843 2524 ι
882 2476 949 2526 Τί
974 2475 1135 2530 τοῦτο
1170 2478 1345 2547 λέγων
1397 2480 1536 2552 πρὸς
1582 2483 1791 2552 αὑτόν;

209 2561 542 2634 ιχρησάμην
574 2581 678 2630 σοι,
712 2567 1022 2636 δοκιμάζων
1055 2587 1147 2625 σου
1171 2571 1331 2644 179
1354 2573 1453 2641 τὴν
1479 2577 1558 2638 είς
1583 2577 1682 2646 ἐμὲ
1707 2576 1804 2631 πί-

209 2671 352 2719 στιν,
382 2658 444 2709 ὲν
473 2658 657 2731 εὐεξίᾳ
688 2660 785 2714 καὶ
814 2661 1026 2736 εὐδοξίᾳ
1058 2664 1153 2717 καὶ
1170 2665 1400 2737 εὐπορίᾳ
1417 2667 1512 2721 καὶ
1526 2669 1801 2739 ἀνεφάνης

205 2746 444 2816 δίκαιος,
501 2750 782 2822 χρώμενος
837 2755 1022 2820 αὐτοῖς
1085 2757 1226 2811 κατὰ
1278 2761 1340 2813 τὸ
1375 2761 1512 2830 ἐμὸν
1561 2762 1802 2833 θέλημα,

210 2839 309 2894 τοῦ
358 2841 555 2897 σταῦτά
625 2860 708 2898 σοι
763 2848 1166 2920 παρασχόντος,
1227 2853 1325 2906 καὶ
1352 2853 1427 2916 ὡς
1453 2855 1619 2916 αὐτὸς
1644 2857 1802 2911 £690-

205 2936 409 3009 λόμην,
461 2939 638 2996 ταῦτα
688 2942 963 3015 διαφόρων
1019 2947 1113 2999 καὶ
1166 2948 1420 3003 διοικῶν
1478 2950 1806 3023 ἐχρησάμην

209 3046 311 3095 σοι,
337 3033 657 3102 δοκιμάζων
702 3053 795 3090 σου
850 3037 951 3107 τὴν
994 3039 1078 3104 είς
1117 3039 1218 3111 ἐμὲ
1247 3043 1453 3109 πίστιν,
1483 3044 1805 3121 ἐν’καχεξίᾳ

1905 1943 1926 1977 ι
1949 1922 2218 1989 Quoniam
2249 1919 2392 1975 Deus
2423 1916 2648 1972 tentavit
2675 1914 2819 1980 illos,
2837 1922 2891 1968 et
2916 1908 3268 1964 invenitillos
3299 1905 3492 1974 dignos

1899 2031 1959 2073 se
1985 2013 2088 2070 ⁸⁵.»
2115 2011 2306 2067 Nonne
2333 2023 2466 2080 ergo
2499 2007 2682 2062 omnis
2712 2002 2894 2075 gaudii
2919 2002 2998 2056 eis
3031 2000 3130 2053 fuit
3174 1998 3333 2069 digna
3369 1994 3493 2050 talis

1899 2108 2167 2167 tentatio?
2198 2106 2313 2160 Hoc
2337 2104 2482 2158 idem
2512 2101 2705 2156 dicens
2729 2098 2875 2153 Deus
2901 2094 2966 2149 ad
2994 2091 3099 2148 Job
3125 2106 3254 2148 eum
3287 2089 3495 2144 libera—

1902 2201 1978 2255 vit
2012 2216 2040 2254 a
2074 2196 2302 2254 tristitia
2336 2209 2404 2250 ex
2438 2187 2748 2248 tentatione
2790 2195 2933 2243 orta.
2983 2186 3152 2240 Putas
3188 2197 3275 2237 me
3307 2191 3491 2236 tecum

1901 2295 2060 2349 aliter
2107 2291 2285 2362 egisse
2331 2302 2497 2356 quam
2552 2292 2610 2338 ut
2654 2275 3024 2350 iustificeris?
3063 2277 3206 2344 Quid
3251 2275 3391 2331 dixit
3420 2274 3490 2329 ad

1900 2403 2028 2444 eum
2070 2381 2378 2441 Dominus?
2405 2379 2528 2434 Tibi
2561 2375 2745 2449 profui
2775 2374 3156 2436 innotescens,
3188 2368 3492 2426 ostendens

1904 2483 2061 2537 fidem
2089 2487 2238 2532 tuam
2269 2473 2325 2528 in
2360 2487 2466 2536 me,
2512 2470 2568 2524 in
2597 2467 2874 2539 prosperis
2897 2466 3083 2530 rebus,
3110 2463 3166 2517 in
3189 2460 3360 2532 gloria
3383 2501 3401 2527 ,
3431 2459 3488 2512 in

1904 2575 2119 2629 fortuna
2142 2565 2406 2628 secunda.
2425 2574 2480 2621 et
2495 2559 2995 2633 apparuistijustus
3024 2553 3288 2610 utensbis
3317 2551 3490 2607 rebus

1898 2668 2052 2739 juxta
2092 2676 2270 2717 meam
2298 2659 2637 2712 voluntatem
2677 2651 2806 2706 talia
2839 2649 2939 2705 tibi
2987 2647 3383 2705 concedentem
3431 2653 3486 2698 et

1903 2750 2658 2832 quandovolui,auferentem
2682 2759 2734 2803 et
2760 2746 3158 2816 dispergentem
3210 2758 3243 2798 a
3286 2739 3488 2796 ιο.Τίϋί

1905 2850 2086 2923 profui
2118 2849 2416 2905 ostendens
2447 2853 2593 2899 tuam
2623 2839 2879 2897 fiduciam
2915 2837 2969 2892 in
3001 2852 3108 2903 me,
3138 2837 3190 2889 in
3215 2832 3487 2900 adversis.

1905 2946 1960 3002 in
1999 2941 2298 3016 Opprobrio
2323 2939 2381 2994 in
2415 2937 2634 2992 fortuna
2667 2933 2831 2998 mala,
2868 2941 2924 2986 et
2952 2929 3257 3002 apparuisti
3300 2927 3489 2997 justus

1904 3044 2100 3099 dicens
2131 3051 2148 3098 :
2183 3055 2204 3090 ι
2238 3035 2298 3091 Si
2332 3034 2476 3090 bona
2500 3029 2851 3100 suscepimus
2881 3024 2948 3080 de
2982 3038 3146 3079 manu
3182 3023 3272 3076 Dei
3295 3062 3312 3086 .
3345 3021 3488 3077 mala

207 3125 303 3175 καὶ
359 3126 576 3198 ἀδοξίᾳ,
625 3129 726 3182 καὶ
778 3129 1004 3205 ἀπορίᾳ,
1064 3134 1164 3188 καὶ
1209 3135 1488 3207 ἀνεφάνης
1546 3141 1798 3210 δίκαιοις,

1907 3150 2080 3207 quare
2105 3147 2215 3188 non
2243 3127 2616 3198 suscipiamus
2645 3123 2735 3176 "1
2770 3139 2792 3175 ι

204 3215 386 3286 λέγων
415 3238 432 3252 ο
468 3239 490 3272 ε
533 3221 595 3277 Et
623 3223 693 3278 τά
729 3225 908 3294 ἀγαθὰ
967 3226 1264 3302 ἐδεξάμεθα
1291 3231 1355 3286 ὲκ
1376 3234 1556 3306 χειρὸς
1583 3237 1815 3308 Κυρίου,
1844 3235 1912 3290 τὰ
1968 3229 2118 3286 κακὰ
2139 3227 2237 3297 οὐχ
2282 3222 2614 3292 ὑποεσομενὲ
2651 3238 2672 3272 ’

281 3315 464 3369 Πόθεν
485 3315 582 3370 οὖν
612 3318 646 3386 ἠ
675 3320 732 3392 ιν
771 3322 886 3383 τοῖς
949 3325 1280 3394 πειρασμοῖς
1338 3325 1586 3398 ύπομονή
1617 3345 1633 3394 ς
1687 3329 1800 3383 άπὸ

206 3408 301 3462 τοῦ
331 3409 566 3478 δοκίμου
607 3411 705 3478 τῆς
729 3413 808 3475 εἷς
847 3413 983 3467 Θεὸν
1017 3414 1288 3482 πίστεως·
1348 3417 1491 3472 ὥστε
1550 3420 1798 3493 δοκίμιόν

205 3505 314 3556 stat
349 3503 465 3557 τῶν
486 3506 694 3558 πιστῶν
721 3506 773 3561 oi
803 3508 1128 3578 πειρασμοί.
1159 3511 1363 3583 Διόπερ
1403 3515 1431 3565 ὁ
1458 3513 1556 3567 τοῦ
1585 3515 1797 3588 Κυρίου

205 3594 446 3667 ἀδελφὸς
481 3595 732 3664 Ἰάκωσος
780 3600 993 3671 χαίρειν
1031 3602 1164 3672 ἡμῖν
1205 3604 1602 3676 παραγγείλας,
1667 3609 1798 3663 ὅταν

207 3692 549 3764 πειρασμοῖς
577 3684 990 3766 περιπέσωμεν,
1022 3696 1304 3768 ἐπήγαγεν
1328 3699 1413 3752 ὅτι
1431 3714 1448 3731 ο
1494 3719 1513 3752 ι
1549 3701 1624 3755 Τὸ
1649 3702 1800 3757 δοκί-

208 3804 335 3853 μιον
369 3786 531 3852 ὑμῶν
560 3786 659 3856 τῆς
691 3787 932 3853 πίστεως
976 3790 1378 3863 κατεργάζεται
1401 3794 1687 3865 ὑπομονήν
1711 3811 1726 3826 ο
1758 3797 1793 3866 ἡ

202 3879 260 3931 δὲ
289 3878 571 3949 ὑπομονὴ,
603 3882 790 3952 φησὶν,
821 3881 985 3954 ἔργον
1019 3882 1223 3938 τέλειον
1267 3886 1462 3957 ἐχέτω.
1497 3905 1518 3939 ι
1587 3887 1794 3958 Μηδὲν,

203 3976 365 4045 φησι,
393 3973 508 4028 τῶν
535 3973 713 4046 ἔργων
745 3993 826 4028 σοι
855 3975 954 4046 τῆς
990 3976 1196 4048 ἀρετῆς
1247 3977 1580 4051 κολοϐὡσῃς,
1635 3981 1793 4033 ἐπεν-

202 4065 484 4134 εχθέντων
533 4065 643 4117 τῶν
677 4066 1001 4135 πειρασμῶν
1044 4068 1424 4135 μαλακισθεὶς,
1461 4068 1599 4122 ἀλλὰ
1659 4070 1797 4141 μετὰ

201 4157 306 4227 τῆς
340 4157 630 4228 ὑπομονῆς
678 4160 773 4212 καὶ
807 4161 840 4228 ἡ
884 4160 1162 4228 τελειότης
1216 4162 1502 4232 προσέστω
1552 4162 1641 4216 σοι
1695 4163 1795 4228 τῆς

201 4253 436 4323 ἀρετῆς.
473 4251 625 4306 Ἐπεὶ
650 4252 709 4305 δὲ
745 4255 840 4306 καὶ
871 4252 958 4306 διὰ
991 4253 1099 4306 τῶν
1125 4255 1399 4307 ἀκουσίων
1433 4256 1594 4324 μόνον
1620 4256 1682 4310 ού
1712 4275 1801 4311 τε-

197 4343 452 4397 λειοῦται
479 4345 510 4398 ό
541 4342 848 4414 ἄνθρωπος,
909 4341 1046 4396 ἀλλὰ
1101 4343 1205 4414 χρὴ
1242 4347 1526 4414 προσεῖναι
1573 4344 1669 4397 καὶ
1729 4346 1797 4398 τὰ

1975 3322 2130 3379 Unde
2159 3335 2293 3390 ergo
2331 3318 2385 3372 in
2437 3311 2840 3371 tentationibus
2866 3310 3172 3381 patientia?
3200 3309 3274 3363 Ex
3305 3307 3487 3364 mani-

1898 3415 2200 3473 festatioue
2233 3409 2354 3464 fidei
2388 3408 2443 3462 in
2469 3404 2665 3471 Deum,
2695 3404 2768 3457 ita
2803 3410 2932 3456 sunt
2964 3400 3216 3471 probatio
3244 3398 3485 3454 fidelium

1897 3507 2249 3564 tentationes.
2281 3502 2412 3559 Ideo
2436 3514 2563 3555 cum
2599 3497 2772 3551 frater
2826 3492 3045 3550 Domini
3096 3492 3333 3549 Iacobus
3383 3508 3487 3547 nos

1896 3601 2147 3656 hortatus
2173 3602 2316 3652 esset
2345 3594 2413 3649 ad
2439 3591 2725 3663 gaudium,
2749 3604 2872 3644 cum
2900 3589 2954 3643 in
2984 3587 3314 3643 tentationes
3348 3586 3489 3641 inri-

1900 3692 2162 3756 deritnus,
2197 3687 2408 3745 addidit
2441 3701 2457 3739 :
2503 3702 2522 3736 ι
2557 3682 2813 3738 Probatio
2847 3681 2968 3737 fidei
3023 3689 3220 3736 vestra;
3278 3679 3488 3749 patiam

1899 3788 2034 3844 tiam
2083 3792 2385 3855 Operatur;
2433 3773 2698 3851 patientia
2751 3786 2935 3831 autem
2993 3790 3132 3845 opus
3181 3779 3482 3844 perlectum

1899 3880 2084 3935 habet.
2113 3895 2133 3929 ι
2157 3873 2300 3941 Non,
2330 3870 2527 3943 inquit,
2556 3884 2721 3940 opera
2743 3867 2964 3921 virtutis
2996 3867 3229 3920 infirmat
3253 3865 3364 3920 sint
3387 3867 3484 3919 tibi

1898 3973 2043 4030 male
2090 3968 2289 4026 ferenti
2342 3965 2410 4021 ad
2464 3975 2516 4020 te
2571 3963 2766 4018 missas
2806 3960 3163 4026 tentationes,
3217 3959 3310 4014 sed
3358 3975 3482 4015 cum

1895 4068 2155 4142 patientia
2182 4064 2326 4120 adsit
2361 4063 2461 4119 tibi
2491 4062 2716 4116 virtutis
2756 4057 3182 4113 consummatio.
3216 4056 3352 4124 Quia
3392 4055 3488 4109 bo—

1895 4180 1984 4218 mo
2015 4177 2109 4233 per
2144 4157 2508 4214 involontaria
2542 4173 2649 4210 non
2682 4153 2988 4225 perficitur,
3018 4151 3114 4207 sed
3172 4149 3485 4205 necessario

1895 4256 1960 4309 ad
1993 4251 2301 4307 voluntaria
2335 4249 2619 4305 ducendus
2644 4257 2751 4315 est,
2786 4262 2907 4317 quas
2938 4255 3068 4301 sunt
3100 4241 3311 4318 iustitia
3341 4283 3358 4308 ,
3392 4259 3487 4298 sa-

1897 4347 2116 4418 pientia,
2149 4344 2202 4399 in
2230 4341 2398 4397 Deum
2431 4349 2487 4396 et
2529 4341 2582 4395 in
2629 4341 2938 4410 proximum
2971 4340 3238 4402 cbaritas,
3271 4345 3328 4390 et
3360 4352 3482 4405 qua:

200 4437 460 4500 ἑκούσια,
497 4434 642 4507 ἅπερ
672 4435 791 4488 ἐστὶ
816 4434 1165 4506 σωφροσύνη,
1199 4434 1536 4506 δικαιοσύνη,
1571 4439 1709 4507 πρός
1735 4454 1794 4489 τε

1901 4440 2040 4494 hanc
2070 4435 2423 4498 comitantur,
2465 4433 2592 4503 quia
2621 4432 2708 4487 bis
2737 4432 3044 4501 indigemus
3077 4431 3142 4485 ad
3179 4428 3484 4498 perfectio-

197 4535 295 4584 τὸν
323 4529 464 4583 Θεὸν
485 4527 582 4580 καὶ
614 4529 750 4598 πρὸς
774 4527 1038 4599 ἀλλήλους
1060 4528 1273 4598 ἀγάπη,
1301 4531 1396 4584 καί
1442 4530 1514 4582 τὰ
1550 4530 1796 4600 ἑπόμενα

1903 4550 2057 4598 netu;
2087 4531 2208 4585 ideo
2229 4529 2294 4583 ad
2317 4545 2418 4584 nos
2445 4527 2695 4583 scribens
2722 4525 2942 4581 divinus
2973 4524 3124 4579 addit
3154 4522 3479 4594 Apostolus:

200 4623 384 4694 ταύτῃ
413 4639 425 4651 ·
459 4621 581 4675 ἐπεὶ
606 4619 702 4674 καὶ
729 4618 937 4674 τούτων
971 4622 1102 4689 ἡμῖν
1156 4622 1314 4692 χρεία
1353 4621 1489 4691 πρὸς
1549 4619 1649 4691 τὴν
1705 4637 1795 4672 τεο

203 4715 430 4768 λείωσιν
449 4729 465 4745 ο
488 4710 758 4777 διὰζτοῦτο
787 4711 1114 4782 προστίθησι
1144 4713 1282 4782 πρὸς
1311 4713 1456 4781 ἡμᾶς
1506 4712 1738 4782 γράφων
1769 4713 1797 4764 ὁ

202 4811 354 4871 θεῖος
381 4806 684 4868 ἀπόστολος
717 4798 872 4870 οὗτος
909 4821 971 4883 ἰ
1018 4805 1082 4858 Ἥ
1107 4805 1160 4859 δὲ
1209 4805 1455 4878 ὑπομονὴ
1502 4807 1664 4877 ἔργον
1711 4804 1799 4859 τέ·-

201 4901 353 4956 λειον
384 4901 580 4970 ἐχέτω,
614 4900 702 4952 ἵνα
727 4894 825 4970 ἦτε
857 4899 1053 4954 τέλειοι
1104 4900 1198 4953 καὶ
1231 4899 1537 4969 ὁλόκληροι,
1582 4900 1639 4949 ὲν
1686 4916 1796 4970 μη-

203 4997 319 5051 δενὶ
347 4994 672 5064 λειπόμενοι
707 5010 724 5024 '
761 5013 781 5047 ι
817 4995 977 5048 τοῦτο
1008 4994 1183 5062 λέγων
1209 4993 1491 5066 ἄντικρυς,
1527 4992 1604 5056 ὡς
1634 4994 1797 5061 εἴπερ

209 5085 476 5158 βούλεσθε
533 5086 633 5158 τὴν
683 5085 822 5154 πρὸς
877 5084 1010 5138 Θεὸν
1041 5084 1195 5155 ὑμῶν
1228 5086 1413 5140 πίστιν
1439 5085 1652 5138 τελείαν
1710 5085 1797 5134 ὲν-

205 5179 557 5247 δείκνυσθαι,
585 5179 660 5252 μὴ
697 5179 858 5249 μόνον
881 5177 1180 5250 πάσχοντες
1207 5178 1408 5245 ἔξωθεν
1447 5180 1640 5248 φέρετε
1672 5193 1798 5246 γεν-

212 5277 410 5341 ναίως,
437 5273 578 5328 ἀλλὰ
624 5276 719 5327 καὶ
749 5273 902 5327 αὐτοὶ
947 5271 1083 5344 παρ’
1129 5273 1338 5326 ἑαυτῶν
1393 5275 1460 5327 τὰ
1530 5271 1800 5343 θεάρεστα

210 5369 521 5439 ὲνεργιῖτε,
590 5364 696 5420 κᾶν
745 5365 978 5420 ἐπίπονα
1014 5362 1097 5440 ᾖ⁸
1155 5364 1476 5420 συνελθόντα
1516 5367 1624 5436 γὰρ
1681 5380 1781 5435 μετ

209 5459 466 5530 ἀλλήλων
517 5457 719 5529 πρᾶξις
777 5459 869 5512 καὶ
930 5458 1105 5522 πάθος
1151 5457 1239 5513 ἐπ’
1287 5457 1498 5528 ἀγαθῷ,
1531 5458 1622 5511 τὸν
1656 5458 1799 5512 κατὰ

211 5551 346 5603 Θεὸν
377 5548 684 5602 τελειοῦσιν
709 5547 1020 5620 ἄνθρωπον.
1072 5547 1198 5613 Πῶς
1228 5549 1284 5604 δὲ
1337 5548 1439 5602 οὐκ
1481 5544 1656 5614 εἶπεν,
1715 5549 1796 5602 ὅτι

214 5641 448 5713 Χαίρετε
481 5641 614 5695 ὅταν
663 5641 925 5713 ἑνεργῆτε
982 5641 1084 5711 τὴν
1121 5641 1344 5713 ἀρετὴν,
1393 5639 1512 5693 ἀλλ’
1553 5642 1682 5696 ὅταν
1740 5642 1798 5695 ἐν

283 5817 329 5850 ⁸⁸
357 5814 476 5877 Jac.
515 5832 552 5874 ι.
577 5814 634 5871 9..
723 5816 765 5849 ⁸⁸
803 5814 932 5889 Sap.
967 5833 1050 5882 ιιι,
1075 5817 1129 5870 '5.
1205 5814 1252 5852 ⁸³
1281 5812 1402 5868 Job.
1442 5831 1496 5871 ιι,
1537 5814 1618 5866 ια.

1909 4644 1928 4677 ι
1974 4624 2234 4679 Patientia
2263 4633 2443 4677 autem
2485 4636 2627 4691 Opus
2676 4617 2972 4689 perfectum
3014 4617 3235 4682 habeat,
3270 4624 3329 4671 ut
3362 4616 3485 4671 sitis

1904 4716 2128 4787 perfecti
2160 4725 2213 4770 et
2241 4715 2461 4784 integri.
2484 4712 2718 4766 in-nullo
2747 4708 3116 4774 deficientes,»
3152 4709 3255 4764 hoc
3276 4709 3484 4764 directe

1904 4809 2195 4863 ostendens
2220 4806 2365 4875 quod
2388 4806 2432 4860 si
2459 4803 2621 4859 fidem
2651 4810 2884 4858 vestram
2919 4801 2972 4854 in
2998 4800 3165 4855 Deum
3191 4800 3484 4855 ostendere

1907 4901 2080 4958 velitis
2112 4899 2409 4971 perfectam
2439 4941 2452 4963 ,
2491 4915 2597 4954 non
2628 4897 2879 4954 sufficere
2913 4896 2958 4952 si
3004 4894 3222 4950 fortiter
3251 4907 3482 4948 externo

1903 4993 2058 5048 vobis
2088 4991 2438 5046 adversantia
2468 4989 2768 5054 sufferatis,
2816 4986 2910 5042 sed
2963 4998 3218 5057 oportere
3260 4993 3321 5039 ut
3378 4987 3480 5055 ipsi

1902 5085 2062 5139 vobis
2094 5099 2263 5154 opera
2295 5081 2404 5137 Deo
2449 5091 2604 5151 grata
2655 5079 2968 5149 imponatis,
3022 5079 3122 5133 etsi
3157 5079 3479 5148 gravissima

1902 5179 2049 5243 sint;
2081 5175 2333 5246 operatio
2363 5174 2534 5245 simul
2563 5184 2615 5228 et
2641 5172 2823 5244 passio
2860 5173 2915 5226 in
2949 5173 3152 5227 bonum
3189 5187 3318 5226 cum
3361 5170 3482 5225 aliis

1897 5272 2102 5341 junctae
2156 5268 2439 5324 hominem
2483 5266 2780 5337 perfectum
2824 5265 3127 5319 secundum
3179 5264 3346 5319 Deum
3403 5263 3483 5316 fa-

1903 5367 2077 5421 ciunt.
2109 5363 2219 5419 Cur
2249 5377 2380 5435 ergo
2413 5379 2522 5417 non
2555 5361 2693 5416 dixit
2723 5361 3059 5429 Apostolus:
3084 5358 3328 5414 Gaudete
3356 5373 3478 5413 eum

1903 5459 2107 5517 bonum
2140 5455 2442 5529 operamini
2465 5457 2556 5513 sed
2578 5470 2731 5510 «eum
2757 5456 2812 5509 in
2842 5452 3237 5509 tcntationibus
3268 5451 3406 5506 estis
3422 5453 3471 5504 τι

1905 5551 2045 5619 Quia
2068 5553 2325 5608 virtutem
2356 5551 2568 5622 operari
2604 5567 2668 5606 ex
2703 5550 2859 5606 nobis
2891 5551 3091 5620 pendet
3119 5557 3173 5602 et
3202 5547 3253 5600 in
3292 5554 3491 5600 nostra.

1907 5653 2175 5716 potestate
2215 5644 2377 5700 situm
2413 5651 2528 5709 est;
2555 5642 2608 5696 in
2658 5641 2988 5698 tentationes
3025 5650 3204 5695 autent
3243 5637 3482 5694 incidere
