4070 6210
380 305 479 370 ιη

1683 300 2011 359 HOMILIA
2056 301 2349 362 XXXI”-

3526 308 3631 380 ιιε

378 421 600 487 γοῦντος
626 419 683 471 ἐν
714 420 867 489 ἡμῖν,
899 418 1146 490 ἁμαρτία
1179 418 1287 471 πᾶν
1310 417 1369 469 τὸ
1401 415 1528 484 παρ’
1553 416 1711 485 ἡμῶν
1733 416 1939 485 γινόμε·

2056 416 2197 482 quod
2251 431 2278 468 a
2353 414 2511 473 nobis
2550 416 2801 474 emt-itur.
2866 418 2993 476 Ideo
3059 420 3324 477 Dominus
3387 422 3523 479 dixit
3577 428 3631 481 in

381 528 487 564 νον.
524 511 615 563 Διὸ
646 513 737 562 καὶ
768 513 797 564 ὁ
824 512 1027 581 Κύριος
1060 513 1117 563 ἐν
1149 511 1225 580 τῷ
1259 508 1574 579 Εὐαγγε).ίῳ
1605 510 1789 577 φησὶν,
1826 510 1907 560 ὅτι
1934 523 1949 537 ⁸

390 622 409 655 ε
445 605 629 675 Χωρὶς
657 602 792 673 ὲμοῦ
824 606 883 655 ού
916 602 1145 657 δύνασθε
1172 605 1345 656 ποιεῖν
1381 602 1557 655 οὐδεν.
1594 621 1611 652 ›
1648 601 1759 653 Καὶ
1793 601 1951 653 τοῦτο

380 691 739 761 γινώσκοντες
774 698 822 747 οί
846 696 923 759 ὼς
956 694 1169 765 ἀληθῶς
1198 692 1559 763 ἐργαζόμενοι
1595 696 1695 755 τὰς
1728 693 1950 762 ἀρετὰς,

378 787 466 838 ἐπ’
491 786 665 838 οὐδενὶ
695 786 1016 858 ἐπαίρονται
1050 786 1463 856 κατορθώματι,
1489 784 1625 837 ἀλλά
1657 783 1949 837 ταπεινού-

381 895 534 947 μενοι
583 879 991 943 δοξάζουσιτὸν
1026 878 1183 938 Θεὸν.
1212 879 1311 949 τὴν
1356 877 1539 948 πηγὴν
1570 877 1679 929 τῶν
1718 877 1951 947 ἀρετῶν,

376 972 435 1035 ἐξ
471 967 534 1043 ἧς
582 973 964 1040 ἀγαθοδότιδος
1006 971 1184 1040 αὐγῆς
1240 970 1600 1041 πληροῦνται.
1658 970 1749 1032 Ὠς
1789 972 1895 1038 γὰρ
1925 970 1953 1021 ὸ

378 1065 487 1134 ἀὴρ
519 1065 575 1129 ἐξ
610 1066 762 1135 ἡλίου
804 1064 1183 1136 πληρούμενος
1221 1065 1423 1133 φωτὸς,
1471 1062 1532 1114 ού
1587 1062 1684 1132 τὴν
1731 1062 1949 1126 ἑαυτοῦ,

377 1158 518 1211 ἀλλά
540 1160 639 1226 τὴν
666 1158 821 1229 ἡλίου
850 1158 1008 1223 δόξαν
1039 1176 1098 1211 τε
1139 1158 1236 1213 καὶ
1275 1156 1640 1226 λαμπρότητα
1680 1155 1953 1207 δείκνυσιν

373 1251 530 1319 ἡμῖν,
554 1248 725 1314 οὕτως
761 1251 810 1302 oi
842 1250 930 1303 διά
957 1250 1070 1318 τῆς,
1093 1249 1203 1301 τῶν
1246 1250 1407 1301 θείων
1433 1246 1660 1300 ἐντολῶν
1689 1244 1953 1313 ἐργασίας

378 1342 738 1409 συναφθέντες
773 1341 850 1411 τῷ
882 1341 1001 1411 Θεῷ
1056 1341 1256 1394 εὐωδία
1288 1339 1528 1409 Χριστοῦ
1564 1339 1704 1390 κατὰ
1740 1335 1953 1389 Παῦλον

373 1435 499 1498 εἱσι,
561 1435 653 1485 καὶ
708 1434 883 1503 ἑσμὴν
927 1432 1164 1503 Χριστοῦ
1216 1431 1422 1502 ἔχουσι,
1478 1430 1574 1484 καὶ
1620 1430 1718 1492 τὰς
1751 1428 1952 1500 ἀρετὰς

373 1526 803 1595 καταγγέλλουσι
837 1543 932 1579 του
970 1526 1031 1577 ἔκ
1093 1527 1319 1586 σκότους
1368 1524 1697 1585 καλέσαντος
1754 1520 1952 1581 αὐτοὺς

378 1619 459 1681 είς
495 1619 555 1671 τὸ
595 1618 907 1687 θαυμαστὸν
939 1616 1103 1669 αὑτοῦ
1136 1617 1271 1685 φῶς.

445 1706 602 1759 Οὕτω
636 1707 734 1777 μὲν
768 1703 861 1760 οὖν
897 1706 984 1760 διά
1023 1706 1123 1775 τῆς
1170 1704 1555 1775 πνευματικῆς
1597 1702 1951 1767 διδασκαλίας

2062 504 2353 575 Evangelii)
2410 528 2425 562 ι
2487 529 2505 561 ε
2551 508 2680 565 Sine
2735 528 2818 565 me
2869 513 2943 566 nil
3002 516 3230 581 potestis
3289 512 3470 569 facere
3506 518 3546 572 '.
3611 538 3629 569 ι

2058 597 2210 663 Quod
2268 615 2371 651 non
2426 601 2739 670 ignorantes
2782 602 2874 669 qui
2918 617 3046 656 vere
3074 604 3326 657 virtutem
3358 606 3541 659 colunt
3568 606 3633 660 de

2057 693 2206 745 nullo
2271 695 2599 761 superbiuut
2654 693 2869 749 virtutis
2917 704 3083 760 actu.
3134 697 3227 752 sed
3279 713 3404 751 cum
3460 698 3622 752 humi-

2058 780 2203 835 litate
2243 781 2407 835 Deum
2459 784 2763 848 gloriﬁcaut
2812 788 3074 839 virtutum
3119 786 3319 840 fontem
3357 803 3467 855 quo
3516 789 3633 841 luce

2058 874 2285 928 heuilica
2320 876 2633 945 implentur.
2689 878 2822 931 Nam
2857 878 3319 948 quemadmodum
3374 894 3470 933 aer
3501 882 3633 934 solis

2058 964 2263 1020 lumine
2300 967 2573 1036 repletus,
2611 985 2718 1022 non
2768 985 2948 1037 suam,
2995 974 3088 1025 sed
3122 972 3252 1025 solis
3298 972 3524 1041 glorianti
3577 982 3632 1026 et

2057 1058 2412 1112 radiatiouem
2450 1060 2607 1115 nobis
2641 1060 2974 1128 manifestat,
3002 1063 3074 1117 ita
3108 1063 3198 1132 qui
3232 1079 3325 1132 per
3354 1064 3636 1133 executio-

2058 1164 2181 1203 nem
2208 1152 2586 1206 mandatorum
2609 1151 2726 1216 Dei,
2752 1154 3072 1225 huiejnncti
3108 1166 3259 1224 sunt,
3293 1158 3472 1215 bonus
3505 1166 3633 1211 sunt

2056 1241 2191 1296 odor
2216 1242 2421 1297 Christi
2458 1247 2761 1300 secundum
2791 1246 3020 1303 Paulum
3049 1248 3071 1280 δ
3090 1290 3105 1312 ,
3134 1260 3189 1303 et
3214 1249 3435 1305 odorem
3467 1248 3629 1305 Chri-

2056 1331 2121 1385 sti
2157 1334 2377 1400 habent,
2416 1344 2469 1388 et
2497 1337 2724 1391 virtutes
2763 1337 3052 1393 imitantur
3102 1341 3249 1396 illius
3291 1343 3383 1411 qui
3419 1356 3449 1397 e
3480 1352 3635 1397 tene-

2056 1424 2168 1479 bris
2197 1440 2292 1481 eos
2321 1426 2375 1480 in
2407 1427 2727 1485 admirabile
2754 1430 2937 1487 lumen
2973 1447 3132 1488 suum
3166 1437 3438 1491 evocavit.

2124 1698 2200 1755 ita
2235 1715 2365 1771 ergo
2392 1716 2487 1771 per
2522 1702 2819 1773 Spit-halent
2853 1704 3159 1760 doctrinam
3194 1705 3499 1763 futurorum
3535 1724 3631 1765 Cu-

376 1800 409 1869 ἠ
442 1804 550 1852 τῶν
583 1774 886 1868 μελλόντων
919 1774 1213 1866 ἐπίγνωσις
1236 1774 1369 1869 ἡμίν
1391 1798 1691 1867 ἐγγίνεται,
1727 1799 1819 1850 καὶ
1854 1796 1939 1850 διὰ

2050 1792 2221 1859 gnitio
2236 1791 2394 1846 nobis
2417 1793 2755 1861 supervenit,
2774 1800 2827 1847 et
2845 1808 2939 1863 per
2958 1809 3143 1847 verum
3171 1794 3463 1864 cujuslibet
3478 1810 3630 1851 amo-

372 1894 472 1962 τῆς
514 1895 649 1961 πρὸς
686 1895 785 1962 τὴν
811 1892 1022 1945 οίκείαν
1054 1890 1287 1944 ἑκάστου
1316 1889 1491 1960 ψυχὴν
1522 1890 1779 1961 ἀληθινῆς
1811 1890 1939 1958 ἀγά-

2050 1899 2162 1937 rem
2199 1900 2325 1953 erga
2362 1883 2601 1937 animam
2632 1900 2809 1951 suam,
2848 1886 3065 1940 illorum
3104 1896 3281 1942 metus
3310 1896 3364 1941 et
3413 1887 3627 1942 deside.

372 2004 481 2053 πης
513 1987 541 2037 ὁ
572 1985 737 2054 φόὃος
769 1984 861 2037 καὶ
899 1985 927 2037 δ
956 1982 1119 2046 πόθος
1173 1984 1379 2037 τούτων
1414 1987 1524 2046 τοῖς
1568 1985 1781 2046 πιστοῖς
1809 1985 1939 2052 ἡμῖν

2048 1977 2190 2031 rium
2249 1977 2409 2030 nobis
2464 1979 2816 2033 credentibus
2864 1982 3212 2049 supervenit,
3260 1989 3315 2034 et
3372 1996 3466 2050 per
3523 1982 3627 2036 ista

367 2081 745 2151 προτγίνεται,
772 2079 864 2130 καὶ
895 2078 961 2131 δι’
990 2078 1172 2131 αὐτῶν
1204 2078 1237 2147 η
1268 2078 1404 2147 πρὸς
1432 2077 1523 2129 τὸν
1556 2077 1688 2129 Θεὸν
1714 2077 1939 2147 ἂκτενὴς

2047 2066 2266 2119 assidua
2300 2076 2354 2121 et
2386 2076 2592 2122 attenta
2625 2070 2689 2122 ad
2724 2068 2888 2121 Deum
2922 2069 3099 2121 oratio
3127 2079 3178 2121 et
3210 2068 3541 2131 obsecratio,
3572 2078 3631 2123 et

379 2180 463 2224 ut
499 2172 727 2242 συνεχὴς
763 2172 1045 2243 προσευχὴ
1088 2171 1182 2223 καὶ
1214 2170 1421 2239 δέησις,
1457 2172 1551 2223 καὶ
1584 2170 1672 2223 διὰ
1719 2170 1817 2239 τῆς
1854 2186 1939 2221 συ-

2049 2174 2145 2229 per
2160 2160 2473 2214 continuam
2498 2162 2801 2214 orationem
2817 2176 2943 2228 erga
2967 2161 3217 2214 eumdem
3245 2176 3400 2213 amor
3419 2170 3472 2214 et
3498 2176 3629 2216 con-

364 2264 556 2334 νεχοῦς
590 2265 887 2334 προσευχῆς
910 2265 942 2333 ἡ
966 2263 1100 2331 πρὸς
1127 2263 1289 2313 αὐτὸν
1320 2265 1508 2333 ἀγάπη
1536 2263 1632 2315 καὶ
1654 2262 1942 2331 συνάφεια,

363 2356 460 2408 καὶ
491 2355 579 2408 διὰ
622 2356 723 2424 τῆς
761 2354 1057 2423 συναφείας
1091 2351 1294 2423 ταύτης
1342 2355 1494 2407 πᾶσα
1527 2351 1696 2424 ἀρετὴ
1745 2354 1942 2419 γεννᾷ-

364 2464 479 2509 ται,
526 2447 946 2515 συνεπαγομίνη
997 2445 1095 2516 τὴν
1147 2444 1510 2509 ταπείνωσιν,
1542 2448 1607 2515 τῇ
1646 2446 1941 2510 ἐπιγνώσει

363 2538 461 2591 τοῦ
488 2540 545 2590 ὲν
578 2539 710 2608 ἡμῖν
742 2539 1018 2600 τίκτοντος
1050 2536 1147 2601 τὰς
1202 2536 1426 2603 ἀρετάς.
1487 2538 1607 2599 Πῶς
1634 2538 1688 2589 δὲ
1721 2540 1816 2591 καὶ
1852 2537 1943 2591 διὰ

362 2633 462 2701 τῆς
496 2631 591 2683 τοῦ
638 2630 893 2698 σώματος
921 2631 1143 2701 ἀγάπης
1171 2632 1202 2701 ἡ
1247 2631 1387 2702 πρὸς
1431 2630 1521 2683 τὸν
1555 2630 1758 2699 κόσμον
1788 2632 1936 2699 γίνε-

361 2741 452 2775 ται
489 2723 661 2791 φιλία,
718 2724 812 2776 καὶ
868 2722 957 2775 διὰ
1006 2724 1103 2791 τῆς
1152 2722 1337 2792 φιλίας
1386 2720 1591 2793 ταύτης
1622 2724 1690 2776 τὰ
1724 2724 1939 2795 πονηρά

362 2814 539 2885 πάθη,
588 2816 751 2886 καὶὴ
799 2812 1015 2885 πληθὺς
1065 2816 1177 2867 τῶν
1230 2816 1645 2887 ἁμαρτημάτων
1698 2816 1936 2885 φύεταις

364 2905 470 2957 ’οσ
484 2923 581 2975 περ
616 2907 649 2976 ἡ
678 2904 824 2979 ψυχὴ
853 2907 954 2975 τῆς
980 2904 1283 2977 μελλούσης
1317 2908 1507 2979 ἡδονῆς
1556 2907 1771 2977 ἀφίεται
1813 2909 1936 2962 καθ’

361 2996 587 3067 ἑαυτὴν,
603 2997 743 3052 οὕτω
764 3000 823 3051 τδ
851 2999 1012 3068 σῶμα
1033 2999 1131 3067 τῆς
1146 3000 1425 3069 παρούσης
1458 3001 1551 3054 καὶ
1588 3002 1938 3073 παραρρεού-

366 3109 506 3164 σης·
542 3094 575 3161 ὴ
600 3092 657 3145 δὲ
681 3092 909 3164 τοιαύτη
937 3093 1100 3165 ἡδονὴ
1133 3094 1365 3166 αίσθητή
1422 3092 1482 3145 τέ
1528 3095 1665 3159 ἐστι,
1711 3096 1808 3148 καὶ
1848 3095 1937 3150 διὰ
1965 3117 2007 3174 c

362 3188 474 3240 τῶν
524 3187 817 3256 ἡμετέρων
848 3186 1157 3255 αίσθήσεων
1214 3188 1539 3258 ἐνεργεῖται,
1569 3189 1665 3241 καὶ
1714 3189 1778 3244 ἐκ
1827 3192 1937 3243 τῶν

360 3278 641 3347 αίδθητῶν
669 3278 1043 3347 προσγίνεται,
1072 3280 1108 3331 ἀ
1152 3279 1302 3329 ἐστιν
1331 3280 1359 3331 δ
1397 3270 1597 3350 κόσμος
1620 3296 1634 3309 ·
1660 3280 1748 3333 διὰ
1777 3281 1938 3335 τοῦτο

361 3371 691 3441 φιλόκοσμος
720 3372 748 3423 δ
778 3369 1175 3439 φιλοσώματος.
1210 3370 1303 3421 Ἐκ
1333 3368 1397 3440 δὴ
1421 3370 1519 3439 τῆς
1540 3373 1673 3441 πρὸς
1689 3373 1748 3423 τὸ
1777 3377 1839 3424 σῖ
1859 3390 1936 3443 μα

364 3462 549 3530 φιλίας
601 3460 807 3531 ταύτης
864 3462 1121 3533 ἀμέτρως
1174 3468 1271 3524 τας
1306 3462 1449 3515 κατά
1482 3463 1686 3533 κόσμον
1742 3465 1936 3535 ἡδονὰς

358 3552 654 3615 ποθοῦντες
678 3552 780 3605 ’καὶ
808 3553 1103 3615 διώκοντες
1160 3554 1255 3604 καὶ
1293 3552 1669 3623 περιέποντες,
1704 3557 1804 3623 τὴν
1838 3573 1937 3609 πο-

339 3642 639 3713 ’λύμορφον
671 3640 780 3694 τῶν
809 3641 999 3693 παθῶν
1035 3642 1255 3703 ἑαυτοῖς
1284 3641 1639 3710 περιτίθεμεν
1681 3642 1936 3710 ἀσχημο-

360 3736 550 3803 σύνην.
580 3733 734 3786 Ἐπεὶ
756 3734 867 3803 γὰρ
897 3734 929 3803 ἡ
960 3733 1097 3785 κατὰ
1121 3735 1323 3801 κόσμον
1351 3730 1511 3802 ἡδονὴ
1537 3731 1933 3803 διἸαίσθήσεων

356 3831 691 3899 ἐνεργεῖται,
742 3825 953 3881 πολλῶν
999 3826 1175 3877 ούσῶν
1224 3825 1317 3877 καὶ
1344 3824 1617 3895 διαφόρων
1656 3824 1762 3878 τῶν
1798 3827 1934 3895 ἡμε-

358 3924 534 3991 τέρων
588 3922 915 3989 αίσθήσεων,
964 3917 1158 3970 πολλαί
1206 3934 1267 3969 τε
1318 3918 1411 3970 καὶ
1458 3918 1711 3987 διάφοροι
1747 3922 1840 3969 καί
1876 3918 1932 3971 αἱ

360 4013 484 4068 κατ’
510 4012 683 4076 αύτάς
716 4011 921 4082 ἡδοναὶ,
952 4010 1047 4062 καὶ
1080 4009 1147 4063 τὰ
1174 4010 1316 4062 κατά
1341 4011 1544 4074 ταύτας
1582 4010 1729 4083 πάθη
1751 4028 1765 4043 ·
1799 4012 1931 4065 ἄλλα

361 4109 463 4179 μὲν
492 4108 599 4178 γὰρ
628 4106 895 4174 ὁράσεως,
921 4102 1091 4167 ἀκοῆς
1121 4102 1197 4155 δὲ
1229 4102 1384 4163 ἀλλα,
1422 4104 1517 4155 καί
1548 4102 1683 4155 ἄλλα
1721 4105 1816 4171 τῆς
1842 4104 1935 4155 da-

357 4202 639 4273 φρησεως,
665 4201 888 4267 καὶτῆς
928 4197 1073 4266 ἁφῆς
1100 4194 1266 4247 πάλιν
1304 4195 1492 4264 ἔτερα,
1526 4201 1620 4247 καὶ
1656 4196 1818 4266 ἕτερα
1865 4196 1931 4249 τὰ

352 4296 452 4364 τῆς
485 4292 748 4363 γεύσεως.
780 4289 905 4341 ἰ’ῶν
938 4288 1037 4359 μὲν
1071 4287 1163 4339 οὖν
1199 4288 1344 4338 κατά
1379 4287 1476 4356 τὴν
1522 4288 1713 4354 γεῦσιν
1763 4305 1932 4358 πονη-

360 4388 468 4459 ρῶν
494 4385 688 4439 παθῶν
720 4383 817 4454 οὐχ
858 4383 892 4452 ἡ
926 4382 1104 4450 τροφὴ
1131 4380 1301 4441 αἰτία,
1336 4379 1450 4431 ἀλλ’
1474 4382 1506 4447 η
1532 4381 1771 4450 ἀμετρία
1803 4379 1933 4433 ταύ-

2042 2252 2277 2321 junctio.
2316 2263 2372 2307 et
2402 2269 2497 2322 per
2526 2254 2680 2309 istam
2712 2254 3155 2323 conjunctionetn
3188 2256 3366 2309 omnis
3397 2270 3627 2324 genera-

2048 2354 2139 2399 tur
2173 2346 2346 2400 virtus
2374 2362 2493 2416 qua:
2543 2347 2909 2400 humilitatem
2946 2345 3244 2415 cognitioni
3280 2344 3397 2412 ejus
3445 2347 3535 2415 qui
3572 2346 3629 2402 in

2047 2439 2207 2493 nobis
2256 2440 2482 2493 virtutes
2514 2448 2769 2508 procreat
2818 2440 3028 2507 adjicit.
3072 2439 3177 2494 Sed
3208 2440 3485 2508 quomodo
3531 2455 3631 2510 p:r

2046 2546 2285 2584 amorem
2318 2532 2567 2600 corporis
2600 2532 2841 2601 gignitur
2862 2530 3049 2585 mundi
3079 2532 3396 2593 dilectio.et
3434 2548 3529 2602 per
3554 2534 3630 2587 is-

2048 2634 2156 2677 tam
2180 2623 2525 2677 dilectionem
2559 2635 2861 2678 nascuntur
2892 2626 3180 2695 passiones
3210 2625 3626 2695 tnalaa,‘etpec-

2043 2729 2288 2769 catorum
2329 2716 2662 2771 multitudo?
2691 2718 3165 2783 Quemadmodum
3200 2715 3379 2771 anima
3431 2734 3525 2787 per
3567 2736 3627 2774 se

2042 2809 2109 2859 ad
2160 2806 2400 2861 futuram
2435 2808 2767 2877 voluptatem
2802 2809 2997 2874 tendit,
3032 2810 3103 2862 ita
3134 2824 3335 2879 corpus
3376 2812 3443 2864 ad
3479 2825 3623 2879 prm-

2041 2907 2247 2951 sentem
2288 2906 2346 2951 et
2381 2896 2819 2966 pereﬂluentem;
2874 2913 3039 2967 porro
3088 2899 3211 2953 talis
3253 2900 3505 2969 voluptas
3544 2912 3628 2955 rst

2041 2986 2321 3041 sensibilis
2356 2996 2413 3041 et
2441 3003 2537 3057 per
2569 3002 2766 3044 sensus
2800 2997 3018 3044 nostros
3056 2988 3370 3058 percipitur,
3408 3006 3624 3046 necnon

2040 3095 2105 3135 ex
2127 3080 2478 3138 sensibilibus
2511 3080 2760 3149 provenit
2787 3098 2909 3151 qua:
2938 3083 3203 3137 mundum
3234 3084 3579 3139 constituunt
3603 3103 3622 3149 ;

2042 3182 2332 3243 propterea
2354 3173 2448 3243 qui
2476 3188 2677 3243 corpus
2704 3188 2866 3229 suum
2894 3184 3059 3241 amat,
3084 3186 3231 3229 amat
3262 3186 3308 3229 et
3339 3179 3623 3232 tuundum.

2042 3266 2240 3324 Verum
2269 3285 2333 3324 ex
2359 3270 2461 3325 isto
2489 3270 2736 3338 corporis
2764 3285 2955 3325 amore
2982 3270 3287 3325 mundanas
3322 3271 3622 3341 voluptates

2038 3362 2391 3417 immoderate
2451 3362 2827 3419 desiderantes
2890 3372 2944 3417 et
3002 3374 3394 3432 persequentes
3460 3375 3624 3434 atque

2038 3464 2312 3512 sectantes
2335 3454 2729 3509 multiformem
2753 3455 2910 3511 nobis
2937 3455 3271 3524 imponimus
3301 3458 3621 3526 passionum

2038 3548 2455 3617 turpitudinem.
2506 3547 2641 3602 Nam
2675 3564 2797 3603 cum
2831 3549 3107 3603 mundana
3141 3551 3392 3619 voluptas
3441 3550 3621 3604 sensi-

2037 3640 2139 3693 bus
2182 3638 2534 3709 percipiatur,
2569 3642 2741 3696 nostri
2780 3652 2959 3695 autem
2994 3656 3190 3696 sensus
3218 3642 3369 3695 tuulti
3407 3642 3519 3696 sint
3566 3647 3619 3696 e‘

2037 3732 2203 3797 varii,
2236 3733 2465 3800 proinde
2491 3744 2546 3788 et
2570 3735 2733 3787 variae
2755 3744 2883 3789 sunt
2914 3742 3059 3789 circa
3085 3751 3180 3790 eos
3204 3735 3530 3805 voluptates,
3560 3744 3619 3791 et

2038 3826 2220 3881 multa:
2248 3842 2370 3893 quae
2400 3826 2551 3882 circa
2601 3827 2913 3897 voluptates
2956 3836 3250 3881 versantur
3284 3827 3612 3897 passiones;

2034 3919 2154 3972 aliae
2172 3918 2318 3972 enim
2346 3917 2491 3974 circa
2514 3918 2713 3983 visum,
2733 3920 2851 3973 alia:
2869 3919 3012 3974 circa
3036 3919 3306 3982 auditum,
3334 3918 3454 3974 aliae
3469 3919 3614 3975 circa

2033 4012 2346 4078 odoratum,
2374 4022 2429 4067 et
2452 4013 2568 4067 alia:
2600 4013 2742 4069 circa
2762 4022 2987 4078 tactum,
3014 4025 3070 4068 et
3101 4029 3291 4068 rursus
3322 4014 3441 4069 alia:
3469 4016 3615 4071 circa

2038 4116 2288 4177 gustum.
2357 4106 2528 4162 Porro
2559 4122 2845 4175 pravarum
2877 4107 3021 4161 circa
3047 4118 3265 4179 gustum
3295 4110 3613 4179 passionum

2034 4210 2197 4250 causa
2228 4213 2332 4250 non
2364 4197 2518 4251 cibus
2550 4206 2655 4258 est,
2686 4198 2778 4251 sed
2810 4199 2931 4266 ejus
2961 4197 3342 4252 immoderatio
3375 4214 3470 4253 seu
3488 4199 3607 4253 hel-

2034 4286 2226 4342 luatio.
2253 4288 2371 4343 lstre
2404 4300 2586 4343 autem
2614 4298 2741 4344 sunt
2760 4290 2964 4344 ventris
2992 4289 3278 4360 ingluvies,
3317 4290 3613 4354 voracitas,

2034 4380 2342 4449 perpotatio
2376 4390 2430 4433 et
2470 4381 2726 4436 ebrietas.
2759 4378 2961 4435 Venter
2998 4397 3127 4436 vero
3157 4382 3322 4436 nimia
3353 4400 3421 4439 ex
3452 4393 3613 4452 gustu

352 4478 534 4548 της,ὅ
582 4477 697 4529 ἐστι
752 4474 973 4543 τρυφή’
1028 4470 1201 4523 ταῦτα
1237 4470 1293 4521 δέ
1330 4471 1441 4523 ἐστι
1494 4473 1933 4541 γαστριμαργία,

2042 4472 2337 4542 recipiens,
2367 4481 2426 4526 ut
2454 4486 2516 4524 ea
2548 4480 2746 4541 coquat
2775 4473 2844 4528 ad
2880 4472 3152 4527 exteriora
3190 4474 3615 4545 intemperanter

353 4566 685 4639 λαιμαργία,
717 4567 812 4618 καὶ
869 4562 1176 4615 πολυποσία
1230 4562 1325 4614 καὶ
1377 4561 1515 4631 μέθη
1544 4577 1559 4591 ·
1609 4565 1825 4631 γαστὴρ
1872 4562 1930 4614 δὲ

326 4660 728 4731 Δὐττιιδεχοι.ιένη
759 4657 827 4710 τὰ
853 4658 916 4709 ὲκ
949 4654 1047 4723 τῆς
1080 4655 1327 4722 γεύσεως
1367 4653 1646 4721 ἀκρατῶς,
1671 4658 1763 4707 καὶ
1795 4656 1931 4724 πρὸς

350 4754 420 4808 τὰ
450 4752 556 4818 ἔξω
584 4748 860 4821 περιττῶς
889 4744 1168 4799 ἐκδιδοῦσα
1196 4745 1284 4797 διὰ
1312 4745 1411 4814 τῆς
1442 4743 1688 4814 πέψεως,
1718 4750 1783 4816 τῇ
1818 4748 1927 4817 ἀφῇ

348 4846 551 4917 δαψιλῆ
581 4843 813 4916 χορηγεῖ
839 4839 940 4909 τῆς
979 4839 1183 4901 κακίας
1212 4839 1311 4905 τὴν
1359 4838 1514 4908 ῦλην,
1542 4832 1654 4891 οἷόν
1682 4855 1766 4903 τις
1812 4840 1935 4910 .86:-

350 4942 491 5011 λυρά
543 4934 816 5007 δεξαμενὴ
866 4930 1165 5004 βδελυροὺς
1198 4928 1521 4983 ἀναδιδοῦσα
1551 4933 1839 5002 κρουνοὺς,
1860 4931 1928 4985 δι’

352 5031 428 5091 ὧν
466 5031 781 5086 συνίσταται
830 5027 901 5079 τὰ
946 5022 1293 5091 ὑπογάστρια
1333 5020 1505 5091 πάθη,
1534 5022 1781 5093 πορνεία,
1810 5039 1931 5091 μοι-

352 5129 497 5199 χεία,
542 5120 834 5183 ἀκολασία,
874 5116 1160 5183 ἀσέλγεια,
1193 5115 1288 5165 καὶ
1337 5116 1489 5167 πᾶσα
1522 5116 1557 5186 η
1598 5114 1697 5184 τῆς
1724 5116 1930 5185 σαρκὸς

351 5216 683 5287 ἀκαθαρσία.
718 5210 905 5265 Ταῦτα
931 5209 988 5263 δὲ
1014 5208 1109 5260 xui.
1139 5206 1242 5277 τὴν
1274 5204 1445 5279 ἀκοὴν
1485 5208 1583 5259 καὶ
1612 5208 1710 5279 τὴν
1736 5207 1927 5276 ὅρασιν

352 5312 450 5365 καὶ
481 5309 581 5379 τὴν
622 5308 891 5376 ὄσφρησιν
934 5298 1486 5368 καταδουλωσάμενοι,
1512 5298 1740 5352 ποθεινά
1774 5298 1930 5352 καθίο

355 5422 514 5477 στησι
536 5404 609 5456 τὰ
641 5398 885 5473 μυσαρὰ,
910 5397 979 5448 τὰ
1007 5394 1231 5465 ῥήματα
1254 5393 1321 5444 τὰ
1350 5391 1574 5461 αἰσχρὰ,
1600 5393 1667 5444 τὰ
1704 5391 1929 5462 ᾅσματα

353 5498 423 5552 τά
466 5493 728 5566 πορνικὰ,
763 5490 833 5541 τὰ
880 5486 1201 5557 χορεύματα
1233 5482 1302 5535 τὰ
1338 5482 1632 5546 σατανικά,
1662 5484 1762 5545 τὰς
1798 5485 1933 5535 ἐπα.-

354 5587 571 5661 γωγοὺς
600 5584 735 5657 πρὸς
768 5580 836 5638 τὰ
869 5578 1019 5651 μύση
1046 5572 1436 5646 μυραλοιφίας,
1460 5574 1528 5628 τὰ
1552 5574 1787 5647 βδελυρά
1813 5574 1932 5635 επις

425 5776 448 5811 ⁸
474 5773 632 5833 Joan.
661 5788 753 5844 xv,
778 5773 838 5834 5.
908 5773 932 5807 ⁵
964 5771 1011 5829 ιι
1040 5770 1169 5827 Cor.
1197 5786 1258 5837 ιι,
1298 5768 1387 5823 15.

2034 4565 2272 4633 exspuit,
2304 4573 2358 4618 et
2402 4564 2596 4617 exinde
2632 4573 2781 4617 tactu
2832 4564 3109 4635 copiosam
3163 4565 3367 4618 evomit
3396 4564 3615 4619 malitiae

2038 4656 2343 4718 materiam,
2394 4656 2537 4710 sicut
2586 4655 2709 4709 fons
2748 4656 3031 4725 spurcitiis
3068 4659 3261 4725 plenus
3304 4655 3614 4712 immundas

2037 4757 2249 4803 eructat
2282 4762 2474 4817 aquas,
2514 4762 2637 4816 qua
2668 4757 2795 4803 sunt
2829 4747 3134 4802 libidinosae
3158 4749 3464 4816 passiones.
3499 4748 3614 4802 [οι-ς

2035 4839 2263 4905 nicatio,
2297 4839 2655 4904 adulterium,
2713 4840 2820 4894 vita
2853 4839 3195 4903 dissolutior,
3234 4856 3411 4896 mores
3458 4839 3614 4909 ﬂagi-

2040 4930 2188 4992 tiosi,
2212 4937 2267 4982 et
2290 4928 2468 4983 omnis
2492 4929 2675 4993 carnis
2721 4928 3083 4984 ininrunditia.
3115 4930 3245 4996 Quae
3290 4945 3414 4986 cum
3461 4932 3617 4997 audi-

2037 5032 2176 5088 tum,
2203 5023 2380 5076 visum
2405 5022 2764 5077 ctodoratutu
2790 5022 2841 5075 in
2866 5020 3181 5077 servitutem
3239 5021 3513 5092 redigunt,
3547 5024 3613 5078 ad

2034 5115 2329 5171 amandum
2375 5113 2641 5169 inducunt
2666 5114 3056 5184 turpitudines,
3088 5114 3253 5173 verba
3294 5115 3494 5183 turpia,
3520 5118 3615 5166 oh-

2034 5208 2288 5263 sceniora
2318 5206 2585 5269 carmina,
2636 5206 2864 5259 choreas
2898 5206 3195 5269 satanicas,
3234 5216 3502 5274 unguenta
3546 5203 3613 5259 ad

2037 5295 2402 5366 turpitudines
2450 5294 2684 5363 agentia,
2719 5292 3137 5347 multiformium
3178 5292 3487 5359 spectacula
3525 5304 3593 5339 ve

2034 5392 2200 5445 atiutn
2224 5398 2277 5443 et
2314 5386 2636 5453 fasciarum,
2671 5403 2794 5457 quae
2823 5386 3065 5441 exterius
3088 5383 3307 5453 quidem
3365 5382 3614 5436 libidinvs

2028 5484 2324 5547 adornant,
2373 5480 2602 5535 interius
2636 5495 2761 5535 vero
2794 5478 3077 5548 obtegunt,
3127 5473 3391 5529 deformis
3441 5473 3612 5529 instar

2028 5575 2217 5639 larvale,
2241 5574 2525 5644 passiones
2562 5571 2828 5640 infamiae,
2861 5580 2915 5627 et
2940 5585 3068 5626 vere
3102 5568 3496 5623 assituuiautur
3522 5580 3611 5620 se.
