4070 6210
347 247 453 312 425

1655 241 1992 309 ΗυΜΙῌΑ
2034 240 2298 310 XXXIV.

3502 255 3600 320 ίὲξ

345 363 479 431 πρὸς
497 361 597 432 τὴν
627 361 903 434 ὑμετέραν
927 361 1171 432 ἀγάπην,
1203 361 1326 416 ἐπεὶ
1353 360 1450 434 τὴν
1494 363 1578 416 ἐπ’
1623 365 1784 434 ὅρους
1829 385 1908 419 σε-

2027 376 2260 420 vestram
2287 362 2632 420 dilectionem
2662 363 2836 429 oravi,
2867 367 3010 433 quod
3046 364 3206 420 bolie
3240 367 3602 421 renovandam

343 455 482 524 πῖὴν
513 455 605 509 τοῦ
631 456 872 526 Χριστοῦ
895 456 1342 526 Μεταμόρφωσιν
1369 456 1704 527 ἑορτάζομεν
1738 460 1804 530 σή
1817 477 1911 529 με·

344 567 455 619 ρον.
491 551 588 602 καὶ
618 551 741 620 περὶ
763 549 857 603 τοῦ
892 551 1010 604 κατ’
1040 550 1211 618 αὐτὴν
1267 551 1446 619 φωτὸς
1483 553 1510 604 6
1558 550 1712 619 λόγος
1758 556 1912 623 ἡμῖν,

341 641 462 696 καθ’
491 634 552 694 οὗ
586 641 749 704 πολύς
783 643 896 695 ἐστι
934 641 1026 695 νῦν
1074 642 1223 709 ἁγὼν
1255 645 1365 706 τοῖς
1396 643 1488 696 τοῦ
1547 645 1720 712 φωτὸς
1759 646 1916 698 πολε-

343 733 511 802 μίοις.
534 735 670 802 Φέρε
695 734 758 805 δὴ
793 736 990 804 μικρὸν
1028 734 1234 788 ἄνωθεν
1281 735 1575 804 προθῶμεν
1615 737 1713 800 τὰς
1745 740 1915 805 σήμε·

343 842 435 894 ρον
467 825 988 896 ἀναγινωσκομένας
1021 825 1401 895 Εύαγγελικάς
1438 829 1619 898 φωνὰς
1649 832 1728 894 εἰς
1781 833 1914 886 ἀνά-

339 917 536 983 πτυξιν
569 917 663 970 τοῦ
698 922 1027 989 μυστηρίου,
1059 921 1157 973 καὶ
1179 920 1276 989 τῆς
1317 919 1576 990 ἀληθείας
1632 925 1914 992 παράστα-

341 1023 447 1062 σιν.
500 1026 518 1059 ι
559 1007 696 1061 Μεθ’
727 1009 945 1078 ἡμέρας
965 1007 1024 1073 ἐξ
1053 1009 1475 1079 παραλαμεάνει
1501 1013 1530 1066 6
1569 1012 1774 1081 Ἰησοῦς
1821 1015 1911 1067 τὸν

342 1101 550 1170 Πέτρον
579 1104 676 1156 καὶ⁵
720 1104 980 1158 Ἰάκωῦον
1006 1104 1101 1158 καὶ
1153 1105 1408 1176 Ἰωάννην
1429 1107 1520 1160 τῦν
1562 1107 1790 1179 ἀδελφὸν
1814 1113 1912 1164 αύ-

336 1197 457 1275 τοῦ,
485 1199 579 1252 καὶ
604 1198 867 1267 ἀναφέρει
899 1197 1097 1262 αὐτοὺς
1121 1198 1200 1261 εἰς
1220 1198 1344 1268 ὅρος
1373 1199 1576 1270 ὑψηλὸν
1603 1203 1725 1255 κατ’
1752 1203 1907 1268 ἰδίαν,

337 1291 433 1343 καὶ
465 1290 864 1360 μετεμορφώθη
899 1290 1211 1360 ἔμπροσθεν
1235 1291 1436 1354 αὐτῶν,
1471 1291 1566 1345 καλ⁸
1590 1293 1798 1364 ἔλαμψε
1851 1295 1912 1348 τὸ

336 1384 629 1452 πρόσωπον
649 1381 816 1435 αὐτοῦ
842 1384 916 1444 ώς
966 1384 993 1436 6
1019 1383 1188 1453 ἥλιος.
1237 1401 1254 1434 ι
1292 1383 1460 1438 Τοῦτ)
1489 1385 1553 1456 δὴ
1583 1387 1676 1439 τοῦ
1735 1388 1910 1456 Εύαγ-

335 1476 518 1542 γελίου
541 1475 758 1545 πρῶτον
787 1476 1022 1529 κατιδεῖν
1047 1477 1365 1543 ἀναγκαῖον,
1397 1480 1537 1548 μετὰ
1563 1479 1720 1532 ποίαν
1752 1483 1910 1552 190

335 1571 551 1640 ἡμέραν
577 1572 604 1623 6
632 1569 926 1633 ἀπόστολος
961 1568 1062 1622 τοῦ
1101 1569 1339 1636 Χριστοῦ
1396 1571 1490 1624 καὶ
1521 1571 1908 1646 ἐύαγγελιστὴς

334 1663 611 1723 Ματθαῖος
634 1662 730 1723 τὰς
757 1660 817 1727 ἒξ
837 1663 1053 1732 ἡμέρας
1082 1661 1328 1732 ἀριθμεῖ,
1363 1663 1480 1732 μεθ’
1504 1663 1570 1727 άς
1607 1667 1640 1734 ὴ
1671 1669 1770 1739 τῆς
1811 1669 1905 1722 τοῦ

342 1754 548 1827 Κυρίου
583 1753 1073 1825 μεταμορφώσεως
1099 1755 1281 1824 ἡμέρα
1320 1757 1548 1828 ἐπέστηο
1587 1762 1722 1829 μετὰ
1749 1761 1906 1814 ποίαν

332 1847 627 1916 οῦνςΜετ⁹
657 1845 895 1917 ἐκείνην,
947 1846 1069 1901 καθ’
1105 1849 1171 1919 ἣν
1213 1847 1484 1902 δ.δάσκων
1537 1853 1663 1911 τοὺς
1706 1853 1905 1908 ἑαυτοῦ

338 1942 584 2012 μαθητὰς
609 1944 637 1996 6
663 1943 888 2011 Κύριος,
912 1941 1121 2008 ἔλεγεν,
1153 1941 1275 1994 Ὀτι
1333 1943 1519 2011 μέλλει
1553 1945 1582 1996 6
1641 1944 1768 2008 Υἱὸς
1810 1946 1905 2000 τοῦ

332 2036 623 2107 ἀνθρώπου
647 2037 903 2107 ἔρχεσθαι
934 2039 988 2089 ὲν
1016 2039 1082 2107 τῇ
1109 2035 1235 2107 δόξῃ
1293 2037 1390 2090 τοῦ
1445 2040 1655 2109 [ἰατρὸς
1712 2043 1903 2109 αὐτοῦ,

333 2131 425 2183 καὶ
479 2127 790 2199 προσετίθει
845 2127 1022 2196 λέγων
1053 2144 1069 2161 ο
1101 2146 1119 2178 ι
1158 2127 1281 2181 Ὀτι
1315 2129 1422 2183 εἰσί
1475 2147 1618 2197 τινες
1662 2133 1772 2188 τῶν
1804 2127 1906 2188 ὧδε

332 2220 644 2289 ιστηκότων
664 2264 680 2284 ,
701 2220 894 2281 οἵτινες
922 2221 983 2272 οὑ
1015 2220 1090 2292 μὴ
1108 2220 1410 2289 γεύσωνται
1430 2222 1684 2291 θανάτου,
1711 2225 1813 2291 ἕως
1842 2229 1910 2282 ἂι

335 2312 490 2366 ἴδωσι
528 2313 620 2366 τὸν
653 2313 778 2366 Υίὸν
801 2314 894 2368 τοῦ
926 2312 1215 2383 ανθρώπου
1244 2313 1535 2384 ἐρχόμενον
1561 2317 1616 2368 ὲν
1640 2319 1706 2388 τῇ
1753 2318 1909 2387 βασι..

333 2405 452 2477 λεία
492 2406 660 2460 αὐτοῦ
684 2422 700 2438 ·
742 2425 761 2458 ι
801 2405 964 2473 δόξαν
987 2406 1083 2460 τοῦ
1123 2405 1335 2476 Πατρὸς
1367 2407 1458 2460 καὶ
1485 2407 1761 2479 βασιλείαν
1779 2414 1907 2467 ἑαυ-

331 2497 427 2551 τοῦ
461 2497 643 2552 καλῶν
675 2497 739 2552 τὸ
761 2497 878 2568 φῶς
909 2499 1010 2569 τῆς
1031 2500 1238 2560 οἰκείας
1294 2500 1801 2572 μεταμορφώσεως.

404 2589 577 2644 Τοῦτο
603 2592 698 2646 καὶ
723 2593 753 2645 6
779 2592 1184 2665 Εὐαγγελιστὴς
1207 2596 1423 2660 Λουκᾶς
1453 2596 1792 2660 ὑποδεικνὺς,
1818 2597 1912 2652 καὶ

334 2683 666 2754 σαφέστερον
725 2685 1109 2758 ἐκτιθέμενος,
1155 2706 1174 2739 ι
1241 2687 1544 2756 Ἐγένοντο,
1581 2689 1736 2761 φησὶ,
1773 2691 1912 2761 μετά

333 2775 459 2838 τοὺς
497 2775 692 2843 λόγους
720 2777 944 2841 τούτους
978 2777 1113 2832 ὡσεὶ
1150 2781 1357 2854 ἡμέραι
1383 2782 1550 2848 ὀκτώ,
1596 2785 1688 2837 καὶ
1722 2799 1908 2855 παρα-

332 2866 516 2922 λαϐὼν
543 2869 634 2924 τὸν
659 2870 866 2944 Πέτρον
898 2873 993 2927 καὶ
1028 2872 1285 2928 Ἰάκωϐον
1307 2875 1404 2930 καὶ
1439 2876 1713 2946 Ἰωάννην,
1739 2878 1910 2950 ἀνέϐη

333 2963 412 3026 εἰς
440 2962 498 3015 τὺ
525 2963 648 3035 ὅρος
681 2963 1091 3033 προσεύξασθαι
1117 2983 1132 2999 ο
1175 2967 1270 3022 καὶ
1297 2967 1514 3036 ὶγένετο
1547 2971 1605 3022 ἒν
1634 2969 1712 3040 τῷ
1740 2988 1911 3042 προσ-

2022 457 2220 510 Christi
2253 457 2305 509 iu
2339 463 2524 510 monte
2565 454 3106 510 tt’anslortnationem
3164 457 3485 510 solemniter
3512 473 3598 511 eo-

2021 547 2206 612 limus,
2236 548 2410 617 deque
2443 546 2562 616 ejus
2617 546 2826 601 lumine
2864 547 3197 601 instituenda
3240 549 3394 602 nobis
3428 550 3602 602 oratio

2019 652 2123 704 est,
2155 640 2206 694 iu
2245 641 2385 709 quod
2415 641 2710 693 etiamnum
2749 639 2886 692 lucis
2936 641 3184 693 hostibus
3217 643 3450 694 multum
3485 657 3588 696 cer-

2018 743 2197 787 tamen
2230 741 2330 786 est.
2364 731 2676 802 Ageigitur,
2702 747 2892 802 parum
2928 733 3079 786 initio
3112 745 3161 784 et
3197 748 3226 786 a
3258 733 3457 796 fronte,
3486 752 3602 804 qntr

2018 825 2269 897 l.-guntur
2341 827 2500 881 hodie
2531 866 2546 889 ,
2595 843 2862 896 ponamus
2911 827 3254 895 evangelica:
3299 841 3459 882 voces
3488 871 3500 890 ,
3536 832 3600 880 ait

2019 920 2261 990 mysterii
2318 921 2736 990 explicationem
2802 936 2864 974 ac
2893 921 3246 975 astruendam
3292 921 3597 976 veritatem.

2023 1035 2040 1067 ι
2085 1014 2212 1070 Post
2242 1015 2358 1071 dies
2390 1030 2483 1070 sex
2516 1015 2742 1070 assumit
2774 1014 2932 1069 .Iesus
2975 1014 3192 1069 Petrum
3249 1025 3302 1068 et
3333 1015 3594 1069 Jacobum

2013 1119 2066 1162 et
2090 1104 2377 1170 Joannem,
2405 1115 2460 1161 et
2488 1107 2636 1160 ducit
2666 1107 2786 1160 illos
2837 1110 2887 1160 in
2931 1121 3169 1161 montem
3211 1109 3508 1172 excelsum,
3547 1119 3600 1164 ιιι

2017 1200 2440 1270 transfiguratus
2480 1209 2561 1255 est
2611 1208 2737 1254 ante
2770 1215 2886 1252 eos.
2947 1200 3008 1253 Et
3053 1201 3392 1267 rcsplenduit
3434 1202 3601 1256 facies

2013 1291 2132 1359 ejus
2161 1293 2301 1346 sicut
2327 1292 2404 1346 sol
2448 1293 2513 1345 ¹².
2548 1290 2657 1345 lloc
2691 1291 2928 1361 primum
2973 1307 3033 1346 ex
3073 1293 3363 1363 Etangelio
3391 1295 3600 1364 perspi-

2013 1386 2223 1440 ciamus
2261 1400 2482 1440 necesse
2518 1395 2624 1447 est,
2683 1387 2959 1439 undenam
3001 1388 3204 1440 Christi
3240 1389 3520 1457 apostolus
3547 1397 3602 1442 et

2011 1478 2342 1549 evangelista
2364 1478 2650 1534 Mattbmus
2685 1495 2778 1532 sex
2830 1479 2947 1533 dies
2976 1491 3277 1543 enunieret,
3305 1490 3423 1548 post
3461 1495 3599 1548 quos

2014 1572 2310 1626 Dominicae
2357 1573 2859 1626 transformatiouis
2925 1573 3040 1628 dies
3079 1575 3381 1627 advenerit.
3422 1578 3455 1626 Α
3489 1590 3598 1642 quo

2013 1665 2178 1735 igitur
2232 1663 2319 1720 die
2357 1665 2491 1718 iAb
2523 1681 2587 1720 eo
2633 1665 2858 1729 scilicet,
2895 1664 2948 1719 in
3019 1681 3128 1733 quo
3198 1668 3453 1720 Dominus
3501 1666 3601 1720 do-

2011 1774 2140 1813 cens
2182 1757 2478 1826 discipulos
2525 1773 2656 1813 suos
2705 1757 2888 1812 aiebat
2934 1774 2949 1812 :
2991 1777 3010 1810 ι
3055 1757 3356 1812 Venturum
3396 1757 3591 1812 Filium

2010 1851 2248 1906 hominis
2277 1852 2328 1905 iu
2363 1851 2530 1921 gloria
2557 1851 2734 1906 Patris
2770 1854 2888 1919 sui;
2927 1872 2944 1902 ι
2991 1853 3329 1918 addiditque,
3363 1853 3591 1907 dicens:

2015 1941 2184 1997 «Sunt
2218 1944 2437 2013 quidam
2469 1943 2536 1998 de
2570 1943 2658 1997 bic
2687 1944 2978 2005 stantibus.
3017 1946 3109 2014 qui
3161 1961 3264 1997 non
3299 1935 3596 2015 gustabunt

2011 2043 2266 2100 mortem,
2299 2035 2472 2090 donec
2499 2029 2730 2090 videant
2753 2032 2948 2088 Filium
2996 2035 3235 2090 hominis
3286 2037 3592 2090 venientem

2011 2126 2065 2179 in
2097 2142 2264 2196 regno
2290 2145 2390 2184 suo
2425 2129 2506 2194 ¹¹;
2548 2147 2565 2180 ι
2597 2142 2789 2198 nempe
2820 2125 2999 2182 Patris
3045 2126 3277 2198 gloriam
3311 2143 3374 2182 ac
3423 2128 3595 2195 maje-

2012 2233 2233 2285 statetn,
2259 2237 2530 2292 suumque
2555 2237 2804 2292 regnum,
2827 2221 3060 2291 propriae
3089 2221 3272 2274 lumen
3305 2219 3597 2276 'l‘x-anslor-

2014 2314 2271 2368 mntionis
2303 2329 2524 2369 vocans.

2083 2581 2198 2639 lloc
2231 2599 2447 2655 quoque
2473 2583 2650 2640 Lucas
2680 2585 3014 2657 evangelista
3063 2586 3365 2644 insinuans
3409 2590 3593 2644 mani-

2013 2675 2317 2748 festiusque
2333 2693 2614 2746 exponens
2642 2720 2661 2746 ,
2698 2696 2716 2729 ι
2744 2668 2894 2733 Facti
2927 2689 3078 2744 sunt,
3112 2679 3308 2751 inquit,
3344 2690 3465 2750 post
3495 2685 3593 2736 hos

2013 2787 2319 2832 sermones.
2347 2771 2458 2827 fere
2489 2772 2606 2828 dies
2637 2785 2783 2830 octo.
2818 2771 2882 2826 Et
2910 2783 3196 2845 assumpto
3233 2773 3393 2838 Iesus
3428 2775 3588 2830 Petro

2012 2873 2067 2920 et
2095 2861 2299 2920 Iacobo
2349 2874 2403 2920 et
2435 2865 2645 2920 Joanne
2670 2903 2686 2928 ,
2728 2866 2972 2921 ascendit
3003 2867 3059 2921 in
3089 2878 3352 2932 montem,
3381 2880 3439 2923 ut
3469 2885 3593 2922 ora~

2015 2965 2120 3013 ret.
2156 2957 2222 3012 Et
2253 2957 2395 3012 facta
2427 2964 2531 3024 est,
2581 2956 2710 3012 dum
2752 2969 2959 3026 oraret,
2995 2961 3207 3029 species
3243 2961 3423 3015 vultus
3470 2962 3589 3032 ejus

331 3053 587 3125 εὔχεσθαι
631 3057 792 3112 αὑτὸν
825 3057 888 3111 τδ
914 3054 1053 3122 εἶδος
1091 3058 1188 3114 τοῦ
1238 3061 1530 3130 προσώπου
1572 3061 1738 3117 αὐτοῦ
1791 3061 1908 3116 ιτε-

2013 3049 2161 3117 alia;
2196 3058 2250 3106 et
2273 3052 2501 3106 vestitus
2531 3050 2650 3121 ejus
2683 3051 2840 3107 albus
2867 3051 3140 3123 refulgens
3176 3053 3241 3108 ".
3280 3072 3299 3106 ι
3349 3053 3416 3110 At
3447 3071 3589 3125 quo-

336 3165 450 3220 ρον,
478 3151 572 3202 καὶ
595 3152 623 3202 6
653 3151 946 3224 ἰματισμὸς
974 3152 1145 3208 αὑτοῦ
1175 3153 1370 3218 λευκὸς
1418 3154 1836 3225 ἐξαστράπτων.
1877 3175 1896 3208 ›

350 3242 512 3297 una
544 3243 661 3306 πῶς
691 3245 1082 3315 συμφωνοῦσιν
1106 3247 1381 3319 ἀλλήλοις,
1404 3251 1434 3301 6
1465 3249 1587 3319 μὲν,
1617 3250 1762 3304 ὀκτὼ
1805 3269 1908 3321 φα-

333 3337 506 3406 νερῶς
536 3335 709 3390 εἰπὼν
737 3338 833 3402 τὰς
860 3341 1067 3412 μεταξὺ
1107 3341 1205 3412 τῆς
1262 3341 1596 3410 ἐπαγγελίας
1660 3346 1756 3396 καὶ
1805 3343 1910 3413 τῆς

334 3431 652 3501 ἑπιφανείας
683 3435 964 3505 ἡμέρας,ὀ
992 3437 1069 3499 δὲ,
1092 3437 1210 3506 μεθ’
1243 3440 1456 3508 ἡμέρας
1506 3439 1567 3504 ’ἐξ
1605 3457 1620 3502 ;
1654 3439 1907 3494 Ἀκούετε

335 3526 427 3578 καὶ
456 3526 686 3578 συνίετε.
725 3527 899 3580 Ὀκτὼ
939 3530 1033 3582 ἐπὶ
1062 3530 1154 3582 τοῦ
1177 3529 1339 3600 ὅρους
1360 3526 1519 3602 ἦσαν,
1557 3535 1646 3586 καὶ
1671 3532 1731 3596 ἒξ
1754 3533 1910 3602 ἐφαί-

342 3634 516 3672 νοντο.
557 3620 717 3689 Τρεῖς
750 3613 919 3685 οὗτοι,
953 3621 1155 3687 Πέτρος
1181 3622 1276 3676 καὶ
1309 3623 1565 3686 Ἰάκωϐος
1599 3625 1693 3677 καὶ
1731 3625 1912 3678 Ἰωάν-

339 3730 459 3782 νης,
493 3713 538 3767 οἰ
560 3713 640 3784 τῷ
677 3711 848 3784 Ἰησοῦ
876 3713 1278 3778 συναναϐάντες
1299 3731 1312 3745 ·
1342 3711 1551 3770 εἰδονδι
1575 3719 1693 3772 ἐκεῖ
1721 3717 1908 3771 συνόν-

333 3823 433 3869 τας
464 3805 612 3875 αύτῷ
651 3806 748 3859 καὶ
776 3805 1196 3873 συλλαλοῦντας,
1232 3807 1329 3860 καὶ
1387 3808 1480 3860 τὸν
1536 3810 1782 3880 Μωῦσῆν
1813 3812 1908 3865 καὶ

333 3900 424 3951 τὸν
463 3898 670 3964 Ἠλίαν,
701 3898 778 3962 ώς
803 3895 942 3952 εἶναι
997 3899 1222 3962 τούτους
1249 3900 1311 3966 ἒξ
1337 3915 1353 3931 ⁸
1401 3900 1544 3955 ἀλλὰ
1579 3903 1656 3972 τῷ
1715 3903 1907 3972 Κυρίῳ

338 3990 556 4051 πάντως
609 3989 856 4060 ἀοράτως
888 3989 986 4042 καὶ
1014 3990 1043 4041 6
1094 3989 1286 4060 Πατὴρ
1319 3989 1412 4043 καὶ
1467 3993 1528 4043 τὸ
1565 3988 1788 4058 Πνεῦμα
1847 3989 1908 4042 τδ

336 4084 492 4151 άγιον
521 4085 724 4152 συνῆνο
751 4084 780 4134 6
815 4081 913 4152 μὲν
965 4083 1259 4152 μαρτυρῶν
1312 4083 1402 4136 διὰ
1454 4082 1636 4152 φωνῆς
1675 4081 1905 4148 οἰκείας,

333 4177 620 4245 ἀγαπητὸν
688 4177 816 4230 Υίδν
870 4173 1015 4230 εἶναι
1069 4176 1260 4229 τοῦτον
1308 4173 1503 4227 ἑαυτοῦ
1539 4191 1553 4206 ο
1593 4175 1654 4227 τὸ
1679 4174 1736 4226 δὲ
1813 4173 1906 4226 διὰ

331 4271 430 4342 τῆς
490 4270 758 4340 φωτεινῆς
823 4269 1052 4339 νεφέλης
1101 4266 1516 4339 συνικλάμπον,
1552 4268 1648 4321 καὶ
1698 4267 1759 4320 τὺ
1808 4264 1904 4318 τοῦ

334 4363 469 4417 Υἰοῦ
505 4365 639 4434 πρός
686 4379 746 4415 τε
775 4363 908 4417 αὐτὸ
951 4361 1166 4415 καὶτὸν
1235 4360 1455 4429 Πατέρα
1507 4359 1752 4428 συμφυὲς
1811 4359 1904 4412 καὶ

333 4451 533 4511 ἑνιαίον
558 4457 652 4510 τοῦ
683 4458 858 4525 φωτὸς
890 4453 1138 4508 δεικνύον
1171 4469 1184 4485 ο
1209 4453 1419 4508 τούτων
1471 4456 1580 4523 γὰρ
1618 4451 1844 4515 πλοῦτος
1870 4454 1904 4522 ἡ

336 4551 609 4619 συμφυῖα,
636 4549 728 4604 καὶ
761 4548 822 4600 τὸ
853 4546 910 4600 ἒν
960 4545 1172 4616 ἔξαλμα
1227 4549 1326 4617 τῆς
1343 4545 1726 4617 λαμπρότητος
1750 4562 1765 4577 ο
1820 4545 1912 4598 οῦδ

330 4656 443 4702 τως
473 4639 565 4693 οῦν
597 4639 740 4693 ὀκτώ
759 4644 896 4693 εἰσιν
918 4641 969 4693 οἰ
1001 4639 1085 4706 ἒξ.
1123 4637 1216 4702 Ὠς
1252 4635 1346 4694 οῦν
1397 4639 1456 4691 ἑν
1511 4639 1718 4698 τούτοις
1760 4636 1913 4688 ούδεο

339 4734 472 4802 μίαν
491 4733 791 4800 διαφωνίαν
813 4733 930 4802 ἔχει
960 4737 987 4787 6
1013 4732 1075 4798 ἓξ
1099 4733 1238 4804 πρὸς
1275 4733 1367 4784 τὸν
1398 4727 1566 4796 ὀκτὼ,
1595 4729 1764 4792 οὕτως
1787 4727 1911 4781 οὐδὲ

333 4827 384 4880 οἱ
408 4825 794 4894 εύαγγελισταὶ
817 4824 1199 4895 διαφωνοῦσιν,
1222 4827 1248 4876 6
1272 4825 1369 4892 μὲν
1391 4820 1561 4874 εἰπὼν
1583 4860 1599 4885 ,
1627 4821 1745 4899 μεθ’
1771 4820 1911 4890 ὴμέ-

336 4934 436 4989 ρας
459 4917 539 4982 ἓξ,
567 4920 596 4971 6
628 4917 684 4971 δὲ
727 4919 965 4982 Λουκᾶς,
1005 4915 1292 4984 Ἐγένοντο
1352 4913 1490 4980 μετὰ
1549 4914 1672 4974 τοὺς
1722 4911 1913 4977 λόγους

337 5009 560 5072 τούτους
583 5006 658 5072 ῶς
676 5009 880 5080 ἡμέραι
907 5007 1052 5060 ὀκτώ
1077 5023 1093 5039 θ
1126 5005 1243 5059 ἀλλ’
1276 4999 1386 5056 οἷόν
1421 5019 1544 5055 τινα
1576 5001 1742 5054 τύπον
1779 5001 1912 5070 ἡμῖν

351 5099 423 5152 δι’
477 5099 813 5169 ἀμφοτέρων
875 5097 1080 5151 τούτων
1137 5096 1348 5148 ἔδωκαν
1399 5092 1508 5145 τῶν
1563 5092 1738 5157 λόγων
1807 5089 1916 5142 τῶν

339 5198 398 5250 ἒν
452 5194 532 5265 τῷ
575 5194 690 5262 ὄρει
743 5193 1030 5263 μυστικῶς
1089 5191 1203 5259 ἅμα
1235 5187 1330 5242 καὶ
1392 5185 1651 5257 ἐμφανῶς
1673 5182 1914 5237 συνειλεσ

336 5287 578 5358 γμένων.
615 5287 746 5339 Ἰδοι
777 5287 886 5356 γὰρ
911 5285 976 5338 ἄν
1005 5300 1086 5346 τις
1116 5280 1259 5335 οὕτω
1290 5284 1382 5334 καὶ
1419 5279 1557 5332 κατὰ
1583 5277 1642 5331 τὸ
1669 5278 1908 5346 γράμμα

337 5381 519 5442 καλῶς
552 5379 795 5445 σκοπῶν,
818 5378 1113 5447 ὁμολόγους
1169 5375 1430 5444 ἀλλήλους
1462 5375 1586 5436 τοὺς
1637 5372 1904 5441 θεοκήρυ-

339 5489 478 5536 καςο
511 5471 658 5525 ὀκτὼ
693 5472 802 5539 γὰρ
829 5467 1043 5523 εἰπενρό
1076 5469 1290 5531 Λουκᾶς
1321 5466 1554 5537 ἡμέρας,
1591 5464 1652 5516 ού
1704 5464 1907 5532 διαφω-

337 5565 446 5621 νῶν
479 5566 614 5637 πρὸς
641 5566 866 5628 ἐκεῖνον,
906 5563 1131 5616 εἰπόντα
1195 5561 1314 5632 μεθ’
1367 5560 1580 5630 ἡμέρας
1635 5555 1716 5622 ἐξ,
1768 5557 1903 5610 ἀλλὰ

410 5748 451 5780 ’ί
483 5745 673 5804 Matth.
713 5760 844 5810 svu,
881 5742 1087 5813 lscqq.

675 5846 784 5905 Ρη
801 5860 942 5904 ιιοι..
983 5844 1097 5904 GI.
1133 5837 1258 5902 CLI

2014 3161 2141 3200 nam
2176 3145 2340 3202 modo
2371 3146 2516 3201 inter
2552 3161 2610 3200 se
2635 3145 3006 3209 consentiunt,
3042 3163 3167 3201 eum
3200 3149 3336 3203 alter
3367 3152 3584 3218 quidem

2014 3248 2141 3294 octo
2170 3239 2346 3310 palam
2379 3238 2496 3294 dies
2527 3239 2907 3295 intercessisse
2941 3241 3088 3296 dicat
3122 3258 3149 3295 ε
3192 3243 3587 3312 pollicitatione

2014 3331 2082 3386 ad
2113 3331 2473 3402 apparitionis
2503 3331 2667 3396 diem,
2731 3333 2866 3386 alter
2889 3349 3037 3397 vero,
3063 3352 3079 3384 ι
3116 3343 3239 3405 post
3268 3351 3360 3390 sex
3396 3337 3535 3400 dies,
3566 3360 3583 3389 ο

2014 3424 2248 3478 habeat?
2270 3423 2469 3479 Audite
2501 3438 2566 3477 nc
2596 3425 2906 3496 intelligite.
2932 3424 3070 3479 Octo
3102 3439 3257 3480 erant
3295 3429 3344 3481 in
3377 3441 3584 3494 monte,

2012 3527 2068 3571 et
2094 3532 2188 3572 sex
2221 3517 2577 3585 apparebant.
2607 3517 2878 3571 Nimirum
2919 3517 2972 3572 hi
3013 3528 3146 3584 tres,
3180 3520 3374 3575 Petrus
3417 3532 3469 3576 et
3496 3521 3587 3575 Ja-

2013 3611 2180 3666 cobus
2217 3619 2273 3665 ct
2300 3609 2561 3676 Joannes,
2598 3611 2690 3680 qui
2726 3626 2852 3664 cum
2891 3609 3017 3665 Iesu
3053 3614 3413 3666 ascenderant
3446 3657 3458 3679 ,
3501 3617 3584 3666 vi-

2014 3703 2326 3775 deruntque
2379 3705 2450 3759 ibi
2505 3713 2789 3758 versantes
2830 3719 2952 3758 cum
3004 3702 3153 3768 Jesu,
3203 3705 3364 3773 eique
3415 3707 3586 3759 collo-

2013 3804 2267 3867 quentes,
2289 3793 2511 3864 Moysen
2545 3804 2594 3848 ει
2629 3793 2801 3846 Eiiam
2833 3795 2960 3846 :sed
2989 3807 3036 3848 et
3071 3793 3228 3848 Pater
3259 3804 3312 3848 et
3345 3795 3583 3863 Spiritus

2011 3897 2238 3954 sanctus
2296 3884 2556 3940 invisibili
2613 3901 2843 3955 prorsus
2893 3901 3016 3939 cum
3081 3886 3311 3940 Domino
3372 3888 3584 3941 ratione

2010 3989 2167 4035 erant
2199 3998 2211 4034 :
2248 3981 2385 4032 alter
2415 3977 2634 4048 quidem
2666 3993 2797 4032 voce
2855 3994 2955 4034 sua
3009 3986 3267 4032 testatum
3325 3978 3581 4041 reddens,

2012 4088 2132 4127 esse
2166 4074 2311 4125 hunc
2357 4069 2555 4124 Filium
2609 4085 2767 4123 suum
2813 4071 3224 4136 charisstmutn,
3265 4070 3400 4123 alter
3455 4086 3584 4123 vero

2013 4172 2065 4220 iu
2099 4167 2245 4222 nube
2307 4167 2484 4221 lucida
2521 4166 2724 4236 pariter
2771 4166 3055 4234 etl‘ulgcus,
3107 4165 3339 4236 Filiique
3395 4183 3582 4220 serum

2011 4271 2064 4312 ct
2113 4276 2235 4314 eum
2298 4261 2458 4314 Patre
2509 4260 2651 4314 lucis
2705 4259 3150 4326 coniunctimem
3205 4275 3266 4313 ac
3319 4262 3581 4314 unitatem

2014 4351 2336 4408 ostendens.
2375 4351 2581 4406 Horum
2614 4353 2760 4406 enim
2794 4352 3072 4421 opulentia
3130 4353 3448 4420 conjunctio
3501 4365 3584 4413 est

2015 4463 2230 4515 unaque
2262 4446 2567 4516 splendoris
2592 4443 2939 4514 prosultatio.
2971 4444 3060 4497 Sic
3090 4443 3253 4513 igitur
3281 4457 3408 4499 sunt
3437 4457 3578 4498 octo.

2011 4537 2489 4606 Quemadmodum
2543 4536 2707 4607 igitur
2754 4537 2887 4589 nihil
2928 4537 3014 4590 hic
3050 4539 3297 4590 diSsonat
3331 4541 3582 4591 senarius

2011 4633 2079 4685 ab
2113 4629 2434 4695 octonat-io,
2472 4630 2554 4682 sic
2595 4643 2772 4697 neque
2822 4627 3278 4696 erangelistarum
3309 4630 3414 4680 ulla
3459 4630 3578 4682 dis-

2011 4722 2199 4777 cordia
2259 4729 2363 4786 est,
2396 4721 2539 4790 quod
2577 4719 2714 4774 alter
2742 4719 2965 4781 dixerit,
3004 4737 3022 4771 ι
3058 4729 3180 4790 post
3229 4719 3345 4774 dies
3389 4737 3480 4774 sex
3511 4740 3524 4785 ;
3559 4743 3576 4772 ι

2013 4813 2190 4867 Lucas
2219 4828 2347 4868 vero
2381 4829 2394 4867 :
2443 4831 2462 4865 ι
2497 4812 2648 4867 Facti
2685 4821 2811 4867 sunt
2847 4821 2972 4880 post
2999 4814 3096 4865 hos
3137 4826 3425 4868 sermones
3476 4814 3586 4867 fere

2013 4908 2132 4961 dies
2164 4917 2326 4970 octo;
2361 4923 2378 4956 ι
2414 4906 2508 4960 sed
2547 4905 2796 4974 utrisque
2830 4904 2981 4958 velut
3012 4907 3365 4974 spectandam
3403 4906 3582 4970 nobis,

2011 5015 2200 5054 eorum
2231 5013 2351 5067 qua:
2369 5000 2638 5052 secretius
2659 4999 2847 5063 simul,
2880 5006 2937 5052 et
2961 5014 3081 5066 qum
3111 4999 3286 5066 palam
3322 5001 3371 5051 in
3401 5012 3584 5052 monte

2012 5092 2326 5146 consociata
2359 5099 2565 5156 essent,
2601 5095 2836 5159 speciem
2872 5090 3090 5144 dedere.
3145 5091 3234 5144 Sic
3279 5093 3423 5145 enim
3459 5095 3582 5160 quis

2014 5185 2078 5238 ad
2111 5183 2344 5236 litteram
2374 5199 2596 5252 quoque
2630 5185 2732 5236 rite
2760 5181 3142 5241 considerans,
3188 5183 3330 5234 inter
3362 5199 3419 5236 se
3451 5201 3582 5236 con-

2016 5277 2208 5330 cordes
2243 5275 2455 5328 divinos
2493 5289 2770 5342 praecones
2801 5272 3112 5327 adverterit.
3165 5271 3302 5326 Octo
3347 5289 3584 5336 namque.

2016 5367 2133 5420 dies
2168 5367 2304 5420 dixit
2333 5369 2522 5421 beatus
2555 5366 2752 5427 Lucas,
2810 5381 2913 5416 nou
2961 5366 3028 5415 ab
3057 5380 3122 5416 eo
3157 5364 3448 5428 dissidens,
3488 5366 3581 5430 Qui

2020 5477 2038 5509 ι
2081 5473 2203 5528 post
2253 5474 2345 5514 sex
2375 5458 2509 5521 dies,
2545 5477 2564 5508 ι
2607 5457 2851 5519 dixerat;
2897 5456 2986 5507 sed
3043 5454 3184 5506 velut
3237 5455 3579 5522 complexus,

2014 5563 2133 5608 tum
2168 5569 2286 5608 eam
2323 5552 2490 5618 diem,
2525 5567 2630 5623 qua
2669 5563 2946 5608 sermones
2993 5548 3156 5600 habiti
3192 5558 3404 5613 essent,
3460 5559 3573 5602 tum

1165 5743 1206 5774 ¹¹
1239 5741 1426 5796 Matth.
1455 5738 1676 5796 ..VI.Q7.
1762 5740 1802 5771 ’³
1845 5739 1978 5794 Luc.
2018 5756 2093 5804 ιτ,
2133 5737 2223 5793 28.

3155 5833 3224 5892 ιι
