4078 6216
233 239 331 297 4ῧῖ

1549 230 1881 293 HOMILIA
1912 230 2160 292 XXXVI

3387 223 3494 284 453

235 367 374 423 ρισς,
413 350 510 404 καὶ
553 351 663 404 τῶν
691 351 932 419 ἀνομιῶν
967 351 1122 422 ὑμῶν
1160 351 1222 407 οὒ
1277 353 1352 424 μὴ
1406 352 1628 426 μνησθῶ
1657 351 1761 407 ἔτι.
1794 371 1811 403 r

1940 349 2125 405 Deinde
2152 363 2183 404 e
2211 347 2412 420 tcmpio
2441 345 2673 418 egressi,
2705 355 2760 401 et
2801 345 2867 401 iis
2897 344 2991 415 qui
3017 357 3117 398 nos
3149 341 3502 399 offenderunt

233 441 376 500 Εἶτα
425 445 520 498 τοῦ
578 445 707 499 ναού
767 444 1144 518 ἐξερχόμενοϋ,
1210 451 1306 501 καὶ
1372 448 1487 510 τοῖς
1538 448 1620 510 εἰς
1671 447 1820 516 ἡμᾶς

228 537 554 593 ιπταικὸσιν
583 538 1021 608 ἐντυγχάνοντες,
1069 539 1504 604 προσπίπτωσιν
1536 537 1684 591 ἔστιν
1732 539 1822 591 ὅτε

227 636 324 686 καὶ
360 632 662 701 δεομένοις,
695 632 883 702 βαρεῖς
913 632 1102 695 αὐτοῖς
1132 634 1296 701 ἐσμεν
1327 632 1421 684 καὶ
1451 629 1696 700 ἀνηλεεῖς
1725 630 1822 684 καὶ

226 725 574 794 ἀμείλικτοι,
607 725 701 798 καὶ
727 722 900 777 ταῦτα
926 723 1059 794 μηδὲ
1094 723 1352 793 δηναρίου
1378 723 1556 791 λόγων
1590 723 1820 793 ἑχόντων

225 813 342 866 τῶν
379 814 522 884 πρὸς
557 814 709 882 ἡμᾶς
745 812 968 864 ἐκείνων
1006 813 1362 883 πταισμάτων
1390 814 1545 883 προςῖ
1571 813 1641 864 τὰ
1685 810 1824 882 ἡμέ-

225 920 370 973 τερα
399 904 540 972 πρὸς
569 905 662 956 τὶν
693 902 824 956 Θεὸν
850 902 1193 966 ταλαντιαία,
1222 902 1421 968 μᾶλλον
1445 904 1504 957 δὲ
1534 903 1628 956 καὶ
1658 903 1821 957 πολυ-

225 997 486 1051 τάλαντα
515 994 670 1050 ὂντα.
705 995 808 1047 Διὰ
835 994 991 1048 τοῦτο
1026 997 1055 1048 ὁ
1081 995 1448 1065 συμπαθήσας
1481 996 1615 1065 ἡμῖν
1650 1011 1822 1064 μετα-

223 1087 470 1156 νοήσασι
502 1086 704 1156 Κύριος
734 1086 830 1140 καὶ
856 1086 924 1139 τὰ
947 1085 1182 1139 τοσαῦτα
1226 1087 1407 1154 ἀφεὶς,
1443 1086 1566 1139 ίδὼν
1594 1084 1654 1140 τδ
1685 1087 1823 1155 πρὸς

223 1181 361 1243 τοὺς
389 1178 702 1247 ὁμοφύλους
729 1179 1054 1248 ἀσυμπαθὶς
1081 1178 1237 1249 ἡμῶν
1264 1180 1361 1232 καὶ
1406 1179 1709 1246 ἀνένδοτον,
1733 1179 1827 1250 ὀρ-

221 1269 459 1339 γίζεται
501 1270 622 1325 καθ’
663 1271 824 1341 ἡμῶν
859 1270 1105 1334 δικαίως,
1141 1271 1240 1324 καὶ
1271 1271 1637 1344 παραδίδωσιν
1675 1273 1824 1342 ἡμᾶς

219 1364 354 1423 ταῖς
391 1360 741 1425 ἀνυποίστοις
775 1360 1051 1429 βασάνοις.
1087 1363 1202 1425 τοῖς
1247 1379 1307 1414 τε
1344 1363 1579 1416 ἐνταῦθα
1631 1379 1826 1436 πειρα-

222 1454 428 1520 σμοῖς,
465 1453 561 1504 καὶ
599 1455 721 1515 ταῖς
769 1452 1094 1523 μελλούσαις
1132 1454 1512 1527 ἀτελευτήτοις
1543 1455 1822 1518 κολάσεσι,

221 1545 359 1600 κατ’
417 1531 584 1598 αύτδν
630 1546 867 1599 ινταῦθα
911 1546 1004 1597 τὸν
1037 1548 1137 1616 τῆς
1164 1547 1569 1618 ἀὑτοαληθείας
1623 1548 1822 1616 λόγον’

227 1656 247 1686 ι
281 1635 460 1689 Οὕτω
495 1637 625 1706 γὰρ,
669 1638 857 1704 φησιν,
889 1635 984 1688 καὶ
1009 1638 1038 1690 ὁ
1066 1638 1260 1707 Πατήρ
1293 1656 1394 1707 μου
1434 1639 1463 1690 ὁ
1501 1639 1825 1709 ἐπουράνιος

218 1732 464 1802 ποιήσει
497 1729 644 1799 ὑμῖν,
678 1729 772 1782 ἐὰν
800 1729 874 1799 μὴ
907 1729 1080 1798 ἀφῆτε
1109 1729 1340 1792 ἕκαστος
1369 1731 1448 1798 τῷ
1482 1729 1699 1800 ἀδελφῷ
1727 1731 1826 1784 αὖ·
1855 1712 1897 1768 Β

216 1821 484 1884 τοῦ,ἀώ
513 1823 620 1874 τῶν
653 1821 887 1891 καρδιῶν
919 1821 1092 1892 ὑμῶν.
1131 1841 1150 1874 ι
1186 1822 1261 1875 Τὸ
1286 1823 1332 1874 δ’
1361 1821 1443 1876 ἔτι
1481 1823 1782 1896 δεινότερον
1807 1867 1825 1893 ,

215 1917 306 1969 δτι
348 1915 456 1968 καὶ
495 1917 619 1978 τοὺς
647 1914 817 1978 ὅντως
849 1913 942 1969 τοῦ
982 1915 1119 1968 Θεοῦ
1147 1915 1386 1981 δούλους,
1419 1916 1666 1985 δηλονότι
1699 1919 1829 1984 τοὺς

218 2010 432 2076 ἁγέους
462 2007 728 2074 ἀγγέλους
779 2024 839 2061 τε
888 2010 981 2062 καί
1011 2009 1358 2080 ἀνθρώπους,
1408 2010 1502 2075 οὓς
1531 2012 1829 2084 ἐλπίζομεν

218 2093 586 2156 ἱκετεύοντες
605 2094 874 2156 ἐντεῦθεν,
894 2096 1235 2166 πρεσϐευτὰς
1259 2099 1422 2171 204
1443 2101 1586 2167 ἕξειν
1603 2104 1719 2155 ἐκεῖ
1735 2103 1833 2157 καὶ

231 2186 487 2256 μεσίτας
516 2185 651 2257 πρὸς
682 2187 838 2252 Θεὸν,
861 2187 984 2240 καθ’
1011 2188 1190 2258 ἡμῶν,
1219 2191 1320 2258 φεῦ
1347 2193 1358 2245 l
1398 2193 1705 2264 εύρὴσομεν
1741 2197 1834 2250 τὸν

218 2276 370 2329 Θεὸν
424 2277 852 2345 παροξύνοντας,
886 2277 980 2332 ἐὰν
1025 2278 1099 2351 μὴ
1144 2281 1379 2334 ἐνταῦθα
1413 2286 1527 2348 τοῖς
1573 2289 1653 2348 είς
1685 2287 1835 2356 ἡμᾶς

221 2366 515 2418 πταίσασι
559 2368 867 2436 συμπαθεῖς
897 2369 1195 2439 φανῶμεν·
1228 2371 1383 2426 αὐτοὶ
1428 2375 1537 2444 γάρ
1570 2376 1729 2441 εἰσιν,
1759 2377 1834 2441 ὼς

217 2459 510 2528 ἀνωτέρω
538 2459 965 2530 μεμαθήκαμεν,
1001 2464 1051 2514 oi
1083 2463 1162 2534 τῷ
1195 2464 1387 2536 Κυρίῳ
1420 2469 1562 2535 μετὰ
1597 2469 1836 2539 σφοδρᾶς

217 2549 424 2618 λύττης
480 2553 986 2622 προσαγγέλλοντες
1021 2553 1083 2608 τδ
1122 2557 1358 2628 σκληρὸν
1402 2559 1500 2614 καὶ
1547 2561 1831 2616 ἀνίνδοτον

219 2645 332 2712 τῆς
371 2645 663 2715 ἡμετέρας
685 2646 931 2717 γνώμης.
955 2648 1152 2714 Καλῶς
1176 2650 1230 2703 δὲ
1259 2652 1369 2722 ἄρα
1397 2654 1496 2706 καὶ
1526 2654 1624 2725 τὴν
1657 2655 1832 2728 ἀρχὴν

218 2735 533 2805 ἐλέγομεν,
560 2737 650 2790 τὸν
693 2738 888 2793 ἑαυτοῦ
932 2740 1151 2812 Πατέρα
1187 2737 1425 2809 εἷναι,ὕν
1469 2744 1549 2804 ὡς
1603 2745 1829 2815 βασιλέα

1922 451 2296 505 occurrentes,
2349 439 2455 496 etsi
2513 438 2868 508 procidentes
2926 436 3234 500 obsecrent,
3285 435 3406 488 duri
3446 441 3505 489 et.

1924 534 2043 589 sine
2072 532 2444 588 misericordia
2468 540 2521 587 ct
2542 529 2828 586 inhumani
2856 544 2954 584 eos
2976 529 3350 596 inca-panius.
3377 527 3504 581 licet

1923 640 2112 680 eorum
2154 626 2221 681 ad
2258 640 2359 681 nos
2395 625 2578 681 debila
2618 640 2685 679 ne
2714 622 2924 679 denarii
2968 623 3188 692 quidem
3227 620 3501 676 rationem

1927 719 2164 772 habeam
2193 718 2237 773 si
2268 727 2658 788 comparentur
2686 732 2810 771 cum
2863 715 3069 769 nostris
3102 713 3168 768 ad
3204 715 3370 768 Deum
3408 715 3505 766 tle-

1926 808 2052 864 bitis
2074 809 2276 865 talento
2306 823 2402 865 seu
2432 809 2616 879 potius
2647 808 2833 864 multis
2869 808 3088 861 talentis
3123 805 3508 876 seqnivalenti-

1927 902 2051 958 bus.
2084 903 2210 958 Ideo
2246 902 2337 973 qui
2368 902 2542 958 nostri
2574 901 2958 972 pmnitentiutn
2996 901 3253 954 misertus
3280 906 3364 953 est
3395 896 3505 950 Dn-

1928 996 2110 1051 ruinus
2133 1003 2187 1050 et
2210 1004 2360 1051 tanta
2391 996 2620 1060 dimisit,
2652 994 2846 1049 videns
2877 1009 2978 1048 nos
3003 1009 3131 1062 erga
3170 991 3368 1048 fratres
3401 992 3507 1045 fer-

1927 1101 2051 1140 reos
2077 1098 2132 1141 et
2165 1086 2557 1151 inexorabiles.
2594 1086 2718 1156 jure
2757 1085 3022 1141 adversus
3068 1100 3169 1139 nos
3221 1084 3504 1143 irascitur.

1927 1192 2139 1245 nosque
2161 1178 2327 1232 tradit
2352 1177 2644 1247 suppliciis
2675 1165 3141 1238 intolerabilibus,
3169 1173 3256 1229 hic
3283 1173 3507 1243 quidem

1928 1269 2322 1326 tentationibus
2349 1277 2404 1324 et
2448 1269 2648 1324 futuris
2691 1267 3016 1338 perennibus
3069 1265 3271 1336 paruis,
3308 1278 3508 1317 secun-

1928 1365 2058 1419 dum
2102 1362 2235 1418 illud
2278 1362 2449 1431 ipsius
2497 1362 2746 1418 veritatis
2782 1361 3010 1414 verbum
3043 1377 3058 1414 :
3097 1377 3117 1410 ι
3162 1357 3270 1420 Sic,
3311 1357 3508 1425 inquit,

1928 1463 1978 1509 et
2003 1454 2164 1510 Pater
2191 1469 2349 1509 meus
2381 1454 2628 1510 caelestis
2657 1451 2823 1507 faciet
2858 1451 3041 1516 vobis,
3075 1452 3118 1505 si
3144 1465 3252 1504 non
3281 1449 3505 1503 remisev

1930 1544 2048 1600 ritis
2074 1545 2458 1614 unusquisque
2488 1542 2640 1598 fratri
2688 1557 2788 1597 suo
2816 1541 2884 1594 de
2927 1540 3187 1595 cordibus
3224 1538 3443 1594 vestris.
3488 1555 3506 1586 ι

1932 1635 2087 1704 Quod
2115 1634 2294 1692 adhuc
2321 1646 2404 1690 est
2435 1632 2732 1688 immanius
2751 1671 2767 1686 .
2791 1629 2993 1687 sinceri
3025 1630 3168 1685 servi
3198 1628 3315 1692 Dei,
3348 1627 3402 1681 id
3426 1635 3514 1680 est

1934 1729 2108 1785 sancti
2127 1741 2237 1782 tam
2275 1727 2452 1796 angeli
2479 1742 2641 1796 quam
2668 1723 2923 1781 homines
2956 1738 3097 1796 quos
3132 1723 3219 1778 hic
3248 1730 3511 1793 rogantes

1935 1833 2222 1890 speramus
2251 1819 2650 1874 intercessores
2677 1817 2750 1872 ibi
2776 1817 2978 1872 habere
3004 1824 3057 1870 et
3086 1814 3418 1868 mediatores
3441 1812 3510 1866 at!

1936 1912 2130 1977 Deum,
2159 1920 2348 1967 contra
2375 1927 2498 1976 nos,
2526 1911 2671 1965 beui
2703 1909 3050 1964 inveniemus
3074 1906 3248 1961 Deum
3275 1906 3343 1960 ad
3374 1904 3515 1960 irau'o.

1937 2006 2336 2070 concitaturos,
2367 2004 2475 2059 nisi
2505 2003 2599 2058 hic
2623 2003 2693 2058 iis
2732 2003 2826 2072 qui
2853 2016 2956 2057 nos
2991 1999 3340 2055 oﬂ’enderunt
3364 2011 3517 2054 com-

1937 2098 2345 2153 miserationem
2387 2096 2766 2152 exltibeamus.
2799 2093 2910 2162 lpsi
2942 2093 3088 2147 enim
3120 2103 3272 2154 sunt,
3307 2100 3366 2145 ut
3413 2105 3513 2148 su-

1935 2206 2033 2262 pra
2056 2189 2371 2256 didicimus,
2402 2189 2495 2258 qui
2523 2190 2756 2244 Domiuo
2779 2203 2902 2242 cum
2942 2185 3250 2241 vehementi
3288 2184 3518 2241 tristitia

1937 2283 2267 2338 aununtiant
2286 2291 2530 2336 nostram
2557 2279 2954 2336 inexorabilem
2975 2289 3028 2333 et
3045 2281 3296 2333 acerbam
3320 2276 3516 2349 agendi

1940 2376 2233 2430 rationem.
2273 2373 2442 2430 Recte
2477 2374 2644 2443 igitur
2673 2388 2704 2427 a
2734 2372 3006 2441 principio
3050 2372 3368 2426 dicebamus
3412 2369 3519 2424 Pa-

1939 2479 2077 2524 trem
2111 2484 2272 2525 suum
2305 2482 2429 2523 esse
2459 2483 2626 2537 quem
2669 2482 2766 2537 per
2795 2467 3112 2536 parabolam
3148 2473 3208 2519 u‘t
3241 2479 3428 2536 regem
3461 2474 3519 2519 et

1937 2562 2178 2632 iudicem
2209 2560 2373 2615 modo
2397 2558 2530 2612 dixit
2563 2556 2862 2621 Dominus;
2899 2572 3022 2610 nam
3053 2573 3163 2612 non
3189 2557 3328 2612 dixit
3356 2575 3371 2609 :
3410 2556 3520 2626 Ego

1939 2654 2115 2707 virum
2156 2650 2545 2706 inexorabilem
2595 2650 2803 2704 tradam
2842 2649 3148 2720 suppliciis,
3197 2649 3313 2716 sed,
3360 2648 3523 2705 Pater

1939 2762 2098 2803 meus
2128 2744 2387 2802 ctelestis.

217 2832 330 2884 καὶ
423 2832 622 2904 κριτὴν
665 2833 898 2889 ἐνταῦθα
944 2835 1031 2890 διὰ
1073 2839 1174 2908 τῆς
1213 2839 1534 2911 παραϐολῆς
1579 2843 1610 2896 ὁ
1663 2843 1871 2917 Κύριός
1921 2860 2118 2918 φησιν·
2164 2843 2226 2897 ού
2257 2844 2364 2916 γὰρ
2409 2837 2565 2897 εἶπεν
2611 2839 2866 2908 ἐνταῦθα,
2897 2839 3004 2895 Τὸν
3063 2841 3376 2912 ἀμείλικτον
3415 2841 3525 2909 ἐγὼ

219 2929 568 3002 παραδώσω
610 2933 726 2995 τοῖς
776 2931 1147 3004 βασανισταῖς,
1190 2937 1329 3004 ἀλλ’,
1371 2935 1433 2990 '0
1478 2939 1670 3012 Πατήρ
1718 2959 1821 3013 μου
1863 2945 1892 2998 ὁ
1932 2942 2277 3013 ἐπουράνιος.

301 3021 658 3094 ⁴ειοὸηθῶμεν
680 3026 797 3091 οὖν,
823 3028 1063 3098 ἀδελφοὶ,
1079 3032 1170 3085 τδν
1200 3033 1506 3102 τηνικαῖὴα
1533 3037 1644 3092 τῶν
1667 3040 1836 3108 ἁγίων

2012 3039 2208 3111 Igitur,
2259 3036 2482 3102 fratres,
2519 3035 2812 3092 timeamus
2850 3047 3171 3092 sanctorum
3205 3043 3392 3090 contra
3422 3051 3527 3092 nos

219 3120 367 3175 καθ’
417 3118 577 3190 ἡμῶν
611 3118 806 3192 ζῆλονο
860 3123 1140 3194 φρίξωμεν
1191 3127 1289 3198 τὴν
1338 3129 1491 3184 θείαν
1531 3133 1837 3204 ἀπόφασινο

217 3211 597 3281 αἰδεσθῶμεν
640 3213 740 3281 τὴν
775 3216 882 3285 πρὸ
909 3216 1116 3287 ταύτης
1142 3220 1222 3282 είς
1253 3222 1404 3293 ἡμᾶς
1433 3223 1531 3278 τοῦ
1567 3225 1703 3280 Θεοῦ
1737 3245 1843 3296 μα..

219 3305 560 3375 χροθυμίαν
579 3319 597 3336 ⁸
627 3306 1081 3378 ἀναλογισώμεθα
1105 3311 1167 3364 τὺ
1185 3313 1418 3383 μέγεθος
1431 3316 1537 3386 τῆς
1562 3320 1841 3391 ἡμετέρας

220 3399 390 3469 πρὸς
443 3397 538 3450 τὸν
590 3397 722 3452 Θεὸν
762 3397 984 3470 ὀφειλῆς
1010 3402 1156 3469 ὅσον,
1202 3407 1298 3458 καὶ
1336 3407 1534 3476 ταῦτα,
1586 3412 1723 3482 πρὸς
1771 3415 1838 3468 τὰ

220 3488 584 3557 ὀφειλόμενα
610 3489 742 3560 παρ’
759 3489 962 3561 ἑτέρων
987 3493 1117 3563 ἡμῖν
1140 3498 1588 3568 συγκρινόμενον.
1621 3502 1841 3574 «illecti-

218 3597 352 3644 κις,
387 3599 409 3632 ι
452 3580 479 3630 δ
530 3580 734 3651 Πέτρος
786 3583 1006 3652 ἐρωτῶν
1059 3585 1214 3654 ἔλεγε
1285 3589 1421 3659 πρὸς
1468 3592 1558 3645 τὸν
1592 3593 1841 3664 Κύριον,

227 3673 643 3746 ι’Δμαρτήσει
679 3676 757 3737 είς
805 3677 905 3746 ἐμὲ
949 3678 999 3730 δ’
1032 3678 1260 3748 ἀδελφός
1311 3699 1436 3751 μου,
1508 3688 1601 3738 καὶ
1648 3688 1844 3758 ἀφήσω

224 3765 445 3838 αὑτῷς
485 3766 592 3830 ἕως
629 3767 901 3836 ἐπτάκιςς
936 3771 1047 3824 Καὶ
1077 3772 1352 3841 ἤκουσεν·
1390 3794 1408 3825 ι
1450 3778 1524 3828 Οὐ
1569 3777 1714 3848 λέγω
1760 3798 1844 3835 σοι

225 3861 355 3924 ἕως
391 3857 898 3926 ὲπτάκις,ἀλλ³ἒως
930 3859 1388 3931 ἑϐδομηκοντάκις
1408 3866 1548 3921 ἑπτά
1570 3882 1584 3897 ⁸
1615 3887 1634 3919 ι
1665 3869 1841 3922 καίτοι

226 3950 591 4010 τοσαυτάκις
615 3951 752 4020 πρὸς
781 3952 928 4021 ἡμᾶς
954 3953 1182 4004 πταῖσαι
1203 3954 1293 4005 τὸν
1314 3954 1544 4025 ἀδελφὸν
1574 3958 1682 4011 τῶν
1711 3959 1844 4011 ἀδυο

223 4049 436 4101 νάτων
475 4044 594 4095 ἐστὶ
625 4042 832 4112 σχεδόν.
877 4044 1066 4112 Ἠμῶν
1098 4045 1153 4097 δὲ
1188 4045 1424 4101 ἑκάστου
1453 4050 1522 4102 τὰ
1546 4051 1680 4121 πρὸς
1712 4051 1843 4107 Θεὸν

225 4138 587 4206 πταίσματα
629 4138 724 4188 καὶ
787 4136 980 4188 τοῦτον
1042 4139 1363 4209 ὑπερὸαίνει
1412 4141 1506 4195 τὸν
1569 4145 1841 4214 ἀριθμόνο

220 4232 347 4284 κᾶν
389 4229 515 4288 ἑνὸς
546 4228 803 4300 ὲξετάσῃς
831 4229 1083 4296 μέγεθος,
1098 4232 1236 4300 πρὸς
1262 4233 1322 4285 ὃν
1347 4235 1463 4286 ἐστι
1497 4236 1558 4288 τὸ
1593 4241 1844 4307 πταῖσμα

222 4320 618 4390 ἐνθυμηθεὶς,
674 4321 1009 4392 ἀσύγκριτον
1068 4323 1325 4393 εὑρήσεις
1371 4327 1508 4398 πρὸς
1554 4333 1621 4382 τὰ
1664 4332 1845 4384 ἐκεῖνα

1945 3133 2430 3204 indignationem;
2487 3143 2858 3198 expaveamus
2893 3128 3136 3182 divinam
3197 3129 3529 3183 condemna-

1946 3229 2190 3293 tionem;
2224 3239 2582 3281 revereamur
2621 3223 2763 3277 banc
2810 3222 3219 3276 autecedentem
3269 3219 3362 3276 Dei
3398 3237 3524 3292 erga

1943 3336 2044 3376 nos
2061 3318 2553 3390 longanimitatem;
2579 3314 2880 3386 cogitemus
2907 3319 3112 3383 quanta
3141 3312 3248 3366 sint
3273 3327 3394 3381 qua:
3420 3314 3528 3369 [)eo

1943 3413 2230 3478 debemus,
2262 3409 2566 3482 praesertim
2591 3408 2638 3464 si
2669 3407 2770 3462 ista
2801 3421 2922 3460 cum
2948 3405 3148 3459 debitts
3188 3404 3391 3475 quibus
3433 3404 3527 3458 alti

1946 3509 2013 3563 ad
2047 3521 2148 3561 nos
2194 3505 2463 3574 ligantur,
2494 3503 2864 3558 conferamus.
2905 3500 3154 3566 Quoties,
3210 3499 3288 3552 ait
3331 3497 3528 3553 Petrus

1945 3597 2233 3652 Dominum
2258 3595 2626 3664 lnterrogans,
2648 3592 2896 3663 peccabit
2924 3591 2978 3644 in
3013 3606 3097 3645 me
3139 3589 3308 3644 frater
3344 3604 3524 3654 meus,

1944 3696 2000 3744 et
2023 3687 2294 3741 dimittam
2335 3685 2426 3740 ei?
2463 3699 2638 3754 usque
2668 3681 2918 3751 septies?
2954 3679 3021 3734 Et
3053 3680 3304 3735 audivit:
3334 3697 3354 3732 ι
3409 3679 3527 3734 Non

1945 3782 2071 3835 dico
2100 3780 2198 3834 tibi
2236 3792 2413 3849 usque
2462 3777 2691 3846 septies,
2723 3775 2816 3829 sed
2851 3788 3023 3843 usque
3051 3772 3362 3841 septuagies
3408 3785 3531 3840 sep—

1947 3875 2052 3928 ties
2081 3875 2152 3928 ".
2199 3891 2218 3924 r
2256 3872 2427 3927 Porro
2464 3869 2576 3924 fere
2601 3877 2682 3922 est
2719 3866 3059 3936 impossibile
3097 3865 3323 3919 fratrem
3366 3867 3528 3921 toties

1948 3965 2001 4019 in
2027 3980 2128 4019 nos
2155 3978 2406 4035 peccare.
2439 3960 2652 4014 Nostra:
2685 3969 2862 4012 autem
2899 3958 2952 4010 in
3001 3955 3169 4010 Deum
3198 3956 3529 4013 offensiones

1947 4060 2110 4112 etiam
2157 4058 2308 4111 hunc
2360 4069 2647 4109 numerum
2693 4060 2976 4120 superant.
3035 4049 3163 4105 Etsi
3213 4052 3524 4120 perpendes

1946 4151 2108 4204 unius
2137 4149 2458 4219 gravitatem
2490 4155 2544 4199 et
2575 4143 2854 4198 meditet‘is
2891 4141 3019 4210 quis
3053 4142 3123 4195 sit
3152 4157 3313 4210 quem
3351 4141 3530 4196 oﬂ'en-

1946 4245 2151 4303 dirnus.
2187 4243 2392 4295 nullam
2431 4240 2698 4294 rationem
2732 4237 2899 4290 facies
2943 4251 3134 4290 earum
3179 4252 3301 4304 quae
3340 4246 3528 4290 contra

1947 4342 2050 4381 nos
2081 4326 2501 4381 committuntur
2532 4324 2894 4385 offensarum,
2927 4321 3030 4375 etsi
3066 4321 3378 4390 septuagies
3409 4335 3531 4389 sep-

223 4416 463 4475 πάντα,
499 4411 602 4466 κᾶν
625 4411 1088 4481 ὲῦδομηκοντάκις
1118 4415 1258 4467 ἑπτὰ
1289 4419 1552 4490 τυγχάνῃ.
1592 4418 1836 4474 Τοσαῦτα

1950 4423 2051 4476 ties
2071 4420 2420 4474 accidissent.
2460 4418 2626 4486 Igitur
2650 4431 2774 4470 cum
2805 4424 2885 4469 tot
2907 4423 2962 4470 et
2995 4421 3146 4468 tanta
3179 4414 3289 4468 Deo
3325 4414 3530 4469 debeas

226 4508 344 4560 καὶ
383 4503 697 4572 τηλικαῦτα
724 4503 909 4556 τοίνυν
945 4503 1177 4572 ὀφείλων
1198 4505 1276 4574 τῷ
1305 4508 1426 4578 Θεῴ
1454 4510 1717 4575 τάλαντα,
1751 4512 1847 4566 καὶ

232 4596 658 4671 μακροθυμίαν
713 4598 874 4667 μόνον
929 4599 1197 4668 αἰτήσας,
1260 4601 1322 4654 σὺ
1378 4601 1434 4654 δὲ
1484 4608 1578 4657 καὶ
1631 4606 1845 4658 τελείαν

229 4697 459 4762 ἄφεσιν
499 4689 630 4761 παρ’
659 4689 826 4743 αὑτοῦ
855 4691 1038 4743 λαϐὼν
1076 4691 1169 4744 τοῦ
1203 4693 1536 4763 ὀφλήματος,
1563 4693 1684 4750 εἶτα
1711 4698 1847 4767 πρὸς

233 4788 471 4860 μικρὰν
505 4783 785 4854 ἀργυρίων
819 4784 1074 4854 ὀφειλήψ
1115 4786 1285 4839 ταῦτα
1333 4789 1442 4857 γὰρ
1473 4790 1537 4843 τὰ
1576 4789 1844 4862 δηνάρια*

232 4879 415 4950 παρὰ
449 4877 548 4930 τοῦ
579 4877 886 4944 ὀφείλοντος
915 4877 1201 4932 συνδούλου
1241 4882 1627 4952 μακροθυμίαν
1655 4884 1812 4938 αίτού
1831 4916 1844 4927 .

232 4987 449 5044 μενος,
488 4970 551 5022 οὐ
593 4968 844 5037 παρέξεις
880 4967 1213 5039 προθύμως;
1250 4971 1458 5025 Οὐκοῦν
1489 4974 1846 5049 ἀπαιτηθήσῃ

229 5071 318 5121 τὰ
373 5064 561 5116 πάντα
614 5061 838 5125 δικαίως
869 5078 881 5091 ’
934 5062 1049 5124 πῶς
1099 5064 1206 5134 γὰρ
1256 5067 1314 5117 οὐ
1361 5065 1568 5119 δίκαιον
1623 5069 1720 5122 καί
1750 5069 1848 5141 τὴν

233 5158 562 5229 ἀφαίρεσιν
597 5153 902 5223 ὑποστῆναι
934 5157 1149 5220 πᾶσαν;
1186 5157 1281 5209 καὶ
1318 5158 1414 5228 τῆς
1458 5161 1851 5234 ἀγνωμοσύνης

235 5248 719 5321 προσυπνιστῆναι
752 5246 850 5315 τὴν
897 5248 1194 5317 καταδίκην
1222 5266 1234 5310 ;
1281 5251 1380 5302 Διὰ
1411 5251 1568 5304 τοῦτό
1600 5256 1732 5322 φησί
1766 5272 1850 5321 τις

237 5343 369 5400 τῶν
401 5339 730 5405 προφητῶν·
767 5354 786 5387 t
826 5339 924 5388 'Ov
955 5339 1156 5406 τρόπον
1182 5339 1461 5410 ἐποίησας,
1492 5341 1665 5405 οὕτως
1695 5343 1848 5399 ἔσται

240 5455 342 5491 σοι
367 5450 382 5463 ·
418 5433 480 5484 τὸ
510 5429 866 5497 ἀνταπόδομά
901 5445 995 5480 σου
1040 5430 1538 5504 ἀνταποδοθήσεται
1569 5437 1646 5496 είς
1678 5453 1848 5505 κεφα-

235 5528 518 5598 λήνσου.
561 5522 723 5577 Ἀλλὰ
777 5519 851 5592 μὴ
889 5520 981 5572 τὸν
1013 5520 1254 5592 ἔλεγχον,
1293 5527 1366 5596 μὴ
1395 5525 1493 5598 τὴν
1543 5528 1734 5599 ὀργὴν,
1773 5533 1847 5600 μὴ

325 5684 375 5716 ’⁸
422 5681 616 5735 Matth.
649 5697 805 5742 xvm,
837 5682 927 5734 22.
1005 5683 1050 5713 ’⁸
1083 5682 1217 5737 ΑΜ.
1256 5685 1346 5740 15.

583 5776 853 5836 Parum.
888 5779 1006 5840 Gn.
1048 5780 1166 5836 (ΠΛ

1950 4513 2170 4576 talenta,
2205 4519 2258 4565 et
2290 4510 2462 4564 solam
2493 4512 2819 4578 deprecatus
2870 4509 3219 4577 patientiam,
3258 4509 3528 4578 integram

1950 4608 2120 4663 debiti
2149 4608 2219 4660 ab
2251 4621 2316 4660 eo
2361 4606 2613 4660 obtineas
2636 4603 3040 4667 dimissionem,
3096 4613 3148 4657 tu
3191 4603 3388 4657 deinde
3430 4617 3530 4671 pro

1953 4715 2120 4770 parvo
2158 4707 2509 4753 nummorum
2543 4697 2728 4752 debito
2755 4697 2866 4768 (qui
2923 4713 3049 4752 vere
3093 4706 3222 4752 sunt
3268 4695 3528 4765 denarii),

1953 4810 1983 4848 a
2016 4806 2280 4848 conservo
2320 4792 2566 4847 debitore
2596 4791 2662 4846 de
2702 4792 2960 4860 patientia
3018 4801 3263 4859 rogatus.
3313 4807 3420 4845 non
3467 4791 3534 4845 li-

1949 4887 2139 4941 benter
2173 4886 2421 4940 annuesi
2446 4885 2612 4941 Secus
2645 4885 2825 4939 omnia
2851 4884 2972 4951 jure
3002 4885 3376 4954 exigerentur;
3406 4900 3530 4938 nam

1950 4993 2132 5034 nonne
2182 4978 2391 5045 justum
2435 4987 2580 5033 esset
2623 4987 2674 5033 te
2703 4977 2960 5033 omnibus
2994 4979 3241 5046 spoliari,
3276 4986 3331 5032 et
3359 4979 3534 5046 culpa:

1952 5069 2137 5123 subire
2167 5067 2613 5123 damnationem?
2664 5069 2786 5123 Ideo
2833 5068 2978 5123 dixit
3023 5083 3176 5122 unus
3234 5071 3532 5137 propheta-

1954 5174 2075 5213 rum
2109 5178 2123 5214 :
2183 5177 2201 5211 t
2237 5158 2393 5213 Sicut
2435 5159 2638 5226 fecisti,
2673 5160 2745 5213 ita
2792 5161 2883 5214 fiet
2933 5161 3068 5225 tibi;
3123 5161 3412 5215 retributio
3443 5172 3534 5214 tua

1958 5260 2310 5307 convertetur
2339 5253 2394 5306 in
2424 5260 2590 5322 caput
2631 5251 2874 5305 tuum”.
2905 5271 2923 5304 ι
2962 5252 3069 5306 Sed
3107 5267 3214 5306 non
3253 5253 3534 5318 Vitupera—

1961 5347 2184 5406 tionem,
2229 5360 2336 5400 non
2383 5346 2546 5407 iram,
2599 5360 2708 5400 non
2759 5346 3083 5399 sententiam
3123 5354 3531 5414 exstructemus,

1959 5440 2174 5503 fratres,
2206 5443 2301 5497 sed
2353 5441 2667 5507 induamus,
2699 5440 3164 5510 quemadmadum
3211 5441 3351 5494 dixit
3388 5440 3537 5509 Apu-

1956 5532 2150 5597 stolus,
2182 5533 2390 5589 viscera
2426 5532 2839 5600 misericordia,
2875 5542 2983 5587 tam
3014 5533 3193 5587 verbis
3227 5549 3387 5601 quant
3443 5548 3532 5586 co-

3089 5785 3163 5843 15
