4070 6210
458 196 565 260 463

1717 190 2098 253 GREGORII
2160 191 2483 253 PALAMi‘E

3608 180 3712 250 465

466 311 706 384 Virginis
760 325 974 367 uterum
1020 307 1403 376 adumbravit,
1455 325 1625 381 quum
1670 308 1806 363 nihil
1869 309 2036 362 inter-

2158 307 2258 360 ιλλ’
2311 310 2534 379 ἀμέσως
2577 310 2745 379 χωρὶς
2802 305 3312 378 παραπετάσματός
3356 322 3504 367 τινος
3552 306 3586 377 ή
3625 303 3720 359 106

464 415 661 471 resset,
698 422 796 461 nec
828 421 944 470 aer,
976 421 1078 461 nec
1101 405 1295 470 aether,
1322 418 1423 458 nec
1457 401 1608 455 aliud
1643 398 1910 455 sensibile
1950 397 2036 451 vel

466 502 595 573 quid
645 500 731 554 his
773 498 1015 569 dignius,
1068 498 1172 552 hoc
1218 507 1397 551 autem
1453 510 1562 549 non
1612 494 1902 549 dicendqu
1954 502 2038 546 est

468 588 835 655 adumbratio,
871 590 963 645 sed
1006 604 1134 643 vera
1170 596 1257 643 est
1288 585 1570 640 adunatio.
1604 582 1711 638 Sed
1744 598 1871 636 cum
1893 581 2040 652 quod

469 682 767 739 adumbrat
785 680 1017 734 formam
1050 695 1229 743 suam,
1264 677 1654 748 propriamque
1686 678 1911 745 ligurum
1942 689 2039 729 ex-

469 777 674 846 primit,
718 790 825 829 non
858 775 1121 828 adunatio
1160 781 1413 835 tantum,
1454 755 1549 824 sed
1579 778 1633 823 et
1676 768 1937 822 formatio
1982 767 2037 821 in

466 881 624 925 utero
670 872 812 923 facta
842 875 947 930 est,
1007 876 1061 919 et
1120 865 1266 934 quod
1297 880 1363 917 ex
1412 863 1685 917 ambobus
1740 860 2038 915 formatum

463 973 569 1027 est,
605 963 819 1016 scilicet
847 976 907 1014 ex
945 961 1145 1013 virtute
1172 956 1459 1019 Altissimi,
1494 964 1549 1009 et
1574 954 1931 1010 sanctissimo
1955 962 2042 1006 at-

464 1072 571 1123 que
603 1052 854 1119 virginali
886 1052 979 1106 illo
1011 1060 1219 1110 Ventrc,
1257 1046 1493 1102 Verbum
1548 1058 1666 1101 erat
1708 1044 1806 1098 Dei
1864 1046 2043 1098 incar-

464 1156 680 1200 natum.
716 1143 795 1197 lla
841 1142 1195 1198 ineﬂ'abiliter
1226 1141 1496 1193 habitavit
1522 1140 1575 1191 in
1614 1152 1701 1203 ea,
1728 1144 1782 1191 et
1812 1151 1876 1191 ex
1925 1136 2043 1204 ipsa

466 1241 737 1310 processit
767 1254 932 1292 carne
980 1238 1232 1290 indutum
1270 1233 1361 1287 Dei
1418 1233 1677 1296 Verbum,
1708 1240 1763 1284 et
1792 1230 1845 1282 in
1880 1229 2042 1282 terris

470 1331 745 1400 apparuit,
778 1340 833 1383 et
860 1329 1002 1382 inter
1046 1326 1295 1380 homines
1324 1332 1689 1377 conversatus
1734 1328 1841 1385 est,
1884 1329 2045 1371 natu-

470 1398 588 1479 rain
637 1434 884 1477 nostram
927 1419 1146 1473 deitatis
1180 1415 1502 1486 participem
1534 1413 1805 1476 efﬁciens,
1844 1422 1898 1465 et
1934 1398 2043 1464 lur-

470 1520 626 1589 giens
681 1516 864 1580 nobis,
907 1522 1071 1585 prout
1122 1513 1260 1567 dixit
1312 1511 1473 1565 divus
1518 1509 1819 1577 apostolus,
1875 1520 1940 1561 ea
1990 1506 2043 1559 in

468 1626 591 1680 quae
644 1610 961 1665 desiderant
1029 1605 1206 1675 angeli
1270 1604 1582 1674 prospicere
1607 1601 1673 1656 ⁸³.
1713 1618 1731 1652 ι
1800 1596 1868 1652 Ει
1927 1598 2043 1651 haec

467 1712 554 1757 est
598 1702 716 1755 laus
757 1698 984 1761 eximia,
1016 1708 1069 1751 et
1098 1694 1269 1765 gloria
1300 1701 1575 1763 perpetua:
1606 1691 1767 1759 hujus
1813 1688 2041 1756 virginis

467 1794 616 1850 omni
650 1792 820 1863 gloria
851 1790 1070 1854 clarior,
1094 1789 1180 1842 cui
1226 1788 1373 1843 cedit
1400 1785 1580 1839 omnis
1627 1797 1801 1847 mens,
1830 1793 2042 1835 sermo-

467 1901 578 1958 que
594 1884 795 1948 omnis,
818 1880 925 1937 etsi
952 1881 1244 1950 spirituum
1262 1878 1334 1931 sit
1353 1876 1748 1945 angelicorum.
1775 1872 1881 1926 Sed
1897 1884 2047 1940 quaa-

468 1996 597 2037 nam
652 1978 836 2047 lingua
868 1988 1087 2031 rursum
1119 1970 1400 2028 enarrabit
1431 1985 1493 2024 ea
1528 1984 1650 2039 quae
1682 1976 1806 2038 post
1830 1966 2049 2019 inenar-

468 2074 698 2127 rabilem
744 2078 959 2141 partum
1000 2066 1143 2121 facta
1172 2065 1339 2120 sunt?
1391 2061 1530 2117 Nam
1576 2077 1699 2117 eum
1756 2065 2048 2127 cooperata

469 2163 668 2220 fuisset
690 2171 746 2217 et
775 2173 1061 2228 compassa
1100 2153 1464 2210 exinanitioni
1508 2151 1669 2207 Verbi
1699 2150 1792 2204 Dei
1826 2150 1879 2203 in
1924 2148 2047 2216 ipsa

473 2254 807 2326 adimpleta.
832 2256 958 2323 jure
983 2250 1171 2320 gloria:
1198 2258 1252 2303 et
1280 2245 1630 2301 exaltationis
1652 2242 1791 2297 facta
1814 2249 1895 2296 est
1919 2255 2048 2310 par-

471 2353 668 2420 ticeps,
711 2346 931 2405 eximiis
963 2342 1142 2399 adhuc
1188 2338 1521 2410 magnalium
1567 2335 1922 2391 incrementis
1952 2349 2053 2387 cu-

471 2444 704 2500 mulata.
737 2448 808 2495 At
834 2448 1123 2511 postquam
1159 2435 1436 2489 incmlum
1463 2430 1811 2487 ascendisset
1856 2427 1950 2497 qui
1982 2441 2051 2481 ex

473 2554 540 2594 ea
591 2549 812 2591 carnem
845 2538 1247 2599 assumpserat,
1279 2540 1406 2580 cum
1458 2522 1570 2578 illis
1617 2535 1786 2591 super
1831 2534 2047 2575 omnem

478 2640 716 2685 mentem
753 2638 1132 2682 sermonemve
1182 2618 1378 2690 positis
1424 2616 1773 2685 magnalibns
1823 2627 1945 2683 quae
1996 2614 2049 2666 in

476 2739 540 2779 ea
572 2722 807 2794 perlicit,
833 2716 1088 2773 aemulata
1113 2726 1219 2779 est,
1253 2723 1312 2769 ut
1336 2713 1409 2768 ita
1442 2712 1643 2773 dicam,
1664 2725 1762 2779 per
1794 2718 2050 2763 constan-

480 2819 612 2872 tiam
640 2826 695 2871 ct
719 2811 1035 2868 multimoda
1059 2810 1328 2864 virtutum
1359 2804 1654 2866 exercitia,
1683 2818 1775 2872 per
1802 2816 1931 2856 suas
1954 2813 2052 2869 pro

480 2912 741 2965 universo
800 2906 1004 2961 mundo
1065 2903 1480 2972 deprecationes
1533 2906 1768 2966 votaque
1797 2910 1919 2958 sua,
1959 2909 2054 2961 per

2152 399 2411 466 Ὑψίστου
2445 400 2674 463 δύναμις
2715 398 3026 465 ἐπισκιάζει
3063 402 3129 469 τῇ
3179 397 3586 467 πανυπεράγνῳ
3629 397 3723 451 καὶ

2141 493 2449 563 παρθενικῇ
2479 492 2695 559 γαστρὶ,
2739 490 2969 563 μηδενὸς
3017 490 3173 551 ὄντος
3207 489 3434 559 μεταξὺ,
3480 489 3608 560 μήτ’
3632 488 3720 541 ἀέ-

2147 602 2239 655 ρος
2286 585 2409 656 μήτ’
2445 585 2663 655 αἰθέρος
2700 585 2841 655 μήτε
2878 585 3025 646 τινδς
3063 583 3172 637 τῶν
3207 582 3507 653 αἰσθητῶν,
3542 583 3578 653 ἢ
3613 582 3720 633 τῶν

2145 679 2285 750 ὑπὲρ
2333 679 2508 734 ταῦτα
2530 694 2544 709 ⁸
2573 678 2733 733 τοῦτο
2766 679 2823 731 δέ
2854 679 2955 732 οὐκ
2995 679 3330 742 ἐπισκὶασις,
3361 677 3478 730 ἀλλ’
3528 677 3721 736 ἐνωτις

2142 769 2402 843 ἄντικρύς
2432 775 2603 827 ἐστιν.
2644 772 2797 825 Ἐπεὶ
2822 772 2879 825 δέ
2910 772 2996 825 ἀεὶ
3030 772 3242 839 πέφυκε
3275 772 3336 823 τὸ
3368 770 3597 835 σκιάζον
3622 771 3723 837 τὴν

2143 864 2340 917 ἑαυτοῦ
2380 862 2596 934 μορφὴν
2624 864 2719 917 καὶ
2746 864 2838 918 τὸν
2865 864 3066 917 οἰκεῖον
3097 864 3276 916 τύπον
3308 864 3385 933 τῷ
3408 862 3727 926 ὲπισκιαζο-

2149 958 2295 1028 μένῳ
2326 959 2601 1027 ἐμποιεῖν,
2632 959 2731 1027 οὐχ
2762 958 2955 1020 ἐνωσις
2995 956 3179 1027 μόνον,
3208 957 3344 1010 ἀλλὰ
3376 957 3468 1010 καὶ
3504 956 3723 1027 μόρφω-

2147 1068 2231 1115 at;
2259 1053 2483 1119 γέγονεν
2519 1054 2576 1103 ἐν
2606 1056 2671 1123 τῇ
2707 1056 2929 1121 γαστρ”τ,
2968 1055 3062 1105 καὶ
3086 1052 3148 1105 τὸ
3184 1051 3241 1119 ἐξ
3269 1052 3474 1120 ἀμφοῖν
3512 1067 3721 1120 μεμορ-

2146 1146 2399 1214 φωμένον
2442 1149 2540 1215 τῆς
2582 1164 2641 1198 τε
2683 1145 2776 1199 106
2834 1146 3093 1214 Ὑψίστου
3141 1145 3447 1215 δυνάμεως,
3490 1145 3584 1197 καὶ
3621 1142 3724 1211 τῆς

2144 1237 2420 1304 παναγίας
2466 1240 2683 1305 ἐκείνης
2723 1240 2817 1290 καὶ
2852 1237 3194 1309 παρθενικῆς
3245 1238 3504 1304 γαστρδς,
3551 1234 3725 1298 Λόγος

2141 1323 2211 1399 ἦν
2234 1330 2372 1383 θεοῦ
2407 1335 2849 1401 σεσαρκωμὲνος.
2892 1330 3081 1393 Οὕτως
3123 1331 3439 1397 ἐσκήνωσεν
3474 1328 3723 1398 ἀπορρή-

2143 1440 2252 1485 τως
2278 1426 2335 1476 ἐν
2357 1423 2518 1493 αὐτῇ,
2550 1424 2643 1476 καὶ
2665 1425 2723 1489 ἐξ
2748 1424 2916 1492 αὐτῆς
2939 1423 3181 1491 προῆλθε
3201 1424 3545 1492 σαρκοφόρος
3566 1424 3595 1474 ὁ
3620 1420 3723 1473 Λό-

2143 1529 2240 1581 γος
2264 1512 2359 1566 τοῦ
2397 1516 2555 1577 Θεοῦ,
2585 1519 2681 1568 καὶ
2708 1516 2799 1567 ἐπὶ
2824 1518 2927 1581 γῆς
2955 1514 3112 1583 ὤφθη
3144 1516 3238 1566 καί⁵
3267 1515 3380 1576 τοῖς
3408 1512 3722 1582 ἀνθρώποις

2148 1611 2582 1679 συνανεστράφη,
2632 1608 2730 1679 τὴν
2761 1608 3040 1679 ἡμετέραν
3086 1607 3365 1677 θεουργῶν
3398 1604 3584 1673 φύσιν,
3623 1606 3721 1659 καὶ

2148 1702 2510 1773 χαριζόμενος
2542 1704 2675 1773 ἡμῖν
2704 1704 2845 1755 κατὰ
2874 1704 2965 1754 τὸν
2996 1703 3139 1755 θεῖον
3187 1700 3537 1763 Ἀπόστολον,
3585 1717 3603 1749 ι
3641 1700 3722 1759 είς

2146 1794 2183 1848 ἃ
2202 1794 2563 1866 ἐπιθυμοῦσιν
2591 1797 2831 1887 ἄγγελοὲ
2846 1796 3189 1867 παρακύψαι.
3226 1814 3244 1846 ι
3276 1797 3383 1850 Καὶ
3414 1793 3573 1848 τοῦτό
3604 1796 3720 1846 ἐστι

2144 1890 2207 1944 τὸ
2234 1891 2512 1959 ὑπερφυὲς
2542 1884 2842 1959 ἐγκώμιον,
2876 1893 2969 1942 καὶ
3002 1891 3035 1960 ἠ
3069 1890 3170 1958 τῆς
3198 1888 3563 1955 ἀιιπαρθὲνου
3588 1884 3722 1939 ταύ-

2147 2000 2247 2052 της
2274 1983 2626 2053 ὑπερένδοξος
2658 1985 2807 2049 δόξα,
2840 1978 2904 2056 ἦς
2938 1982 3082 2045 ἅπας
3108 1984 3337 2051 ἡττᾶται
3368 1981 3461 2033 καὶ
3479 1979 3601 2042 νοῦς
3631 1979 3724 2031 καὶ

2148 2075 2325 2143 λόγος,
2367 2076 2471 2129 κᾶν
2518 2076 2575 2129 ετ
2596 2093 2679 2140 τις
2735 2076 3023 2143 ἀγγελικδς
3071 2077 3178 2143 εἴη.
3212 2076 3294 2128 Τὰ
3335 2075 3392 2127 δέ
3441 2074 3581 2143 μετὰ
3631 2075 3721 2126 τὸν

2150 2168 2461 2243 ἀπόρρητον
2491 2172 2651 2223 τόκον
2678 2169 2761 2233 τίς
2790 2169 2856 2222 ἂν
2891 2166 3047 2232 αὖθις
3094 2169 3298 2234 ἐξείποι
3343 2169 3504 2237 λόγος
3529 2183 3545 2235 ;
3574 2166 3720 2235 Συμ-

2151 2267 2468 2334 πρὰττουσα
2506 2265 2615 2335 γὰρ
2644 2265 2739 2320 καὶ
2770 2265 3169 2335 συμπάσχουσα
3201 2267 3267 2336 τῇ
3296 2264 3364 2318 δι’
3392 2265 3565 2326 αὐτῆς
3595 2262 3723 2331 ὑψο-

2151 2358 2292 2428 ποιῷ
2322 2358 2551 2411 κενώσει
2579 2357 2676 2411 τοῦ
2706 2358 2884 2426 Λόγου
2913 2358 3006 2411 106
3030 2357 3186 2423 Θεοῦ,
3220 2358 3312 2410 καὶ
3342 2357 3725 2422 συνεδοξὰζετο

2152 2454 2248 2505 καὶ
2289 2450 2658 2521 συνανυψοῦτο
2679 2451 2925 2514 δικαίως,
2966 2453 3085 2514 ταῖς
3126 2451 3433 2521 ὑπερτυέσι
3478 2452 3724 2520 προσθή-

2152 2560 2282 2606 καις
2307 2543 2393 2596 ἀεὶ
2419 2540 2771 2614 προστιθεῖσα
2791 2543 2902 2593 τῶν
2922 2540 3250 2611 μεγαλείων,
3289 2541 3449 2595 ’Λλλά
3478 2541 3570 2595 καὶ⁸
3588 2542 3727 2613 μετὰ

2151 2637 2251 2709 τὴν
2279 2638 2359 2699 είς
2396 2636 2660 2707 οὐρανοὺς
2692 2635 2879 2690 ἄνοδον
2900 2634 2992 2687 106
3023 2634 3084 2700 ἐξ
3125 2634 3296 2705 αὐτῆς
3324 2635 3728 2706 σαρκωθέντος,

2152 2732 2266 2792 τοῖς
2306 2728 2446 2798 ὑπὲρ
2478 2725 2604 2779 νοῦν
2634 2727 2732 2780 καὶ
2769 2727 2928 2795 λόγον
2953 2726 3330 2797 ὑπηργμένοις
3376 2726 3546 2799 ταύτῃ
3594 2726 3726 2797 παρ’

2155 2820 2318 2876 αὐτοῦ
2344 2820 2652 2891 μεγαλείοις
2673 2816 2784 2875 οἷον
2809 2819 3274 2891 ἀντεφιλοτιμεῐτο
3294 2820 3370 2891 τῷ
3390 2838 3731 2889 καρτερικω-

2155 2915 2303 2985 τάτῳ
2342 2915 2437 2970 καὶ
2488 2914 2757 2967 πολυειδεῖ
2810 2917 2909 2983 τῆς
2948 2915 3255 2983 ἀσκήσεως,
3290 2915 3384 2967 καὶ
3421 2914 3541 2975 ταῖς
3590 2912 3731 2984 ore;

476 3002 710 3059 consilia
755 3011 808 3054 et
836 2996 1040 3052 auxilia
1093 3009 1212 3064 quze
1239 2994 1387 3047 dedit
1415 2991 1660 3046 divinum
1714 2987 1940 3041 verbum
1999 2985 2051 3038 in

2158 3005 2254 3059 106
2286 3006 2494 3075 κόσμου
2527 3006 2731 3070 παντὸς
2785 3005 2975 3075 εὐχαῖς
3007 3003 3144 3076 όμοῠ
3184 3007 3279 3060 καὶ
3324 3006 3605 3072 σπουδαῖς,
3636 3010 3733 3059 καὶ

476 3112 695 3153 omnem
730 3102 934 3148 terram
970 3087 1433 3160 praedicantibus;
1464 3083 1711 3138 omnium
1757 3088 1880 3135 erat
1934 3078 2053 3147 ipsa

478 3190 600 3245 sola
627 3185 1052 3257 adminiculum,
1094 3189 1202 3234 tam
1243 3177 1428 3232 audita
1465 3190 1626 3244 quam
1678 3182 1973 3241 conspecta
2000 3179 2055 3224 et

478 3283 746 3354 adjuvans
774 3276 924 3334 omni
957 3277 1117 3330 modo
1147 3270 1429 3342 Evangelii
1480 3267 1958 3339 praedicationem;
2001 3272 2056 3317 et

481 3379 564 3432 sic
598 3375 767 3430 vitam
801 3370 1026 3428 omnino
1062 3367 1389 3422 militantem
1436 3374 1489 3417 et
1520 3362 1796 3431 egregiam
1837 3356 2055 3413 instituo

481 3470 685 3525 tionem
720 3477 836 3520 tum
861 3472 1038 3519 mente
1069 3474 1182 3515 tum
1212 3473 1468 3515 sermone
1498 3454 1771 3511 exhibuit.

553 3645 682 3699 ldeo
713 3656 862 3696 mors
910 3639 1057 3694 illius
1091 3649 1258 3690 vitam
1313 3634 1563 3704 protulit,
1593 3641 1649 3689 et
1679 3647 1799 3687 eam
1852 3632 1905 3686 in
1940 3646 2055 3686 caa—

477 3739 673 3793 Iestem
725 3743 779 3791 et
832 3732 1195 3788 immortalem
1257 3739 1421 3782 vitam
1475 3726 1782 3793 transtulit,
1810 3734 1862 3779 et
1896 3724 2060 3792 hujus

484 3833 750 3888 memoria
782 3830 901 3883 laeta
930 3836 1016 3881 est
1039 3825 1311 3879 festivitas
1339 3832 1503 3892 atque
1552 3822 1809 3876 universa
1854 3819 2060 3874 solem-

485 3929 648 3989 nitas,
698 3940 807 3979 non
874 3930 1086 3976 tantum
1151 3918 1411 3988 quoniam
1468 3924 1695 3970 renovat
1740 3916 2059 3969 memoriam

490 4019 825 4090 mngnalium
885 4013 1151 4083 Deipara,
1198 4010 1293 4065 sed
1323 4010 1486 4063 etiam
1520 4008 1777 4077 quoniam
1810 4006 1863 4060 in
1904 4021 2063 4060 men-

489 4124 598 4169 tcm
663 4117 887 4167 revocat
946 4118 1296 4162 communem
1365 4117 1681 4170 novumque
1733 4116 2060 4157 concursum

488 4216 803 4265 sanctorum
842 4201 1219 4273 apostolorum
1253 4212 1319 4251 ex
1347 4195 1497 4251 omni
1525 4206 1688 4265 gente
1712 4196 1776 4249 ad
1812 4195 1932 4260 eius
1975 4196 2064 4247 fu-

488 4315 668 4367 nera,
734 4312 951 4352 necnon
1006 4307 1198 4347 eorum
1260 4289 1449 4344 divino
1514 4288 1694 4343 alllatu
1748 4292 2062 4342 canentium

2152 3102 2275 3161 ταῖς
2296 3100 2431 3168 πρὸς
2446 3102 2569 3163 τοὺς
2588 3100 2746 3170 207
2761 3099 2847 3153 διὰ
2866 3099 3045 3153 πάντα
3062 3100 3131 3153 τὰ
3151 3099 3367 3172 πέρατα
3389 3098 3734 3170 θεοκήρυκας

2157 3192 2462 3263 ὑποθήκαις
2502 3193 2599 3245 καὶ
2628 3194 2991 3262 προ-τροπαῖς,
3024 3191 3281 3246 ἁπάντων
3312 3187 3383 3261 ἦν
3416 3191 3558 3262 αὕτη
3595 3193 3733 3262 μόνη

2157 3287 2463 3358 στηριγμὺς
2485 3286 2623 3357 ὁμοῦ
2652 3286 2745 3339 καί
2776 3286 3151 3355 παράκλησις.
3180 3284 3276 3339 καὶ
3299 3284 3503 3352 ἀκουομ
3515 3285 3608 3353 ένη
3641 3286 3737 3338 καὶ

2156 3380 2434 3450 ὁρωμένη,
2468 3382 2563 3432 καὶ
2592 3378 3040 3447 συνεργαζομένη
3073 3378 3344 3441 παντοίως
3359 3377 3454 3432 106
3490 3378 3738 3445 Εὐαγγεο

2156 3473 2275 3526 λίου
2300 3473 2363 3526 τὸ
2388 3472 2654 3542 κήρυγμα
2674 3487 2686 3501 ο
2703 3471 2796 3524 καὶ
2813 3469 3090 3541 οὖτωξβίον
3119 3468 3415 3537 ἐναγώνιον
3436 3470 3622 3540 ἄκρως
3641 3471 3739 3523 καὶ

2162 3566 2442 3621 πολιτείαν
2478 3564 2604 3619 νοῦν
2636 3569 2732 3617 καὶ
2757 3564 2914 3630 λόγον
2936 3563 3348 3633 ἐνδεικνυμένη.

2233 3659 2331 3710 Διὰ
2362 3658 2534 3710 ταῦτα
2568 3658 2751 3711 τοίνυν
2780 3658 2879 3709 καὶ
2905 3658 2934 3709 ό
2968 3632 3201 3720 Θάνατος
3233 3632 3406 3725 αὐτῆς
3427 3657 3739 3728 ζωηφόρος,
3802 3632 3809 3638 λ

2162 3753 2244 3813 είς
2278 3751 2536 3819 οὐράνιον
2567 3752 2662 3804 καὶ
2701 3750 2976 3803 ἀθάνατον
3004 3750 3387 3820 μεταϐιϐάζων
3429 3752 3612 3823 ζωήν·
3647 3756 3744 3809 καὶ

2162 3845 2196 3913 ἡ
2222 3842 2415 3895 τούτου
2454 3843 2646 3911 μνήμη
2684 3840 3029 3911 χαρμόσυνος
3060 3840 3223 3914 ἑορτὴ
3258 3844 3352 3895 καὶ
3395 3844 3743 3913 παγκόσμιός

2164 3938 2280 3988 ἐστι
2310 3934 2647 4003 πανήγυρις,
2681 3933 2757 4001 μὴ
2792 3932 2956 4001 μόνον
2983 3932 3359 4003 ἀνανεουμένη
3387 3933 3487 4003 τήν
3518 3936 3744 4004 μνήμην

2163 4028 2272 4082 τῶν
2316 4030 2418 4097 τῆς
2451 4027 2799 4098 Θεομήτορος
2835 4025 3179 4095 Θαυμασίων,
3208 4026 3347 4080 ἀλλὰ
3392 4028 3487 4081 καὶ
3516 4045 3747 4097 προστι-

2166 4122 2323 4176 θεῖσα
2365 4120 2467 4191 τήν
2494 4121 2684 4192 κοινὴν
2720 4121 2815 4175 καὶ
2852 4120 3051 4191 καινὴν
3073 4121 3183 4174 τῶν
3218 4121 3382 4189 ίερῶν
3424 4123 3747 4175 ἀποστόλων

2166 4215 2230 4267 ἐκ
2270 4214 2468 4275 παντὸς
2494 4213 2680 4276 ἔθνους
2704 4213 2796 4265 ἐπὶ
2815 4214 2880 4281 τῇ
2909 4212 3155 4283 πανιέρῳ
3176 4213 3369 4283 κηδείᾳ
3393 4212 3604 4283 ταύτης
3626 4232 3753 4270 συν-

2170 4305 2401 4374 δρομήν·
2454 4306 2581 4367 τοὺς
2619 4303 2713 4357 ἐπὶ
2755 4303 2929 4376 ταύτῃ
2987 4304 3096 4356 τῶν
3148 4304 3463 4374 θεολήπτων
3521 4307 3750 4363 ἐκείνων

491 4396 723 4466 hymnos
752 4390 805 4443 in
840 4405 900 4442 ea
936 4385 1105 4439 Deum
1139 4380 1549 4453 gloriﬁcantes;
1602 4382 1921 4449 angelorum
1961 4381 2053 4434 mi-

2174 4363 2541 4467 θεοιρᾱίντορας
2563 4363 2773 4465 *ὕμνους
2790 4412 2802 4427 ·
2829 4363 2929 4459 τάξ
2961 4395 3265 4465 ἀγγελικὰς
3295 4363 3626 4463 ἐπιστασίας
3651 4403 3751 4455 καὶ

492 4483 743 4545 nisteria,
775 4481 1083 4547 chorosque
1115 4476 1262 4531 circa
1313 4488 1435 4528 eam
1469 4484 1526 4529 ct
1574 4477 1714 4527 ritus
1761 4472 2066 4528 honorifice

490 4575 869 4632 comitantium
894 4582 948 4625 et
982 4568 1411 4640 insequentium,
1439 4566 1815 4638 adjuvantium
1840 4576 1895 4621 et
1915 4567 2072 4621 oblu~

488 4668 781 4731 ctantium,
829 4662 1291 4725 succurrentium,
1338 4659 1676 4729 adjutorum,
1729 4674 1921 4713 eorum
1952 4673 2071 4715 om-

2171 4489 2303 4560 περὶ
2338 4489 2513 4558 αὐτὴν
2560 4488 2926 4559 χοροστασίας
2965 4489 3063 4541 καὶ
3094 4487 3459 4559 λειτουργίας
3491 4507 3719 4562 προπεμ.

2171 4584 2406 4643 πόντων,
2435 4582 2815 4649 ἐφεπομένων,
2842 4580 3328 4651 συμπραττόντων,
3346 4582 3751 4652 ἀντιπραττόν-

2172 4689 2303 4737 των,
2351 4671 2690 4741 ἁμυνόντων,
2739 4673 3132 4743 ἀμυνομένων*
3190 4671 3287 4724 καὶ
3338 4672 3753 4741 συνεργούντων

491 4766 644 4819 nium
677 4760 770 4831 qui
799 4772 1017 4827 operam
1045 4769 1379 4823 carmenque
1402 4760 1517 4807 tota
1543 4752 2053 4823 virtutejungeban?

2178 4760 2277 4829 μὲν
2312 4763 2407 4813 καὶ
2437 4760 2778 4831 συνᾳδόντων
2820 4762 2971 4833 πάσῃ
3009 4762 3236 4831 δυνάμει
3269 4765 3380 4826 τοῖς
3413 4763 3500 4817 διὰ
3534 4766 3754 4822 πάντων

490 4856 675 4927 Operis
704 4864 759 4909 et
784 4850 1123 4907 carminibus
1166 4848 1466 4901 multorum
1509 4846 1657 4901 omni
1695 4849 1856 4900 modo
1892 4848 2069 4900 bono-

490 4952 731 5007 rantium
769 4946 904 5003 illud
937 4958 1140 5014 corpus
1173 4944 1298 4996 vitae
1327 4941 1616 4995 Dominum
1650 4951 1706 4995 et
1748 4956 1778 4994 a
1812 4941 1922 4995 Deo
1969 4942 2070 4995 da-

492 5055 631 5108 tum,
654 5037 1094 5111 aggredientium
1126 5043 1181 5089 et
1216 5041 1357 5089 tecta
1406 5048 1571 5087 manu
1621 5034 2067 5103 propulsantium

491 5137 710 5193 Judreos
771 5132 1037 5187 adversus
1092 5129 1259 5182 Deum
1321 5128 1547 5182 brachio
1615 5137 1669 5181 et
1732 5125 2071 5181 conscientia

491 5239 766 5287 certantes
788 5235 843 5282 et
868 5225 1231 5295 refragantes,
1258 5223 1377 5292 ipso
1403 5232 1671 5290 praesente
1699 5224 1805 5275 Deo
1828 5220 2067 5275 Sabaoth

492 5337 546 5381 et
574 5322 713 5377 Filio
744 5327 1022 5391 perpetuae
1069 5315 1235 5385 hujus
1286 5314 1522 5385 Virginis
1551 5315 1853 5369 invisihiter
1908 5315 2067 5369 auxi-

494 5420 664 5471 liante
693 5422 747 5468 et
773 5424 1061 5481 supremos
1094 5413 1331 5464 honores
1363 5406 1521 5462 Matri
1554 5408 1845 5469 solvenlis,
1886 5410 1938 5460 in
1976 5424 2071 5462 cu-

490 5510 583 5579 jus
613 5505 865 5560 manibus
895 5501 1134 5572 reposita
1160 5513 1275 5557 erat
1303 5501 1485 5555 divina
1516 5501 1637 5571 ejus
1661 5502 1865 5565 anima,
1890 5510 1944 5553 et
1977 5516 2073 5554 cu-

570 5694 612 5719 “
653 5690 666 5742 Ι
705 5686 848 5740 l‘ctt‘.
882 5704 915 5753 ι,
955 5686 1036 5739 12.

2175 4850 2503 4917 σεμνύνουσι
2536 4853 2594 4903 τὸ
2619 4850 2927 4920 ζωαρχικὸν
2956 4851 3051 4904 καὶ
3073 4851 3321 4919 θεοδόχον
3349 4854 3529 4906 ἐκεῖνο
3566 4855 3753 4925 σῶμα,

2176 4944 2237 4995 τὸ
2282 4943 2549 4996 σωστικδν
2598 4942 2894 5011 φάρμακον
2942 4941 3037 4996 τοῦ
3087 4944 3209 4996 καθ’
3254 4946 3403 5014 ἡμᾶς
3438 4950 3654 5012 γένους,
3694 4952 3757 5001 τὸ

2176 5035 2359 5103 πάσης
2402 5036 2503 5102 τῆς
2534 5036 2765 5096 κτίσεως
2803 5035 3213 5105 σεμνολόγημαο
3264 5037 3654 5105 πολεμούντων
3697 5041 3756 5092 δὲ

2177 5126 2272 5178 καὶ
2303 5124 2700 5194 ἀντικειμένων
2747 5126 2895 5193 χειρὶ
2938 5132 3148 5196 κρυφίᾳ
3192 5129 3305 5188 τοῖς
3357 5128 3757 5197 ἐπεμϐαίνουσι

2179 5221 2275 5273 καὶ
2294 5220 2855 5288 ἁντεπανισταμένοις
2892 5220 3174 5283 Ἰουδαίοις
3204 5219 3462 5292 θεομάχῳ
3488 5222 3635 5293 χειρὶ
3660 5226 3759 5277 καὶ

2178 5316 2397 5384 γνώμῃ,
2450 5312 2613 5366 αὑτοῦ
2648 5314 2741 5366 106
2794 5313 3001 5382 Κυρίου
3048 5314 3280 5366 Σαϐαὼθ
3343 5319 3437 5366 καὶ
3475 5317 3601 5367 Υίοῦ
3652 5317 3759 5387 τῆς

2179 5406 2548 5475 ἀειπαρθένου
2608 5404 2815 5473 ταύτης
2873 5406 3123 5474 ἀοράτως
3176 5406 3469 5475 παρόντος,
3527 5410 3623 5461 καὶ
3662 5409 3763 5480 τὴν

2181 5500 2383 5564 ἐξόδιον
2418 5500 2763 5563 ἀποδιδόντος
2789 5502 2854 5569 τῇ
2890 5500 3075 5570 Μητρὶ
3116 5504 3305 5571 τιμήν,
3357 5499 3419 5555 οὗ
3448 5504 3569 5564 ταῖς
3602 5504 3763 5573 χεροὶ
