4078 6216
482 354 583 413 ιδ’]

1744 348 1848 408 GR
1863 347 2128 408 EGORll
2160 346 2477 406 PALAMxE

3641 340 3749 404 468

485 465 550 514 ah
596 462 682 516 his
721 461 815 530 qui
861 459 926 514 ad
967 457 1352 524 inquirendum
1387 464 1750 521 accesserant,
1787 459 1928 512 sicut
1965 472 2061 511 an-

2170 457 2352 526 αότῆς
2385 455 2741 520 ἀναστάσεως
2769 457 2824 512 αί
2853 456 3085 520 σινδόνες
3109 456 3203 511 καὶ
3229 455 3298 510 τά
3326 455 3578 524 ἓντάφια,
3612 459 3748 526 μόνα

485 566 567 607 ten
616 555 669 606 in
703 553 955 620 sepulcro
981 551 1100 604 Filii
1137 551 1256 614 ejus
1285 561 1338 603 ct
1373 549 1767 604 l)mnini.Cum
1792 567 1926 618 opus
1953 565 2058 604 non

485 657 629 701 esset
654 656 709 699 ut
736 647 824 699 illa
853 661 1093 715 quoque,
1143 645 1284 698 sicut
1315 644 1436 710 ejus
1484 642 1658 698 Filius
1705 653 1758 698 et
1811 646 1974 705 licus,
2008 643 2060 696 in

485 750 626 793 trrra
663 749 989 798 moraretur,
1039 738 1162 790 ideo
1210 737 1353 789 illico
1383 752 1409 788 a
1443 739 1694 804 sepulcro
1740 739 1792 789 in
1855 736 2058 791 cmlum

483 840 767 898 assumpta
797 840 901 894 est,
938 830 1082 884 unde
1113 829 1176 881 ad
1208 837 1410 881 terram
1465 829 1802 882 clarissimos
1834 837 1887 881 et
1921 827 2062 882 divi-

486 926 750 980 nissimos
782 924 1104 993 splendores
1130 925 1442 993 gratiasque
1472 923 1693 985 emittit,
1740 931 1904 975 totum
1937 921 2064 974 inde

484 1022 684 1070 terram
715 1018 1059 1081 illutninans,
1093 1018 1160 1071 ab
1191 1019 1447 1071 omnibus
1475 1016 1726 1069 fidelibus
1765 1017 2060 1078 celebrata,

482 1120 697 1160 necnon
732 1107 884 1161 cultu
933 1116 987 1160 et
1032 1106 1399 1160 admiratione
1452 1106 1668 1160 affecta.
1719 1105 1854 1159 Nam
1893 1105 2060 1166 Dens,

479 1216 649 1268 quum
674 1201 835 1255 vellet
865 1202 1159 1270 imaginem
1184 1201 1366 1256 omnis
1393 1200 1823 1268 pulchritudinis
1849 1216 2058 1263 creare,

481 1307 752 1361 suamque
786 1293 1205 1346 similitudinem
1236 1302 1343 1345 tam
1380 1291 1590 1359 angelis
1618 1306 1784 1360 quam
1821 1291 2060 1344 homini-

482 1381 586 1436 bus
613 1397 940 1453 preponere,
968 1399 1087 1437 eam
1117 1386 1278 1438 talem
1310 1393 1419 1436 tota
1432 1399 1597 1452 mque
1629 1383 1912 1450 pulchram
1933 1397 2062 1450 ope-

482 1485 639 1532 ratus
670 1486 772 1543 est,
804 1478 988 1532 omnia
1021 1493 1359 1547 congregans
1391 1478 1590 1544 quibus
1623 1478 1677 1531 in
1726 1476 1918 1532 ordine
1947 1477 2061 1530 dis-

482 1567 710 1623 tributis
739 1569 1046 1635 adornavit,
1078 1569 1348 1636 bonisque
1398 1579 1510 1622 tum
1561 1567 1899 1630 visibilibus,
1944 1576 2058 1621 tum

487 1659 864 1716 invisibilibus
909 1676 1258 1716 communem
1310 1663 1574 1717 mundum
1624 1662 1930 1721 constituit.
1977 1660 2063 1714 vel

482 1755 669 1822 potius
702 1755 848 1809 illam
879 1756 1126 1812 exhibuit
1155 1772 1503 1812 communem
1544 1758 1828 1810 mistnram
1878 1753 2063 1808 omni-

485 1846 588 1901 bus
622 1849 1000 1904 venustatibns
1034 1860 1145 1903 tum
1179 1851 1400 1914 divinis,
1451 1859 1562 1904 tum
1619 1851 1897 1920 angelicis.
1948 1861 2062 1902 tum

485 1940 766 2006 humanis,
817 1952 872 1996 et
930 1944 1192 1998 eximiam
1255 1945 1722 2014 pulchritudinem
1764 1954 2062 2013 utrumque

485 2035 748 2088 mundum
805 2035 1188 2101 adornantem,
1221 2037 1278 2091 in
1311 2038 1471 2091 terris
1505 2037 1728 2105 quidem
1793 2037 2060 2104 incipien-

485 2133 622 2192 tem,
650 2130 704 2180 ln
735 2127 934 2182 cmlum
962 2143 1090 2183 vero
1125 2131 1531 2197 pervenientem
1555 2166 1570 2192 ,
1602 2129 1860 2197 istudque
1911 2138 2065 2182 tran-

485 2204 842 2272 scendentem
862 2233 960 2273 sua
984 2233 1017 2273 a
1041 2219 1336 2290 sepulchro
1378 2219 1432 2273 in
1459 2220 1656 2275 ccelum
1683 2221 1941 2275 hodierna
1974 2236 2064 2276 as-

485 2306 821 2377 sumptione,
866 2317 923 2363 et
967 2324 1203 2378 superna
1236 2311 1471 2366 terrenis
1519 2311 1970 2381 conjungeutem,
2010 2321 2068 2367 et

489 2401 812 2456 universum
856 2402 1138 2457 miraculis
1185 2404 1306 2472 ejus
1364 2405 1532 2474 gratia
1573 2405 1801 2472 patratis
1849 2407 2066 2473 replen-

488 2504 618 2556 lem,
654 2493 728 2548 ita
763 2503 824 2548 ut
853 2495 1016 2549 etiam
1053 2494 1109 2549 in
1134 2511 1201 2551 eo
1225 2497 1371 2565 quod
1420 2497 1488 2550 ab
1526 2497 1683 2549 initio
1711 2495 1856 2551 dicta
1894 2495 2066 2552 fuerit
2102 2530 2106 2534 -

488 2585 653 2654 paulo
682 2587 862 2641 minor
906 2585 976 2640 ab
1037 2586 1270 2656 angelis,
1315 2587 1447 2657 quia
1513 2595 1742 2640 mortem
1805 2587 2064 2658 gustavit.

487 2677 734 2750 Deiparte
764 2695 928 2749 super
955 2681 1140 2734 omnia
1167 2680 1544 2736 excellentiam
1581 2679 1875 2751 adaugeat,
1920 2681 2066 2735 unde

487 2771 692 2825 merito
740 2773 926 2825 omnia
965 2770 1030 2825 ad
1075 2771 1194 2840 ejus
1229 2775 1567 2841 praeconium
1614 2775 1938 2843 conSpirant
1989 2773 2067 2828 si-

487 2860 714 2934 mulque
748 2864 910 2919 hodie
935 2863 1071 2918 illud
1097 2873 1460 2934 componunt.

2171 550 2592 621 περιλειφθέντα
2624 552 2702 621 τῷ
2731 552 2910 622 τάφῳ,
2946 553 3039 604 καὶ
3074 551 3211 621 μόνα
3238 551 3362 605 κατ’
3396 550 3558 605 αὐτὸν
3591 552 3747 619 εὑρε-

2171 644 2334 697 θέντα
2368 643 2511 697 κατὰ
2551 644 2785 714 ζήτησιν
2814 643 3202 716 προσελθοῦσι.
3234 644 3492 715 καθάπερ
3525 643 3614 696 ἐπὶ
3653 642 3750 695 τοῦ

2174 735 2304 789 Υίοῦ
2356 737 2452 790 καὶ
2485 737 2761 791 Δεσπότου
2808 739 3098 808 πρότερον.
3133 737 3246 791 Οὐκ
3275 732 3342 808 ἦν
3372 736 3428 790 δὲ
3467 737 3626 806 χρεία
3655 735 3749 788 καὶ

2169 831 2378 897 ταύτην
2411 829 2492 882 ἔτι
2522 831 2661 900 πρὸς
2701 829 2884 898 ὀλίγον
2916 831 3170 901 καθάπερ
3196 830 3224 884 ό
3253 829 3460 899 ταύτης
3497 829 3624 890 Υἱὸς
3653 828 3750 880 καὶ

2169 923 2302 985 Θεὸς
2328 923 2672 993 ἐνδιατρίψειε
2698 927 2763 994 τῇ
2793 927 2886 994 γῇο
2921 925 3011 978 διὰ
3035 925 3194 978 τοῦτο
3227 924 3360 995 πρὸς
3393 925 3485 977 τὸν
3515 923 3752 995 όπερου-

2171 1015 2358 1083 ράνιον
2391 1014 2554 1077 εὐθὺς
2584 1015 2870 1086 ἀνελήφθη
2903 1015 3083 1086 χῶρον
3111 1016 3218 1070 ἀπὸ
3245 1017 3338 1070 τοῦ
3383 1017 3582 1084 τάφου,
3617 1018 3754 1087 παρ’

2171 1099 2232 1158 οῦ
2283 1106 2450 1160 πάλιν
2488 1109 2652 1176 μέχρι
2703 1111 2808 1178 γῆς
2849 1107 3162 1178 φανοτάτας
3205 1103 3268 1161 τε
3311 1109 3410 1161 καλ⁵
3463 1107 3755 1172 θειοτάτας

2169 1201 2561 1271 ἁπαστράπτει
2585 1203 2681 1264 τὰς
2711 1202 3082 1271 μαρμαρυγὰς
3117 1205 3214 1257 καῖ⁵
3239 1204 3336 1268 τάς
3364 1203 3619 1274 χάριτας,
3647 1203 3755 1256 πᾶα

2171 1309 2274 1344 σαν
2296 1293 2395 1362 τὴν
2430 1293 2710 1361 περίγειον
2735 1293 2891 1364 λῆξιν
2935 1296 3147 1348 ἐκεῖθεν
3195 1294 3622 1366 διαφωτίζουσα,
3655 1298 3754 1348 καὶ

2172 1385 2325 1452 παρά
2351 1385 2462 1437 τῶν
2495 1386 2703 1438 πιστῶν
2737 1388 2960 1441 πάντων
3001 1388 3455 1459 προσκυνουμένη
3493 1390 3589 1442 καὶ
3614 1389 3754 1442 θαυ-

2174 1478 2455 1548 μαζομένη
2482 1481 2577 1531 καὶ
2621 1480 2966 1550 ὑμνουμένη.
3007 1481 3281 1552 Καθάπερ
3311 1481 3423 1552 γάρ
3463 1481 3753 1552 βουληθεὶς

2169 1569 2198 1621 ό
2219 1569 2350 1632 Θεὸς
2378 1571 2566 1624 εἰκόνα
2593 1571 2896 1643 στήσασθαι
2929 1575 3130 1638 παντὸς
3155 1570 3349 1636 καλοῦ,
3374 1578 3471 1631 καὶ
3497 1575 3599 1648 τὴν
3628 1576 3758 1630 ἑαυ-

2171 1660 2266 1714 τοῦ
2307 1664 2438 1732 περὶ
2477 1663 2655 1717 ταῦτα
2693 1665 2955 1738 καθαρῶς
3006 1665 3347 1734 ἐνδείξασθαι
3373 1668 3472 1721 καὶ
3497 1668 3755 1736 ἀγγέλοις

2169 1755 2266 1808 καὶ
2299 1753 2637 1824 ἀνθρώποις,
2664 1757 2810 1812 οῦτω
2832 1759 3045 1828 ταύτην
3073 1757 3216 1814 οὕτω
3258 1761 3554 1830 παγκάλην
3580 1760 3752 1825 ὅντως

2169 1845 2552 1918 ἐξειργάσατο,
2591 1849 2770 1903 πάντα
2799 1851 3058 1916 συνελὼν,
3085 1848 3165 1915 οἷς
3195 1853 3377 1908 πάντα
3403 1851 3591 1906 διελὼν
3623 1851 3754 1907 6x6-

2173 1956 2404 2008 σμησεν,
2428 1940 2646 2009 ὁρατῶν
2669 1959 2728 1995 τε
2757 1946 2851 1996 καὶ
2874 1945 3128 2016 ἀοράτων
3155 1944 3378 2014 ἀγαθῶν
3406 1947 3588 2000 κοινὸν
3617 1947 3754 1999 ὕπο-

2166 2031 2375 2100 στήσας
2430 2032 2663 2103 κόσμον,
2730 2033 2938 2104 μᾶλλον
2993 2035 3050 2088 δὲ
3098 2036 3264 2090 θείων
3311 2036 3409 2090 καὶ
3441 2036 3757 2104 ἀγγελῑκῶν

2166 2124 2265 2177 καὶ
2287 2125 2652 2194 ἀνθρωπίνων
2701 2127 2924 2181 πάντων
2968 2127 3153 2182 καλῶν
3207 2130 3386 2182 κοινδν
3415 2131 3588 2199 αὐτὴν
3613 2131 3754 2184 ὐποο

2165 2216 2350 2282 δείξας
2383 2220 2577 2288 κρᾶμα
2609 2219 2706 2274 καὶ
2742 2219 3014 2294 καλλονὴν
3049 2222 3363 2294 ὑπερτέραν
3403 2223 3753 2294 ἀμφοτέρους

2165 2308 2580 2382 ἀπικοσμοῦσαν
2607 2313 2734 2376 τοὺς
2765 2314 3034 2382 κόσμους,
3052 2315 3161 2368 ἀπὸ
3183 2315 3291 2384 γῆς
3320 2317 3422 2384 μὲν
3440 2317 3750 2387 ἡργμένην,

2171 2406 2340 2477 μέχρι
2395 2406 2454 2458 δὲ
2501 2405 2738 2474 οὐρανοῦ
2799 2407 3113 2474 φθάσασαν,
3161 2411 3258 2461 καὶ
3307 2408 3624 2480 ὑπερδείσαν
3654 2409 3755 2463 καὶ

2166 2497 2381 2564 τοῦτον,
2414 2500 2480 2570 τῇ
2513 2501 2666 2569 παρὰ
2694 2500 2790 2554 τοῦ
2825 2500 3000 2570 τάφου
3041 2500 3138 2554 νῦν
3163 2502 3303 2571 πρὸς
3348 2503 3582 2572 οὐρανὸν
3616 2504 3754 2555 ἀνα-

2165 2588 2350 2660 λήψει,
2384 2593 2632 2652 καὶτοῖς
2684 2593 2797 2647 ἀνω
2847 2594 2916 2648 τὰ
2969 2595 3123 2648 κάτω
3177 2594 3520 2665 συνάψασαν,
3566 2594 3754 2649 καὶτὸ

2167 2684 2280 2737 πᾶν
2313 2684 2686 2756 περισχοῦσαν
2736 2688 2850 2750 τοῖς
2893 2687 3028 2758 περὶ
3073 2685 3246 2758 αὐτὴν
3279 2685 3632 2757 θαυμασίοις,
3673 2687 3752 2751 ὡς

2167 2776 2263 2830 καὶ
2306 2777 2436 2830 καθ’
2480 2778 2509 2830 ὃ
2540 2778 2718 2849 βραχύ
2777 2796 2832 2833 τι
2889 2781 3025 2851 παρ’
3057 2781 3326 2849 ἀγγέλους
3357 2780 3753 2852 ὴλαττωμένην

2168 2867 2270 2941 τὴν
2301 2869 2481 2942 ἀρχὴν
2508 2871 2750 2942 είρηται,
2782 2875 2845 2927 τὸ
2869 2872 2966 2927 τοῦ
2998 2873 3234 2930 θανάτου
3254 2871 3558 2942 γεύσασθαι
3585 2873 3752 2942 λέγω,

483 2957 588 3026 τὴν
614 2959 752 3028 πρὸς
785 2958 854 3013 τά
903 2960 1082 3014 πάντα
1128 2961 1227 3030 τῆς
1257 2961 1604 3032 Θεομήτορος
1638 2959 1898 3028 ὲπαύξειν
1929 2962 2214 3036 ὑπεροχήν
2253 2983 2267 2997 ·
2301 2967 2429 3020 ὅθεν
2501 2969 2598 3020 καὶ⁵
2663 2964 2894 3034 δικαίως
2941 2967 3043 3040 τὴν
3070 2967 3161 3023 ἐπὶ
3200 2967 3377 3040 τούτῳ
3440 2968 3752 3042 πανήγυριν

484 3055 558 3109 τὰ
586 3055 766 3109 πάντα
794 3057 1092 3127 συγκροτεί
1119 3058 1213 3108 καὶ
1248 3057 1650 3127 συνεργάζεται
1695 3059 1960 3128 σήμερον.

542 3248 776 3305 Decebat
790 3263 910 3304 eam
926 3263 1047 3319 qua:
1063 3247 1372 3317 impientem
1390 3247 1572 3302 omnia
1589 3248 2071 3302 continuerateum
2096 3247 2145 3312 ο

488 3341 682 3414 quiest
699 3358 865 3414 super
879 3343 1084 3408 omnia,
1105 3341 1289 3396 omnia
1309 3353 1364 3396 et
1386 3342 1561 3411 ipsam
1586 3356 1869 3411 superare,
1891 3340 2075 3397 omni-

488 3437 702 3506 busque
719 3445 977 3504 praestare
997 3437 1115 3491 suis
1133 3436 1450 3498 virtutibus,
1467 3451 1581 3491 suae
1603 3435 1882 3509 dignitatis
1895 3429 2068 3490 subli-

489 3531 698 3584 mitate.
727 3524 984 3596 Decebat,
1008 3545 1128 3604 eam
1158 3544 1281 3599 quae
1304 3528 1642 3585 charismata
1661 3543 1784 3598 quae
1810 3523 2070 3583 omnibus

487 3622 558 3673 ab
610 3621 761 3675 omni
795 3622 999 3677 saeculo
1035 3605 1260 3692 optimis
1303 3622 1593 3678 distributa
1638 3619 1968 3679 suffecerant
2009 3631 2071 3676 ut

486 3711 679 3781 υριὶηιὶ
717 3713 934 3775 tierent,
958 3728 1080 3782 qua
1109 3729 1304 3770 omnes
1332 3713 1444 3768 Deo
1465 3713 1603 3782 grati
1636 3729 1734 3784 per
1767 3725 1948 3784 partes
1970 3729 2068 3770 ac-

487 3815 746 3875 ceperant
781 3815 890 3860 tam
913 3807 1088 3875 angeli
1124 3822 1289 3876 quam
1317 3807 1792 3884 homines’omnia
1821 3805 2092 3879 compre;

492 3899 757 3953 henderat
787 3908 842 3955 et
887 3899 1004 3955 sola
1036 3900 1294 3955 omnibus
1328 3902 1631 3966 cumulata,
1664 3913 1723 3957 ut
1763 3902 1834 3958 ita
1865 3901 2066 3968 dicam,

489 3992 887 4058 luxuriaverat,
917 3992 1170 4059 decebat,
1223 3993 1470 4062 inquam,
1511 4009 1632 4049 eam
1664 4010 1834 4065 super
1876 4011 2069 4052 omnes

490 4085 594 4140 hoc
615 4084 818 4142 habere
848 4095 905 4139 ut
929 4095 1050 4155 post
1073 4095 1302 4140 mortem
1331 4086 1658 4141 immortalis
1679 4089 1852 4150 ﬂeret.
1871 4097 1926 4142 et
1951 4081 2066 4143 sola

487 4194 615 4233 cum
650 4193 878 4248 corpore
913 4179 966 4233 in
1003 4179 1160 4233 cretis
1208 4180 1369 4234 simul
1401 4180 1543 4249 apud
1577 4178 1776 4235 Filium
1807 4191 1870 4236 et-
1897 4180 2066 4234 Deum

487 4275 738 4342 degeret,
766 4279 821 4327 et
857 4271 981 4327 inde
1029 4269 1083 4325 in
1130 4285 1322 4326 omnes
1350 4271 1468 4325 eain
1504 4271 1746 4327 colentes
1779 4273 2075 4328 abundan~

489 4377 597 4422 tem
619 4366 921 4421 eﬂ‘underet
938 4365 1187 4436 gratiam,
1211 4365 1384 4435 ipsum
1404 4365 1709 4420 concedens
1725 4367 1924 4421 donum
1946 4381 2068 4420 eam

487 4458 1092 4530 r0ncupiscendi,facta
1113 4456 1514 4525 receptaculum
1532 4458 1830 4525 gratiarum
1847 4453 2071 4526 amplis-

489 4555 793 4621 simarum;
833 4551 1055 4606 decebat
1083 4565 1200 4605 eam
1232 4550 1466 4620 egregiis
1491 4537 1656 4605 donis
1690 4548 1865 4620 magis
1889 4550 2070 4606 adhuc

487 4649 759 4720 egregiam
782 4646 1074 4701 addentem
1099 4645 1439 4700 clementiam
1464 4658 1746 4714 nunquam
1764 4659 1981 4699 cessare
2000 4645 2071 4698 ab

489 4744 592 4798 ista
613 4755 744 4812 erga
765 4756 864 4795 nos
888 4738 1187 4794 abundanti
1215 4735 1588 4792 munificentia
1608 4745 1661 4789 et
1682 4737 1905 4805 copiosa
1938 4737 2073 4789 libe-

2253 3248 2504 3314 Ἐπρεπε
2538 3248 2594 3300 δὲ
2625 3249 2735 3319 ἄρα
2766 3249 2866 3318 τὴν
2919 3249 3252 3320 χωρήσασαν
3301 3249 3391 3302 τὸν
3435 3247 3750 3320 πληροῦντα

2171 3339 2241 3396 τὰ
2265 3341 2466 3404 πάντα,
2496 3341 2591 3394 καὶ
2615 3339 2756 3412 ὑπὲρ
2779 3343 2840 3395 τὸ
2869 3343 2980 3395 πᾶν
3008 3341 3166 3409 ὄντα,
3197 3342 3270 3395 τὰ
3301 3343 3480 3396 πάντα
3506 3343 3602 3396 καὶ
3625 3341 3752 3396 ταύ-

2170 3449 2274 3503 την
2310 3435 2538 3503 φθάσαι,
2567 3436 2666 3489 καὶ
2695 3434 2838 3506 ὑπὲρ
2863 3436 2932 3488 τά
2974 3434 3155 3488 πάντα
3186 3435 3445 3503 γενέσθαι
3484 3437 3602 3497 ταῖς
3625 3434 3750 3491 καθ’

2172 3529 2374 3599 ἑαυτὴν
2423 3531 2649 3599 ἀρεταῖς
2700 3527 2778 3599 τῷ
2838 3528 3060 3597 μεγέθει
3115 3529 3212 3582 τοῦ
3270 3527 3606 3599 ἀξιώματος.
3642 3529 3752 3581 Καὶ

2169 3622 2352 3675 τοίνυν
2381 3621 2417 3674 ἃ
2461 3624 2595 3676 πᾶσι
2630 3623 2742 3685 τοῖς
2788 3621 2849 3674 ὲκ
2880 3622 2975 3676 τοῦ
3022 3624 3228 3686 παντὸς
3257 3622 3455 3684 αίῶνος
3501 3621 3752 3691 ἀρίστοις

2168 3715 2376 3787 ἤρκεσε
2408 3711 2899 3784 διαμερισαμένοις
2929 3713 3189 3782 ἀρίστους
3219 3712 3499 3782 γενέσθαι,
3525 3715 3623 3764 καὶ
3649 3713 3750 3765 ὅσα

2169 3807 2373 3872 πάντες
2414 3805 2617 3878 οίΘεῷ
2669 3808 3064 3880 κεχαρισμένοι
3117 3808 3263 3861 κατά
3314 3805 3482 3877 μέρος
3533 3805 3752 3876 ἔχουσιν

2169 3899 2397 3969 ἄγγελοί
2431 3913 2490 3954 τε
2537 3901 2637 3954 καὶ
2666 3900 2973 3970 ἂνθρωποι,
3010 3900 3192 3954 πάντα
3240 3897 3610 3961 συλλαϐοῦσα,
3653 3898 3752 3950 καὶ

2174 3993 2311 4063 μόνη
2345 3995 2525 4047 πάντα
2555 3993 2881 4047 διατελοῦσα
2908 3992 3003 4044 καὶ
3039 3990 3437 4063 περιττεύουσαν
3476 3990 3602 4061 μηδ’
3626 3991 3752 4042 ὅσον

2170 4080 2370 4153 εἰπεῖν,
2403 4086 2552 4155 ἔχειν
2576 4085 2672 4139 καὶ
2722 4084 2882 4138 τοῦτο
2920 4083 3018 4139 νῦν
3047 4084 3188 4153 ὑπὲρ
3229 4083 3466 4150 πάντας,
3497 4067 3559 4135 τὶ)
3609 4080 3751 4152 μετά

2170 4178 2405 4236 θάνατον
2425 4177 2958 4245 ἀπαθανατισθῆναι,
2991 4179 3088 4230 καὶ
3131 4175 3267 4246 μόνη
3313 4175 3453 4246 μετά
3495 4174 3751 4244 σώματος

2168 4273 2292 4327 κατ’
2321 4273 2556 4344 οὐρανὸν
2586 4273 2685 4326 σὺν
2715 4271 2794 4341 τῷ
2828 4271 2944 4341 Υίῷ
2973 4273 3072 4324 καὶ
3099 4270 3218 4340 Θεῷ
3259 4269 3592 4337 διαιτᾶσθαι,
3617 4273 3752 4326 κάν-

2166 4365 2359 4420 τεῦθον
2391 4365 2606 4420 ὶκετθεν
2631 4365 2960 4436 ὑπερεκχεῖν
2990 4367 3086 4417 καὶ⁸
3119 4366 3258 4435 πρὸς
3296 4364 3425 4428 τοὺς
3461 4365 3639 4437 αὐτὴν
3665 4382 3753 4420 τι-

2174 4462 2390 4531 μῶντας
2424 4458 2824 4528 δαψιλεστάτην
2863 4458 2966 4528 τὴν
3008 4456 3196 4528 χάριν,
3233 4456 3365 4509 αὐτὸ
3414 4457 3751 4528 χαριζομένη

2173 4553 2234 4607 τὸ
2264 4554 2397 4620 πρὸς
2417 4549 2587 4621 αὐτὴν
2617 4553 2762 4622 ἔχειν
2801 4550 3202 4616 ἀνατείνεσθαι,
3241 4550 3426 4604 δίσκον
3456 4549 3621 4605 οὖσαν
3653 4568 3754 4621 τη-

2177 4647 2445 4701 λικούτων
2499 4647 2764 4717 χαρίτωνο
2815 4645 2914 4699 καὶ
2976 4643 3612 4716 προσεπιδαψιλευομένη
3683 4647 3758 4699 τὰ

2175 4740 2410 4808 κρείττω
2441 4739 2511 4791 δι’
2543 4739 2881 4808 ἀγαθότητα,
2905 4739 3001 4790 καὶ
3034 4736 3306 4807 μηδέποτε
3336 4739 3622 4806 παυομένη
3651 4736 3749 4804 τῆς

491 4835 722 4889 ralitate.
765 4831 821 4888 Si
851 4834 975 4902 quis
1002 4833 1247 4886 attendat
1272 4831 1337 4885 ad
1369 4830 1535 4884 istum
1575 4831 1753 4885 omnis
1782 4829 1906 4884 boni
1947 4845 2069 4883 con-

2175 4832 2316 4898 ὑπὲρ
2348 4832 2505 4901 ἡμῶν
2545 4831 2864 4894 λυσιτελοῦς
2899 4829 3106 4900 ταύτης
3148 4832 3320 4900 φορᾶς
3352 4831 3448 4882 καὶ
3490 4827 3750 4898 δαψιλοῦς

487 4943 712 4981 cursum
741 4928 1013 4994 istamque
1045 4924 1445 4986 collectionem,
1475 4923 1907 4990 dicetVirginem
1932 4919 2072 4975 idem

491 5019 753 5089 perlicere
777 5020 828 5073 in
862 5018 1060 5072 virtute
1083 5027 1136 5073 et
1166 5018 1249 5072 eis
1278 5019 1368 5086 qui
1413 5018 1604 5071 vivunt
1629 5018 1932 5070 secundum
1963 5016 2078 5068 vir-

491 5126 665 5169 tutem
690 5113 838 5185 quod
865 5112 944 5166 sul
973 5113 1024 5166 in
1051 5114 1256 5167 lumine
1281 5111 1530 5167 sensibili
1550 5122 1604 5164 et
1634 5111 1714 5165 eis
1743 5111 1837 5178 qui
1864 5112 1916 5163 iu
1947 5110 2064 5179 ipso

483 5215 683 5261 urunt
727 5215 1008 5277 Operatnr.
1049 5204 1106 5256 Si
1141 5220 1267 5257 vero
1314 5203 1377 5256 ad
1420 5204 1590 5256 solem
1628 5202 1717 5270 qui
1753 5201 2066 5254 hominibus

495 5301 826 5355 miraculose
855 5315 919 5353 ex
951 5299 1056 5350 isua
1078 5295 1297 5367 Virgine
1328 5306 1481 5350 ortus
1508 5305 1613 5356 est,
1639 5294 1734 5364 qui
1764 5297 1943 5348 omnia
1971 5295 2066 5347 ha-

495 5399 586 5449 bet
615 5405 668 5449 el
689 5405 883 5448 natura
911 5399 1130 5461 Superat
1157 5391 1283 5444 huic
1311 5391 1496 5458 gratiae
1523 5389 1723 5451 allinia,
1751 5389 1878 5442 siad
1904 5388 2068 5441 istum

486 5487 698 5542 mentis
754 5487 972 5541 oculum
1028 5486 1224 5550 erigat,
1280 5483 1477 5536 cmlum
1543 5481 1825 5549 apparebit
1884 5477 2072 5546 Virgo,

499 5586 656 5632 tanto
685 5577 973 5633 clariorem
1009 5590 1105 5645 per
1141 5573 1324 5627 omnia
1367 5573 1505 5626 bona
1537 5572 1903 5625 lueretlitatem
1940 5586 2078 5623 cons

482 5692 526 5723 ,δ
562 5683 689 5727 cuta
718 5686 826 5740 prae
854 5670 1067 5724 rzctcris
1101 5669 1214 5722 sive
1248 5667 1351 5720 sub
1377 5667 1518 5720 cwlo
1545 5665 1657 5718 sive
1683 5679 1844 5732 super
1877 5663 2072 5716 malum

504 5765 689 5819 divina
738 5765 910 5834 gratia
943 5763 1176 5827 ornatis,
1207 5771 1415 5831 quanto
1459 5760 1657 5814 coelum
1708 5756 1924 5826 quidem
1973 5756 2074 5811 soli

510 5856 889 5925 ump'itudine,
911 5855 994 5910 sol
1024 5863 1206 5908 autcm
1238 5853 1378 5908 C(elo
1407 5850 1694 5920 splendore
1729 5857 1964 5918 praestat.

2176 4925 2507 4984 συντελείας.
2539 4924 2682 4994 Πρὸς
2717 4924 2818 4992 μὲν
2847 4918 2941 4977 οὖν
2972 4923 3070 4993 τὴν
3107 4922 3308 4982 παντὸς
3333 4920 3538 4988 ἀγαθοῦ
3569 4921 3753 4972 τοιαύ-

2172 5037 2274 5088 την
2302 5019 2511 5071 ἀπιδών
2550 5035 2630 5080 τις
2680 5019 2988 5090 συνδρομήν
3031 5034 3090 5070 τε
3119 5017 3216 5069 καὶ
3257 5015 3546 5087 χορηγίαν,
3592 5015 3750 5068 τοῦτο

2170 5113 2272 5179 τὴν
2303 5111 2578 5182 Παρθένον
2611 5114 2729 5181 ὲρεῖ
2767 5111 2943 5163 τελεῖν
3001 5112 3060 5162 ὲν
3107 5112 3276 5180 ἀρετῇ
3311 5109 3408 5160 καὶ
3459 5112 3571 5170 τοῖς
3625 5105 3748 5158 κατ’

2171 5203 2376 5272 ἀρετὴν
2422 5203 2610 5266 ζῶσιν,
2644 5205 2781 5270 ὅπερ
2830 5203 2886 5254 ὲν
2917 5201 3162 5271 αίσθητῷ
3201 5202 3339 5269 φωτὶ
3364 5203 3459 5253 καὶ
3506 5202 3614 5262 τοῖς
3655 5196 3750 5250 ὑπ’

2175 5295 2306 5349 αὐτὸ
2341 5295 2506 5359 ζῶσιν
2542 5296 2716 5366 ἣλιον.
2749 5295 2811 5347 Ei
2841 5295 2897 5347 δὲ
2946 5294 3081 5366 πρὸς
3114 5295 3204 5346 τὸν
3232 5294 3590 5348 ἀνατείλαντα
3631 5294 3748 5352 τοῖς

2177 5387 2490 5456 ἀνθρώποις
2515 5386 2769 5451 ἐξαισίοις
2790 5386 2896 5438 ἀπὸ
2919 5387 3020 5453 τῆς
3043 5386 3326 5454 Παρθένου
3350 5383 3513 5453 209
3540 5381 3747 5450 ταύτης

2172 5477 2345 5548 ἥλιον,
2384 5477 2442 5539 ὃς
2478 5479 2592 5547 ἔχει
2621 5477 2802 5530 πάντα
2837 5480 2932 5531 καὶ
2963 5478 3223 5546 ὑπερέχει
3270 5478 3429 5544 φύσει
3468 5475 3534 5528 τὰ
3561 5476 3747 5544 χάριτι

2172 5569 2346 5639 τιῖιιὲτγΙ
2381 5570 2832 5639 προσπεφυκότα,
2866 5571 2914 5622 εξ
2947 5570 3082 5640 πρὸς
3110 5567 3300 5622 τοῦτον
3334 5567 3652 5636 μετενέγκοι
3685 5566 3747 5618 τὸ

2172 5663 2272 5732 τῆς
2299 5663 2536 5726 διανοίας
2566 5663 2742 5734 ὄμμα,
2773 5664 3003 5733 οὐρανὸς
3026 5663 3186 5736 εὐθὺς
3215 5664 3248 5732 ἡ
3297 5661 3576 5730 Παρθένος
3607 5662 3744 5714 ἀνα-

2173 5759 2502 5828 φανήσεταιο
2540 5757 2783 5828 τοσούτῳ
2815 5757 2912 5810 καὶ
2960 5757 3070 5808 τῶν
3101 5755 3194 5809 ὑπ’
3224 5756 3452 5824 οὐρανὸν
3481 5756 3580 5808 καὶ
3636 5754 3745 5807 τῶν

2184 5849 2322 5919 ὑπὲρ
2376 5847 2566 5904 τοῦτον
2596 5847 3056 5918 κεχαριτωμένων
3101 5847 3262 5913 θείως
3288 5847 3594 5912 ἁδροτέραν
3649 5862 3743 5907 κε-
