4070 6210
295 303 399 372 469

300 424 546 490 κτημενη
623 421 720 491 τὴν
758 420 845 476 διὰ
897 419 1115 476 πάντων
1167 423 1392 494 ἀγαθῶν

298 513 680 584 λαμπρότερος
721 517 892 584 ἥλιος.

1593 313 1922 374 HOMILIA
1953 311 2254 374 XXXVII.

1473 426 1794 498 εὐκληρίαν,
1844 428 2040 481 ὁπόσον
2093 425 2245 498 ἡλίου
2296 425 2398 495 μὲν
2473 422 2703 495 οὐρανός
2755 422 2892 476 ἐστι·
2934 419 3158 493 μείζων,
3222 420 3454 492 ούρανοῦ
3506 426 3564 472 δε

3447 301 3549 370 470

369 603 466 664 Τίς
501 621 593 658 σου
620 607 680 659 τὸ
709 608 943 679 θεαυγὲς
972 613 1172 678 κάλλος
1208 612 1542 683 ὑπογράψει,
1587 613 1871 683 Θεομῆτορ

2049 614 2181 680 Quae
2221 614 2406 683 lingua
2443 612 2745 675 enarrabit,
2793 610 2960 681 Virgo
2993 611 3244 679 Dcipara,
3281 619 3425 666 tuam
3448 610 3566 679 pul-

300 695 570 764 Παρθένεο
603 697 801 769 λόγου
845 705 909 758 οὐ
951 706 1064 776 γάρ
1108 707 1225 760 Ξστι
1257 706 1327 759 τὰ
1361 707 1429 758 σὰ
1474 705 1755 774 λογισμοῖς
1786 707 1882 759 καλ⁵

300 786 486 860 λόγοες
511 793 714 862 ὁρίζειν
741 811 756 827 ο
801 799 984 851 πάντα
1015 801 1128 870 γὰρ
1157 799 1480 869 ὑπερϐαίνει
1513 802 1606 853 καὶ
1637 799 1762 854 νοῦν
1791 800 1884 852 καὶ

301 880 484 948 λόγον.
528 885 755 955 ’Υμνετν
797 890 844 944 6‘
890 893 1043 959 ὅμως
1097 893 1300 957 ἔξεστι,
1353 892 1448 946 σοῦ
1479 891 1886 962 φιλανθρώπως

304 977 682 1048 προσιεμένης
711 995 726 1010 ⁸
754 981 821 1035 σὺ
854 983 964 1053 γάρ
996 988 1092 1037 καὶ
1121 983 1365 1055 χαρίτων
1402 984 1634 1039 ἀπασῶν
1663 984 1884 1054 χωρίον,

301 1068 404 1122 καὶ
452 1061 730 1142 πλήρωμα
784 1075 1200 1144 καλοκάγαθίας
1236 1070 1524 1140 παντοίας,
1559 1075 1657 1130 καὶ
1718 1077 1884 1145 πίναξ

304 1164 405 1216 καὶ
433 1163 598 1218 εἰκὼν
626 1165 871 1238 ἔμψυχος
899 1168 1108 1236 ἀγαθοῦ
1143 1171 1368 1234 παντὸς,
1393 1172 1489 1224 καὶ
1513 1171 1888 1240 χρηστότητος

307 1255 514 1325 πάσης,
545 1256 625 1320 ὠς
670 1261 806 1332 μόνη
843 1260 1064 1315 πάντων
1106 1261 1390 1332 ἡξιωμένη
1439 1263 1752 1333 συλλήϐδην
1779 1263 1888 1317 τῶν

305 1345 406 1400 τοῦ
435 1347 755 1418 Πνεύματος
802 1353 1164 1424 χαρισμάτων
1190 1370 1205 1386 ο
1241 1355 1443 1425 μᾶλλον
1471 1354 1552 1420 δὲ,
1590 1357 1683 1409 καὶ
1712 1356 1804 1410 τὸν
1831 1359 1891 1410 ὲν

305 1432 354 1508 ᾧ
402 1441 612 1495 τούτων
665 1443 920 1498 ἁπάντων
949 1445 1001 1498 οί
1047 1444 1319 1516 θησαυροὶ
1371 1449 1508 1518 μόνη
1571 1447 1891 1519 παραδόξως

307 1533 370 1584 ἐν
396 1537 514 1597 τοῖς
542 1534 880 1606 σπλάγχνοις
912 1537 1125 1591 ἐνοικον
1161 1539 1386 1608 σχοῦσα,
1420 1543 1516 1594 καὶ
1541 1542 1738 1594 τούτου
1786 1558 1890 1593 κα-

307 1629 561 1682 ταστᾶσα
593 1629 899 1699 παράδοξος
932 1635 1108 1707 σκηνή
1133 1649 1152 1667 ο
1188 1633 1489 1688 κάντεῦθεν
1527 1635 1636 1689 καῖ
1674 1634 1774 1687 νῦν
1800 1635 1892 1689 διὰ

310 1719 551 1775 θανάτου
585 1723 723 1793 πρὸς
781 1723 1090 1780 ἀθανασίαν
1139 1727 1464 1798 χωρήσασα,
1518 1730 1614 1782 καὶ
1667 1727 1893 1792 δικαίως

311 1813 424 1866 ἀπὸ
451 1814 560 1884 γῆς
593 1819 674 1880 είς
717 1819 952 1888 οὺρανδν
997 1819 1335 1888 μεταστᾶσα,
1363 1820 1441 1882 ὡς
1471 1821 1536 1875 ἂν
1567 1822 1626 1874 εν
1654 1821 1894 1888 ὑπερουο

1981 707 2356 763 chritndinem
2393 705 2577 760 divina
2612 706 2730 760 luce
2770 705 3112 776 fulgentem?
3148 704 3259 757 'l‘na
3295 704 3438 760 enim
3473 721 3566 758 no-

1982 817 2090 872 que
2119 810 2298 856 mente
2325 817 2500 871 neque
2525 801 2707 856 verbis
2737 815 3030 868 possumus
3047 799 3290 869 assequi,
3312 809 3555 854 attamen

1984 893 2113 948 licet
2141 893 2383 964 hymnis,
2419 897 2536 962 ipsa
2573 904 2628 948 te
2667 893 2960 946 clementer
2997 891 3231 952 favente,
3266 892 3561 949 celebrare.

1984 985 2120 1040 Nam
2157 1001 2211 1040 tu
2237 986 2535 1054 gratiarum
2567 985 2812 1039 omnium
2843 987 3020 1046 sedes,
3061 995 3115 1037 lu
3145 985 3428 1053 plenitudo
3463 1000 3564 1039 cu-

1982 1079 2208 1149 juslibet
2257 1077 2514 1133 bonitatis
2546 1080 2627 1133 vel
2677 1079 3116 1149 pulchritudinis,
3169 1090 3222 1133 lu
3279 1079 3460 1134 tabula
3511 1088 3567 1132 et

1988 1172 2169 1242 imago
2208 1171 2448 1226 animata
2489 1172 2828 1239 omnisboni
2861 1173 3157 1242 omnisque
3185 1171 3562 1242 benignitatis,

1987 1263 2117 1331 quia
2150 1262 2265 1317 sola
2302 1263 2553 1318 meruisti
2585 1263 2769 1318 omnia
2798 1264 3035 1330 recipere
3065 1263 3303 1331 Spiritus
3351 1263 3564 1317 charis-

1988 1364 2157 1419 mata,
2190 1356 2270 1410 rel
2299 1356 2500 1425 potius,
2533 1358 2792 1426 quoniam
2843 1358 2956 1412 sola
2997 1357 3323 1411 miraculose
3353 1358 3403 1410 in
3457 1359 3568 1411 tuis

1988 1447 2292 1501 visceribus
2325 1448 2561 1504 habuisti
2597 1449 2990 1504 inhabitantem
3026 1465 3150 1502 cum
3209 1450 3264 1504 in
3298 1464 3408 1517 quo
3439 1461 3566 1503 sunt

1990 1539 2237 1594 omnium
2295 1540 2684 1596 charismatum
2743 1542 3018 1604 thesauri,
3080 1551 3133 1598 et
3192 1541 3564 1612 prodigiosum

1991 1629 2142 1687 fuisti
2179 1633 2299 1701 ejus
2328 1633 2738 1695 tabernaculum
2760 1650 2776 1694 ;
2800 1644 2854 1688 et
2882 1634 3040 1688 hodie
3063 1650 3156 1702 per
3184 1643 3412 1688 mortem
3439 1636 3569 1690 hinc

1992 1725 2061 1778 ad
2107 1725 2577 1781 immortalitatem
2633 1729 2895 1796 profecta,
2928 1735 2982 1781 et
3024 1727 3219 1780 merito
3271 1743 3300 1780 a
3333 1735 3474 1781 terra
3514 1727 3567 1779 in

1993 1814 2196 1870 cmlnm
2233 1817 2521 1881 translata,
2557 1825 2617 1872 ut
2645 1817 2699 1872 in
2727 1818 3047 1873 caelestibus
3079 1817 3450 1872 tabernaculis
3475 1835 3570 1886 per

314 1905 526 1976 ρανίοις
548 1907 874 1978 σκηνώμασι
899 1910 1167 1981 σύσκηνος
1187 1912 1305 1981 εῐης
1330 1912 1506 1982 τούτῳ
1527 1912 1620 1967 τὸν
1650 1914 1738 1966 ἀεὶ
1765 1913 1897 1984 χρό-

2001 1907 2190 1962 εαεευια
2230 1908 2505 1965 inhabites
2542 1924 2668 1964 cum
2702 1923 2772 1964 eo
2807 1910 2900 1980 qui
2938 1909 3113 1965 factus
3161 1920 3242 1965 est
3283 1910 3570 1965 haereditas

313 1971 431 2064 νον,
453 1971 682 2054 ¹ἐκεῖθεν
733 1971 1078 2071 περιέπουσα
1130 1971 1224 2057 τὸν
1253 1971 1348 2058 σδν
1395 1971 1624 2076 κλῆρον,
1647 2008 1745 2059 καὶ⁵
1766 1971 1892 2070 ταῖς

2001 2007 2111 2063 tua,
2147 2015 2308 2069 quem
2339 2002 2448 2056 tuis
2485 2001 2551 2056 ad
2592 2016 2717 2057 eum
2763 2002 3241 2072 deprecationibus
3275 2004 3568 2072 propitium

311 2093 638 2164 ἀκοιμήτοις
666 2094 802 2166 πρὸς
831 2096 996 2150 αὑτὸν
1023 2097 1346 2168 πρεσϐείαις
1369 2099 1562 2152 τοῦτον
1591 2100 1730 2170 πρὸς
1757 2103 1895 2155 πάν-

314 2199 417 2246 τας
454 2182 770 2255 ίλεουμένη.
802 2187 1074 2243 Τοσοῦτόν
1125 2190 1278 2244 ἐστιν
1327 2192 1604 2262 ἐγγυτέρα
1635 2193 1743 2246 τῶν
1775 2193 1896 2264 Θεῷ

316 2275 655 2344 ἱγγιζόντων
674 2294 689 2309 ο
715 2278 859 2334 οὕτω
897 2283 1168 2351 μειζόνων
1195 2284 1228 2354 ἢ
1266 2286 1411 2336 κατά
1464 2285 1676 2350 πάντας
1702 2288 1738 2356 ἡ
1763 2287 1894 2340 Θεο-

313 2369 478 2456 τόκος
501 2370 731 2440 ἠξίωται
783 2374 894 2427 τῶν
927 2375 1235 2446 πρεσϐείων
1255 2395 1270 2409 ο
1302 2378 1365 2431 ού
1395 2380 1525 2443 τοὺς
1573 2380 1898 2449 ἀνθρώπους

317 2460 473 2531 λέγω
507 2463 695 2534 μόνον,
722 2465 860 2520 ἀλλά
885 2468 983 2520 καὶ
1033 2469 1205 2534 αὑτάς
1259 2472 1439 2533 πάσας
1464 2471 1564 2534 τὰς
1593 2473 1898 2540 άγγελικάς

321 2555 633 2628 ίεραρχίας.
669 2558 802 2628 Περὶ
837 2560 939 2631 μεν
973 2563 1083 2632 γάρ
1127 2561 1230 2632 τῆς
1258 2563 1466 2616 τούτων
1507 2566 1768 2619 ἀνωτάτω
1799 2583 1900 2618 τα-

322 2645 578 2717 ξιαρχίας
609 2647 836 2712 Ἡσαΐας
862 2650 1068 2720 γράφει
1089 2666 1103 2682 ·
1143 2668 1163 2702 ι
1207 2653 1315 2706 Καὶ
1337 2653 1408 2706 τά
1439 2653 1690 2724 Σεραφὶμ
1710 2657 1898 2726 εἱστήο

321 2754 519 2794 κεισαν
546 2739 730 2813 κύκλῳ
761 2742 953 2800 αὐτοῦ.
997 2763 1016 2796 ι
1041 2745 1178 2814 Περὶ
1197 2744 1255 2798 δὶ
1279 2747 1450 2816 αὐτῇς
1478 2748 1642 2801 πάλιν
1662 2749 1690 2799 6
1711 2749 1895 2802 Δαϐίδ-

327 2850 349 2883 ε
388 2831 644 2904 Παρέστη
691 2834 726 2906 η
757 2833 1049 2905 βασίλισσα
1098 2837 1163 2889 ικ
1215 2834 1408 2902 δεξιῶν
1459 2854 1576 2893 σου.
1614 2858 1634 2891 ι
1701 2838 1899 2910 Ὀρᾶτε

321 2923 424 2994 τὴν
445 2925 713 2995 διαφοράν
741 2928 839 2997 τῆς
867 2927 1150 2994 στάσεωςς
1193 2929 1328 2985 Ἀπὸ
1355 2930 1565 3002 ταύτης
1592 2930 1744 3001 ἔχετε
1776 2949 1902 2986 συν-

319 3019 456 3089 ορᾷν
486 3019 584 3072 καὶ
611 3017 1010 3096 τὴνδιαφορὰν
1045 3021 1150 3090 τῆς
1196 3023 1342 3076 κατὰ
1369 3023 1469 3095 τὴν
1488 3023 1646 3087 ἀξίαν
1667 3025 1900 3092 τάξεως·

325 3113 459 3184 περὶ
491 3112 592 3182 μὲν
613 3113 724 3184 γάρ
753 3113 847 3168 τὸν
865 3115 1001 3168 Θεὸν
1027 3115 1100 3169 τὰ
1126 3117 1401 3188 Σεραφὶμ,
1428 3119 1661 3188 πλησίον
1684 3119 1742 3173 66
1769 3121 1902 3191 παρ’

322 3206 492 3261 αὐτὸν
522 3208 733 3262 ἑκεῐνον
767 3207 906 3278 μόνη
942 3210 972 3276 ἡ
1007 3208 1374 3278 παμϐασιλὶς,
1399 3211 1432 3282 ἢ
1456 3213 1551 3266 καὶ
1573 3212 1706 3283 παρ’
1733 3213 1902 3266 αὑτοῦ

1997 2093 2254 2147 omnibus
2300 2091 2493 2150 eﬂlcis.
2545 2094 2702 2151 Sicut
2731 2098 2997 2167 proximis
3048 2097 3159 2152 Deo
3211 2097 3572 2166 propinquior

1997 2183 2142 2240 facta
2176 2194 2280 2252 est,
2312 2186 2394 2242 sic
2435 2187 2736 2257 majoribus
2786 2204 2950 2260 quam
2999 2190 3179 2244 caueri
3213 2189 3440 2256 Deipara
3468 2188 3568 2242 do-

1998 2287 2124 2332 nata
2155 2288 2236 2334 est
2274 2279 2534 2346 praemiis,
2561 2295 2663 2336 nec
2693 2269 2942 2338 homines
2973 2292 3183 2338 tantum
3219 2282 3364 2355 dico,
3399 2282 3490 2338 sed
3515 2292 3572 2336 et

1998 2386 2189 2426 omnes
2236 2371 2384 2442 ipsos
2413 2373 2727 2443 angelorum
2762 2375 3002 2430 ordines.
3041 2374 3185 2429 .Nam
3233 2375 3300 2429 de
3351 2391 3570 2430 summo

1998 2479 2187 2520 eorum
2224 2466 2413 2520 ordine
2446 2466 2611 2522 Isaias
2637 2468 2830 2521 scribit
2859 2485 2873 2522 :
2910 2467 3000 2521 «Et
3031 2468 3316 2536 Seraphim
3353 2468 3571 2522 stabant

2001 2559 2055 2611 in
2085 2558 2315 2612 circuitu
2361 2559 2481 2626 ejus
2505 2557 2574 2613 ⁸⁸.
2620 2578 2639 2612 ι
2677 2560 2889 2614 Rursus
2929 2569 3107 2614 autem
3143 2561 3305 2615 David
3341 2562 3406 2615 de
3452 2575 3512 2614 ea
3554 2576 3571 2615 :

2007 2669 2024 2701 ε
2049 2650 2234 2706 Astitit
2264 2654 2447 2721 regina
2475 2668 2503 2706 a
2533 2654 2740 2709 dextris
2767 2652 2878 2708 tuis
2903 2654 2974 2707 ".
3013 2671 3032 2705 ι
3082 2651 3362 2709 Videtisne
3390 2663 3568 2709 status

2001 2741 2402 2799 diﬂ‘erentiam?
2423 2744 2556 2800 [nde
2578 2745 2740 2802 etiam
2773 2747 2998 2816 potestis
3026 2746 3343 2816 conspicere
3365 2745 3573 2802 ordinis

2003 2836 2302 2891 secundum
2343 2836 2662 2909 dignitatem
2690 2838 3052 2896 differentiam
3080 2856 3096 2906 ;
3132 2855 3260 2894 nam
3289 2839 3571 2910 Seraphim

2004 2928 2226 2997 quidem
2270 2929 2415 2984 circa
2463 2929 2656 2996 Deum,
2689 2932 2802 2986 sola
2849 2942 3030 2987 autem
3062 2933 3309 3000 proxima
3343 2933 3406 2986 ad
3448 2948 3571 2988 eum

2007 3022 2216 3091 regina,
2252 3037 2416 3093 quam
2449 3025 2679 3079 miratur
2706 3025 2845 3080 Deus
2874 3034 2929 3080 et
2953 3025 3246 3092 collaudat,
3274 3025 3575 3094 prazdicans

2005 3129 2126 3170 eam
2155 3115 2391 3171 similem
2425 3116 2763 3171 exercitibus
2793 3117 2938 3172 circa
2971 3131 3095 3172 eum
3125 3115 3489 3185 congregatis,
3523 3123 3578 3170 et

2007 3207 2168 3262 hodie
2193 3208 2384 3263 dicens
2413 3207 2557 3263 sicut
2584 3208 2817 3278 legimus
2849 3212 2902 3264 ln
2930 3209 3160 3264 Cantico
3186 3208 3525 3264 canticorum
3558 3225 3572 3262 :

323 3299 420 3354 τοῦ
451 3299 591 3354 Θεοῦ
621 3299 972 3370 θαυμάζεται
999 3319 1060 3355 τε
1093 3303 1188 3356 καὶ
1229 3305 1664 3374 ἐγκωμιάζεται,
1695 3306 1900 3378 κηρύτ-

2014 3319 2034 3353 ε
2069 3300 2243 3367 Quam
2273 3301 2497 3371 pulchra
2534 3310 2639 3366 est,
2685 3302 2863 3356 amica
2894 3317 3010 3358 mea
3039 3303 3054 3356 i
3101 3321 3120 3353 ι
3167 3301 3288 3356 luce
3321 3300 3573 3365 lucidior,

314 3406 512 3456 ’τοντος
547 3389 661 3448 οἷον
701 3399 825 3459 ταῖς
881 3398 1014 3467 περὶ
1043 3396 1212 3451 αὑτὸν
1246 3398 1544 3468 δυνάμεσιν
1580 3399 1774 3469 αὐτὴν,
1809 3401 1905 3454 καὶ

323 3486 578 3554 λέγοντος
604 3488 748 3543 κατά
779 3491 840 3544 τὸ
895 3492 1281 3561 είρημένον,ὶν
1324 3495 1440 3555 τοῖς
1486 3492 1596 3546 τῶν
1642 3492 1906 3564 ᾀσμάτων

329 3577 578 3651 ’ᾼσμασι
603 3592 617 3609 ⁶
657 3598 678 3632 ‹
702 3580 769 3633 Τί
795 3582 935 3648 καλὴ
967 3583 1001 3655 ἠ
1037 3583 1270 3652 πλησίον
1301 3601 1404 3653 μου
1433 3599 1450 3649 ;
1495 3602 1513 3635 ι
1549 3583 1735 3651 φωτὸς
1781 3600 1908 3650 φαι-

325 3666 585 3738 δροτέρα,
634 3671 988 3739 παραδείσων
1036 3673 1202 3727 θείων
1251 3673 1646 3744 εὐανθεστέρα,
1695 3673 1904 3743 κόσμου

327 3761 534 3824 παντὸς
578 3764 779 3832 ὁρατοῦ
813 3765 913 3818 καὶ
964 3765 1202 3836 ἀοράτου
1241 3767 1618 3837 κοσμιωτέρα.
1651 3767 1726 3820 Οὐ
1762 3767 1905 3836 πληο

329 3857 445 3911 σίον
482 3858 542 3911 δὲ
577 3858 760 3927 μόνον,
795 3857 935 3912 ἀλλὰ
985 3861 1078 3913 καὶ⁵
1124 3861 1190 3914 ἐκ
1242 3860 1436 3924 δεξιῶν
1471 3861 1702 3924 εἰκότως
1724 3878 1738 3891 ο
1771 3860 1906 3914 ὅπου

329 3949 485 4021 γὰρό
506 3949 744 4019 Χριστὸς
772 3952 830 4003 ὲν
858 3951 1109 4020 οὐρανοῖς
1142 3951 1425 4016 ἐκάθισεν,
1453 3953 1510 4005 ὲν
1537 3952 1688 4023 δεξιᾷ
1713 3951 1910 4022 δηλον-

328 4043 413 4098 ότι
456 4044 560 4113 τῆς
605 4045 1022 4115 μεγαλωσύνης,
1069 4047 1187 4098 ἐκεῖ
1233 4045 1328 4098 καὶ
1373 4041 1511 4115 αὕτη
1543 4044 1640 4097 νῦν
1663 4043 1774 4096 ἀπὸ
1804 4043 1909 4112 γῆς

330 4139 411 4201 εἰς
439 4139 710 4209 ούρανοῦς
733 4137 991 4192 ἀναϐᾶσα
1028 4137 1266 4207 ἕστηκεν
1286 4154 1300 4166 ο
1343 4139 1404 4190 οὐ
1443 4136 1608 4206 μόνον
1635 4137 1719 4190 ὅτι
1746 4135 1910 4189 ποθεῖ

330 4229 426 4285 καὶ
469 4231 848 4285 ἀντιποθεῐται
889 4232 1112 4285 πάντων
1162 4230 1427 4299 μάλιστα,
1467 4229 1563 4282 καὶ
1593 4229 1779 4290 αὐτοῖς
1806 4244 1910 4296 φυ-

332 4323 508 4386 σικοῖς
530 4321 778 4390 θεσμοῖς,
808 4321 926 4376 ἀλλ’
952 4322 1036 4376 ὅτι
1067 4321 1163 4375 καὶ
1196 4322 1388 4390 θρόνος
1417 4321 1570 4374 εστὶν
1588 4320 1663 4382 ὼς
1689 4320 1909 4391 ἀληθῶς

329 4414 499 4468 αὑτοῦ
521 4428 557 4486 ’ν
581 4415 718 4468 ὅπου
747 4415 804 4467 δὲ
850 4413 1092 4482 κάθηται
1121 4416 1150 4466 6
1183 4413 1462 4480 βασιλεὺς.
1511 4415 1628 4466 ἐκεῖ
1655 4414 1684 4465 ό
1715 4413 1910 4482 θρόνος

327 4492 570 4564 ἵσταται.
602 4508 805 4561 Τοῦτον
842 4509 935 4560 τὸν
991 4507 1180 4578 θρόνον
1213 4511 1309 4561 καὶ
1345 4509 1374 4558 6
1415 4504 1647 4569 Ἡσαΐας
1704 4506 1908 4576 μεταξὺ

329 4603 540 4656 ἐκείνου
565 4602 660 4655 τοῦ
689 4601 1020 4673 χερουϐικοῦ
1048 4600 1214 4672 χοροῦ
1243 4604 1338 4654 καὶ
1375 4600 1574 4653 ἓϐλεπε
1603 4605 1696 4652 καὶ
1724 4601 1910 4667 ἔλεγεν

2007 3397 2210 3451 divinis
2262 3394 2548 3450 ﬂorentior
2586 3395 2876 3464 paradisis,
2921 3395 3181 3452 universo
3214 3396 3420 3452 mundo
3465 3405 3577 3450 tum

2007 3488 2205 3544 visibili
2237 3496 2352 3541 tum
2384 3486 2644 3542 invisibili
2669 3485 2990 3558 speciosior.
3032 3485 3235 3542 Verum
3269 3503 3376 3542 non
3402 3490 3578 3542 solum

2006 3580 2278 3648 proxima,
2336 3579 2432 3633 sed
2484 3579 2650 3631 etiam
2703 3594 2733 3632 a
2786 3578 2997 3632 dextris
3042 3578 3276 3643 sedens;
3310 3595 3431 3632 nam
3489 3579 3578 3632 ubi

2006 3669 2259 3725 Christus
2303 3670 2359 3724 in
2405 3669 2558 3726 caelis
2604 3670 3010 3751 sedit,rscillcet
3042 3670 3106 3724 ad
3141 3670 3418 3724 dexteram
3465 3686 3581 3721 ma-

2005 3763 2244 3832 iestatis,
2283 3763 2356 3818 ibi
2390 3774 2444 3818 et
2495 3765 2611 3833 ipsa
2647 3779 2674 3817 a
2716 3763 2880 3818 terris
2939 3763 2992 3816 in
3031 3764 3230 3817 caelum
3278 3761 3584 3817 ascendens

2010 3855 2184 3916 stetit.
2211 3871 2322 3909 non
2353 3856 2529 3910 solum
2567 3855 2692 3924 quia
2724 3855 2778 3909 in
2822 3856 3012 3924 primis
3045 3855 3220 3924 diligit
3248 3864 3302 3908 et
3336 3855 3586 3924 diligitur

2010 3948 2175 4003 modo
2219 3948 2484 4018 singulari
2527 3963 2590 4002 ex
2635 3948 2767 4018 ipsis
2811 3957 3022 4003 natura!
3067 3947 3292 4016 legibus,
3330 3949 3424 4004 sed
3458 3947 3584 4018 quia

2009 4049 2094 4096 est
2127 4040 2178 4094 in
2220 4041 2368 4096 omni
2398 4042 2626 4095 veritate
2664 4041 2898 4095 thronus
2931 4038 3115 4106 illius;
3144 4055 3267 4093 nam
3308 4039 3397 4094 ubi
3430 4042 3584 4095 sedet

2011 4149 2130 4198 rex,
2155 4133 2252 4199 ibi,
2283 4141 2390 4188 stat
2417 4133 2667 4188 thronus.
2698 4132 2868 4199 Quem
2901 4133 3158 4186 thronum
3187 4131 3355 4186 Isaias
3387 4131 3440 4185 in
3467 4148 3582 4186 me-

2010 4225 2102 4278 dio
2151 4226 2304 4279 chori
2356 4224 2500 4279 illius
2535 4221 2857 4290 Cherubim,
2897 4231 2950 4278 et
3001 4224 3134 4278 vidit
3159 4235 3212 4276 et
3267 4223 3405 4278 dixit
3438 4223 3586 4278 exal-

2011 4323 2182 4369 tatum
2213 4322 2375 4383 atque
2408 4314 2716 4377 sublimem,
2739 4314 3034 4368 ostendens
3059 4322 3322 4381 quantum
3356 4311 3584 4382 Dcipara

2012 4408 2329 4462 caelestibus
2396 4405 2798 4476 superemineat
2850 4405 3231 4474 potestatibus.
3292 4405 3583 4474 Propterea

2013 4500 2221 4553 inducit
2250 4499 2472 4568 angelos
2507 4497 2574 4550 ab
2612 4511 2671 4549 ea
2713 4496 2880 4550 Deum
2911 4497 3279 4565 gloriﬁcantes
3310 4505 3472 4564 atque
3498 4495 3586 4548 di-

2014 4603 2201 4646 centes
2233 4607 2247 4644 :
2283 4589 2603 4643 «Benedicta
2636 4586 2805 4655 gloria
2840 4587 3067 4640 Domino
3099 4587 3165 4640 de
3202 4587 3324 4641 loco
3351 4603 3453 4641 suo
3481 4589 3577 4643 ⁸⁷.»

328 4694 537 4765 ὑψηλὸν
580 4694 673 4749 καὶ
691 4655 1154 4764 Λὲπηρμὲνονῗτθ
1191 4692 1288 4757 τὰς
1333 4693 1618 4764 οὐρανίους
1646 4655 1900 4760 δυνάμεις

2013 4686 2182 4741 Jacob
2215 4701 2345 4739 vero
2369 4683 2676 4754 patriarcha
2717 4683 2865 4736 illum
2901 4683 2953 4736 in
2994 4681 3280 4752 amigmate
3321 4683 3572 4743 intuitus,

331 4787 826 4859 ὕπεραναϐεϐηκδς
877 4789 979 4858 τῆς
1024 4785 1370 4858 Θεομήτορος
1424 4786 1628 4852 δηλῶν.
1673 4787 1766 4837 Διὸ
1815 4783 1910 4836 καὶ

2015 4800 2033 4832 ‹
2064 4778 2368 4842 Terribilis,
2416 4777 2616 4847 inquit,
2647 4777 2801 4831 locus
2848 4776 2987 4841 iste;
3023 4776 3112 4829 hic
3143 4790 3250 4828 non
3300 4784 3384 4830 est
3430 4777 3580 4829 aliud

327 4881 532 4943 αὐτοὺς
563 4879 778 4948 εἰσάγει
806 4881 934 4941 τοὺς
965 4879 1232 4949 ἀγγέλους
1261 4878 1370 4933 ἀπὸ
1401 4877 1609 4946 ταύτης
1649 4879 1742 4930 τδν
1776 4875 1900 4928 Θεὸκ

2010 4875 2115 4930 nisi
2145 4875 2341 4927 domus
2374 4871 2464 4925 Dei
2498 4884 2544 4925 et
2579 4881 2735 4940 porta
2770 4871 2892 4926 cceli
2922 4870 2989 4923 ³⁸.
3020 4888 3037 4920 ι
3060 4869 3244 4924 David
3273 4880 3456 4924 autem
3483 4871 3582 4925 ali-

328 4972 658 5039 δοξάζοντας
717 4974 812 5026 καὶ
851 4973 1150 5042 λέγοντας’
1191 4991 1210 5024 ι
1269 4970 1643 5042 Εὐλογημένη
1689 4972 1722 5038 ή
1780 4967 1900 5032 δόξα

2019 4973 2101 5018 ter
2125 4963 2524 5018 multitudinem
2563 4964 2834 5018 salvorum
2867 4962 2971 5016 sibi
3001 4962 3328 5033 adiungens,
3359 4964 3584 5033 quibus,

331 5067 539 5136 Κυρίου
596 5067 703 5119 ἀπὸ
754 5065 848 5119 τοῦ
904 5067 1070 5120 τόπου
1111 5064 1307 5118 αὐτοῦ.
1357 5083 1376 5116 ι
1430 5061 1627 5116 Ἰακὼϐ
1658 5061 1714 5114 δὲ
1746 5061 1772 5112 ό
1807 5076 1900 5112 πα-

2019 5057 2168 5112 velut
2219 5058 2399 5112 nervis
2445 5058 2717 5126 variiSque
2758 5057 3026 5120 vocibus,
3071 5067 3257 5126 utpote
3311 5073 3373 5109 ex
3432 5059 3581 5111 varia

329 5161 602 5231 τριάρχης
631 5159 702 5212 δι’
731 5158 1075 5228 αἰνιγμάτων
1112 5158 1300 5211 τοῦτον
1347 5158 1711 5224 θεασάμενος,
1749 5172 1768 5205 ι
1817 5149 1905 5214 Ὠς

332 5252 566 5322 φοϐερὸς
597 5254 625 5305 6
653 5252 820 5316 τόπος
861 5244 1040 5314 οὗτος,
1085 5245 1240 5302 εἶπεν
1261 5266 1273 5279 ·
1304 5249 1404 5301 οὐκ
1437 5248 1554 5300 ἐστι
1580 5245 1762 5309 τοῦτο,
1791 5243 1939 5297 ἀλλ’·

331 5339 536 5414 ἢοῖκος
567 5344 729 5410 Θεοῦ,
756 5346 852 5397 καὶ
872 5343 1010 5410 αὕτη
1036 5344 1068 5413 ἡ
1098 5341 1242 5411 πύλη
1271 5342 1366 5393 τοῦ
1397 5337 1658 5410 ούρανοῦ.
1693 5357 1710 5389 ι
1744 5337 1912 5390 Δαϐἰδ

331 5438 392 5491 66
429 5436 698 5509 ἑτέρωθεν
743 5435 852 5491 τῶν
905 5436 1276 5505 σεσωσμένων
1308 5435 1379 5486 τά
1428 5433 1608 5504 πλήθη
1665 5432 1911 5499 συνάψας

332 5529 536 5601 ἑαυτῷ,
559 5530 654 5584 καὶ
680 5523 794 5583 οἷόν
825 5545 936 5582 τισι
962 5529 1210 5598 νευραῖς,
1247 5527 1279 5598 ἦ
1318 5525 1577 5595 φθόγγοις
1600 5525 1908 5593 διαφόροις,

329 5623 445 5687 τοῖς
479 5621 546 5675 εκ
588 5619 852 5694 διαφόρου
900 5621 1091 5686 γένους
1138 5621 1220 5682 είς
1271 5619 1404 5689 μίαν
1450 5618 1637 5670 πίστιν
1672 5615 1779 5669 ὑπὸ
1809 5616 1908 5684 τῆς

2015 5161 2173 5223 gente
2205 5153 2255 5205 in
2293 5166 2454 5205 unam
2499 5152 2655 5206 (idem
2698 5152 2766 5204 ab
2808 5153 2907 5206 ista
2941 5150 3160 5217 Virgine
3191 5162 3443 5220 perpetrm
3487 5168 3584 5204 ac—

2013 5244 2372 5296 commodatis
2416 5243 2804 5296 suavissimum
2859 5241 2910 5294 in
2978 5241 3096 5308 ejus
3148 5239 3360 5293 laudem
3411 5240 3580 5291 melus

2009 5338 2206 5391 emittit
2248 5335 2435 5389 dicens
2475 5353 2486 5388 :
2542 5355 2559 5384 ι
2596 5335 2858 5389 Memores
2891 5344 3056 5387 erunt
3115 5331 3354 5386 nominis
3403 5332 3477 5383 tui
3524 5331 3575 5382 in

2008 5429 2154 5485 υηιηί
2193 5431 2541 5497 generatione
2585 5440 2637 5481 et
2678 5430 3104 5496 generationem,
3145 5440 3428 5494 propterea
3483 5442 3576 5490 po-

2010 5521 2120 5592 puli
2150 5520 2560 5574 conlitehuntur
2599 5520 2690 5573 tibi
2730 5519 2782 5572 in
2817 5530 3103 5581 mternum,
3135 5525 3186 5572 et
3235 5519 3283 5571 in
3317 5517 3574 5570 sascnlnm

2010 5614 2196 5668 smcnli
2229 5611 2294 5665 δ’.
2341 5631 2359 5663 ›

399 5804 569 5861 "lsa.
600 5820 671 5872 vt,
702 5805 756 5861 2.
831 5804 879 5838 ⁸³
910 5805 1059 5858 l’sal.
1087 5819 1232 5869 sur,
1265 5802 1352 5857 ll.
1429 5802 1470 5831 "
1507 5788 1726 5866 Eiech.,
1750 5816 1830 5866 ιιι,
1868 5802 1900 5854 l‘

2030 5797 2074 5831 ⁸⁸
2103 5797 2239 5853 Cen.
2278 5813 2465 5856 sum,
2503 5797 2581 5849 l7.
2662 5795 2703 5828 ³⁵
2740 5794 2876 5848 P533.
2915 5813 3054 5854 am.
3098 5798 3157 5850 l9
