4078 6216
500 252 598 317 Ui

1767 261 2149 321 GltEtJiUllIl
2190 261 2513 327 PALAMKE

3623 252 3734 318 472

508 366 901 438 Ἀειπαρθένου
933 366 1137 438 ταύτης
1173 367 1545 439 ἡρμοσμένοις
1606 373 1970 441 κεχρημένος,
1998 374 2059 426 τδ
2095 374 2469 445 παναρμόνιον
2511 377 2648 446 πρὸς
2702 373 2874 447 ὕμνον
2945 373 3149 444 ταύτης
3200 373 3562 447 ἀνακρούεται
3640 370 3739 442 με.

494 463 608 529 λος,
643 482 665 516 ι
705 464 1109 534 Μνησθὴσομαι
1162 463 1258 517 τοῦ
1308 464 1575 534 ὀνόματός
1623 484 1740 528 σου,
1779 467 1978 535 λέγων,
2006 470 2065 520 ἐν
2102 470 2255 540 πάσῃ
2285 470 2451 540 γενεᾷ
2521 470 2614 523 καὶ
2643 470 2840 543 γενεᾷο
2904 469 2994 523 διὰ
3038 468 3203 522 τοῦτο
3246 466 3363 522 λαοὶ
3415 467 3740 538 ἰξομολογή-

495 561 681 620 σανταί
706 561 869 632 210
907 579 990 615 σοι
1023 563 1105 626 εἰς
1134 562 1225 615 τὸν
1260 561 1457 621 αἰῶνα.
1504 564 1598 616 καὶ
1643 565 1723 627 εἰς
1756 563 1848 617 τὸν
1886 563 2058 619 αἰῶνα
2091 565 2188 619 τοῦ
2223 566 2440 627 αἰῶνος.
2489 584 2508 620 ι

565 657 775 712 Videtis
803 674 1021 713 onmem
1060 660 1392 713 creationem
1444 658 1682 730 Virginis
1719 661 1912 717 matris
1945 662 2065 715 lau-
2094 664 2143 724 Α

490 746 586 804 des
609 750 977 814 confitentem,
1003 767 1111 806 non
1140 751 1315 807 solum
1345 752 1397 806 in
1423 753 1506 807 bis
1537 755 1941 810 transeuntibus
1968 770 2067 809 an-

489 842 598 906 his,
634 844 727 897 sed
762 844 816 897 in
842 852 1105 898 mternum
1136 854 1192 900 et
1226 847 1281 899 in
1302 847 1499 900 sarcula
1537 846 1904 901 surculorum?
1936 847 2065 903 Inde

488 934 651 987 etiam
687 935 849 989 datur
876 937 1216 1005 conspicere,
1249 939 1395 1006 quod
1424 951 1526 991 nec
1556 938 1645 991 illa
1672 952 1912 1003 unquam
1940 952 2062 992 ces-

489 1028 637 1082 sabit
667 1043 762 1097 per
787 1043 948 1083 omne
978 1031 1237 1082 saeculum
1280 1045 1310 1083 a
1348 1030 1488 1083 bono
1521 1030 1776 1083 omnibus
1797 1028 2067 1083 creaturis

488 1121 763 1183 faciendo.
800 1137 904 1175 non
932 1122 1087 1175 nobis
1116 1128 1347 1184 tantum,
1377 1119 1472 1175 sed
1494 1128 1550 1174 et
1588 1119 1923 1188 incorporeis
1957 1135 2063 1173 non

493 1214 659 1282 hujus
684 1216 865 1268 mundi
897 1214 1206 1278 ordinibus,
1226 1214 1482 1283 quoniam
1512 1214 1613 1283 ipsi
1640 1228 1856 1284 quoque
1879 1212 2068 1268 nobis-

492 1321 615 1360 cum
651 1320 749 1375 per
789 1320 908 1360 eam
949 1306 1122 1361 solam
1155 1307 1451 1375 participes
1480 1306 1699 1361 deitatis
1733 1305 1862 1362 lacti
1897 1316 2063 1370 sunt,

492 1406 548 1452 et
584 1398 844 1451 intactam
881 1396 1028 1451 illam
1059 1408 1312 1452 naturam
1346 1400 1686 1468 tetigerunt;
1721 1398 1867 1468 quod
1902 1396 2070 1456 Isaias

492 1489 654 1558 longe
697 1498 857 1543 antea
890 1488 1192 1558 praevidens
1223 1489 1630 1557 manifestavit;
1664 1506 1770 1545 non
1801 1490 1946 1546 enim
1994 1494 2071 1546 vi-

490 1580 572 1636 dit
602 1570 889 1652 Serapbim
942 1584 1061 1636 sine
1092 1580 1273 1636 medio
1312 1596 1381 1637 ex
1431 1581 1587 1638 altari
1618 1583 1893 1639 calculum
1923 1584 2073 1639 acci-

489 1674 759 1743 pientem,
792 1674 892 1729 sed
933 1674 1143 1745 forcipe
1175 1674 1383 1744 accepit
1430 1690 1555 1730 eum
1610 1691 1721 1745 quo
1761 1686 1903 1732 tacta
1946 1692 2074 1747 pro-

491 1771 667 1834 phetas
693 1768 835 1824 labia
870 1783 1109 1838 purgans
1136 1769 1435 1833 mundavit,
1466 1770 1611 1839 quod
1644 1769 1867 1838 forcipis
1903 1770 2074 1827 mira-

490 1859 681 1915 culum
703 1862 879 1930 ipsum
902 1870 986 1916 est
1005 1876 1070 1915 ac
1099 1861 1228 1917 illud
1251 1878 1507 1931 magnum
1530 1862 1677 1931 quod
1702 1862 1838 1917 vidit
1859 1861 2073 1935 Moyses

491 1952 843 2012 miraculum.
875 1954 1072 2007 rubum
1110 1954 1390 2009 ardentem
1424 1963 1478 2008 et
1511 1970 1623 2009 non
1653 1965 2068 2025 consumptum.
2099 1995 2147 2057 Β

491 2045 626 2113 Quis
645 2046 813 2102 nescit
830 2044 977 2102 illam
996 2046 1220 2101 Matrem
1246 2045 1508 2115 virginem
1534 2047 1706 2116 ipsam
1731 2063 1853 2105 esse
1876 2048 2072 2104 rubum

488 2148 547 2195 et
573 2138 831 2208 forcipem
856 2156 976 2210 qua:
1000 2140 1182 2209 ignem
1207 2153 1551 2209 nequaquam
1577 2142 1770 2197 adusta
1803 2141 2074 2212 concepit.

490 2232 581 2288 cui
634 2232 979 2302 conceptioni
1022 2232 1353 2287 ministravit
1402 2232 1629 2299 angelus
1653 2274 1674 2301 ,
1702 2245 1765 2288 ct
1798 2233 2075 2289 tollentem

489 2335 717 2396 peccata
754 2326 943 2379 mundi
983 2339 1080 2394 per
1107 2340 1229 2381 eam
1275 2327 1460 2396 generi
1493 2327 1732 2382 humano
1759 2328 2071 2396 coaptavit,

490 2427 546 2474 et
578 2434 675 2488 per
704 2417 1033 2475 i‘neﬂabilem
1076 2418 1236 2475 istam
1277 2418 1683 2490 adiunctionezn
1708 2436 1807 2475 nos
1839 2419 2075 2475 munda-

491 2514 612 2568 vit?
656 2512 867 2569 Idcirco
900 2512 1016 2583 ipsa
1054 2513 1170 2567 sola
1228 2522 1440 2569 naturae
1484 2520 1681 2569 creatze
1720 2522 1774 2568 et
1820 2513 2076 2570 increatae

490 2613 601 2660 stat
634 2606 957 2667 conﬁnium.
991 2612 1047 2660 et
1090 2621 1253 2662 nemo
1286 2606 1432 2662 venit
1485 2607 1551 2662 ad
1596 2606 1791 2670 Deum,
1826 2606 1931 2663 nisi
1978 2621 2075 2676 per

490 2713 611 2756 eam
657 2696 948 2771 splendore
974 2713 1102 2754 vere
1156 2698 1345 2755 divino
1396 2715 1525 2755 vere
1584 2699 1948 2766 illuminetur,
1990 2700 2073 2754 dio

493 2800 653 2846 cente
679 2789 970 2860 Scriptura
1002 2807 1019 2844 :
1054 2808 1075 2842 ι
1116 2790 1260 2847 Deus
1292 2791 1348 2846 in
1384 2792 1568 2847 medio
1596 2791 1739 2857 ejus,
1764 2807 1873 2848 non
1907 2807 2072 2848 com—

492 2879 914 2938 movebitur”.:
947 2880 1006 2938 Si
1028 2896 1158 2937 vero
1186 2882 1578 2937 retributiones
1604 2882 1739 2937 ﬁant
1768 2882 2069 2939 secundum

494 2988 803 3029 mensuram
834 2974 1139 3029 dilectionis
1166 2975 1233 3027 ad
1262 2973 1453 3039 Deum,
1483 2976 1527 3028 si
1556 2974 1604 3030 is
1633 2974 1726 3042 qui
1758 2973 1956 3029 Filium
1984 2974 2073 3028 di-

494 3066 615 3136 ligit
643 3066 894 3136 diligitur
924 3067 992 3121 ab
1018 3081 1110 3129 eo,
1134 3067 1367 3136 ejusque
1396 3066 1573 3133 l’atre,
1612 3076 1667 3122 et
1699 3069 1756 3122 tit
1788 3067 2073 3138 utriusque

496 3159 893 3225 habitaculum,
933 3159 1070 3230 ipsis
1112 3161 1342 3231 mystice
1391 3161 1446 3215 in
1488 3176 1555 3214 eo
1608 3161 1983 3216 habitantibus
2016 3168 2075 3216 et

495 3250 909 3307 ambulantibus
972 3251 1276 3306 secundum
1346 3251 1766 3322 promissionem
1820 3252 2069 3318 Domini,

2251 662 2450 732 Ὀρᾶτε
2498 666 2682 718 πᾶσαν
2732 665 2833 733 τὴν
2887 661 3070 717 κτίσιν
3128 661 3638 731 ἀξομολογουμένην
3668 662 3739 731 τῇ

2164 755 2622 827 Μητροπαρθένῳ
2671 756 2867 829 ταύτῃ,
2905 756 3002 809 καὶ
3038 756 3143 809 οὐκ
3189 757 3248 808 ιν
3298 754 3746 824 πεπερασμένοις

2166 849 2370 914 ῑτεσιν,
2408 849 2527 904 ἀλλ’
2572 851 2657 914 εἰς
2708 851 2801 903 τὸν
2842 851 3016 903 αἰῶνα
3047 848 3144 902 καί
3194 847 3277 910 εἰς
3316 848 3410 899 τὸν
3438 844 3614 899 αἰῶνα
3644 844 3747 897 τοῦ

2168 942 2405 1009 αἰῶνος;
2436 941 2679 1013 Συνορᾷν
2704 940 2798 995 οὖν
2828 942 2979 994 ἔστιν
3008 938 3285 1003 ἐντεῦθεν,
3319 937 3395 1001 ώς
3420 937 3532 991 οὐδ’
3555 935 3746 1005 ἐκείνη

2166 1036 2321 1105 λήξει
2353 1034 2443 1088 διὰ
2473 1034 2570 1087 τοῦ
2604 1036 2803 1097 παντὸς
2832 1034 3032 1097 αἰῶνος
3064 1032 3124 1086 εὖ
3150 1030 3381 1085 ποιοῦσα
3415 1030 3599 1083 πᾶσαν
3622 1027 3749 1082 κτί-

2169 1145 2277 1192 σιν,
2314 1129 2376 1180 οὺ
2411 1128 2513 1198 τὴν
2549 1128 2671 1182 καθ’
2707 1130 2858 1198 ἡμᾶς
2884 1127 3031 1196 λέγω
3063 1129 3250 1194 μόνον,
3274 1125 3415 1180 ἀλλά
3441 1124 3539 1179 καὶ
3567 1124 3749 1185 αύτάς

2167 1220 2269 1284 τάς
2296 1220 2495 1284 ἀύλους
2525 1219 2621 1274 καὶ
2653 1220 2956 1291 ὑπερφυεῖς
3008 1219 3358 1289 ταξιαρχίας·
3385 1217 3470 1270 ὅτι
3496 1217 3610 1288 γὰρ
3644 1216 3750 1269 σὺν

2170 1312 2305 1380 ἡμῖν
2335 1312 2432 1364 καὶ
2466 1306 2631 1366 αὗται
2667 1312 2737 1366 δι’
2769 1312 2945 1381 αὐτῆς
2998 1312 3169 1382 μόνης
3219 1308 3515 1379 μετέχουσι
3560 1325 3620 1360 τε
3652 1310 3752 1360 καὶ

2168 1402 2408 1458 ψαύουσι
2429 1403 2586 1465 Θεοῦ,
2605 1406 2705 1475 τῆς
2723 1403 3005 1473 ἀψαύστου
3024 1404 3240 1474 φύσεως
3258 1403 3499 1469 ἐκείνης,
3512 1400 3577 1452 Ἥ
3587 1402 3751 1459 σαῒας

2170 1493 2473 1564 τηλαυγῶς
2507 1494 2783 1564 ἐδήλωσεν
2804 1510 2822 1526 ·
2852 1494 2913 1546 ού
2970 1495 3080 1563 γάρ
3134 1493 3358 1563 ἀμέσως
3390 1492 3606 1561 ἑώρακε
3652 1490 3751 1543 τὸν

2171 1585 2423 1655 Σεραφὶμ
2449 1586 2515 1639 ὲκ
2542 1583 2637 1639 τοῦ
2679 1584 3070 1653 θυσιαστηρίου
3094 1584 3184 1638 τὸν
3211 1583 3464 1654 ἄνθρακα
3484 1580 3749 1643 λαϐόντα,

2171 1676 2310 1731 ἀλλά
2341 1676 2430 1731 διὰ
2458 1677 2556 1748 τῆς
2588 1677 2806 1738 λαὸίδος
2853 1676 3035 1738 ἔλαϐε.
3061 1676 3132 1730 δι’
3164 1671 3235 1747 ἧς
3264 1673 3499 1729 καὶτῶν
3527 1689 3749 1745 προφη-

2172 1768 2345 1823 τικῶν
2375 1768 2552 1840 ἥψατο
2590 1771 2820 1840 χειλέων
2866 1768 2966 1838 τὴν
3017 1769 3290 1838 κάθαρσιν
3332 1765 3550 1829 διδούς·
3586 1765 3748 1819 τοῦτο

2172 1862 2231 1917 δὲ
2264 1857 2331 1934 ἦν
2375 1863 2439 1916 τὸ
2470 1864 2571 1933 τῆς
2609 1863 2828 1927 λασίδος
2872 1861 3071 1928 ικείνῳ
3103 1860 3182 1931 τῷ
3247 1859 3469 1931 μεγάλῳ
3505 1858 3746 1927 θεάματι

2174 1955 2395 2021 ταυτὸν,
2423 1954 2453 2008 δ
2490 1955 2698 2024 Μωσῆς
2726 1953 2961 2024 ιώρακε,
2992 1950 3154 2024 βάτον
3189 1954 3255 2006 ὲκ
3284 1950 3460 2021 πυρὸς
3481 1951 3745 2020 ἡμμένην

2177 2045 2273 2101 καὶ
2309 2046 2388 2119 μὴ
2437 2046 2947 2117 καταφλεγομινην.
2994 2045 3093 2108 Τίς
3124 2044 3182 2098 δὲ
3237 2044 3338 2097 οὐκ
3384 2038 3551 2105 οἶδεν,
3602 2041 3679 2106 ώς
3710 2044 3743 2110 ἡ

2174 2140 2625 2212 Παρθενομήτωρ
2647 2139 2837 2209 ἐκείνη
2872 2156 2931 2192 τε
2959 2138 2993 2209 ὴ
3028 2137 3191 2207 βάτος
3220 2137 3317 2191 καί
3348 2134 3491 2207 αὓτη
3522 2137 3555 2206 ὴ
3588 2135 3746 2197 λασίς

2175 2236 2340 2299 ἐστιν,
2395 2235 2431 2305 ἡ
2469 2233 2529 2287 τὸ
2568 2232 2719 2287 θεῖον
2757 2231 2871 2301 πῦρ
2923 2231 3330 2301 ἀπυρπολήτως
3378 2227 3745 2291 συλλαϐοῦσα,

2172 2328 2276 2381 κάν
2302 2324 2477 2396 τούτῳ
2517 2323 2942 2393 διακονήσαντας
2972 2322 3323 2393 ἀρχαγγέλου
3351 2324 3421 2393 τῇ
3453 2319 3743 2390 συλλήψει,

2173 2418 2273 2472 καὶ
2301 2419 2396 2472 τὸν
2430 2419 2658 2486 αἴροντα
2710 2417 2813 2483 τὴν
2861 2415 3147 2485 ἁμαρτίαν
3185 2413 3281 2467 τοῦ
3308 2413 3519 2482 κόσμου
3548 2410 3619 2465 δι’
3648 2412 3747 2465 αὐ-

2172 2510 2274 2579 τῆς
2306 2508 2641 2578 συνάψαντος
2685 2514 2765 2577 τῷ
2802 2506 3130 2579 ἀνθρωπείῳ
3179 2506 3352 2574 γένει,
3395 2508 3491 2559 καὶ
3524 2505 3617 2559 διά
3644 2506 3745 2574 τῆς

2174 2604 2418 2673 ἀρῤήτου
2459 2603 2756 2670 συναφείας
2796 2602 2944 2671 ἡμᾶς
2987 2599 3505 2671 περικαθάραντοςς
3532 2597 3746 2652 οὐκοῦν

2174 2693 2313 2763 αὔτη
2347 2690 2485 2763 μόνη
2525 2693 2779 2763 μεθόριόν
2812 2692 2930 2747 ἔστι
2962 2694 3191 2759 κτιστῆς
3228 2692 3323 2746 καὶ
3354 2689 3615 2743 ἀκτίστου
3639 2686 3748 2757 φύ-

2174 2804 2335 2851 σεως,
2373 2788 2469 2841 καὶ
2495 2787 2672 2862 οὐδεὶς
2706 2784 2772 2840 ἂν
2807 2785 2956 2838 ἔλθοι
2996 2784 3136 2855 πρὸς
3164 2784 3316 2846 Θεὸν,
3356 2784 3407 2835 εἰ
3446 2784 3521 2851 μὴ
3553 2781 3622 2837 δι’
3645 2781 3749 2836 αύ-

2171 2880 2269 2947 τῆς
2299 2876 2375 2940 tit;
2398 2876 2617 2949 άληθῶς
2645 2876 3057 2946 καταυγασθείη
3080 2877 3182 2947 τῆς
3214 2875 3481 2943 θεαυγοῦς
3514 2874 3589 2937 ab;
3611 2874 3718 2944 ἀλη

2174 2970 2282 3034 θῶς
2312 2970 2569 3041 λυχνίας·
2610 2987 2631 3021 ι
2695 2968 2754 3023 '0
2785 2969 2921 3031 Θιδς
2967 2970 3079 3039 γάρ
3130 2972 3193 3023 ιν
3237 2968 3389 3038 μάσῳ
3424 2967 3619 3035 αὐτῆς,
3652 2970 3750 3021 καὶ

2172 3063 2235 3115 οὐ
2266 3060 2684 3128 σαλευθήσεται,
2724 3079 2743 3113 ι
2784 3060 2974 3130 φησίν.
2998 3061 3061 3114 Εἰ
3087 3060 3145 3114 δὲ
3168 3061 3265 3114 καὶ
3289 3060 3438 3113 κατά
3461 3060 3520 3113 τὸ
3547 3059 3753 3129 μέτρον.

2172 3155 2275 3221 τῆς
2310 3154 2448 3222 πρὸς
2480 3152 2612 3206 Θεὸν
2642 3154 2860 3223 ἀγάπης
2894 3156 2948 3206 αἰ
2979 3152 3301 3216 ἀντιδόσεις,
3342 3154 3434 3204 καὶ
3457 3156 3485 3204 ὁ
3514 3152 3750 3219 ἀγαπῶν

2172 3247 2268 3302 τὸν
2294 3246 2424 3301 Υἰὸν
2456 3246 2741 3313 ἀγαπᾶται
2795 3246 2925 3316 παρ’
2965 3245 3133 3298 αὑτοῦ
3165 3247 3258 3297 καί
3288 3245 3382 3296 τοῦ
3423 3242 3591 3297 αὑτοῦ
3634 3243 3753 3297 Πα-

496 3342 622 3411 quis
665 3344 837 3413 magis
867 3360 1030 3413 quam
1079 3352 1257 3399 mater
1276 3360 1401 3400 eum
1450 3345 1683 3401 dilexit?
1711 3343 1827 3401 Non
1868 3348 2073 3402 solum-

2177 3341 2327 3413 τρὸς,
2353 3342 2450 3395 καὶ
2474 3338 2824 3408 καταγώγιον
2874 3339 2982 3392 τῶν
3012 3337 3342 3408 ἀμφοτέρων
3381 3337 3614 3405 γίνεται,
3651 3353 3755 3403 μυ-

497 3436 665 3490 modo
702 3437 963 3506 quoniam
1013 3437 1355 3508 unigenitum
1405 3454 1530 3494 eum
1579 3438 1771 3505 edidit,
1820 3440 1914 3495 sed
1953 3439 2081 3510 quia

498 3528 613 3582 sola
643 3527 764 3583 sine
784 3544 1081 3599 congressu
1112 3529 1429 3599 parturivit.
1457 3531 1533 3585 ita
1565 3541 1625 3586 ut
1652 3546 1807 3587 amor
1834 3530 1982 3587 illius
2009 3532 2084 3587 sit

497 3619 696 3689 duplex
731 3621 862 3691 quia
897 3619 1041 3676 inter
1069 3620 1211 3677 duos
1243 3634 1551 3691 compartes
1592 3637 1701 3678 non
1732 3632 1815 3679 est
1846 3622 2083 3678 divisus.

496 3710 633 3781 Quis
667 3721 847 3769 autem
895 3712 1073 3785 magis
1106 3731 1270 3786 quam
1318 3723 1496 3771 mater
1539 3717 1825 3772 amabatur
1857 3731 1888 3771 a
1943 3715 2081 3770 Filio

497 3804 802 3875 unigenito,
824 3805 921 3875 qui
946 3805 1001 3861 in
1038 3805 1355 3863 novissimis
1387 3807 1729 3876 temporibus
1763 3823 1828 3861 ex
1860 3821 1925 3861 ea
1961 3806 2077 3862 sola

504 3893 860 3950 ineﬂabiliter
892 3906 1255 3965 processerat,
1291 3898 1749 3964 quemadmodum
1784 3906 1914 3952 ante
1949 3908 2082 3950 tem-

500 4001 631 4055 pora
656 4004 722 4042 ex
748 3988 866 4043 solo
899 3987 1530 4055 Patreluuomodonon
1554 3988 1909 4058 multiplicata
1941 3988 2077 4042 fuis-

502 4086 625 4133 sent
660 4094 786 4132 cum
817 4078 1032 4135 decenti
1082 4080 1441 4149 dispositione
1474 4081 1630 4150 signa
1674 4080 1902 4134 honoris
1952 4094 2080 4150 erga

502 4184 622 4223 eam
654 4186 723 4225 ex
762 4172 878 4242 lege
909 4172 1076 4227 debiti
1117 4175 1185 4226 ab
1210 4187 1277 4227 eo
1309 4173 1401 4242 qui
1435 4172 1501 4231 ad
1537 4172 1870 4241 implendam
1906 4171 2080 4242 legem

501 4260 902 4317 descenderat?

2183 3431 2387 3496 πικῶς
2430 3432 2788 3486 ἀνοικούντων
2831 3433 2948 3485 καῖ’
2995 3431 3525 3501 ὲμπεριπατούντων
3574 3426 3759 3496 τούτῳ

2180 3525 2321 3579 κατά
2357 3524 2458 3595 τὴν
2500 3524 2827 3594 δεσποτικὴν
2876 3523 3235 3592 ἐπαγγελίαν,
3283 3521 3369 3586 τίς
3395 3522 3462 3575 ἂν
3512 3520 3754 3589 ἀγαπῴη

2178 3614 2369 3670 τοῦτον
2402 3614 2602 3686 μᾶλλον
2628 3614 2729 3684 τῆς
2761 3616 2965 3686 μητρός
2992 3633 3008 3680 ;
3031 3615 3065 3685 ἡ
3094 3615 3169 3686 μὴ
3212 3617 3296 3668 ὅτι
3330 3610 3597 3682 μονογενῆ
3630 3612 3757 3664 10'3-

2181 3727 2297 3776 τον,
2327 3709 2463 3764 ἀλλά
2522 3709 2617 3763 καί
2672 3710 2811 3779 μόνη
2855 3710 3190 3778 γεγέννηκεν
3223 3707 3650 3769 ἀσυνδυάστως;
3679 3703 3757 3766 ὡς

2181 3796 2325 3855 εἶναι
2348 3802 2525 3873 ταύτῃ
2554 3802 2613 3855 τὸ
2662 3802 2884 3871 φίλτρον
2932 3800 3218 3854 διπλάσιον
3268 3798 3753 3869 συμμεριζομένου

2178 3895 2271 3947 τοῦ
2299 3895 2758 3965 κοινωνήσαντυς.
2802 3893 2898 3956 Τίς
2934 3892 2978 3945 δ’
3010 3891 3076 3947 ἂν
3135 3892 3456 3961 ἀγαπηθείη
3503 3890 3606 3959 τῆς
3646 3906 3757 3959 μη-

2175 3988 2304 4057 τρὸς
2341 3990 2541 4059 μᾶλλον
2568 3987 2672 4041 ὑπὸ
2701 3988 2796 4049 τοῦ
2828 3985 3191 4054 Μονογενοῦς,
3227 3988 3323 4039 καὶ
3349 3985 3525 4038 ταῦτα
3557 3984 3757 4052 προελ-

2180 4080 2364 4144 θόντος
2399 4082 2462 4133 ἐκ
2502 4080 2669 4150 μόνης
2697 4082 2953 4149 ἀρρήτως
2992 4079 3080 4132 ἐπ’
3102 4082 3350 4150 ἐσχάτων
3375 4078 3486 4130 τῶν
3515 4077 3757 4138 αἰώνων,

2182 4169 2371 4239 ὥσπερ
2404 4173 2498 4223 καὶ
2530 4170 2637 4241 πρὸ
2662 4170 2875 4225 αἰώνων
2906 4174 2971 4223 lx
3018 4170 3181 4241 μόνου
3212 4170 3308 4223 τοῦ
3349 4167 3599 4239 Πατρόςς
3631 4166 3757 4230 Πῶς

2181 4263 2227 4317 δ’
2259 4263 2323 4317 ἂν
2349 4264 2411 4316 ού
2443 4261 2953 4333 πολυπλασιασθείη
2980 4262 3116 4332 πρὸς
3147 4266 3213 4333 τῇ
3246 4261 3537 4334 πρεπούσῃ
3576 4258 3759 4316 διαθέ-

504 4370 588 4406 σει
648 4357 743 4408 καί
781 4356 852 4411 τὰ
893 4356 993 4426 τῆς
1039 4356 1396 4428 ὀφειλομένης
1425 4359 1488 4411 ὲκ
1514 4358 1696 4428 νόμων
1741 4358 1879 4425 πρὸς
1932 4358 2101 4427 αὐτὴν
2138 4359 2307 4428 τιμῆς
2355 4356 2505 4428 παρὰ
2534 4356 2627 4408 τοῦ
2657 4356 2945 4426 πληρῶσαι
3004 4355 3099 4409 τὸν
3146 4356 3315 4426 νόμον
3352 4352 3754 4419 κατελθόντοςς

580 4448 751 4519 Igitur
780 4448 929 4503 sicut
962 4465 1057 4518 per
1088 4465 1206 4505 eam
1240 4452 1413 4506 solam
1447 4453 1512 4506 ad
1555 4468 1655 4505 nos
1689 4453 1995 4521 procedens
2028 4451 2080 4504 in

507 4544 669 4595 terris
698 4540 952 4611 apparuit
976 4554 1029 4595 et
1058 4558 1181 4597 eum
1220 4546 1532 4600 hominibus
1563 4558 1919 4601 conversatus
1951 4556 2036 4601 est
2062 4586 2078 4606 .

2258 4450 2475 4519 Ὥσπερ
2503 4448 2597 4501 οὖν
2620 4448 2691 4501 δι’
2714 4447 2887 4515 αὐτῆς
2932 4447 3102 4517 μόνης
3131 4448 3267 4519 πρὸς
3304 4449 3453 4519 ημᾶς
3479 4445 3757 4521 ἐπιδημῇ-

2184 4556 2282 4604 σας
2302 4540 2517 4610 ἑπὶγῆς
2549 4537 2706 4608 ὤφθη
2736 4540 2959 4602 καὶτοῖς
2983 4539 3292 4610 ἀνθρώποις
3309 4541 3758 4612 συνανεστράφηο

507 4634 600 4705 qui
626 4645 753 4689 ante
780 4650 898 4689 eam
922 4637 1180 4691 omnibus
1200 4649 1319 4693 erat
1362 4639 1683 4705 invisibilis;
1715 4638 1787 4693 ita
1814 4642 1868 4694 in
1897 4639 2078 4695 futuro

2183 4634 2351 4686 πᾶσιν
2395 4631 2470 4685 ὢν
2519 4633 2749 4697 ἀθέατος
2790 4632 2895 4701 πρὸ
2955 4630 3183 4702 ταύτης,
3216 4629 3363 4683 οὕτω
3409 4633 3504 4684 καὶ
3533 4635 3617 4695 εἰς
3663 4633 3760 4687 τὸν

507 4727 834 4782 indesinenti
864 4727 1062 4782 szcculo
1083 4730 1261 4782 omnis
1288 4728 1484 4783 divinae
1516 4731 1929 4785 illuminationis
1956 4746 2078 4799 pro-

2186 4726 2315 4794 ἑξῆς
2349 4725 2584 4795 ἄληκτον
2624 4726 2800 4779 αἰῶνα
2829 4726 2985 4778 πᾶσα
3017 4726 3399 4791 φωτοφανείας
3432 4725 3591 4787 θείας
3618 4727 3761 4798 πρό-

508 4822 741 4889 gressio,
783 4822 963 4875 omnis
1008 4822 1317 4875 divinorum
1365 4825 1749 4893 mysteriorum
1789 4824 2079 4887 revelatio,

510 4911 692 4963 omnis
741 4911 1071 4978 spiritalium
1126 4908 1299 4963 forma
1352 4912 1764 4974 charismatum,
1795 4930 1916 4983 qua:
1962 4915 2082 4968 sine

512 5004 629 5072 ipsa
649 5004 854 5061 nemini
880 5004 1067 5074 largita
1099 5004 1351 5059 inissent.
1388 5006 1501 5075 Ipsa
1536 5020 1715 5061 autem
1743 5009 1893 5077 ι)ιοὶοΓ
1925 5026 2081 5065 accc-

514 5096 592 5163 pit
624 5094 998 5150 omnitnodam
1033 5099 1427 5163 plenitudinem
1468 5099 1589 5165 eius
1620 5102 1712 5168 qui
1743 5104 1931 5171 implet
1967 5119 2088 5157 οιιι-

512 5186 627 5249 nia,
669 5202 789 5241 eam
839 5189 1097 5245 omnibus
1130 5190 1514 5245 continendam
1562 5192 1800 5251 exhibet,
1840 5192 2087 5248 dividens

511 5280 743 5349 singulis
788 5284 1277 5353 co‘ngruentissitne
1318 5294 1371 5338 et
1420 5284 1716 5338 secundum
1774 5302 2084 5341 mmSuram

509 5376 763 5444 puritatis
795 5392 1009 5441 eorum,
1043 5379 1115 5432 ita
1160 5387 1218 5432 nt
1256 5378 1327 5431 sit
1359 5378 1724 5447 dispensatrix
1755 5388 1807 5432 ct
1840 5380 2093 5439 ministra,

511 5469 825 5523 divitiarum
862 5469 1180 5523 divinitatis.
1219 5467 1354 5523 Cum
1401 5470 1469 5521 sit
1508 5469 1588 5523 lex
1616 5480 1814 5522 mterua
1845 5468 1894 5519 in
1932 5469 2083 5522 rariis

511 5576 543 5612 ει
577 5561 877 5627 majoribus
910 5560 1146 5616 minores
1179 5562 1381 5617 habere
1422 5572 1479 5615 ιιι
1512 5562 1806 5631 participes
1849 5563 1955 5613 sint
1978 5578 2083 5631 na-

514 5658 653 5705 turae
680 5652 795 5719 ejus
838 5652 929 5719 qui
964 5662 1062 5713 est.
1093 5662 1145 5707 et
1176 5652 1229 5707 in
1260 5655 1410 5707 cmlis
1454 5653 1621 5715 sedet,
1668 5652 1839 5722 ttmjor
1894 5666 2074 5707 autem

585 5797 632 5826 ’ν’
664 5796 805 5849 PM.
850 5811 971 5861 λιν,
999 5796 1047 5849 5.

2188 4819 2445 4884 οδος,καί
2470 4820 2617 4870 πᾶσα
2670 4816 2991 4887 μυστηρίων
3027 4817 3187 4867 θείων
3241 4816 3610 4887 ἀποκάλυψις,
3662 4819 3762 4871 καὶ

2188 4914 2339 4966 πᾶσα
2368 4911 2758 4983 πνευματικῶν
2802 4910 2913 4962 ἰδέα
2962 4910 3343 4979 χαρισμάτων,
3376 4909 3581 4963 ἅπασιν
3612 4912 3759 4981 ἁιχώε⁵

2192 5025 2352 5079 ρητος
2386 5010 2557 5077 χωρὶς
2597 5008 2787 5075 αὐτῆς.
2843 5002 2993 5073 Ᾱῢτη
3035 5004 3093 5055 δὲ
3153 5004 3345 5071 πρώτη
3396 5003 3662 5074 δεχομένη
3698 5004 3761 5057 τὸ

2184 5102 2270 5153 διὰ
2302 5101 2521 5153 «πάντων
2565 5094 2700 5169 ἧκον
2738 5099 3013 5169 πλήρωμα
3044 5095 3140 5152 τοῦ
3172 5099 3239 5153 τὰ
3289 5099 3588 5168 σύμπαντα
3624 5098 3764 5168 πλη-

2189 5193 2435 5263 ροῦντος,
2489 5193 2785 5258 καθίστησι
2834 5194 2949 5254 τοῖς
3007 5192 3142 5245 πᾶσι
3186 5190 3461 5260 χωρητδν,
3512 5189 3761 5259 νέμουσα

2187 5287 2321 5354 πρὸς
2356 5286 2588 5353 δύναμιν
2623 5286 2838 5354 ἑκάστῳ
2884 5282 3026 5336 κατὰ
3069 5282 3169 5353 τὴν
3218 5280 3515 5349 ἀναλογίαν
3561 5281 3657 5333 καὶ
3697 5281 3760 5334 sb

2190 5377 2389 5446 μέτρον
2412 5376 2511 5445 τῆς
2533 5376 2765 5429 ἑκάστου
2803 5372 3182 5443 καθαρότητος
3203 5388 3217 5402 °
3248 5372 3390 5425 ὥστε
3418 5368 3625 5440 ταύτην
3681 5366 3765 5422 εἰς

2193 5486 2279 5519 ναι
2315 5470 2409 5519 καὶ
2434 5472 2659 5536 ταμεῖον
2688 5468 2783 5522 καὶ
2833 5466 3106 5534 πρύτανιν
3130 5463 3227 5517 τοῦ
3251 5463 3486 5517 πλούτου
3510 5466 3609 5532 τῆς
3643 5463 3763 5515 θεό-

2189 5576 2377 5625 τητος.
2397 5559 2549 5614 Ἐπεὶ
2585 5563 2693 5631 γὰρ
2715 5562 2813 5613 καὶ
2839 5556 3001 5635 τοῦτο
3030 5556 3266 5627 νόμιμον
3310 5555 3531 5611 αἰώνιον
3559 5559 3620 5609 ιν
3672 5555 3765 5608 οὐ·

2189 5658 2393 5727 μναῖς,
2428 5654 2516 5711 διὰ
2543 5655 2659 5711 τῶν,
2697 5654 2967 5724 μειζόνων
3004 5656 3133 5716 τοὺς
3181 5650 3474 5717 ἰλάττονας
3500 5646 3764 5724 μετίχειν
