4070 6210
503 310 607 372 475

1721 307 2103 368 GREGORII
2150 308 2233 367 PA
2248 304 2475 367 LAM/E

3652 312 3766 384 476.

501 427 729 482 tradidit
785 427 909 483 illos
971 426 1113 482 Deus
1157 425 1212 479 in
1275 424 1568 494 reprobum
1606 424 1912 477 sensmn".
1943 443 1960 474 ι
2001 422 2056 476 lt:

2179 422 2325 491 ἔχειν
2381 424 2439 475 ἐν
2488 421 2806 490 ἐπιγνώσει,
2841 419 3169 492 παρέδωκεν
3195 420 3394 486 αὐτοὺς
3439 423 3466 473 6
3496 423 3637 489 Θεδς
3677 426 3754 488 εἰς

499 520 720 584 quidem
750 520 840 589 qui
865 535 972 574 non
1010 525 1318 584 voluerunt,
1351 525 1944 588 nequecognovernnt,
1975 513 2066 569 isti

496 620 628 675 ειυιι
654 619 708 663 et
738 609 928 665 omnes
943 626 1040 666 eos
1073 611 1368 665 imitantes.
1403 608 1507 663 Sed
1531 609 1749 677 quinam
1784 623 1908 661 eum
1937 619 2065 661 ante

495 699 734 753 divinam
772 701 1202 756 incarnationem
1254 701 1668 772 cognoverunt?
1691 699 1840 753 Multi
1870 711 1918 753 et
1952 699 2066 754 fere

494 799 624 842 ante
684 805 874 846 omnes
925 801 978 846 et
1032 808 1195 862 super
1254 809 1447 848 omnes
1487 793 1783 854 Abraham,
1815 792 1963 846 Isaac
2012 799 2068 844 et

485 881 677 944 Jacob,
731 883 1114 955 ideoquejure
1162 885 1271 942 Deo
1305 887 1600 940 consociati
1647 892 1794 941 sunt.
1837 884 1945 938 Nec
1977 883 2065 939 isti

487 984 721 1037 tantum,
747 977 841 1030 scd
874 985 929 1031 et
952 992 1115 1031 omne
1141 995 1204 1032 ex
1231 980 1310 1033 eis
1336 995 1528 1049 genus,
1551 979 1625 1032 ita
1653 988 1710 1031 ut
1739 993 1861 1029 vere
1878 985 2064 1055 essent

487 1077 653 1134 atque
688 1079 1011 1124 vocarentur
1059 1069 1150 1124 Dei
1188 1074 1445 1142 populus,
1475 1082 1527 1124 et
1559 1081 1746 1140 postea
1783 1069 1995 1133 ﬁerent,
2029 1085 2062 1122 ο

485 1159 781 1217 ineilabilis
825 1164 1241 1218 muniﬁcentia!
1305 1164 1398 1217 Dei
1458 1163 1685 1217 familia.
1737 1159 1872 1215 Nam
1935 1175 2060 1214 eum

483 1251 708 1308 deberet
738 1256 939 1307 mundo
966 1271 1063 1325 per
1089 1271 1308 1310 carnem
1338 1243 1698 1318 ntanil‘estari,
1728 1268 1832 1308 non
1855 1253 2065 1309 solum-

487 1347 650 1400 modo
679 1346 819 1400 hanc
846 1349 916 1400 ah
952 1364 1034 1402 eis
1067 1344 1297 1417 accepit,
1327 1349 1421 1403 sed
1473 1349 1637 1402 etiam
1688 1355 1910 1416 propter
1962 1361 2061 1401 eos

488 1437 864 1507 principaliter
923 1440 1090 1504 venit,
1129 1441 1588 1511 quemadmodum
1631 1440 1896 1494 Dominus
1945 1438 2063 1509 ipse

485 1529 618 1583 dixit
653 1530 706 1584 in
742 1531 1079 1602 Evangeliis:
1118 1552 1137 1584 ι
1177 1533 1293 1586 Νοιι
1328 1533 1525 1588 missus
1556 1549 1675 1586 sum
1710 1533 1812 1586 nisi
1835 1531 1904 1585 ad
1932 1546 2062 1586 oves

485 1637 609 1690 qua:
640 1623 917 1693 perietunt
952 1626 1019 1678 de
1051 1627 1216 1680 domo
1246 1625 1409 1681 israel
1437 1626 1504 1680 υ.
1545 1645 1564 1678 ι
1590 1625 1798 1696 Quippe
1842 1609 2058 1680 Judmos

481 1713 672 1768 videns
695 1730 722 1768 a
756 1725 982 1786 paterna
1015 1718 1103 1771 illa
1141 1720 1340 1788 pietate
1361 1731 1417 1773 et
1447 1719 1648 1773 virtute
1687 1720 1962 1788 delapsos.
2000 1728 2056 1773 et

480 1809 844 1875 cognitionem
873 1810 992 1878 ejus
1021 1820 1326 1871 avet-satos.
1363 1827 1459 1867 eos
1487 1827 1594 1865 non
1626 1811 1950 1880 dedignatus
1976 1820 2063 1866 est

479 1907 702 1970 propter
732 1902 1051 1971 religionem
1081 1915 1293 1973 patrum
1318 1920 1530 1970 eorum,
1567 1903 1662 1958 sed
1690 1905 1864 1958 caelos
1897 1904 2059 1959 incli-

483 2010 621 2048 nans
655 1998 958 2064 descendit,
991 1999 1042 2053 in
1102 2000 1518 2054 similitudinem
1560 2000 1840 2053 hominum
1881 1999 2058 2054 factus

480 2095 536 2140 et
584 2103 705 2141 cum
757 2091 838 2144 eis
870 2105 1230 2146 conservatus
1279 2103 1384 2160 est,
1424 2094 1605 2148 divina
1665 2093 1852 2148 dicens
1891 2104 2057 2162 atque

479 2180 720 2247 faciens;
757 2197 858 2236 nec
882 2193 1091 2238 tantum
1140 2187 1240 2239 ista
1276 2185 1466 2239 dicens
1499 2195 1553 2240 et
1589 2185 1820 2250 faciens,
1851 2188 1946 2240 sed
1999 2195 2056 2240 et

476 2274 659 2326 divina
725 2275 834 2329 illis
894 2276 1132 2347 largiens
1189 2278 1474 2342 beneficia,
1544 2278 1792 2347 leprosos
1857 2279 1909 2333 in
1979 2279 2058 2332 eis

475 2368 804 2432 emundans,
829 2383 1008 2422 caecos
1060 2369 1399 2434 illuminans,
1431 2371 1762 2441 paralyticos
1798 2370 2061 2425 corrobo-

474 2470 629 2519 rans,
692 2472 894 2526 pronos
957 2462 1200 2530 erigens,
1265 2476 1297 2516 e
1362 2463 1718 2518 daemoniacis
1783 2463 2060 2516 daemones

475 2545 722 2617 ejiciens,
757 2557 811 2603 et
853 2565 1070 2606 omnem
1132 2553 1361 2608 omnino
1412 2554 1664 2608 morbum
1729 2567 2060 2621 omnemque

476 2639 850 2697 inﬁrmitatem
910 2652 965 2698 et
1019 2644 1262 2700 furorem
1315 2661 1540 2710 sanans,
1576 2654 1931 2716 mortuosque
1989 2644 2056 2699 ad

475 2736 642 2787 vitam
668 2734 960 2804 solojussu
988 2752 1277 2795 revocans.

2177 515 2436 583 ἀδόκιμον
2475 514 2624 571 νοῦν.
2669 533 2688 567 ι
2743 516 2806 568 Οί
2844 515 2942 583 μὲν
2973 508 3070 568 οὖν
3127 514 3202 584 μὴ
3235 515 3584 583 θελήσαντες,
3620 518 3754 586 μηὲδ

2175 607 2515 674 ἐπιγνόντες,
2549 601 2720 671 οὗτοι,
2746 609 2843 661 καὶ
2871 609 2988 662 ὅσοι
3020 607 3144 658 κατ’
3172 607 3375 671 αὐτούς
3512 609 3569 661 δὲ
3591 610 3753 678 212

2178 702 2284 771 πρὸ
2336 702 2436 770 τῆς
2490 701 2640 764 θείας
2699 701 3176 770 ἑνανθρωπήσεως
3213 701 3379 770 αὐτὸν
3433 703 3753 770 ἐπιγνόντες

2174 792 2350 856 τίνεςς
2386 792 2600 854 Πολλοὶ,
2645 791 2739 844 καὶ
2791 789 2980 862 σχεδὸν
3043 791 3152 860 πρὸ
3204 785 3425 855 ἀράντων
3469 792 3563 845 καὶ
3611 791 3754 860 ὑπὲρ

2173 887 2384 947 ⁴πάντας
2417 887 2445 937 6
2488 883 2765 954 Ἀϐραὰμ,
2818 883 2847 934 6
2917 881 3126 944 Ἰσαὰκ,
3155 886 3182 934 6
3226 881 3422 936 Ἰακώϐ
3449 899 3464 914 ’
3521 883 3606 936 διδ
3658 885 3753 936 καὶ

2172 977 2632 1047 προσελήφθησαν
2685 977 2910 1038 δικαίως
2958 975 3064 1028 ὑπὸ
3097 975 3255 1030 Θεοῦ.
3295 977 3404 1030 Kal.
3455 975 3556 1046 οὐχ
3604 971 3758 1029 οὗτοι

2175 1071 2359 1140 μόνον,
2393 1069 2531 1122 ἀλλὰ
2565 1070 2660 1121 καὶ
2692 1068 2752 1120 τὸ
2778 1067 2874 1120 ἀπ’
2915 1065 3100 1119 αὐτῶν
3132 1068 3280 1120 ἅπαν
3331 1067 3512 1135 γένος,
3540 1066 3619 1125 ὠς
3658 1067 3752 1118 καὶ

2169 1161 2299 1214 λαὸν
2350 1161 2488 1214 Θεοῦ
2546 1161 2774 1224 τούτους
2807 1155 2948 1212 εἷναί
2982 1177 3040 1211 τε
3079 1161 3176 1212 καὶ
3226 1160 3616 1225 ὀνομάζεσθαι,
3657 1165 3752 1212 καὶ

2167 1257 2345 1323 γένος,
2369 1251 2416 1306 ὣ
2437 1253 2535 1323 τῆς
2570 1254 2782 1320 ἁφὰτου
2815 1253 3241 1322 μεγαλοδωρεᾶς
3268 1254 3281 1306 l
3319 1252 3547 1322 ὕστερον
3595 1253 3753 1306 τελέ-

2170 1365 2262 1400 σαι
2294 1344 2430 1399 Θεοῦ
2461 1360 2476 1376 ·
2503 1345 2704 1415 δεῆσαν
2753 1346 2862 1414 γὰρ
2915 1345 3064 1415 αὐτῷ
3097 1346 3183 1398 διὰ
3240 1345 3443 1415 σαρκὸς
3475 1347 3752 1414 ἐπιφανῆ-

2168 1457 2258 1492 ναι
2294 1438 2370 1508 τῷ
2399 1436 2609 1508 κόσμῳ,
2635 1438 2696 1490 οὐ
2732 1438 2897 1506 μόνον
2922 1439 3055 1507 παρ’
3084 1439 3264 1491 αὐτῶν
3291 1439 3498 1508 ταύτην
3521 1439 3748 1505 ἐλαϐεν,

2168 1531 2303 1585 ἀλλὰ
2331 1530 2424 1584 καὶ
2451 1531 2590 1602 πρὸς
2615 1532 2814 1595 αὐτοὺς
2845 1531 3274 1602 προηγουμένως
3302 1528 3454 1603 ἦλθε,
3486 1532 3750 1602 καθάπερ

2165 1624 2330 1687 αὐτὸς
2372 1626 2400 1676 6
2429 1625 2633 1693 Κύριος
2676 1625 2734 1676 ἐν
2766 1627 2880 1687 τοῖς
2920 1622 3275 1691 Εὑαγγελίοις
3318 1624 3485 1692 φησίν
3511 1639 3528 1654 ·
3571 1643 3592 1676 ι
3632 1626 3750 1677 υὺκ

2165 1718 2479 1785 ἀπεστάλην
2512 1720 2560 1771 εί
2595 1717 2671 1788 μὴ
2716 1719 2798 1780 είς
2832 1720 2898 1771 τὰ
2933 1719 3182 1788 πρόϐατα
3211 1719 3281 1771 τὰ
3310 1719 3632 1774 ἀπολωλότα
3663 1721 3748 1772 οτ-

2163 1830 2261 1864 κου
2307 1811 2549 1882 ⁹Ισραήλ’
2594 1830 2613 1864 ι
2658 1811 2784 1864 ίδὼν
2815 1812 2923 1881 γὰρ
2966 1813 3300 1875 ἐκπεσόντας
3325 1811 3428 1880 τῆς
3477 1812 3746 1884 πατρῴας

2161 1904 2377 1973 ἐκείνης
2400 1901 2694 1966 εὐσεσείας
2721 1895 2816 1955 καί
2848 1903 3073 1972 ἀρετῆς,
3104 1905 3201 1957 καὶ
3255 1903 3354 1974 τὴν
3406 1903 3573 1958 αὐτοῦ
3603 1905 3748 1972 γνῶ-

2164 2013 2250 2048 σιν
2301 1996 2707 2065 ἀπωσαμένους
2758 1995 3009 2060 παριδεῖν
3039 1997 3140 2049 οὐκ
3200 1997 3461 2066 ἠνέσχετο
3489 1996 3580 2050 διὰ
3613 1999 3744 2060 τοὺς

2160 2089 2570 2160 εὑσεὸήσαντας
2615 2089 2800 2142 αὐτῶν
2857 2089 3129 2160 πατέρας,
3163 2090 3302 2144 ἀλλὰ
3351 2091 3539 2154 κλίνας
3577 2093 3750 2160 οὖρα-

2157 2183 2283 2245 νοὺς
2313 2181 2608 2250 κατῆλθεν,
2645 2183 2702 2233 ὲν
2733 2183 3046 2252 ὁμοιώματι
3077 2183 3392 2252 ἀνθρώπων
3417 2184 3741 2256 γενόμενος,

2156 2276 2251 2327 καὶ
2305 2274 2522 2336 τούτοις
2582 2277 3188 2344 συναναστρεφόμενος,
3243 2266 3341 2331 καὶ
3407 2277 3591 2346 λέγων
3645 2277 3744 2330 καὶ

2155 2365 2414 2435 πράττων
2443 2367 2512 2420 τὰ
2541 2367 2636 2419 τοῦ
2669 2366 2829 2422 Θεοῦ.
2862 2367 2972 2420 Καὶ
3001 2368 3098 2438 οὐχ
3139 2368 3332 2433 ἁπλῶς
3359 2371 3531 2423 ταῦτα
3559 2369 3742 2438 λέγων

2153 2461 2249 2510 καὶ
2274 2457 2554 2528 πράττων,
2585 2458 2722 2511 ἀλλά
2754 2458 2850 2512 καὶ
2878 2461 3000 2522 ταῖς
3022 2461 3105 2524 είς
3129 2461 3330 2524 αὐτοὺς
3369 2461 3745 2531 θεοπρεπέσιν

2156 2547 2497 2616 εὐεργεσίαις
2551 2549 3103 2619 ἐπιδαψιλευόμενος,
3160 2553 3443 2624 καθαίρων
3495 2555 3624 2616 τοὺς
3682 2553 3745 2605 ἑν

2162 2643 2347 2705 αὐτοῖς
2370 2641 2605 2710 λεπροὺς
2635 2657 2651 2672 ⁶
2693 2643 2944 2711 φωτίζων
2993 2646 3120 2709 τοὺς
3154 2648 3211 2698 ἐν
3247 2647 3431 2711 αὐτοῖς
3459 2648 3697 2714 τυφλούς
3722 2661 3739 2676 ο

2166 2735 2416 2804 σφίγγων
2446 2738 2574 2798 τοὺς
2598 2737 2946 2807 παραλύτους
2969 2754 2983 2767 °
3020 2738 3268 2809 ἀνορθῶν
3307 2740 3436 2803 τοὺς
3463 2757 3739 2809 συγκεκυρ

472 2833 682 2903 φόταςσ
715 2835 825 2887 τῶν
880 2815 1266 2905 δαιμονῶντων
1317 2825 1644 2893 ἀπελαύνων
1690 2836 1821 2902 τοὺς
1859 2834 2161 2906 δαίμοναςο
2196 2833 2292 2888 καὶ
2341 2835 2526 2888 πᾶσαν
2561 2834 2752 2900 ἁπλῶς
2814 2836 2993 2902 νόσον,
3059 2840 3157 2894 καὶ
3225 2840 3409 2893 πᾶσαν
3468 2839 3743 2910 μαλακίαν

471 2931 572 2984 καὶ
611 2931 809 3001 μανίαν
840 2929 1090 3001 ἰώμενος,
1117 2934 1214 2984 καὶ
1239 2936 1468 3004 νεκροὺς
1512 2935 1650 3005 πρὸς
1695 2934 1844 3005 ζωὴν
1888 2935 2180 3003 ἐπανάγων
2211 2930 2358 3001 μόνῳ
2394 2934 2797 3004 προστάγματι.

545 3024 747 3081 Verum
797 3041 924 3081 cum
972 3027 1049 3081 illi
1095 3041 1205 3080 non
1273 3036 1484 3082 tantum
1535 3045 1662 3083 eum
1723 3027 2033 3096 rejecerint,

471 3117 678 3186 proprii
703 3117 1027 3198 heneiicium
1059 3117 1112 3172 in
1137 3121 1354 3190 propria
1380 3121 1706 3184 venientem,
1732 3121 1822 3176 sed
1850 3118 2035 3183 etiam,

2224 3027 2316 3089 Ὠς
2342 3025 2400 3078 δὲ
2433 3026 2638 3078 ἐκεῖνοι
2675 3025 2867 3079 τοῦτον
2896 3027 2958 3080 οὐ
2994 3028 3158 3098 μόνον
3186 3028 3505 3091 ἀπώσαντο,
3529 3030 3626 3082 τὸν
3660 3033 3757 3096 είς,

2143 3109 2212 3173 τὰ
2246 3119 2354 3172 ῐδια
2392 3117 2617 3171 ἐλθόντα
2657 3120 2961 3190 εὐεργέτην
3005 3121 3054 3173 oi
3091 3119 3237 3184 ἴδιοι,
3271 3121 3390 3174 ἀλλ’
3423 3124 3514 3175 ἴνα
3545 3123 3606 3175 τὸ
3642 3143 3754 3177 τε--

475 3221 536 3265 ιιι
567 3193 881 3267 summatim
924 3209 1138 3281 loquar,
1159 3226 1283 3266 eum
1325 3212 1444 3267 neci
1472 3213 1815 3277 tradiderint,
1843 3224 1898 3267 et
1921 3211 2041 3267 neci

2160 3212 2393 3264 ιευταῖον
2452 3211 2617 3273 ιῐπω,
2653 3211 2748 3264 καὶ
2774 3212 2994 3282 θανάτῳ
3020 3213 3378 3281 παρέδωκαν,
3401 3216 3497 3268 καὶ
3517 3214 3740 3288 θανάτῳ

471 3303 678 3371 crucis,
711 3319 746 3358 ο
777 3302 1025 3358 insania!
1061 3313 1121 3358 ut
1174 3304 1402 3371 impium
1455 3307 1828 3360 damnaverint
1870 3306 2041 3362 Deum

471 3397 564 3464 qui
590 3397 658 3450 ad
700 3411 797 3451 eos
833 3411 1026 3450 eorum
1073 3397 1246 3466 gratia
1292 3408 1531 3464 venerat,
1577 3399 1702 3468 jure
1734 3408 1789 3454 et
1821 3399 1922 3468 ipsi
1950 3398 2048 3453 de-

469 3489 646 3545 relicti
687 3499 814 3544 sunt
861 3501 915 3544 et
951 3490 1302 3545 condemnati
1339 3491 1407 3546 ab
1459 3506 1527 3546 eo
1582 3491 1677 3562 qui
1729 3492 1810 3548 eis
1865 3491 2040 3546 dixit:

477 3603 496 3636 ι
529 3583 668 3639 Ecce
713 3583 1053 3653 relinquetur
1121 3584 1317 3640 domus
1363 3594 1544 3640 vestra
1580 3585 1795 3641 deserta
1819 3583 1889 3637 ".
1926 3602 1945 3637 ι
1982 3583 2049 3638 Et

469 3673 692 3726 illorum
727 3672 957 3742 rejectio
993 3671 1138 3728 facta
1187 3682 1270 3728 est
1322 3676 1510 3729 mundi
1572 3676 1965 3741 reconciliatio,
1995 3683 2048 3729 et

472 3767 630 3821 nobis
662 3766 810 3820 venit
857 3766 1231 3822 misericordia
1269 3784 1366 3839 per
1394 3769 1770 3825 inﬁdelitatem
1820 3785 2046 3836 eorum;

468 3858 714 3928 insuper,
731 3873 763 3913 ο
786 3859 1018 3914 altitudo
1037 3859 1349 3915 divitiarum
1368 3871 1423 3916 et
1438 3863 1720 3933 sapientia
1734 3870 1789 3918 et
1807 3863 2051 3917 scientia:

469 3951 608 4008 Dei!
671 3961 730 4006 ut
781 3968 1004 4008 rursum
1069 3954 1263 4026 loquar
1317 3957 1619 4012 secundum
1683 3957 2047 4027 Apostolum:

475 4061 496 4096 ι
523 4044 807 4100 Conclusit
832 4045 977 4102 Deus
999 4050 1182 4103 omnia
1211 4049 1262 4103 in
1287 4049 1690 4116 incredulitate,
1716 4061 1772 4104 ut
1802 4051 2051 4105 omnium

468 4137 874 4212 misereatur".
912 4158 931 4190 ι
970 4138 1106 4195 Nam
1129 4141 1295 4196 modo
1325 4144 1638 4198 audivimus
1665 4142 2055 4212 evangelizan-

468 4237 578 4283 tem
612 4228 923 4285 Matthaum
963 4233 1392 4304 evangelistam:
1432 4252 1453 4286 ι
1499 4233 1766 4290 Undecim
1803 4234 2052 4306 discipu-

466 4320 504 4377 li
539 4323 794 4380 abierunt
820 4327 872 4379 in
895 4323 1198 4394 Galilaeam,
1229 4330 1281 4381 in
1312 4339 1550 4383 montem
1592 4328 1684 4383 ubi
1720 4338 2056 4399 praeceperat

466 4417 577 4476 illis
610 4417 793 4484 Iesus,
820 4433 874 4474 et
917 4419 1160 4473 videntes
1199 4436 1325 4474 eum
1391 4421 1777 4488 adoraverunt,
1834 4423 2056 4492 quidam
2097 4483 2102 4488 ,

2145 3300 2447 3371 σταυρικῷ,
2487 3299 2653 3369 βαϐαὶ
2707 3302 2807 3372 τῆς
2855 3301 3162 3366 ἀπονοίαςί
3216 3300 3294 3366 ὡς
3336 3303 3588 3359 ἀντίθεον
3639 3308 3740 3358 τὸν

2145 3391 2289 3463 ὑπὲρ
2337 3391 2520 3446 αὐτῶν
2566 3393 2704 3461 πρὸς
2741 3393 2944 3457 αὐτοὺς
2979 3394 3068 3448 διὰ
3129 3395 3336 3466 σαρκὸς
3387 3398 3734 3464 ἐπιφανέντα

2145 3485 2305 3550 Θεὸν,
2341 3487 2850 3558 ἐγκατελείφθησαν
2875 3488 2970 3542 καλ⁵
3008 3488 3166 3543 αὐτοὶ
3205 3489 3454 3554 δικαίως,
3478 3491 3576 3543 καὶ
3596 3492 3738 3544 ἁπε-

2147 3579 2432 3651 6λήθησαν
2468 3580 2620 3650 παρὰ
2653 3581 2746 3634 τοῦ
2781 3579 2920 3651 πρὸς
2956 3581 3159 3645 αὐτοὺς
3189 3581 3474 3646 εἰπόντος·
3527 3601 3545 3634 ι
3597 3583 3754 3640 Ἰδοὺε

2147 3671 2370 3739 ἀφίεται
2399 3675 2426 3726 6
2457 3669 2605 3736 οἶκος
2639 3675 2794 3742 ὑμῶν
2823 3675 3054 3746 ἕρημοςο
3107 3694 3126 3727 ι
3165 3676 3322 3742 καὶζὴ
3357 3675 3564 3729 τούτων
3593 3678 3737 3732 ἁπο-

2150 3765 2283 3833 6ολὴ
2305 3766 2629 3834 καταλλαγὴ
2651 3767 2859 3837 κόσμου
2895 3768 3111 3835 γέγονε,
3130 3769 3228 3821 καὶ
3242 3767 3739 3840 ὴλεήθημενὴμεῖς

2150 3859 2218 3927 τῇ
2243 3858 2453 3911 τούτων
2482 3858 2743 3930 ἀπειθείᾳ
2763 3875 2778 3889 ο
2817 3860 3021 3929 μᾶλλον
3051 3860 3132 3922 δὲ,
3160 3857 3205 3912 ὣ
3249 3859 3450 3930 βάθους
3495 3860 3737 3915 πλούτου

2152 3951 2249 4002 καὶ
2277 3951 2473 4019 σοφίας
2506 3951 2600 4005 καὶ
2631 3951 2890 4019 γνώσεως
2921 3951 3095 4006 Θεοῦί
3150 3955 3239 4005 ἵνα
3273 3953 3436 4007 πάλιν
3471 3955 3612 4007 κατὰ.
3641 3955 3735 4007 τὸν

2168 4043 2502 4097 ’Δπόστολον
2527 4047 2688 4110 εἴπω,
2723 4062 2745 4097 ι
2777 4044 3133 4098 Συνέκλεισεν
3161 4048 3188 4098 6
3215 4047 3346 4108 Θεὸς
3374 4049 3496 4112 τοὺς
3523 4049 3737 4111 πάντας

2155 4137 2237 4199 είς
2270 4136 2577 4197 ἀπείθειαν.
2613 4136 2700 4192 [va
2734 4138 2863 4200 τοὺς
2905 4138 3114 4200 πάντας
3158 4136 3384 4210 ὲλεήσηο
3426 4157 3446 4192 ι
3500 4141 3741 4208 εὐαγγε-

2155 4229 2445 4302 λιζομένου
2479 4231 2589 4301 γὰρ
2616 4229 2936 4302 ἠκούσαμεν
2968 4233 3174 4301 ἀρτίως
3201 4232 3302 4286 τοῦ
3342 4234 3740 4303 εὐαγγελιστοῦ

2159 4323 2470 4387 Ματθοίου,
2531 4324 2615 4375 ὅτι
2671 4342 2690 4374 ι
2737 4326 2800 4377 Ol
2830 4323 3025 4379 ἕνδεκα
3065 4326 3307 4396 μαθηταὶ
3353 4326 3742 4397 ὶτοορεύθησαν

2161 4418 2242 4478 εἰς
2280 4415 2379 4484 τὴν
2409 4417 2727 4482 Γαλιλαίαν,
2759 4421 2840 4481 είς
2869 4419 2931 4472 τὸ
2969 4419 3096 4489 ὅρος
3143 4415 3207 4474 οὗ
3235 4419 3470 4483 ιτάξατο
3498 4422 3684 4484 αὐτοῖς
3711 4422 3743 4473 6

469 4520 650 4564 autem
687 4510 1160 4564 dubitaverunt".
1200 4529 1220 4562 ι
1250 4511 1352 4564 Sed
1390 4512 1686 4566 accedente
1717 4512 1950 4566 Domino
1997 4521 2052 4565 et

2175 4507 2408 4577 Ἰησοῦς,
2431 4515 2526 4562 καὶ
2557 4510 2757 4570 ἰδόντες
2788 4511 2955 4564 αὐτὸν
3010 4511 3436 4582 προσεκύνησαν
3479 4513 3656 4582 αὐτῷ,
3688 4513 3742 4565 oi

469 4617 594 4658 cum
647 4603 729 4658 eis
765 4602 1130 4672 colloquente,
1169 4603 1220 4657 hi
1269 4619 1490 4673 quoque
1535 4604 1845 4658 confirmati
1900 4613 2051 4658 sunt.

464 4693 559 4750 Ait
587 4695 770 4751 enim:
803 4711 822 4744 ι
853 4696 1132 4750 Accedens
1163 4694 1322 4752 Jesus
1344 4698 1560 4752 locutus
1579 4707 1665 4750 est
1693 4697 1796 4760 eis,
1827 4695 2047 4751 dicens:

467 4785 603 4842 Data
636 4796 720 4842 est
749 4787 880 4842 mihi
924 4789 1103 4844 omnis
1128 4798 1369 4856 petestas
1397 4789 1452 4844 in
1497 4789 1636 4843 cwlo
1665 4799 1719 4844 et
1771 4790 1823 4843 in
1859 4797 2003 4843 terra
2031 4807 2049 4856 ;

468 4892 667 4935 etmtes
713 4897 846 4942 ergo
905 4880 1102 4936 docete
1167 4895 1360 4935 omnes
1418 4891 1605 4950 gentes
1633 4881 1703 4936 “.
1743 4899 1761 4932 ι
1800 4881 1913 4935 lloc
1969 4891 2054 4936 est

469 4983 691 5043 propter
715 4976 858 5040 quod
893 4974 1059 5042 paulo
1081 4983 1204 5026 ante
1228 4973 1467 5026 diximus
1493 4973 1621 5026 illud
1648 4974 2049 5042 apostolicum;

470 5070 726 5138 quoniam
756 5070 981 5136 reiectio
1014 5067 1328 5122 Iudaeorum
1373 5065 1510 5120 facta
1537 5075 1620 5119 est
1647 5068 1831 5119 mundi
1863 5082 2052 5120 recan-

468 5162 698 5221 ciliatio,
723 5171 777 5214 et
812 5161 1189 5216 misericordia
1225 5160 1381 5214 nobis
1411 5161 1554 5213 venit
1577 5175 1642 5212 ex
1673 5159 2055 5213 incredulitate

468 5275 552 5312 CUI
569 5273 682 5310 um.
711 5257 845 5310 Nam
876 5259 967 5327 qui
989 5257 1138 5327 prius
1156 5255 1270 5309 suis
1289 5255 1424 5308 dixit
1445 5254 1764 5322 discipulis:
1790 5273 1806 5305 ι
1832 5255 1888 5307 in
1908 5254 2049 5320 viam

469 5349 713 5420 gentium
767 5365 834 5403 ne
863 5349 1132 5410 abicritis.
1165 5359 1217 5403 et
1271 5348 1326 5402 in
1361 5349 1636 5403 civitatem
1683 5348 2055 5402 Samaritano-

471 5461 593 5500 rum
627 5460 693 5498 ne
720 5443 1096 5510 intraveritis;
1127 5444 1201 5498 ite
1231 5441 1415 5513 potius
1447 5441 1511 5496 ad
1541 5456 1673 5496 oves
1713 5455 1833 5509 quae
1875 5440 2052 5509 perie—

471 5548 598 5594 runt
624 5538 691 5594 de
721 5539 882 5593 domo
912 5537 1203 5604 lsrael",i
1230 5537 1373 5591 idem
1409 5549 1590 5590 nunc:
1633 5553 1654 5586 ι
1694 5533 1919 5596 Euntes.
1949 5535 2048 5597 ait,

547 5746 587 5777 "
627 5745 786 5798 Rom.
828 5764 862 5802 ι.
893 5745 984 5799 28.
1097 5743 1144 5777 ⁹⁹
1180 5739 1370 5795 Matth.
1428 5755 1514 5798 xv,
1580 5736 1673 5792 94.

487 5817 531 5846 ’⁸
563 5816 749 5870 Matth.
785 5830 974 5880 axx-in,
1010 5815 1095 5871 l8.
1169 5814 1216 5847 "
1254 5811 1446 5868 Matth.
1479 5827 1532 5878 ι,
1571 5809 1623 5863 5.

1783 5737 1831 5770 ’³
1879 5733 2071 5790 Matth.
2114 5748 2273 5797 “In,
2323 5732 2411 5787 58.

2155 4598 2212 4652 δὲ
2241 4599 2557 4654 ἐδίστασανο
2619 4621 2637 4653 ι
2668 4602 2804 4655 ἀλλὰ
2829 4602 3221 4673 προσελθόντος
3253 4603 3350 4655 τοῦ
3387 4603 3617 4672 Κυρίου,
3648 4603 3744 4656 καὶ

2150 4695 2515 4766 ὁμιλήσαντος
2552 4695 2735 4758 αὐτοῖς
2766 4696 3009 4748 κάκεῖνοι
3038 4694 3454 4763 ἐσεϐαιώθησαν
3475 4716 3491 4729 -
3520 4715 3539 4748 ι
3565 4698 3743 4766 [ιροσο

2159 4787 2332 4842 ελθὼν
2383 4788 2512 4858 γὰρ,
2544 4789 2728 4856 φησὶν,
2771 4789 2956 4851 αὐτοῖς
2987 4789 3015 4841 6
3054 4787 3288 4856 Ἰησοῦς,
3339 4788 3611 4859 ἐλάλησεν
3640 4790 3741 4843 αὖ-

2150 4883 2282 4942 τοῖς,
2324 4879 2537 4948 λέγων·
2584 4880 2776 4948 Ἐδόθη
2829 4897 2920 4948 μοι
2972 4883 3126 4934 πᾶσα
3154 4881 3379 4944 ἐξουσία
3409 4883 3468 4934 ἐν
3518 4882 3739 4951 οὐρανῷ

2155 4972 2250 5023 καὶ
2289 4972 2380 5024 επὶ
2407 4971 2508 5039 γῆς
2531 4987 2548 5001 °
2594 4957 2960 5041 πορευθέντες
2989 4971 3083 5024 οὖν
3119 4973 3508 5042 μαθητεύσατε
3559 4966 3739 5025 πάντα

2155 5068 2226 5119 τὰ
2265 5067 2414 5135 ἔθνη.
2473 5086 2490 5117 ι
2531 5066 2704 5119 Τοῦτό
2727 5071 2863 5128 ἐστι,
2891 5066 2958 5118 δι’
2986 5066 3013 5119 δ
3051 5066 3157 5134 πρὸ
3195 5065 3393 5137 μικρυῦ
3424 5069 3482 5119 τὸ
3510 5067 3739 5121 ἀποστο-

2154 5157 2306 5211 mm
2339 5159 2525 5225 ἔλεγον
2548 5159 2748 5220 ἐκεῖνο,
2784 5161 2866 5211 ὅτι
2903 5161 2934 5228 ὴ
2989 5159 3236 5229 ἀποῦολὴ
3293 5160 3402 5212 τῶν
3462 5159 3738 5212 Ἰουδαίων

2157 5251 2480 5322 καταλλαγὴ
2513 5252 2730 5322 κόσμου
2762 5251 2977 5319 γέγονε,
3018 5253 3112 5305 καὶ
3137 5251 3454 5321 ἠλεήθημεν
3481 5252 3640 5320 ἡμεῖς
3667 5252 3736 5322 τῇ

2156 5344 2365 5397 τούτων
2390 5344 2649 5414 ἀπειθείᾳ
2667 5359 2681 5373 ο
2709 5346 2734 5395 6
2761 5343 2871 5412 γὰρ
2899 5344 3035 5414 πρός
3062 5344 3188 5406 τοὺς
3214 5344 3454 5404 οίκείους
3483 5341 3736 5409 μαθητὰς

2156 5439 2335 5506 λέγων
2373 5438 2683 5509 πρότερον·
2722 5455 2740 5488 ι
2787 5437 2878 5500 Εἰς
2930 5437 3050 5490 ὁδὸν
3104 5434 3276 5489 ἐθνῶν
3433 5435 3735 5504 ἀπέλθητε,

2159 5533 2252 5585 καὶ
2282 5532 2543 5596 είςνπόλιν
2575 5530 2933 5601 Σαμαρειτῶν
2965 5530 3044 5601 μὴ
3082 5528 3364 5600 είσέλθητε
3386 5543 3401 5559 ⁸
3434 5527 3734 5599 πορεύεσθε

2517 5732 2563 5766 ’⁵
2596 5733 2755 5788 Rom.
2786 5748 2864 5800 ιι,
2894 5732 2986 5788 33.
3093 5730 3144 5762 ”
3173 5727 3367 5784 Matth.
3405 5743 3600 5788 xum,
3640 5730 3722 5784 i6-
