4078 6216
203 5879 259 5980 ἢ

257 370 354 434 477

1520 364 1849 426 IIOMILIA
1892 363 2224 428 XXXVIII.

3389 358 3495 423 £78

249 482 302 538 δὲ
337 480 539 552 μᾶλλον
579 478 718 549 πρὸς
769 478 838 533 τὰ
888 475 1142 548 πρόδατα
1181 479 1248 533 τὰ
1281 478 1408 532 ἀπο)
1423 478 1601 532 ωλότα
1652 476 1806 529 οῐκου
1838 524 1841 534 ,

1943 488 2104 534 ‘ocete
2125 493 2318 532 omnes
2349 485 2536 547 gentes
2562 477 2631 531 ".
2675 495 2693 530 ι
2726 474 2937 547 Quippe
2960 491 3086 530 cum
3109 474 3261 543 prius
3295 475 3497 529 intide-

259 571 494 644 Ἱσραήλ⁶
538 592 557 625 ι
591 567 746 636 οὗτος
774 571 891 635 νῦν,
938 591 957 624 ‹
1013 568 1405 643 Πορευθέντες,
1436 571 1590 642 φησὶ,
1630 568 1811 640 μαθηο

247 656 471 719 τιύσὰτε
499 664 683 719 πάντα
711 665 781 718 τὰ
813 665 969 733 ἔθνη·
1021 685 1038 716 ι
1072 664 1166 717 καὶ⁵
1215 665 1322 734 γὰρ
1357 664 1514 733 ἡμῶν
1564 658 1813 714 ἀπειθει-

251 757 458 812 σάντων
498 757 790 829 πρότερον,
821 758 914 811 καὶ
950 757 1044 810 τὸν
1073 756 1134 811 tv
1178 757 1254 826 τῷ
1293 755 1489 826 κόσμῳ
1544 757 1694 818 ὅντα,
1721 757 1816 810 καὶ

248 847 334 904 διὰ
357 849 457 918 τῆς
501 847 802 917 εὐκοσμίας
852 844 963 900 τῶν
1004 845 1177 901 ὄντων
1236 848 1646 919 κηρυττόμενον
1683 849 1817 902 Θεὸν

255 940 326 1012 μὴ
353 938 655 1010 ὶπιγνῶναι
681 937 1052 1009 θελησάντων,
1081 942 1193 1004 τοῖς
1231 939 1501 1002 εὐπειθῶς
1530 941 1816 1009 ὲπιγνοῦσι

251 1031 476 1096 δικαίως
504 1032 533 1083 δ
569 1029 770 1102 Κύριος
813 1031 877 1085 δι’
902 1030 1097 1086 ἑαυτοῦ
1133 1050 1190 1086 τε
1223 1033 1320 1086 καὶ
1341 1032 1450 1085 τῶν
1512 1033 1816 1104 προφητῶν

253 1122 415 1178 αὐτοῦ
456 1121 766 1192 διελέγετοο
813 1120 913 1178 νῦν
947 1122 1003 1176 δὲ
1034 1123 1306 1177 κάκείνων
1362 1124 1814 1190 ὰπειθεισὰντων,

252 1217 400 1272 ούδὶν
440 1219 506 1287 τῇ
537 1216 912 1289 δικαιοκρισίᾳ
948 1214 1042 1268 τοῦ
1091 1215 1228 1268 Θεοῦ
1261 1215 1646 1284 προσίσταται,
1681 1213 1822 1284 πρὸς

255 1311 314 1366 τὸ
343 1312 438 1367 καὶ
471 1311 619 1380 ἡμᾶς
652 1307 965 1380 ἐλεηθῆναι,
1005 1309 1100 1361 καὶ
1126 1308 1216 1361 διὰ
1241 1307 1351 1361 τῶν
1387 1306 1550 1376 ίερῶν
1588 1307 1826 1359 ἀποστό-

255 1406 360 1460 λων
387 1403 540 1476 αύτῷ
575 1401 1014 1474 μαθητευθῆναι.
1049 1403 1160 1456 Καὶ
1189 1403 1333 1472 τάχα
1378 1399 1538 1454 τοῦτό
1567 1401 1715 1454 ἔστιν
1735 1399 1820 1464 τὸ,

263 1512 282 1547 ι
323 1491 511 1565 Ἐδόθη
537 1511 626 1564 μοι
661 1495 811 1548 πᾶσα
838 1493 1057 1558 ἐξουσία
1083 1494 1140 1546 ὲν
1163 1491 1378 1564 ούρανῷ
1401 1492 1497 1547 καὶ
1523 1492 1618 1544 ἐπὶ⁸
1656 1490 1821 1562 213

258 1589 494 1655 τῆς,ιώς
523 1591 621 1658 τῆς
656 1588 806 1652 θείας
834 1587 1233 1658 δικαιοκρισίας
1257 1586 1332 1658 μὴ
1355 1585 1602 1657 ἐφιείσης
1627 1586 1829 1657 πρότεο

263 1697 351 1750 ρον
385 1681 582 1750 ἐπίσης
612 1683 725 1744 τοῖς
759 1679 1104 1758 πειθομένοις
1133 1680 1226 1734 καὶ
1250 1679 1376 1742 τοὺς
1405 1679 1655 1742 ἀπειθεῖς
1677 1677 1829 1749 ἡμᾶς

261 1772 546 1837 ἐλεεῖσθαι,
570 1773 664 1826 καὶ
694 1770 1130 1843 προσκαλεῖσθαι
1161 1778 1302 1839 πρὸς
1331 1771 1401 1826 τὰ
1440 1769 1696 1843 οὐράνια.

1917 573 1997 627 les
2044 585 2313 636 essemus,
2351 579 2407 625 et
2439 571 2607 625 Deum
2669 568 2722 622 in
2759 569 2964 623 mundo
3009 576 3286 624 versatum
3333 577 3498 634 atque

1917 665 2147 736 pulchro
2179 677 2360 717 rerum
2397 659 2589 716 ordine
2623 661 2980 731 przdieatum
3022 675 3353 724 cognoscere
3382 661 3500 713 nul-

1917 759 2119 821 lemns,
2148 757 2344 810 merito
2386 754 2650 809 Deminus
2696 770 2794 825 per
2841 753 3196 824 semetipsum
3257 767 3497 821 suosque

1918 851 2212 923 prophetas
2246 865 2366 903 eum
2393 848 2625 902 ﬁdeliter
2658 847 3014 902 noscentibus
3038 845 3453 914 colloquebatur
3478 864 3494 912 ;

1920 963 2065 1002 nunc
2119 955 2302 1000 autem
2344 960 2464 998 cum
2526 942 2599 996 illi
2639 941 2750 997 sint
2792 939 3082 1020 incrpduli,
3134 938 3268 992 nihil
3315 938 3498 993 obstat

1916 1039 2063 1111 justo
2093 1038 2182 1092 Dei
2207 1036 2414 1104 judicio
2443 1046 2500 1089 ut
2533 1048 2632 1090 nos
2657 1046 2873 1103 quoque
2908 1030 3335 1086 misericordiam
3365 1046 3498 1085 con-

1920 1147 2240 1203 sequamur,
2266 1139 2319 1184 et
2350 1145 2443 1198 per
2499 1135 2724 1184 sanctos
2773 1126 3049 1195 apostolos
3098 1123 3168 1178 de
3205 1139 3272 1178 eo
3300 1121 3500 1178 docea-

1921 1242 2064 1282 mur.
2089 1225 2212 1282 ldeo
2236 1225 2418 1280 statim
2448 1224 2651 1292 adjecit
2675 1239 2690 1277 :
2719 1239 2738 1273 ι
2765 1219 2896 1274 Data
2925 1227 3004 1273 cst
3036 1217 3165 1271 mihi
3193 1216 3373 1270 omnis
3403 1229 3498 1283 po—

1922 1327 2091 1374 testas
2117 1317 2172 1372 in
2203 1317 2345 1371 coelo
2379 1323 2433 1371 et
2475 1313 2528 1368 in
2563 1322 2705 1367 terra
2727 1313 2774 1346 θ’
2817 1331 2863 1375 ι,
2893 1311 2964 1363 ita
3012 1320 3070 1362 ut
3106 1308 3236 1376 justi
3283 1305 3353 1359 sit
3403 1303 3499 1356 Dei

1919 1411 2111 1483 judicii
2140 1425 2239 1465 nos
2267 1408 2360 1480 qui
2390 1409 2544 1478 prius
2570 1405 2815 1460 inﬁdeles
2841 1418 2963 1458 cum
3001 1401 3250 1456 ﬁdelibus
3293 1405 3497 1467 partem

1925 1516 2033 1557 non
2062 1501 2421 1566 habebamus,
2459 1495 2890 1551 misericordiam
2918 1493 3185 1556 obtinere,
3210 1501 3263 1546 et
3293 1489 3362 1544 ad
3389 1502 3502 1542 ραι-

1927 1596 2086 1651 lestia
2133 1591 2451 1649 convocari.

325 1864 438 1918 Νῦν
460 1832 663 1919 δὶντῶν
689 1832 790 1935 μέν
818 1866 1108 1936 πρότερον,
1136 1832 1246 1920 τῶν
1275 1832 1331 1919 δὲ
1356 1832 1608 1937 ὕστερον,
1635 1867 1824 1935 ἀμφο-

2005 1867 2161 1922 Νυηο
2193 1873 2374 1919 autem
2419 1869 2474 1917 et
2503 1859 2782 1932 prioribus
2806 1866 2861 1912 et
2889 1851 3310 1926 posterioribus,
3343 1848 3505 1904 utris-

262 1958 433 2030 τέρων
461 1958 518 2012 δὲ
556 1959 652 2012 καὶ
696 1957 920 2014 πάντων
968 1957 1487 2030 συγκεκλεισμένων
1537 1961 1620 2022 είς
1663 1957 1832 2012 ἀπεί-

265 2047 429 2114 θειαν,
469 2050 590 2104 κατ’
645 2049 854 2104 οίκείαν
901 2051 1153 2115 ἐξουσίαν
1203 2052 1500 2123 δεδομένην
1545 2050 1702 2122 παρὰ
1731 2053 1836 2123 τῆς

265 2142 472 2208 οίκείας
508 2143 928 2216 δικαιοκρισίας,
959 2143 1053 2208 οὓς
1097 2144 1360 2214 ἡθέλησιν
1393 2145 1422 2198 ό
1473 2144 1612 2207 Θεδς
1664 2143 1835 2214 ἠλέη-

267 2254 375 2293 σεν.
417 2236 677 2308 Ἦθίλησε
717 2237 778 2292 δὲ
808 2240 904 2291 καὶ⁵
932 2238 1167 2310 ὴλέησεν
1195 2239 1348 2307 ἡμᾶς
1381 2237 1510 2302 τοὺς
1544 2235 1604 2304 ἐξ
1634 2236 1834 2299 ἐθνῶν,

271 2327 465 2400 μῶλον
497 2329 553 2384 δὲ
582 2330 816 2395 πάντας.
850 2333 975 2385 ἐπεὶ
1003 2332 1097 2384 καὶ
1129 2330 1354 2384 πάντων
1395 2332 1512 2384 ἐστὶ
1540 2329 1676 2395 Θεός
1694 2347 1711 2363 ·
1735 2328 1835 2403 τὴν

276 2423 374 2491 μὲν
406 2423 516 2495 γὰρ
545 2424 638 2478 τοῦ
665 2424 848 2486 ἐλέους
879 2423 1058 2496 ἀρχὴν
1086 2423 1180 2492 ἀφ’
1211 2422 1371 2494 ἡμῶν
1413 2423 1650 2494 ἠθέλησε
1676 2422 1839 2494 ποιή-

275 2504 468 2567 σασθαι
519 2511 634 2576 νῦν,
687 2513 801 2567 ἀλλ’
828 2514 928 2567 ούκ
963 2513 1073 2567 ἀπὸ
1097 2515 1209 2566 τῶν
1251 2512 1347 2567 νῦν
1381 2513 1795 2586 ἀπειθησάντων
1818 2529 1834 2545 ⁶

269 2601 366 2657 ούκ
391 2604 717 2676 ἀπεστράφη
745 2605 804 2658 δὲ
846 2605 1050 2669 τελέως
1095 2605 1206 2659 οὐδ’
1247 2606 1530 2670 ἐκείνουςο
1563 2606 1837 2676 ἀνέῳκται

274 2697 377 2764 γὰρ
396 2695 668 2762 κάκείνοις
687 2695 756 2750 δι’
789 2695 946 2767 ἡμῶν
975 2698 1008 2766 ή
1040 2695 1182 2766 θύρα
1213 2698 1316 2767 τῆς
1344 2697 1644 2766 σωτηρίας,
1673 2695 1836 2763 ιῐπερ

276 2789 559 2860 βούλοιντο,
590 2793 686 2849 καὶ
710 2790 838 2855 τοὺς
870 2787 932 2857 ἐξ
956 2789 1135 2844 αὐτῶν
1159 2793 1227 2861 τῇ
1261 2791 1384 2846 καθ’
1424 2791 1575 2862 ἡμᾶς
1609 2789 1840 2857 Ἐκκλη-

277 2885 364 2955 σία
385 2885 702 2956 προσιόντας
730 2885 1090 2957 προσδέχεται
1111 2884 1366 2955 ἁσμένως
1386 2900 1402 2916 ⁸
1431 2883 1491 2938 ού
1517 2883 1627 2954 γὰρ
1652 2883 1843 2938 ἐπται-

278 2990 371 3030 σαν
394 2975 479 3029 ἵνα
507 2976 767 3041 πέσωσιν,
796 2977 913 3031 ἀλλ’
967 2977 1059 3032 ἵνα
1085 2977 1165 3047 τῷ
1205 2975 1389 3030 αὐτῶν
1419 2973 1841 3045 παραπτώματι

275 3067 392 3150 τοῖς
430 3066 696 3138 πρότερον
740 3067 1106 3140 ἀπειθήσασιν
1145 3069 1278 3138 ἡμῖν
1310 3068 1345 3137 η
1381 3065 1629 3138 σωτηρία
1666 3082 1841 3138 προσο

1934 1976 2039 2031 que
2080 1967 2135 2014 et
2164 1956 2422 2012 omnibus
2455 1956 2506 2008 in
2548 1947 2925 2007 incredulitate
2955 1942 3288 2006 constrictis,
3311 1943 3360 1994 vl
3384 1937 3505 2009 ejus

1935 2051 2209 2109 ilbertatis
2238 2062 2402 2118 quant
2443 2044 2592 2102 dedit
2614 2043 2822 2114 justum
2856 2036 3145 2110 judicium,
3171 2032 3314 2088 Deus
3346 2032 3508 2103 cujus

1934 2143 2375 2202 vultmiseretur.
2401 2135 2589 2194 Voluit
2614 2148 2745 2190 vero
2768 2142 2824 2190 et
2861 2131 3121 2187 misertus
3148 2135 3231 2182 est
3263 2125 3421 2180 nobis
3440 2139 3509 2178 ex

1938 2237 2210 2310 gentibus,
2262 2243 2317 2288 et
2364 2230 2548 2301 pmius
2613 2226 2891 2291 omnibus,
2952 2237 3074 2278 cum
3136 2220 3208 2276 sit
3259 2216 3507 2272 omnium

1938 2333 2119 2396 Deus;
2154 2327 2321 2384 voluit
2343 2323 2562 2396 quidem
2595 2317 3028 2377 misericordiam
3055 2329 3085 2371 ι
3121 2311 3280 2369 nobis
3305 2310 3510 2378 incipe-

1939 2439 2018 2490 re,
2049 2432 2103 2478 et
2131 2437 2240 2476 non
2274 2419 2341 2473 ab
2358 2418 2435 2472 eis
2457 2416 2552 2486 qui
2588 2428 2733 2469 nunc
2757 2406 3131 2478 versanturin
3153 2403 3510 2460 incredulita-

1939 2529 2024 2582 te;
2073 2515 2168 2572 sed
2233 2526 2410 2582 neque
2465 2509 2691 2564 omnino
2743 2519 2839 2560 eos
2890 2507 3177 2558 aversatus
3217 2505 3332 2562 est;
3383 2506 3506 2548 nam

1939 2612 2076 2684 ipsis
2100 2609 2266 2666 etiam
2303 2620 2399 2676 per
2427 2617 2530 2658 nos
2567 2608 2754 2670 aperta
2778 2605 2862 2654 est
2889 2605 3044 2668 porta
3085 2591 3305 2657 salutis,
3337 2589 3384 2645 sl
3409 2605 3511 2643 vo-

1938 2681 2164 2767 luerint,
2181 2708 2234 2755 et
2264 2713 2358 2752 eos
2378 2695 2470 2765 qui
2499 2709 2562 2748 ex
2590 2693 2672 2749 eis
2701 2691 2756 2746 in
2791 2696 3034 2744 nostram
3083 2686 3294 2740 intrant
3323 2681 3515 2735 Eccle-

1940 2799 2076 2854 siam
2103 2809 2226 2850 cum
2244 2791 2443 2860 gaudio
2487 2785 2723 2856 accipit;
2751 2796 2860 2838 non
2882 2780 3030 2836 enim
3078 2777 3422 2834 oﬂenderuut
3455 2783 3517 2828 ut

1941 2893 2159 2951 cadant,
2189 2886 2286 2942 sed
2311 2895 2369 2940 ut
2395 2899 2486 2953 per
2512 2895 2664 2936 suam
2695 2877 2960 2934 offensam
2991 2872 3140 2931 salus
3175 2871 3331 2926 nobis
3361 2868 3517 2939 prius

1942 2981 2240 3043 incredulis
2287 2977 2590 3041 adveniret,
2615 2980 2674 3029 ut
2700 2975 2816 3028 seio
2852 2968 3238 3030 accendantur,
3262 2974 3316 3020 et
3345 2963 3412 3018 ad
3438 2962 3517 3017 si-

1944 3079 2127 3133 milem
2156 3073 2447 3128 trahantur
2465 3067 2722 3130 salutem,
2741 3061 2850 3120 nisi
2875 3059 3070 3118 oculos
3097 3059 3361 3114 habentes
3405 3070 3516 3111 non

278 3147 518 3232 γένηται,
554 3164 634 3227 είς
666 3163 728 3218 τδ
770 3164 1165 3236 παραζηλῶσαι
1206 3164 1408 3226 αὐτοὺς
1449 3163 1543 3216 καὶ
1579 3162 1711 3231 πρὸς
1742 3159 1841 3231 τὴν

1949 3171 2188 3233 videant,
2235 3173 2292 3220 et
2313 3177 2476 3218 aures
2505 3159 2771 3216 habentes
2797 3169 2904 3210 non
2948 3150 3200 3214 audiant,
3229 3164 3298 3204 ne
3331 3147 3520 3202 viden-

278 3259 462 3327 ὁμοίαν
483 3257 888 3326 ἑφελκύσασθαι
916 3259 1214 3328 σωτηρίαν,
1234 3258 1289 3310 εί
1305 3274 1370 3325 γε
1389 3257 1468 3326 μὴ
1489 3257 1614 3319 τοὺς
1637 3254 1843 3323 ὀφθαλ-

283 3354 413 3422 μοὺς
448 3352 666 3414 ἑκόντες
709 3353 928 3420 μύουσι,
969 3351 1165 3406 καὶτὰ
1208 3346 1322 3405 ῶτα
1353 3349 1596 3420 βύουσιν,
1627 3351 1716 3402 ἴνα
1768 3348 1845 3420 μὴ

284 3443 478 3507 ἰδόντες
518 3442 613 3496 καὶ
654 3443 988 3507 ἀκούσαντες
1035 3446 1130 3497 καὶ
1169 3441 1564 3506 πιστεύσαντες
1601 3440 1843 3496 σωθῶσι.

281 3539 389 3592 Καὶ
432 3536 811 3607 παραπλήσιόν
861 3553 916 3589 τι
969 3537 1220 3604 γέγονεν,
1280 3535 1470 3606 ὥσπερ
1520 3535 1587 3589 ἂν
1647 3534 1702 3590 ei
1757 3550 1845 3599 τις

285 3629 474 3695 σκεῦος
519 3631 581 3684 ιν
624 3630 801 3699 ἑαυτῷ
845 3630 1030 3700 πηγὴν
1081 3629 1264 3683 ελαίου
1297 3629 1462 3700 φέρον
1516 3629 1611 3682 επὶ
1643 3631 1849 3701 θάτερα

282 3727 691 3797 παρασκευάσει
719 3723 932 3778 νεύεινο
962 3723 1024 3776 τὸ
1049 3723 1107 3776 δὲ
1135 3723 1354 3792 δαψιλὲς
1382 3722 1446 3776 τὸ
1473 3719 1654 3794 ῥεῦμα
1685 3723 1848 3791 ἀφιὲν

284 3819 342 3872 ού
375 3819 437 3873 τδ
467 3818 604 3888 πρὸς
630 3817 660 3871 ὃ
686 3815 832 3871 νεύει
867 3816 1048 3887 μόνον,
1079 3814 1214 3870 ἀλλὰ
1239 3816 1334 3869 καὶ
1361 3817 1422 3869 τὸ
1447 3817 1640 3886 ἓτερον
1666 3814 1851 3886 πλημ-

290 3911 530 3980 μυρῆσαν
567 3908 902 3963 κατακλύσει
945 3910 1108 3978 μέρος
1133 3921 1147 3940 ⁸
1177 3909 1210 3981 ἡ
1243 3908 1354 3980 γὰρ
1395 3909 1490 3963 ἐπὶ
1531 3908 1623 3964 τοῦ
1676 3925 1848 3979 προσ-

287 4001 517 4076 κννητοῦ
572 4001 820 4072 σώματος
876 4001 1118 4064 ἄϐυσσος
1167 4003 1277 4056 τῶν
1331 4002 1495 4056 θείων
1545 4000 1851 4070 οἰκτιρμῶν

290 4096 378 4149 ἐπὶ
408 4092 480 4148 τὰ
505 4093 635 4164 εθνη
677 4093 936 4159 νεύσασα,
975 4091 1089 4147 οἷον
1133 4093 1241 4146 τῶν
1279 4095 1556 4148 Ἰουδαίων
1601 4095 1852 4164 ὠθησάν-

290 4204 415 4253 των,
447 4187 510 4241 οὐ
548 4186 657 4242 τῶν
686 4185 857 4241 ἐθνῶν
894 4186 1057 4257 μόνον
1081 4187 1211 4250 τοὺς
1253 4186 1676 4252 πιστεύσαντας,
1715 4187 1852 4242 ἀλλά

292 4278 530 4343 καὶτοὺς
558 4279 619 4344 ἐξ
653 4279 926 4332 Ἰουδαίων
972 4278 1435 4347 συμπεριέλαΰεν.
1474 4297 1492 4331 ι
1541 4279 1724 4348 Ἐδόθη
1761 4293 1852 4348 μοι

292 4376 441 4429 πᾶσα
475 4372 692 4442 ἐξουσία
721 4372 779 4426 ὲν
815 4372 1034 4442 οὐρανῷ
1075 4375 1172 4426 καὶ
1213 4371 1307 4424 ἐπὶ
1334 4376 1463 4442 γῆς.
1505 4390 1523 4423 ι
1560 4374 1721 4426 Ἐστι
1756 4372 1852 4425 κλὶ

294 4463 434 4520 κατᾶ
456 4464 519 4517 τδ
547 4463 884 4533 ἀνθρώπινον
912 4467 1104 4535 νοῆσαι
1132 4463 1325 4516 τοῦτο·
1360 4465 1427 4534 ἣν
1458 4465 1566 4536 γὰρ
1596 4467 1853 4531 ἐξουσίαν

1944 3274 2026 3318 tes
2051 3269 2106 3315 et
2150 3256 2441 3314 audientes
2473 3261 2528 3308 et
2571 3250 2863 3306 credentes
2922 3245 3060 3304 salvi
3109 3243 3264 3299 ﬁant.
3290 3239 3518 3296 Factum

1943 3362 2025 3409 est
2054 3351 2277 3423 perinde
2305 3362 2368 3402 ac
2397 3347 2443 3404 si
2477 3347 2567 3416 qui
2599 3357 2695 3397 vas
2732 3342 2787 3395 in
2840 3336 3138 3404 semetipso
3186 3333 3385 3388 fontem
3415 3331 3521 3385 olei

1945 3422 2127 3502 ferens
2153 3443 2222 3499 ad
2249 3440 2382 3496 illud
2403 3453 2570 3509 super
2592 3436 2698 3490 alia
2729 3427 3130 3488 infundendum
3160 3440 3220 3480 se
3247 3422 3520 3492 accingat,

1946 3541 2229 3610 copiosum
2260 3542 2444 3590 autem
2464 3529 2730 3584 ﬂuentum
2759 3523 2884 3579 inde
2911 3519 3142 3577 eﬂusum
3166 3531 3278 3570 non
3306 3521 3518 3567 tantum

1945 3606 2153 3703 partem
2183 3625 2270 3684 cui
2298 3623 2618 3683 instillatur,
2645 3618 2740 3673 sed
2763 3615 2925 3672 etiam
2953 3612 3180 3668 alterum
3211 3606 3524 3663 redundans

1948 3699 2171 3786 abluat;
2200 3735 2328 3775 nam
2359 3718 2589 3788 abyssus
2611 3711 2918 3768 divinarum
2943 3701 3440 3762 misericordiarnm
3469 3699 3524 3752 in

1949 3816 2211 3874 adorabili
2277 3824 2513 3883 corpore
2586 3813 2839 3863 contenta
2911 3803 2966 3856 in
3041 3806 3231 3870 gentes
3299 3793 3524 3856 diffusa,

1947 3909 2151 3967 Judazis
2185 3917 2375 3977 utpote
2410 3899 2835 3970 refragantibus,
2862 3909 2970 3951 non
3026 3900 3236 3945 tantum
3287 3902 3385 3942 eos
3430 3885 3526 3954 qui

1950 4003 2298 4061 crediderunt
2323 4013 2386 4052 ex
2418 3994 2690 4069 gentibus,
2716 3991 2810 4048 sed
2834 3989 2998 4044 etiam
3023 3985 3202 4040 ildeles
3231 3998 3293 4037 ex
3325 3979 3530 4034 Judmis

1951 4090 2385 4163 comprehendit.
2423 4107 2444 4140 ι
2473 4087 2605 4141 Data
2631 4091 2716 4140 est
2765 4079 2898 4136 mihi
2951 4078 3131 4134 omnis
3183 4084 3424 4145 potestas
3473 4073 3531 4125 in

1951 4191 2094 4245 cmlo
2125 4195 2183 4242 et
2207 4187 2260 4241 in
2294 4195 2460 4240 terra.
2499 4199 2518 4234 ι
2544 4177 2670 4234 Haec
2697 4173 2999 4233 secundum
3032 4179 3288 4226 naturam
3333 4168 3531 4220 huma-

1952 4300 2078 4338 nam
2113 4289 2242 4336 sunt
2272 4271 2630 4346 accipienda;
2668 4284 2794 4324 nam
2827 4281 2989 4333 quam
3025 4275 3082 4318 ut
3108 4262 3250 4316 Deus
3282 4260 3352 4314 ab
3371 4268 3536 4313 teter-

1953 4391 2027 4431 no
2082 4379 2404 4443 potestatem
2463 4367 2677 4428 habuit,
2712 4369 2768 4416 et
2820 4361 3074 4412 virtutem
3115 4364 3170 4410 et
3224 4354 3449 4424 gloriam
3479 4359 3536 4404 ct

1958 4467 2233 4522 caelestem
2261 4459 2639 4518 celsitudinem
2669 4463 2724 4510 et
2748 4454 3088 4524 dignitatem,
3122 4462 3269 4502 nunc
3295 4457 3350 4498 ut
3370 4446 3538 4498 homo

293 4555 369 4619 ὡς
399 4557 528 4619 Θεὸς
569 4526 842 4622 ὲξ-ἀῖδίου
887 4526 1023 4627 εἶχεν,
1063 4558 1160 4610 καὶ
1200 4559 1303 4628 τὴν
1355 4526 1584 4628 δύναμιν
1630 4526 1722 4613 καὶ
1754 4558 1841 4628 τὴι

1959 4559 2178 4630 accipit.
2225 4556 2368 4610 Dixit
2401 4569 2550 4622 ergo,
2584 4550 2714 4604 Data
2750 4556 2834 4601 est
2887 4544 3022 4599 mihi
3053 4559 3082 4598 a
3125 4541 3355 4596 mortuis
3389 4537 3534 4593 redi-

295 4647 450 4713 δόξαν
479 4651 572 4702 καὶ
603 4648 664 4703 τὸ
687 4649 1081 4720 ὑπερουράνιον
1118 4649 1250 4718 ὕψος
1279 4651 1375 4704 καὶ
1407 4651 1468 4704 τὸ
1512 4652 1731 4721 ἀξίωμα
1761 4651 1858 4706 νῦν

296 4740 560 4812 λαρισάνει
612 4742 685 4804 ὼς
723 4742 1031 4812 ἄνθρωπος.
1075 4741 1264 4811 Ἐδόθη
1311 4760 1402 4812 μοι
1448 4743 1628 4795 τοίνυν
1676 4747 1740 4798 ἐκ
1768 4761 1858 4797 νε-

300 4833 442 4906 κρῶν
465 4833 784 4901 ἀναστάντι,
811 4836 970 4904 φησι,
997 4835 1152 4888 πᾶσα
1177 4835 1395 4901 ἐξουσία
1419 4837 1478 4889 ὲν
1503 4837 1724 4907 ούρανῴ
1764 4840 1862 4890 καὶ

300 4926 396 4981 tat
416 4925 541 4996 γῆς.
574 4925 690 4980 οὐκ
731 4925 813 4980 ἔτι
855 4925 1131 5005 βασιλεύει
1161 4927 1266 4998 τῆς
1297 4929 1500 4997 σαρκὸς
1531 4932 1558 4981 ό
1584 4929 1818 4994 θάνατος
1844 4947 1860 4964 .

297 5020 358 5072 τδ
383 5017 491 5087 γὰρ
539 5016 734 5089 θνητὸν
764 5015 937 5086 αὐτῆς
979 5018 1084 5072 ὑπὸ
1111 5019 1208 5090 τῆς
1239 5018 1385 5090 ζωῆς
1435 5021 1494 5070 ὲν
1538 5021 1661 5090 ἐμοὶ
1707 5035 1868 5074 κατε-

301 5111 460 5183 πόθη.
491 5112 608 5164 οὐκ
631 5110 717 5165 ἔτι
742 5108 970 5182 τελευτὴ
997 5111 1093 5165 καὶ
1137 5113 1320 5176 τελεία
1349 5111 1503 5182 λῆξις
1530 5115 1557 5166 ὁ
1587 5114 1820 5178 θάνατος
1845 5132 1862 5148 ο

299 5204 332 5273 ἡ
366 5207 476 5273 γὰρ
497 5202 762 5266 ἀθάνατος
793 5202 909 5273 ζωὴ
938 5189 1400 5275 τοῦτον,,ίν”ιμοὶ
1424 5207 1721 5274 διεδέξατο,
1769 5211 1866 5263 καὶ

302 5295 368 5348 δι’
397 5293 533 5365 ἐμοῦ
563 5295 765 5359 πάντες
789 5297 840 5349 οἱ
866 5293 1114 5360 θανόντες
1144 5299 1223 5361 εἰς
1252 5297 1401 5369 ζωὴν
1437 5301 1861 5372 μεταῦήσονται.

303 5391 498 5446 οὐκέτι
535 5389 755 5455 καθέξει
785 5391 857 5446 τὰ
899 5392 1128 5463 σώματα
1161 5395 1272 5448 τῶν
1317 5395 1590 5448 θανόντων
1637 5398 1730 5449 ἐπὶ
1758 5397 1862 5466 γῆς

305 5483 333 5535 ὁ
360 5482 619 5543 θάνατος’
659 5482 769 5551 ἐγὼ
804 5483 914 5554 γὰρ
948 5485 1010 5538 τδ
1053 5488 1284 5557 γηγενὲς
1314 5487 1446 5557 ἐμὸν
1476 5489 1633 5558 σῶμα
1661 5493 1773 5551 τοῖς
1808 5493 1863 5542 tv

306 5575 552 5644 οὐρανοῖς
583 5574 894 5646 ὶνθρονίσω,
925 5578 1021 5631 καὶ
1051 5580 1152 5632 σὺν
1169 5578 1320 5649 αύτῷ
1347 5581 1461 5632 τῶν
1489 5581 1737 5651 οὐρανῶν
1762 5581 1860 5651 βαι

309 5664 536 5723 σιλούων
561 5665 859 5740 ιλιύσομαι
891 5669 1056 5725 πάλιν
1086 5671 1182 5723 καὶ
1218 5670 1392 5744 κρινῶ
1421 5673 1604 5730 πᾶσαν
1631 5675 1732 5746 τὴν
1762 5675 1866 5748 γῆν

276 5869 338 5930 gi
379 5847 426 5884 ⁸⁸
456 5847 648 5904 Matth.
684 5863 870 5914 sum,
919 5848 1003 5903 18.
1081 5852 1123 5884 ’⁸
1166 5850 1295 5904 ibid.

1960 4653 2082 4707 vivo
2105 4650 2288 4705 omnis
2318 4654 2561 4718 potestas
2616 4643 2670 4696 in
2701 4643 2842 4696 caelo
2869 4649 2923 4693 et
2952 4639 3007 4692 in
3042 4647 3207 4692 terra.
3232 4632 3351 4690 Jam
3388 4647 3544 4686 mors

1960 4757 2300 4813 nequaquam
2322 4737 2470 4793 carni
2500 4737 2759 4805 imperat;
2792 4748 2914 4786 nam
2941 4730 3085 4800 quod
3121 4729 3241 4798 ejus
3258 4736 3373 4779 erat
3399 4741 3539 4779 rnor-

1961 4835 2067 4890 tale
2099 4849 2128 4885 a
2160 4836 2267 4886 vita
2317 4829 2371 4883 in
2415 4843 2502 4882 me
2535 4825 2857 4894 absorplum
2913 4823 3037 4876 fuit.
3067 4819 3187 4874 Jam
3229 4833 3377 4873 mors
3429 4833 3535 4870 non

1961 4939 2043 4983 est
2075 4942 2196 4982 sors
2221 4924 2411 4978 ultima
2463 4931 2518 4976 et
2545 4921 2760 4985 ﬂualis;
2797 4913 2946 4972 inam
2983 4917 3127 4972 enim
3156 4915 3209 4970 in
3253 4929 3339 4967 me
3386 4928 3540 4966 rece-

1965 5023 2042 5092 pit
2079 5021 2186 5072 vita
2237 5015 2587 5079 immortalis,
2628 5022 2683 5066 et
2712 5026 2808 5081 per
2862 5024 2950 5064 me
2983 5022 3172 5062 omnes
3230 5004 3430 5060 mortui
3485 5002 3539 5055 in

1965 5115 2129 5168 vitam
2156 5110 2488 5165 transibunt.
2513 5106 2635 5160 Jam
2666 5120 2816 5160 mors
2841 5119 2948 5158 non
2981 5099 3281 5171 possidebit
3319 5100 3371 5152 in
3398 5107 3543 5152 terra

1963 5220 2194 5274 corpora
2240 5209 2748 5268 mortuorum;ch
2807 5195 2953 5250 enim
3016 5203 3290 5248 terrenum
3347 5203 3547 5257 corpus

1967 5315 2146 5355 meum
2188 5299 2239 5351 in
2275 5294 2483 5351 caelesti
2538 5306 2737 5362 ponam
2769 5290 2941 5356 soliof;
2970 5295 3025 5340 et
3079 5300 3202 5339 cum
3244 5298 3309 5336 eo
3350 5295 3546 5351 τερα-ης

1969 5394 2211 5450 ctelestia
2241 5405 2459 5444 rursum
2487 5385 2700 5441 veniam
2719 5395 2770 5438 et
2788 5381 3046 5453 judicabo
3077 5392 3295 5432 omnem
3321 5388 3541 5436 terram,

1973 5501 2031 5541 ut
2065 5502 2156 5540 rex
2194 5481 2466 5548 universi;
2495 5488 2550 5532 et
2588 5479 2786 5547 dignos
2830 5477 3048 5545 quidem
3085 5482 3242 5525 terrae
3279 5469 3330 5521 in
3365 5482 3425 5518 ea
3463 5481 3545 5514 re.

1973 5583 2240 5648 linquam,
2271 5589 2412 5647 quos
2435 5587 2563 5627 vero
2583 5571 2765 5642 justos
2799 5569 3098 5624 invenerim
3129 5578 3250 5617 cum
3282 5562 3397 5616 suis
3424 5573 3547 5612 cor-

1973 5674 2198 5747 poribus
2226 5671 2282 5725 in
2327 5667 2526 5726 cadum
2572 5677 2878 5730 assumant,
2907 5668 2964 5717 et
3009 5673 3233 5730 regnum
3283 5655 3548 5711 ςαιιοιυιιι
