4078 6216
468 336 577 400 479

1742 352 2126 414 GREGORII
2163 357 2490 418 ΡΑιΑΜΑζ

3600 364 3705 429 480

471 454 608 523 ipsis
636 454 963 524 impertiam.
1016 477 1034 509 ι
1076 460 1277 518 Euutes
1306 477 1456 532 ergo,
1483 463 1579 524 ait,
1628 463 1816 522 docete
1846 483 2037 523 omnes

2141 469 2219 534 ὡς
2246 471 2338 525 τοῦ
2385 470 2589 535 παντὸς
2622 470 2899 542 βασιλεύς.
2949 473 3059 529 Καὶ
3089 474 3217 540 τοὺς
3251 474 3351 547 μιν
3390 474 3576 542 ἀξίους
3606 481 3710 547 τῆς

469 553 676 613 gentes,
749 550 1085 617 baptizantes
1152 562 1207 607 et
1274 555 1606 613 instruentes
1675 573 1793 614 eos.
1828 578 1845 610 ι
1883 560 2037 623 Quod

468 638 632 690 etiam
666 640 897 706 pertinet
931 645 997 727 ad
1028 655 1306 714 acceptam
1333 646 1455 716 ejus
1502 659 1860 718 potestatem;
1912 668 2038 707 nam

465 742 574 780 non
606 730 744 783 dixit
773 732 1136 798 solummodo,
1170 735 1522 800 instruentes,
1561 741 1653 796 sed
1701 741 1889 806 etiam,
1942 741 2040 795 do-

466 826 652 871 centes
705 816 896 876 omnes
937 834 1146 893 gentes.
1180 823 1314 880 Illud
1351 828 1570 897 quidem
1632 830 1702 885 ad
1761 834 2040 902 apostolos

464 911 749 980 Spectabat
783 913 897 989 qui
959 916 1316 986 adimplerent
1380 922 1699 976 mandatum
1744 924 1910 992 illius,
1942 926 2038 981 sed

464 1000 768 1072 discipulos
811 1007 1070 1076 consequi
1124 1017 1180 1063 et
1234 1010 1514 1081 baptizare
1582 1029 1773 1071 omnes
1827 1019 1922 1086 qui
1969 1035 2036 1074 ex

467 1098 612 1149 omni
644 1107 805 1167 gente
838 1109 890 1153 et
919 1101 1122 1170 populo
1180 1105 1461 1159 turmatim
1521 1111 1902 1175 convenerint,
1933 1112 2040 1168 hoc

465 1204 574 1241 non
614 1200 699 1244 est
735 1201 942 1247 tantum
1000 1196 1530 1265 instruentintn,sed
1559 1211 1614 1254 et
1672 1201 2038 1271 audientium,

467 1285 648 1348 potius
693 1300 819 1339 vero
852 1286 1050 1342 divinae
1082 1291 1270 1359 gratia:
1314 1302 1370 1346 et
1425 1294 1647 1348 virtutis
1699 1297 2039 1356 auxiliantia.

466 1374 622 1441 Quod
673 1381 969 1436 ostendens
1018 1383 1176 1439 divus
1222 1386 1426 1442 Paulus
1457 1388 1669 1442 dicebat
1697 1405 1712 1445 :
1750 1408 1769 1440 ι
1797 1391 1926 1445 Data
1957 1400 2038 1445 est

467 1471 599 1522 milii
623 1474 790 1538 gratia
810 1472 922 1529 hate
939 1475 990 1528 in
1010 1476 1263 1532 oumihus
1281 1478 1534 1548 gentibus
1548 1482 1924 1553 evangelizare
1941 1483 1980 1538 ί.
2009 1504 2028 1537 ι

470 1580 490 1610 ε
517 1561 865 1622 Baptizantes
889 1583 984 1622 eos
1006 1570 1057 1621 in
1090 1570 1310 1624 nomine
1341 1570 1519 1627 Patris
1549 1583 1600 1628 et
1634 1573 1758 1629 Filii
1785 1586 1838 1629 et
1867 1575 2036 1645 Spiri-

2141 563 2246 631 γῆς
2281 563 2338 616 ἓν
2369 563 2507 636 αὐτῇ
2538 565 2851 634 καταλείψω
2872 581 2889 600 ο
2915 566 3043 631 τοὺς
3069 567 3126 626 δὲ
3153 568 3540 629 δικαιωθέντας
3569 574 3713 640 μετὰ

2140 656 2251 710 τῶν
2297 657 2514 710 οίκείων
2565 657 2837 728 σωμάτων
2891 661 2971 723 εἰς
3027 661 3295 732 οὐρανοὺς
3337 662 3729 734 ἀναλήψομαιμ

2141 752 2233 801 καὶ
2264 749 2363 821 τὴν
2407 750 2514 802 τῶν
2541 751 2790 822 οὐρανῶν
2821 751 3108 820 βασιλείαν
3151 755 3338 815 αὐτοῖς
3385 755 3711 825 χαρίσομαι.

2143 841 2511 911 Πορευθέντες
2563 844 2690 906 νῦν,
2741 846 2914 916 φησὶ,
2978 845 3356 915 μαθητεύσατε
3409 847 3582 902 πάντα
3641 845 3713 902 τὰ

2139 933 2294 1006 ἔθνη,
2317 935 2673 1005 βαπτίζοντες
2698 939 2792 992 καὶ
2819 937 3160 1001 διδάσκοντες
3175 940 3368 1004 αὐτούς
3394 955 3410 970 ·
3437 940 3528 994 καὶ
3551 939 3714 994 τοῦτο

2139 1025 2238 1098 τῆς
2274 1025 2520 1091 δξουσίας
2551 1026 2618 1098 ἢν
2669 1025 2864 1080 ῑλαδεν
2887 1043 2903 1059 ·
2941 1028 3002 1081 οὗ
3047 1027 3155 1096 γὰρ
3199 1024 3322 1081 εἷπε
3371 1046 3387 1074 ι
3423 1025 3711 1081 διδάσκον-

2137 1135 2230 1182 τες
2270 1138 2290 1172 a
2337 1119 2521 1190 μόνον,
2573 1120 2711 1174 ἀλλὰ
2760 1121 2857 1173 καὶ
2906 1138 2927 1173 ι
2966 1120 3348 1190 μαθητεύσατε
3413 1111 3592 1174 πάντα
3642 1119 3716 1172 τὰ

2139 1208 2291 1277 ἔθνη.
2329 1227 2352 1263 ι
2382 1212 2456 1264 Τὸ
2502 1212 2600 1276 μὲν
2628 1212 2907 1266 διδάσκειν
2950 1213 3110 1283 μόνον
3141 1214 3250 1265 τῶν
3300 1211 3614 1267 ἀποστόλων
3641 1207 3714 1282 ἦν

2137 1303 2438 1357 τελούντων
2483 1305 2545 1357 τὸ
2581 1307 2911 1376 πρόσταγμα
2938 1321 2953 1335 ο
2989 1305 3049 1359 τὸ
3075 1306 3132 1359 δὲ
3163 1306 3261 1359 καὶ
3304 1305 3552 1374 μαθητὰς
3580 1308 3715 1358 κτᾶ-

2139 1396 2266 1449 σθαι
2297 1396 2393 1448 καὶ
2432 1395 2740 1465 βαπτίζειν,
2775 1397 2871 1450 καὶ
2909 1397 3081 1452 ταῦτα
3107 1403 3171 1452 ἐκ
3203 1400 3403 1461 παντὸς
3430 1398 3614 1460 ἔθνους
3651 1413 3712 1449 τε

2139 1489 2232 1542 καὶ
2259 1489 2450 1558 γένους
2481 1489 2625 1542 κατὰ
2651 1489 2832 1562 πλήθη
2858 1489 3367 1561 συμφορουμένους,
3391 1489 3579 1542 οὐκέτι
3601 1489 3714 1542 τῶν

2136 1579 2500 1636 διδασκόντων
2526 1577 2596 1652 ἦν
2644 1581 2829 1650 μόνον,
2860 1582 2998 1638 ἀλλὰ
3038 1583 3132 1635 καὶ
3163 1582 3271 1634 τῶν
3305 1579 3713 1645 ὑπακουόντων,

465 1663 555 1709 tus
580 1657 774 1710 sancti.
813 1677 833 1710 ι
872 1658 1057 1714 Viden'
1088 1664 1335 1717 eattidem
1374 1675 1622 1720 naturam
1681 1669 2037 1740 eamdemque

2140 1671 2350 1740 μᾶλλον
2398 1672 2455 1726 δὲ
2511 1673 2612 1742 τῆς
2652 1673 2806 1737 θείας
2859 1673 3083 1745 χάριτος
3129 1673 3222 1727 καὶ
3279 1672 3564 1740 δυνάμεως
3615 1669 3712 1723 τοῦ

463 1745 784 1814 dignitatem
826 1751 984 1803 trium
1035 1755 1398 1810 adorabilium
1447 1773 1804 1826 personarum
1857 1762 2034 1832 palam

2139 1764 2548 1832 προστάξαντος
2567 1781 2584 1799 ο
2606 1765 2634 1819 δ
2663 1766 2843 1836 δηλῶν
2872 1769 2969 1820 καὶ
2998 1764 3026 1816 ό
3055 1766 3199 1826 θεῖος
3235 1763 3447 1826 Παῦλος
3480 1763 3669 1831 ἔλεγεν
3692 1776 3712 1794 ο

461 1839 1012 1907 prmtlicatamiNam
1054 1860 1220 1900 unum
1259 1865 1457 1904 nomen
1497 1851 1683 1916 trium,
1710 1867 1816 1907 una
1857 1870 1919 1910 ex
1956 1856 2037 1910 eis

2151 1820 2337 1928 ’ἐδόθη
2367 1820 2462 1927 μοι
2501 1820 2662 1929 χνάρις
2705 1820 2784 1923 είς
2811 1861 3057 1929 ὑπακοὴν
3096 1862 3155 1912 ὲν
3180 1820 3331 1912 Τπᾶσι
3362 1820 3474 1920 rei;
3510 1820 3714 1910 ἔθνεσι.

463 1930 845 1996 sanctiﬁcatio,
887 1949 992 1988 una
1031 1936 1082 1989 in
1119 1951 1211 1991 eas
1245 1939 1398 1995 ﬁdes.

2141 1948 2510 2015 Βαπτίζοντες
2559 1953 2781 2017 αὐτοὺς,
2814 1955 2895 2016 είς
2922 1952 2984 2005 τὸ
3029 1954 3199 2024 ὄνομα
3226 1949 3320 2004 τοῦ
3369 1949 3583 2017 Πατρδς
3619 1949 3736 2004 καὶ

462 2026 556 2077 τοῦ
588 2027 716 2080 Υίοῦ
740 2032 952 2086 καὶτοῦ
985 2034 1144 2102 ἁγίου
1171 2037 1508 2107 Πνεύματος.
1544 2040 1743 2111 Ὁρᾶτε
1773 2040 1872 2114 τὴν
1934 2045 2212 2114 συμφυίαν
2263 2050 2354 2102 καὶ
2411 2051 2512 2121 τὴν
2590 2052 2880 2121 δμοτιμίαν
2952 2051 3061 2105 τῶν
3107 2049 3274 2120 τριῶν
3322 2045 3717 2120 προσκυνητῶν

464 2128 773 2195 προσώπων
809 2131 1091 2202 παρρησίᾳ
1133 2137 1585 2208 κηρυττομὲνην;
1635 2139 1734 2194 Ἐν
1767 2141 1877 2212 γὰρ
1939 2141 2112 2213 ὄνομα
2146 2145 2256 2199 τῶν
2290 2147 2459 2217 τριῶν
2480 2163 2496 2178 ·
2533 2143 2612 2212 εἷς
2641 2149 2669 2201 ό
2699 2149 2762 2201 ὲκ
2795 2147 3003 2203 τούτων
3039 2144 3307 2218 ἁγιασμός
3331 2159 3348 2178 ⁹
3380 2147 3479 2217 μία
3518 2143 3716 2219 ήπρδς

465 2225 638 2280 ταῦτα
664 2228 871 2292 πίστις.

537 2317 751 2385 Saepius
781 2335 907 2375 vero
939 2322 1006 2377 de
1057 2325 1177 2381 istis
1214 2325 1420 2381 dictum
1454 2338 1572 2385 erat
1601 2330 1655 2385 in
1700 2331 1996 2403 Evangelia
2024 2369 2042 2398 ,

466 2411 563 2466 sed
596 2412 914 2472 obscurius.
937 2414 1220 2486 Baptizan
1259 2421 1512 2486 Domino,
1540 2439 1896 2494 personarum
1923 2426 2047 2483 Tri-

469 2502 610 2558 nitas
641 2515 826 2573 aperte
868 2509 1089 2577 quidem
1129 2522 1428 2568 monstrata
1476 2515 1596 2584 fuit,
1646 2535 1752 2574 non
1794 2521 1869 2576 ita
1914 2537 2042 2577 vero

467 2595 647 2649 unitas
680 2607 889 2654 natura:
911 2611 964 2654 et
990 2603 1299 2673 dignitatis.
1351 2608 1509 2664 Nunc
1541 2621 1722 2666 autem
1752 2612 2042 2682 praedicari

462 2697 516 2741 et
567 2690 619 2741 in
666 2692 832 2747 corde
879 2695 1217 2752 credentium
1271 2699 1340 2752 ab
1381 2700 1541 2758 initio
1574 2705 1768 2773 reponi
1813 2707 2038 2760 mandat

466 2774 750 2843 Dominus,
802 2783 872 2836 ita
923 2795 981 2837 ut
1019 2786 1133 2839 sine
1171 2787 1272 2842 hac
1309 2791 1538 2847 veritate
1578 2802 1633 2848 et
1675 2794 1780 2850 ﬁde
1815 2795 1872 2849 in
1915 2812 2033 2851 eam

466 2883 739 2938 nequeant
772 2879 994 2931 omnino
1023 2881 1344 2954 principium
1386 2886 1604 2956 pietatis
1638 2887 1888 2945 fundare.
1926 2890 2035 2944 Sed

465 2979 572 3018 non
606 2967 949 3024 solummodo
977 2972 1114 3027 dixit
1141 2989 1155 3026 :
1190 2995 1207 3024 ι
1239 2974 1582 3045 Baptizantcs
1607 2994 1724 3044 eos,
1759 2999 1775 3031 ι
1813 2981 1905 3036 sed
1939 2993 1992 3037 et
2020 2999 2034 3036 :

471 3073 493 3106 ι
527 3055 788 3113 Docentes
825 3076 1043 3115 servare
1072 3066 1255 3118 omnia
1282 3081 1619 3139 quaecunque
1657 3073 1910 3126 mandavi
1942 3089 2036 3126 vo-

463 3146 585 3213 bis;
619 3168 637 3200 ι
675 3151 815 3204 unde
849 3169 956 3207 non
993 3157 1192 3211 sullicit
1220 3160 1396 3213 solum
1448 3160 1719 3231 baptisma
1764 3173 1825 3216 ut
1856 3164 2029 3217 homi-

463 3252 588 3292 nem
615 3238 781 3296 faciat
810 3241 1087 3315 Evangelii
1119 3250 1473 3320 discipulum,
1506 3252 1599 3307 sed
1631 3263 1844 3323 oportet
1867 3257 2033 3311 etiam

465 3339 524 3382 ut
553 3341 842 3388 serventur
860 3337 1040 3389 divina
1067 3341 1424 3406 mandata,‘et
1451 3343 1564 3398 haec
1584 3345 1806 3414 quidem
1831 3348 2036 3402 omnia.

465 3423 630 3479 Recte
661 3426 823 3494 igitur
845 3426 1082 3486 Iacobus
1110 3431 1276 3485 frater
1307 3431 1520 3487 Domini
1564 3435 1786 3507 scripsit
1815 3439 2035 3492 dicens:

471 3538 489 3569 ι
523 3518 848 3592 Quicunque
881 3532 1049 3578 totam
1098 3525 1272 3595 legem
1310 3529 1627 3594 servaverit,
1654 3530 1894 3586 oﬂ‘endat
1941 3549 2041 3585 au-

464 3622 574 3668 tem
603 3615 656 3668 in
688 3632 816 3682 uno,
847 3614 1021 3672 factus
1049 3627 1134 3672 est
1160 3622 1405 3673 omnium
1455 3637 1578 3676 reus
1606 3622 1646 3672 ’.
1703 3641 1719 3672 ι
1772 3616 1902 3675 Nam
1939 3623 2036 3692 qui

463 3705 756 3775 cujuslibet
792 3711 995 3780 peccati
1023 3727 1149 3766 reus
1176 3712 1352 3767 fartus
1387 3714 1572 3777 fuerit,
1606 3723 1659 3768 et
1689 3729 2034 3784 nequaquam

463 3810 814 3876 semetipsum
872 3823 968 3877 per
1018 3807 1393 3876 paenitentiam
1443 3824 1472 3861 a
1529 3808 1788 3875 barathro
1832 3810 2036 3878 peccati

460 3903 708 3967 eruerit,
740 3913 1113 3971 transgressor
1143 3901 1203 3954 lit
1242 3902 1509 3954 universa:
1544 3901 1677 3971 legis
1707 3902 1913 3970 gratiae.
1946 3902 2039 3956 Sic

464 4010 614 4063 ergo,
656 3995 851 4062 inquit,
883 3994 1197 4060 loquimini.
1225 3993 1304 4047 sic
1346 3995 1528 4056 facile,
1572 4005 1826 4064 tauquam
1855 4011 1882 4048 a
1923 4000 2037 4067 lege

463 4088 732 4142 libertatls
758 4086 1068 4156 judicandi;
1102 4102 1225 4140 nam
1256 4085 1566 4142 leX'Clll‘iSli
1597 4087 1679 4140 lex
1709 4100 1791 4141 est
1821 4090 2038 4143 liberta-

466 4181 572 4246 tis;
609 4180 808 4249 quippe
834 4197 933 4234 nos
957 4180 1206 4234 liberavit
1235 4195 1332 4249 per
1367 4179 1614 4233 divinum
1648 4180 1977 4248 baptismum
2004 4197 2033 4232 a

466 4274 584 4342 lege
619 4273 822 4342 peccati
853 4282 906 4326 et
936 4274 1150 4326 mortis.
1180 4271 1352 4340 igitur
1387 4271 1492 4326 nisi
1529 4272 1848 4328 Studeamus
1877 4275 2036 4330 nobis

469 4381 645 4437 usque
668 4368 734 4422 ad
765 4367 923 4420 linem
955 4366 1230 4421 custodire
1256 4366 1559 4420 libertatem
1597 4380 1694 4433 per
1720 4380 1885 4433 opera
1915 4381 2036 4420 ver-

466 4460 645 4529 baque
672 4456 1168 4527 irreprebensibilia
1197 4497 1213 4521 ,
1247 4457 1331 4510 vel
1366 4457 1469 4511 nisi
1503 4455 1762 4512 amissam
1788 4473 1883 4525 per
1918 4472 2034 4526 pm-

2209 2334 2372 2406 214
2392 2335 2624 2405 Εἴρηται
2653 2333 2711 2388 δὲ
2751 2332 3014 2396 πολλάκις
3042 2332 3100 2384 ὲν
3122 2328 3200 2399 τῷ
3235 2326 3554 2398 Εὔαγγελίῳ
3580 2328 3718 2395 περὶ

2138 2427 2367 2489 τούτων,
2401 2427 2537 2480 ἀλλὰ
2579 2426 2974 2496 ἀμυδρότερον.
3006 2425 3114 2478 Καὶ
3159 2421 3255 2477 τοῦ
3290 2420 3498 2490 Κυρίου
3521 2420 3578 2474 δὲ
3607 2418 3715 2488 βα-

2142 2519 2491 2589 πτιζομένου,
2523 2519 2585 2571 τὸ
2629 2519 2729 2588 μὲν
2765 2518 3200 2588 τρισυπόστατον
3231 2512 3442 2585 τρανῶς
3468 2509 3711 2580 ιδείχθη,

2138 2613 2202 2666 τὸ
2233 2613 2288 2666 δὲ
2320 2613 2565 2682 συμφυὲς
2597 2610 2804 2664 τούτων
2850 2611 2948 2664 καὶ
2987 2609 3249 2678 ὁμότιμον
3284 2607 3383 2676 οὐχ
3415 2605 3588 2658 οὔτιν’
3614 2602 3713 2657 νῦν

2144 2705 2199 2759 δὲ
2229 2707 2361 2759 πᾶσι
2398 2703 2768 2776 κηρύττεσθαι
2815 2703 2911 2757 καλ.
2938 2705 3003 2774 τῇ
3046 2701 3241 2772 καρδίᾳ
3281 2701 3393 2753 τῶν
3428 2698 3717 2753 πιστευόν-

2143 2815 2251 2850 των
2286 2796 2345 2862 ὲξ
2375 2794 2552 2866 ἀρχῆς
2581 2793 2998 2848 ὲναποτίθεσθαι
3030 2790 3401 2863 παραγγέλλει
3426 2792 3454 2844 ὀ
3483 2789 3710 2860 Κύριος.

2143 2888 2220 2950 ὡς
2258 2887 2360 2939 οὐκ
2388 2887 2506 2939 ὲνδν
2541 2885 2664 2956 δίχα
2686 2885 2778 2939 τοῦ
2807 2885 3078 2953 δόγματος
3116 2882 3304 2936 τούτου
3338 2882 3432 2934 καὶ
3462 2881 3558 2949 τῆς
3587 2876 3715 2934 κατ’

2143 2985 2278 3038 αὐτὸ
2307 2985 2542 3044 πίστεως
2567 2985 2742 3054 ἀρχὴν
2769 2983 2904 3048 ὅλως
2934 2981 3238 3042 θεοσεεείας
3275 2975 3710 3031 καταϐαλέσθαι.

2143 3078 2216 3129 Οὐ
2249 3077 2602 3147 βαπτίζοντες
2641 3075 2697 3128 δὲ
2729 3076 2909 3146 μόνον,
2940 3075 3077 3128 ἀλλὰ
3105 3074 3196 3126 καὶ
3226 3072 3574 3133 διδάσκοντες
3605 3086 3711 3137 τηε

2145 3174 2257 3241 ρείν
2293 3172 2468 3227 πάντα
2487 3171 2596 3224 ’ὅσα
2636 3168 2992 3239 ἐνετειλάμην
3030 3168 3196 3236 ὑμῖν·
3228 3164 3372 3218 ῶστε
3416 3163 3516 3216 οὐκ
3545 3162 3710 3230 ἀρκεῖ

2137 3266 2198 3318 τὸ
2233 3263 2517 3334 βάπτισμα
2536 3263 2696 3331 μόνον
2725 3259 2972 3331 μαθητὴν
3004 3257 3230 3328 ποιῆσαι
3253 3254 3349 3309 τοῦ
3378 3252 3709 3321 Εὒαγγελίου

2135 3357 2230 3410 τὸν
2259 3357 2569 3426 ἄνθρωπον,
2597 3353 2734 3408 ἀλλὰ
2761 3352 2846 3405 δεῖ
2878 3352 2972 3404 καὶ⁸
3015 3351 3117 3422 τῆς
3159 3349 3266 3402 τῶν
3298 3347 3458 3400 θείων
3478 3347 3708 3399 ἐντολῶν

2137 3451 2441 3520 τηρήσεως,
2498 3449 2595 3501 καὶ
2651 3446 2860 3499 τούτοιν
2917 3443 3147 3496 πασῶν·
3203 3439 3548 3500 διδάσκοντες
3595 3435 3708 3505 γὰρ

2137 3544 2325 3610 τηρεῖν
2377 3541 2597 3601 αὐτοὺς,
2649 3538 2836 3607 φησὶν,
2893 3535 2952 3587 οὐ
3000 3535 3164 3594 τινὰ,
3217 3531 3355 3584 ἀλλὰ
3403 3529 3577 3582 πάντα
3605 3527 3708 3580 ὅσα

2139 3634 2492 3702 ἐνετειλάμην
2542 3633 2696 3699 ὑμῖν.
2730 3628 2925 3690 Καλῶς
2971 3628 3081 3697 ἄρα
3122 3622 3378 3685 Ἰάκωϐος
3417 3623 3445 3675 ὁ
3486 3619 3712 3688 ἀδελφό-

2138 3727 2258 3789 θεος
2285 3711 2513 3793 ἔγραψε,
2535 3724 2709 3791 λέγων
2732 3739 2749 3755 ο
2783 3741 2802 3772 ι
2840 3721 3028 3782 Ὅστις
3056 3718 3178 3771 ὅλον
3212 3715 3304 3769 τὸν
3333 3714 3497 3785 νόμον
3529 3713 3709 3782 τηρὴ-

2140 3834 2243 3881 σει,
2287 3818 2503 3870 πταίσει
2532 3815 2587 3868 δὲ
2634 3817 2691 3867 ὲν
2721 3814 2821 3879 ἑνὶ,
2851 3813 3043 3880 γέγονε
3080 3810 3298 3863 πάντων
3343 3808 3554 3878 ἔνοχος’
3589 3823 3608 3856 a
3637 3803 3710 3856 δι⁹

2136 3912 2371 3979 ἑκάστης
2405 3910 2513 3978 γὰρ
2538 3906 2814 3978 ἁμαρτίας
2845 3907 2872 3958 ὁ
2907 3902 3224 3973 περιπεσὼν
3250 3899 3348 3955 καὶ
3380 3898 3459 3970 μὴ
3483 3896 3574 3951 διὰ
3603 3896 3705 3965 τῆς

2141 4005 2427 4072 μετανοίας
2467 4003 2574 4054 ἀπὸ
2626 3998 2719 4052 τοῦ
2755 3997 3034 4069 βαράθρου
3071 3995 3171 4064 τῆς
3197 3992 3474 4064 ἁμαρτίας
3512 3989 3707 4044 ἑαυτὸν

2136 4093 2420 4149 ἀναλαϐὼν
2465 4091 2784 4161 παραϐάτης
2800 4089 3009 4156 γίνεται
3022 4085 3117 4139 τοῦ
3146 4085 3314 4154 νόμου
3331 4083 3430 4152 τῆς
3456 4083 3702 4152 χάριτος.

2135 4187 2320 4249 Οὕτως
2344 4182 2460 4248 οὖν,
2488 4185 2640 4254 φησὶ,
2660 4182 2896 4244 λαλεῖτε,
2923 4179 3021 4233 καὶ
3051 4176 3196 4232 οὕτω
3220 4177 3449 4239 ποιεῖτε,
3479 4173 3555 4235 ὡς
3599 4169 3708 4224 ὑπὸ

2136 4279 2302 4348 νόμου
2347 4275 2660 4346 ἐλευθερίας
2703 4272 2988 4350 μέλλοντες
3037 4268 3356 4338 κρίνεσθαι·
3386 4267 3416 4319 δ
3445 4266 3553 4335 γὰρ
3607 4262 3706 4317 τοῦ

2133 4365 2374 4438 Χριστοῦ
2435 4365 2595 4435 νόμος
2652 4362 2812 4433 νόμος
2863 4358 3176 4427 ἐλευθερίας
3235 4358 3427 4409 εστίν·
3482 4353 3708 4425 ἠλευθέ-

2140 4474 2279 4529 ρωσε
2311 4460 2420 4526 γὰρ
2447 4458 2592 4527 ἡμᾶς
2626 4455 2714 4508 διὰ
2742 4452 2842 4507 τοῦ
2884 4451 3028 4504 θείου
3068 4449 3444 4517 βαπτίσματος
3473 4447 3582 4499 ἀπὸ
3609 4443 3705 4497 τοῦ

470 4552 753 4606 nitentiam
788 4564 1193 4618 recuperemns,
1243 4550 1312 4604 ab
1363 4564 1426 4603 ea
1480 4564 1600 4619 quae
1635 4565 1737 4604 nos
1787 4549 2036 4604 liberavit

2141 4553 2306 4622 νόμου
2333 4551 2432 4617 τῆς
2482 4547 2759 4618 ἁμαρτίας
2808 4544 3026 4599 καὶτοῦ
3083 4541 3340 4596 θανάτου.
3371 4541 3469 4591 “Av
3523 4536 3707 4589 τοίνυν

467 4647 586 4716 lege.
614 4643 1023 4704 damnabimur,
1050 4641 1309 4712 quoniam
1354 4657 1460 4696 non
1508 4641 1915 4698 servaverimus
1945 4644 2040 4696 da-

469 4751 578 4794 tam
615 4738 775 4793 nobis
811 4739 1138 4791 libertatem.
1184 4737 1306 4790 ldeo
1339 4737 1498 4790 divus
1524 4733 1724 4790 Paulus
1753 4738 1816 4789 de
1842 4748 2043 4790 semct-

471 4833 589 4902 ipso
624 4831 800 4885 dixit:
832 4850 850 4881 ι
889 4830 977 4884 Sic
1005 4845 1185 4890 curm,
1215 4844 1318 4880 non
1349 4828 1505 4896 quasi
1545 4827 1596 4880 in
1633 4828 1895 4881 incertum
1921 4826 2043 4901 ;‘sic

470 4938 668 4994 pugno,
715 4919 822 4975 ti’on
858 4922 1011 4985 quasi
1063 4935 1240 4972 aerem
1293 4920 1617 4980 verberans;
1672 4917 1766 4972 sed
1829 4917 2040 4988 castigo

470 5031 670 5086 corpus
701 5031 881 5069 meum
906 5026 958 5067 et
986 5014 1038 5065 in
1066 5015 1384 5067 servitutem
1420 5014 1619 5080 redigo.
1647 5028 1712 5064 ne
1744 5023 2032 5080 postquam

471 5110 592 5165 aliis
621 5107 1052 5179 prmdicaverim,
1088 5107 1199 5173 ipse
1241 5106 1502 5172 reprobus
1532 5105 1732 5158 eﬂieiar
1759 5107 1830 5158 ’.i
1867 5102 2033 5158 Nobis

470 5212 652 5256 autem
679 5201 744 5254 ad
773 5214 954 5268 parem
990 5199 1164 5249 zelum
1197 5198 1446 5249 excitans
1478 5210 1493 5248 :
1527 5195 1809 5258 «Nescitis,
1837 5197 2030 5262 inquit,

468 5293 725 5363 quoniam
751 5292 843 5360 qui
881 5293 934 5343 in
959 5289 1138 5344 stadio
1166 5299 1412 5352 currunt,
1445 5304 1634 5342 omnes
1659 5287 1873 5356 quidem
1908 5303 2035 5340 cur-

467 5400 618 5454 runt,
654 5385 747 5442 sed
794 5400 900 5437 non
944 5397 1133 5437 omnes
1175 5383 1448 5451 accipiunt
1493 5382 1741 5435 bravium
1773 5385 1813 5432 ⁵.
1851 5399 1866 5431 ι
1906 5381 2037 5445 Quae

470 5497 577 5536 non
617 5479 752 5534 dixit
779 5476 932 5546 quasi
959 5490 1102 5530 unus
1135 5483 1340 5526 tantum
1369 5473 1616 5526 bravium
1667 5473 1863 5526 salutis
1893 5472 2036 5524 acci-

469 5583 642 5643 peret,
674 5573 770 5627 sed
809 5570 1072 5638 quoniam
1104 5568 1180 5622 illi
1210 5568 1304 5637 qui
1331 5567 1625 5620 admodum
1653 5565 1874 5620 student
1903 5564 2033 5618 illud

471 5664 788 5734 accipiunt,
819 5665 933 5717 sive
964 5677 1105 5717 unus
1132 5661 1232 5724 sit,
1259 5661 1372 5713 sive
1404 5659 1510 5712 sint
1543 5658 1746 5728 plures.
1776 5654 1907 5709 Nam
1942 5656 2058 5710 ne-'

550 5838 566 5867 ‘
602 5837 801 5905 Eplics.
834 5853 920 5902 ιιι,
957 5836 1010 5891 8.
1121 5839 1140 5868 ⁸
1165 5835 1282 5892 Iac.
1318 5850 1376 5902 tt,
1412 5835 1495 5890 l0.
1575 5835 1594 5866 ’
1626 5831 1642 5885 Ι
1673 5831 1802 5887 Cor.
1833 5848 1906 5894 tv,
1932 5829 2024 5886 26.

2141 4644 2217 4717 μὴ
2241 4644 2570 4709 σπεύσωμεν
2589 4639 2699 4702 ἕως
2722 4636 2907 4701 τέλους
2933 4636 3146 4698 ἑαυτοῖς
3169 4632 3402 4702 φυλάξαι
3427 4632 3528 4703 τὴν
3554 4630 3710 4684 ἔλευ-

2140 4737 2326 4806 θερίαν
2351 4733 2418 4788 δι’
2450 4734 2627 4805 ἔργων
2655 4749 2716 4784 τε
2768 4730 2860 4784 καὶ
2889 4729 3065 4797 λόγων
3112 4726 3485 4794 ἀνεγκλήτων,
3520 4723 3552 4792 ἢ
3589 4721 3711 4774 δια-

2137 4828 2414 4883 πεσοῦσαν
2445 4824 2966 4882 ἐπανακαλέσασθαι
3011 4822 3100 4875 διὰ
3137 4821 3235 4888 τῆς
3271 4817 3583 4889 μετανοίας,
3614 4817 3707 4868 ὑπ’

2139 4918 2303 4972 αὑτοῦ
2326 4920 2418 4972 τοῦ
2449 4914 2920 4986 ἐλευθερώσαντος
2953 4913 3120 4981 νόμου
3160 4905 3720 4979 κατακριθησόμεθα,

2143 5011 2219 5073 ὡς
2263 5012 2335 5080 μὴ
2366 5009 2707 5079 τηρήσαντες
2732 5006 2832 5076 τὴν
2862 5005 3153 5073 δεδομένην
3186 5003 3320 5072 ἡμῖν
3366 4998 3706 5068 ἐλευθερίαν.

2141 5105 2231 5155 Διὸ
2262 5101 2470 5165 Παῦλος
2495 5103 2522 5153 ὁ
2552 5101 2691 5163 θεῖος
2728 5099 2856 5169 περὶ
2887 5099 2982 5168 μὲν
3017 5096 3208 5150 ἑαυτοῦ
3249 5111 3415 5164 φησιν
3439 5110 3456 5127 ο
3494 5111 3516 5141 ο
3553 5092 3712 5146 Οὕτω

2140 5198 2338 5265 τρέχω,
2388 5194 2461 5256 ὠς
2514 5194 2614 5244 οὐκ
2673 5191 2920 5260 ἀδήλωςο
2963 5188 3106 5242 οὕτω
3154 5188 3431 5250 πυκτεύω,
3483 5185 3556 5247 ὡς
3609 5185 3712 5237 οὐκ

2138 5290 2277 5355 ἀέρα
2307 5288 2509 5356 δέρων⁸
2538 5284 2656 5339 ἀλλ’
2704 5282 3010 5347 ὑπωπιάζω
3049 5300 3150 5352 μου
3177 5281 3240 5334 τὸ
3278 5279 3438 5349 σῶμα
3476 5279 3714 5331 καὶδου-

2139 5376 2393 5444 λαγωγῶ,
2453 5377 2651 5446 μήπως
2697 5375 2880 5436 ἄλλοις
2923 5372 3190 5443 κηρύξας,
3228 5370 3391 5433 αὐτὸς
3447 5370 3716 5439 ἀδόκιμος

2141 5469 2410 5538 γένωμαι.
2456 5488 2473 5520 ι
2511 5468 2651 5539 Πρὸς
2705 5469 2853 5538 ἡμᾶς
2883 5466 2961 5529 δὲ,
3002 5465 3140 5535 πρὸς
3170 5463 3261 5517 τὸν
3303 5465 3488 5533 ὅμοιον
3516 5462 3717 5530 διεγεί-

2154 5579 2262 5631 ρων
2298 5561 2484 5630 ζῆλον,
2523 5579 2542 5612 ι
2589 5560 2701 5614 Οὐκ
2740 5560 2942 5620 οἴδατε,
2989 5556 3178 5627 φησιν,
3207 5556 3291 5609 ’ὁτι
3325 5557 3376 5608 oi
3407 5557 3464 5608 ὲν
3513 5553 3715 5622 σταδίῳ

2143 5657 2431 5726 τρέχοντες
2474 5654 2674 5717 πάντες
2726 5653 2824 5722 μὲν
2872 5651 3179 5723 τρέχουσιν,
3226 5642 3308 5716 εἷς
3353 5649 3415 5705 δὲ,
3447 5647 3715 5714 λαμϐάνει

2145 5829 2320 5886 lCor.
2364 5845 2443 5895 lli,
2467 5829 2561 5887 23.
