4078 6216
275 180 367 244 $81

1521 179 1856 241 HOMILIA
1899 180 2236 240 XXXVIII.

3407 174 3513 239 482

280 295 333 343 τὸ
370 289 663 359 βραϐεῖονς
701 307 720 340 ι
753 289 867 343 Οὐχ
915 284 1035 342 εἷπε
1083 288 1141 342 δέ
1188 287 1368 354 τοῦτο,
1420 289 1495 352 ὡς
1539 290 1662 353 ’ἐνὸς
1713 291 1846 344 κάν-

1961 292 2067 360 ιυίι
2118 289 2392 344 exhauriri
2428 288 2556 342 illud
2607 287 2853 342 bravium
2896 302 3145 358 superna:
3187 289 3514 356 vocationis.

281 384 447 437 ταῦθα
478 384 539 434 τὸ
571 381 824 451 βραὸεἰον
853 381 953 450 τῆς
989 383 1264 454 σωτηρίας
1294 384 1690 454 λαμϐάνοντος,
1724 383 1839 438 ἀλλ’

277 475 344 537 ὡς
371 476 481 530 τῶν
518 477 659 543 ἄγαν
701 474 1038 528 σπευδόντων
1081 478 1258 529 ἐκεῖνο
1302 475 1712 544 λαμϐανόντων,
1739 475 1842 530 κᾶν

279 564 352 632 είς
395 565 456 643 ᾗ,
503 573 609 624 κᾶν
649 566 762 624 εἷεν
806 571 1046 623 πλεῖστοι
1073 587 1086 603 ·
1137 571 1493 624 ἀνέκλειπτον
1544 572 1652 640 γάρ
1692 571 1843 623 ἐστιν

281 665 448 716 ἐκεῖνο
501 664 562 717 τὸ
601 662 856 734 βραϐεῖον
903 663 1003 732 τῆς
1048 664 1158 718 ἄνω
1205 660 1476 732 κλήσεως,
1528 664 1625 715 καὶ
1679 664 1844 731 ἀρκεῖ

283 755 409 823 πρὸς
438 756 644 818 πάντας
690 754 978 826 ἀμειώτως
1011 755 1445 825 μεταδιδόμενον.
1478 754 1570 807 Διὸ
1621 755 1784 808 πάλιν
1813 755 1842 808 ὁ

281 846 437 907 αὐτὸς
486 848 652 900 πᾶσιν
694 847 891 914 ἐπάγει
939 845 1152 914 λέγων·
1191 865 1212 898 ε
1261 845 1417 900 Οὕτω
1464 847 1711 918 τρέχετε,
1757 849 1843 903 ἵνα

280 936 645 1006 καταλάϐητε.
693 953 713 989 ι
773 936 936 989 Ἀλλὰ
985 938 1080 989 καὶ
1131 937 1226 991 τὸν
1274 937 1478 1007 τρόπον
1523 937 1842 1001 ὑποδεικνὺς

279 1031 366 1083 τοῦ
405 1031 650 1099 δρόμουοσ
683 1051 702 1084 ε
745 1031 856 1093 Πᾶς
884 1032 941 1084 δέ
971 1031 1000 1084 ὁ
1029 1032 1451 1103 ἀγωνιζόμενος,
1482 1034 1635 1104 φησὶ,
1665 1037 1842 1089 πάντα

276 1124 698 1194 ἐγκρατεύεται,
727 1143 747 1176 ι
783 1126 1029 1196 μηδεμιᾷ
1062 1143 1192 1179 ποτε
1222 1127 1333 1179 τῶν
1372 1129 1842 1198 ἀπηγορευμένων

281 1214 483 1280 ἡδονῶν
510 1214 727 1268 ἔκδοτον
755 1219 833 1278 είς
863 1217 1017 1278 τέλος
1064 1219 1257 1272 ἐαυτὸν
1291 1219 1571 1291 παρέχων.
1606 1216 1737 1274 Εἶτα
1760 1221 1842 1286 ὡς

277 1304 644 1371 ἐνισταμένων
669 1304 778 1357 τῶν
817 1305 1277 1376 βεόαπτισμένων
1325 1311 1420 1361 καλ
1452 1308 1724 1377 λεγόντων
1753 1311 1843 1365 διὰ

279 1396 441 1464 μόνου
474 1396 566 1449 τοῦ
615 1397 995 1468 βαπτίσματος
1038 1401 1210 1469 χωρὶς
1253 1401 1363 1456 τῶν
1399 1401 1578 1470 ἔργων
1605 1403 1843 1472 εὐπροσ-

273 1489 496 1553 δέκτους
525 1489 664 1544 εἶναι
715 1491 793 1560 τῷ
829 1479 971 1561 Θεῷ,
1004 1491 1093 1546 διὰ
1121 1493 1226 1545 τῶν
1283 1495 1347 1548 ἐκ
1391 1494 1624 1548 παλαιοῦ
1655 1495 1842 1550 τύπων

1945 384 2040 446 sed
2074 383 2328 436 omnibus
2361 381 2556 437 suﬁicit
2585 381 2705 436 sine
2733 381 3111 436 imminutione
3137 388 3517 437 communica-

1945 487 2081 531 tum.
2130 475 2254 529 Ideo
2301 490 2491 530 rnrsus
2546 475 2690 528 idem
2739 475 2997 529 omnibus
3046 475 3273 545 loquens
3312 461 3509 533 addit:

1948 589 1967 622 ι
2005 569 2099 623 Sic
2125 569 2325 624 currite
2355 582 2413 622 ut
2445 569 2943 638 comprehendatis.
2996 589 3014 621 ι
3052 569 3156 625 Sed
3191 582 3244 625 et
3292 571 3509 626 modum

1942 677 2140 716 cursus
2170 662 2464 717 ostendens
2505 679 2516 715 :
2563 681 2580 713 ι
2617 663 2829 723 Omnis.
2853 664 2947 728 ait,
2976 665 3067 732 qui
3099 664 3151 718 in
3183 677 3355 733 agone
3385 680 3517 719 con-

1946 754 2139 819 tendit,
2177 754 2246 807 ab
2273 755 2531 810 omnibus
2564 771 2622 810 se
2659 755 2927 823 abstinet;
2971 777 2989 810 ι
3024 769 3152 813 tunc
3185 761 3331 812 enim
3379 759 3514 813 nulli

1935 848 2281 915 voluptatum
2335 849 2734 915 proltibitarum
2793 860 2939 905 totus
2989 852 3254 921 indulget.
3313 851 3515 906 Deinde

1942 937 2169 1008 perinde
2195 954 2260 992 ae
2289 929 2334 992 si
2367 939 2622 1009 baptizati
2658 952 2947 995 censerent
2967 951 3021 997 et
3051 942 3301 996 dicerent
3326 957 3386 997 se
3417 956 3516 1011 per

1943 1031 2122 1087 solum
2154 1031 2426 1099 baptisma
2459 1034 2578 1088 sine
2623 1033 2883 1102 operibus
2913 1049 3037 1088 esse
3066 1032 3177 1088 Deo
3215 1033 3524 1103 acceptabi-

1936 1126 2042 1190 les,
2095 1141 2192 1195 per
2241 1126 2442 1196 ﬁguras
2481 1142 2547 1180 ex
2597 1128 2765 1181 veteri
2794 1125 3148 1181 TeSIamentn
3182 1127 3523 1194 desumptas,

1943 1227 2213 1273 monstrat
2242 1218 2294 1273 et
2321 1219 2514 1274 suadet
2544 1221 2814 1275 neminem
2844 1220 2954 1274 Deo
2987 1221 3228 1288 placere,
3261 1218 3365 1273 nisi
3400 1233 3522 1272 cum

1938 1311 2049 1365 ﬁde
2089 1309 2245 1364 ﬁrma
2279 1327 2306 1363 a
2347 1315 2527 1379 pravis
2559 1313 2904 1380 passiouibus
2944 1322 2998 1367 et
3031 1314 3217 1367 verbis
3246 1321 3302 1366 et
3335 1308 3525 1381 operi.

1943 1402 2046 1457 bus
2098 1403 2391 1457 abstineat.
2425 1402 2560 1457 Nam
2609 1403 2839 1456 dixitu
2883 1405 3018 1458 Nolo
3076 1420 3171 1458 vos
3219 1403 3515 1472 ignorare,

1944 1493 2164 1556 fratres,
2224 1495 2483 1563 quoniam
2539 1502 2719 1564 patres
2772 1499 2943 1549 nostri
2993 1512 3187 1551 omnes
3233 1499 3338 1550 sub
3383 1501 3526 1550 nube

274 1584 437 1647 αὐτὸς
485 1584 725 1639 δείκνυσι
781 1586 876 1638 καὶ
908 1587 1195 1641 ἀναπείθει
1251 1588 1494 1641 εὐδοκεῖν
1543 1589 1600 1641 ἐν
1650 1588 1840 1657 μηδενὶ

1961 1584 2192 1651 'uerunt,
2245 1595 2299 1639 et
2341 1600 2531 1640 omnes
2569 1602 2715 1641 mare
2769 1589 3128 1650 transierunt,
3161 1597 3215 1643 et
3248 1603 3438 1644 omnes
3470 1590 3525 1644 in

275 1677 364 1728 τὸν
393 1676 547 1740 Θεὸν,
583 1660 648 1729 ἂν
686 1676 762 1748 μὴ
817 1678 954 1747 μετά
986 1677 1077 1732 τοῦ
1109 1678 1295 1732 πίστιν
1322 1679 1467 1748 ἔχειν
1494 1681 1710 1751 ἀσφαλῆ
1754 1683 1848 1734 καὶ

1961 1677 2134 1749 Moyse
2166 1677 2423 1747 baptizati
2455 1687 2583 1734 sunt
2613 1679 2665 1732 in
2699 1679 2841 1734 nube
2881 1689 2934 1734 et
2969 1681 3019 1732 in
3056 1680 3217 1746 mari,
3246 1690 3300 1735 et
3331 1696 3527 1736 omnes

271 1769 379 1821 τῶν
413 1774 665 1841 πονηρῶν
715 1774 990 1842 ἀπέχηται
1032 1774 1126 1826 καὶ
1166 1773 1357 1826 παθῶν
1407 1777 1507 1828 καὶ
1559 1773 1735 1839 λόγων
1761 1775 1857 1829 καὶ

276 1862 568 1931 πράξεων·
617 1884 635 1917 ε
669 1863 745 1919 Οὐ
801 1867 940 1919 θέλω
986 1867 1116 1938 γὰρ,
1179 1868 1366 1937 φησὶν,
1414 1867 1560 1935 ὑμᾶς
1613 1867 1852 1936 ἀγνοεῖν,

272 1952 518 2020 ἀδελφοὶ,
550 1957 632 2009 ὅτι
668 1958 716 2009 oi
746 1959 985 2028 πατέρες
1014 1957 1173 2026 ἡμῶν
1210 1958 1410 2021 πάντες
1437 1959 1544 2011 ὑπὸ
1573 1958 1671 2028 τὴν
1692 1958 1853 2026 νεφέ-

271 2043 371 2116 λην
406 2041 570 2116 ἦσαν,
615 2048 709 2103 καὶ
742 2049 947 2114 πάντες
992 2050 1081 2104 διὰ
1133 2052 1234 2122 τῆς
1288 2051 1568 2119 θαλάσσης
1607 2050 1851 2120 διῆλθον,

271 2142 363 2190 καὶ
423 2141 628 2203 πάντες
668 2144 750 2206 είς
808 2141 902 2195 τὸν
951 2142 1196 2213 Μωῦσῆν
1253 2143 1620 2197 ἐϐαπτίσαντο
1675 2146 1733 2197 ἐν
1779 2146 1846 2214 τῇ

1950 1771 2202 1825 eamdem
2233 1785 2410 1826 escam
2446 1770 2748 1840 spiritalem
2799 1774 3292 1839 manducaverunt,
3325 1784 3380 1827 et
3403 1789 3526 1828 orn-

1953 1877 2053 1917 nes
2082 1862 2331 1917 eumdem
2368 1872 2557 1931 potum
2601 1863 2899 1932 spiritalem
2939 1863 3193 1919 biberunt
3225 1881 3240 1930 ;
3272 1862 3533 1919 bibebant

1954 1965 2135 2010 autem
2168 1957 2236 2009 de
2280 1956 2510 2025 spiritali
2547 1968 2916 2025 consequente
2961 1972 3057 2012 eos
3121 1969 3273 2028 petra
3302 1998 3319 2022 ,
3377 1967 3531 2026 petra

1953 2058 2137 2103 autem
2165 2063 2282 2101 erat
2310 2049 2586 2102 Christus.
2619 2047 2726 2104 Sed
2771 2064 2878 2105 non
2912 2049 2965 2102 in
2996 2049 3245 2119 pluribus
3275 2049 3536 2122 benepla-

1955 2145 2125 2198 citum
2161 2153 2244 2196 est
2278 2141 2386 2197 Deo
2407 2143 2506 2197 ⁸⁸.»

271 2235 472 2307 νεφέλῃ
497 2236 592 2288 καὶ
617 2235 676 2287 ἐν
697 2238 763 2306 τῇ
785 2235 1058 2310 θαλάσση,
1083 2238 1178 2293 καὶ
1201 2238 1402 2302 πάντες
1423 2238 1484 2292 τὸ
1507 2238 1641 2292 αὐτὸ
1697 2238 1893 2310 βρῶμα
1967 2240 2339 2310 πνευματικὴν
2392 2241 2620 2311 ἔφαγον,
2680 2243 2778 2296 καὶ
2829 2241 3033 2307 πάντες
3090 2242 3153 2296 τὸ
3200 2244 3336 2298 αὐτὸ
3388 2247 3538 2308 πόμα

269 2331 653 2399 πνευματικὸν
711 2331 905 2386 ἔπιον·
962 2333 1146 2388 ἔπινον
1200 2336 1309 2404 γὰρ
1353 2338 1418 2389 ἐκ
1475 2337 1855 2406 πνευματικῆς
1894 2334 2305 2406 ἀκολουθούσης
2355 2336 2584 2407 πέτρας,
2617 2337 2653 2406 ὴ
2699 2337 2759 2391 δέ
2809 2338 2984 2406 πέτρα
3032 2331 3101 2408 ἦν
3165 2339 3196 2392 ὁ
3256 2340 3491 2410 Χριστέ
3520 2360 3537 2377 ο

270 2423 390 2477 ἀλλ’
449 2426 548 2477 οὐκ
618 2427 675 2477 ἐν
739 2429 852 2490 τοῖς
916 2428 1160 2482 πλείοσιν
1219 2429 1401 2484 αὐτῶν
1478 2431 1771 2502 εὐδόκησεν
1829 2435 1857 2488 ὁ
1890 2432 2042 2492 Θεός.
2088 2450 2106 2482 ι

345 2517 544 2572 Ταῦτα
580 2520 635 2573 δέ
677 2521 858 2574 πάντα
888 2521 1051 2574 τύποι
1076 2521 1186 2575 τῶν
1217 2523 1342 2577 καθ’
1367 2525 1516 2593 ἡμᾶς
1548 2526 1711 2596 ἱερῶν
1746 2544 1853 2597 μυ-

273 2612 523 2680 στηρίων
567 2608 707 2683 ἦσαν
733 2627 747 2640 ·
781 2615 814 2683 ἡ
865 2613 1110 2667 θάλασσα
1143 2615 1233 2668 τοῦ
1285 2615 1424 2670 κατὰ
1473 2617 1532 2668 τὸ
1565 2617 1853 2686 βάπτισμα

273 2701 479 2766 ὕδατος
505 2720 522 2736 '
573 2706 605 2775 ἠ
647 2704 848 2774 νεφέλη
890 2706 983 2759 τοῦ
1042 2706 1248 2760 ἄνωθεν
1297 2708 1573 2775 μυστικῶς
1617 2711 1732 2772 τοῖς
1766 2712 1864 2779 βαο

273 2796 630 2864 πτιζομένοις
662 2796 826 2866 215
856 2797 1269 2862 ἐπισκιάζοντος
1307 2798 1454 2852 θείου
1499 2801 1817 2867 Πνεῦματος
1844 2816 1858 2833 ο

267 2887 333 2940 τὸ
367 2886 570 2958 βρῶμα
607 2889 704 2941 καὶ
748 2891 810 2941 τὸ
847 2891 1018 2960 πόμα,
1068 2891 1164 2945 τοῦ
1196 2891 1431 2963 Χριστοῦ
1470 2891 1723 2964 σώματος
1766 2893 1860 2946 καὶ

269 2979 538 3049 αἵματος,
576 2977 652 3035 ὧν
683 2983 844 3052 ἡμεῖς
892 2984 1015 3036 καθ’
1046 2985 1284 3055 ἑκάστην
1320 2985 1395 3049 ὡς
1431 2989 1607 3040 είπεῖν
1639 2987 1862 3056 μετέχο-

2030 2523 2232 2579 Verum
2257 2525 2372 2580 haec
2393 2525 2578 2580 omnia
2609 2525 3029 2596 praeﬁgurabant
3061 2536 3246 2582 sancta
3269 2527 3361 2596 qui
3392 2527 3541 2596 apud

1962 2631 2060 2672 nos
2087 2625 2325 2684 aguntur
2344 2617 2628 2688 mysteria;
2658 2617 2924 2672 habemus
2948 2623 3000 2671 et
3025 2632 3127 2671 nos
3151 2632 3300 2673 mare
3330 2620 3540 2690 baptis-

1963 2708 2126 2762 matis
2160 2723 2338 2778 aquae,
2368 2712 2567 2764 nubem
2603 2709 2772 2762 divini
2807 2709 3043 2779 Spiritus
3073 2710 3329 2766 deorsum
3363 2713 3542 2783 baptiu

1961 2810 2116 2854 zatos
2151 2798 2562 2862 obumbrantis,
2602 2813 2786 2854 escam
2839 2808 2894 2852 et
2954 2808 3140 2869 potum
3189 2805 3438 2871 corporis
3485 2811 3542 2856 et

1960 2889 2244 2959 sanguinis
2267 2888 2471 2944 Christi
2502 2888 2701 2960 quibus
2733 2887 2985 2958 singulis,
3012 2899 3068 2946 ut
3099 2892 3169 2945 ita
3195 2891 3395 2957 dicam,
3424 2892 3542 2946 die-

1961 2983 2064 3038 bus
2093 2984 2605 3048 communicamus;
2648 2982 2768 3036 ideo
2799 2982 3095 3037 inauimem
3123 2993 3175 3040 et
3211 3000 3408 3039 sensus
3439 2999 3538 3038 ex-

273 3088 381 3140 μεν
407 3090 424 3102 ·
459 3073 550 3125 διὰ
578 3072 739 3125 τοῦτο
771 3073 879 3145 γὰρ
910 3077 1003 3127 καὶ
1031 3077 1129 3146 τὴν
1165 3076 1374 3147 ἄψυχον
1411 3078 1502 3132 καὶ
1535 3078 1858 3148 ἀναίσθητον

1966 3085 2170 3146 pertem
2199 3076 2512 3139 materiam,
2540 3084 2748 3146 petram
2782 3073 2929 3130 illam
2961 3075 3177 3130 vocavit
3205 3073 3406 3131 Paulus
3433 3076 3546 3145 spi-

272 3159 416 3234 ὖλην
463 3166 565 3238 τὴν
606 3165 816 3236 πέτραν
861 3167 1078 3239 ἐκείνην
1129 3170 1509 3239 πνευματικὴν
1546 3172 1808 3224 ἐκάλεσεν
1835 3171 1861 3222 ὁ

272 3258 525 3322 Παῦλος.
563 3258 780 3330 Ὥσπερ
806 3261 917 3330 γὰρ
946 3260 1177 3331 ψυχικὸν
1213 3263 1432 3329 λέγεται
1481 3263 1641 3333 σῶμα
1672 3265 1733 3316 τὸ
1757 3265 1864 3317 ὑπὸ

271 3352 463 3421 ψυχῆς
511 3351 922 3420 δυναμούμενὸν
958 3371 1016 3406 τε
1073 3355 1169 3407 κοιλ⁴
1214 3355 1560 3423 κινούμενον,
1595 3354 1738 3408 οὕτω
1769 3357 1866 3410 καὶ

277 3444 663 3512 πνευματικόν
703 3445 819 3495 ἐστι
858 3444 1040 3512 σῶμα,
1075 3446 1134 3499 τὸ
1160 3447 1264 3502 ὑπὸ
1295 3446 1389 3501 τοῦ
1438 3447 1583 3500 θείου
1615 3449 1866 3518 Πνεύμα·

267 3552 370 3596 τος
426 3537 729 3606 ὑπερφυῶς
775 3538 1190 3609 ἐνεργούμενον.
1246 3541 1399 3594 Ἐπεὶ
1457 3537 1554 3596 οὖν
1601 3546 1634 3614 ἡ
1688 3546 1865 3614 πέτρα

271 3630 470 3699 ἐκείνη
519 3631 840 3699 παραδόξως
890 3635 1260 3705 ἐνεργουμένη
1307 3637 1458 3708 παρὰ
1487 3636 1580 3690 τοῦ
1624 3638 1869 3708 Πνεύμα-

270 3740 395 3786 τος,
445 3724 548 3794 τὴν
581 3723 678 3779 τοῦ
719 3724 913 3788 ὕδατος
963 3728 1147 3795 πηγὴν
1193 3732 1764 3801 συμμεταφερομένην
1793 3725 1870 3783 εἷο

271 3833 378 3886 χεν
422 3817 486 3866 ἐν
530 3816 722 3887 ἑαυτῇ,
761 3819 855 3870 καὶ
900 3818 1033 3887 παρ’
1064 3820 1263 3889 ἑαυτῆς
1305 3823 1556 3889 ἀφθόνως
1601 3824 1865 3890 ἀνεδίδου,

273 3910 642 3977 πνευματικὴ
675 3909 900 3971 δικαίως
947 3911 1150 3982 ἐκλήθη
1186 3913 1335 3983 παρὰ
1381 3915 1473 3967 τοῦ
1509 3917 1744 3982 Παύλου,
1776 3918 1869 3970 καὶ

273 4000 363 4061 είς
399 3998 574 4054 τύπον
625 4001 982 4073 προσελήῳθη
1033 4004 1127 4057 τοῦ
1156 4006 1394 4075 Χριστοῦ
1443 4007 1697 4075 σώματος
1723 4026 1738 4042 ο
1774 4013 1868 4064 καὶ

274 4091 452 4145 τοῦτο
482 4091 591 4161 γὰρ
632 4093 736 4145 ὑπὸ
795 4093 883 4160 τοῦ
934 4095 1269 4160 ἐνοικοῦντος
1314 4097 1462 4167 αὐτῷ
1498 4099 1870 4170 πληρώματος

271 4185 384 4252 τῆς
417 4183 676 4254 θεότητος
715 4185 1114 4255 ἐνεργούμενον
1141 4187 1256 4257 ἔχει
1286 4204 1343 4239 τε
1379 4191 1472 4242 καὶ
1506 4191 1735 4260 παρέχει
1758 4195 1872 4254 τοῖς

273 4275 508 4339 πιστῶς
555 4275 876 4346 προσιοῦσιν
924 4279 1173 4347 ἀφθόνως
1204 4279 1304 4351 τὴν
1353 4282 1539 4349 πηγὴν
1567 4283 1663 4351 τῆς
1699 4284 1870 4337 ἀῖδίου

1967 3169 2202 3227 ritalcm.
2245 3168 2715 3236 Quemadmodum
2752 3168 3056 3222 animatum
3111 3168 3306 3222 dicitur
3342 3182 3547 3238 corpus

1966 3262 2114 3333 quod
2151 3261 2219 3317 ab
2249 3261 2435 3315 anima
2465 3260 2742 3315 ﬁrmatum
2777 3269 3052 3324 movetur,
3088 3259 3158 3314 ita
3187 3259 3431 3330 spiritale
3463 3269 3550 3314 est

1964 3369 2165 3424 corpus
2191 3354 2336 3425 quod
2372 3368 2440 3408 ex
2470 3353 2654 3407 divino
2686 3352 2895 3423 Spiritu
2942 3368 3107 3421 supra
3137 3363 3385 3406 naturam
3412 3368 3548 3422 ope-

1965 3457 2140 3503 ratur.
2176 3445 2344 3515 lgitur
2390 3459 2515 3499 cum
2569 3453 2720 3514 petra
2774 3443 2862 3498 illa
2900 3442 3212 3513 prodigiose
3257 3459 3286 3495 a
3335 3443 3543 3510 Spiritu

1967 3549 2211 3610 operata,
2242 3539 2446 3592 fontem
2485 3552 2640 3606 aqua:
2677 3537 2730 3591 in
2760 3537 3048 3606 semetipsa
3093 3550 3277 3590 secum
3316 3535 3544 3599 ferebat,

1968 3643 2020 3686 et
2052 3648 2082 3685 a
2117 3632 2411 3698 semetipsa
2449 3630 2792 3694 abundanter
2825 3628 3120 3698 prazbebat,
3157 3627 3280 3696 jure
3316 3643 3344 3682 a
3377 3627 3546 3682 Paulo

1968 3734 2158 3779 vorata
2191 3723 2290 3776 fuit
2317 3722 2596 3791 spiritalis,
2628 3730 2681 3775 et
2711 3720 2762 3772 in
2793 3721 3016 3789 ﬁguram
3058 3721 3307 3789 corporis
3341 3719 3544 3774 Christi

1968 3815 2075 3871 fuit
2108 3821 2427 3882 assumpta;
2466 3809 2609 3865 istud
2650 3808 2797 3864 enim
2833 3826 2897 3864 ex
2931 3808 3287 3878 plenitudinis
3328 3809 3547 3866 deitatis

1971 3910 2025 3963 in
2057 3910 2175 3979 ipso
2203 3903 2503 3960 habitantis
2526 3917 2760 3972 operans
2785 3901 3013 3955 habebat
3039 3911 3090 3956 ct
3119 3901 3463 3973 impertiebat
3480 3917 3543 3958 ex

1971 4000 2301 4057 abundantia
2335 3998 2564 4053 ﬁdeliter
2590 3996 2978 4052 accedentibus
3006 3995 3210 4050 fontem
3236 3997 3356 4050 vita:
3389 4004 3550 4050 aeter-

1971 4111 2076 4149 nzr.
2114 4092 2221 4147 Sed
2255 4092 2544 4146 redeamus
2594 4090 2659 4143 ad
2698 4089 2832 4144 illud
2869 4090 2936 4144 de
2967 4103 3072 4158 quo
3108 4088 3268 4143 nobis
3315 4097 3399 4142 est
3445 4089 3548 4143 lto-

1973 4186 2199 4241 diernus
2224 4198 2426 4240 sermo.
2456 4182 2592 4239 Cum
2620 4180 2853 4236 dixisset
2882 4181 3040 4235 divus
3064 4177 3264 4235 Paulus
3302 4178 3422 4234 illos
3454 4194 3553 4247 pro

1975 4279 2132 4333 nobis
2161 4277 2406 4332 omnium
2439 4274 2493 4329 in
2530 4275 2697 4344 ﬁgura
2729 4273 3111 4344 mysteriorum
3162 4270 3337 4326 fuisse
3377 4272 3553 4340 parti-

273 4368 459 4435 ζωῆς.
527 4368 688 4420 Ἀλλὰ
751 4369 889 4438 πρὸς
927 4366 986 4422 δν
1033 4371 1132 4422 νῦν
1163 4373 1294 4440 ἡμῖν
1345 4375 1371 4425 ὁ
1403 4373 1574 4441 λόγος.
1630 4373 1858 4427 Elmva

1976 4371 2145 4439 cipes,
2177 4367 2424 4422 addidit:
2453 4385 2472 4418 ι
2506 4365 2610 4420 Sed
2641 4380 2750 4418 non
2784 4364 2836 4417 in
2879 4363 3128 4433 pluribus
3159 4376 3348 4417 eorum
3383 4362 3554 4418 bene-

273 4460 435 4524 θιῖος
477 4461 710 4522 Παῦλοῖ,
741 4462 824 4515 ὃτι
866 4464 914 4516 οί
949 4465 1054 4536 πρὸ
1075 4466 1232 4535 ἡμῶν
1260 4467 1457 4520 ἐκεῖνοι
1495 4471 1712 4521 πάντων
1743 4486 1858 4539 μετ·

1975 4459 2230 4531 placitum
2260 4467 2343 4514 est
2372 4458 2519 4522 Deo;
2553 4471 2674 4510 nam
2727 4455 2981 4523 prostrati
3029 4462 3157 4508 sunt
3197 4453 3255 4508 in
3288 4452 3551 4520 deserto;

272 4552 455 4619 ἐσχον
503 4553 612 4606 τεῖλν
648 4556 706 4607 ἐν
738 4554 896 4625 τύπῳ
944 4557 1281 4628 μυστηρίων,
1315 4561 1593 4630 ἐπήγαγεν
1618 4577 1631 4589 ·
1667 4579 1684 4610 ε
1729 4561 1858 4612 Ἀλλ

1976 4555 2094 4608 haec
2132 4563 2310 4608 autem
2344 4550 2486 4604 facta
2520 4557 2650 4604 sunt
2682 4547 2735 4601 in
2772 4547 2944 4618 ﬁgura
2998 4546 3192 4610 nostri,
3226 4555 3284 4600 ut
3330 4564 3438 4601 non
3472 4548 3552 4602 si-

269 4646 390 4697 οὐκ
428 4647 488 4696 ἐν
528 4645 640 4704 τοῖς
670 4643 914 4696 πλείοσιν
940 4648 1121 4699 αὐτῶν
1158 4649 1451 4719 εὐδόκησεν
1477 4651 1503 4701 ὁ
1538 4650 1666 4713 Θεός
1688 4667 1700 4680 ·
1737 4668 1867 4703 κατ-

271 4732 657 4803 εστρώθησαν
720 4736 825 4806 γὰρ
882 4740 940 4790 ἐν
981 4742 1044 4808 τῇ
1104 4740 1315 4812 ἐρήμῳ,
1369 4745 1462 4794 καὶ
1521 4743 1680 4796 τύποι
1717 4743 1873 4814 ἡμῶν

272 4829 666 4899 ἐγενήθησαν,
711 4830 789 4892 είς
826 4831 887 4883 τὸ
918 4830 995 4901 μὴ
1029 4828 1168 4885 εἶναι
1205 4833 1352 4903 ἡμᾶς
1385 4834 1730 4904 ἐπιθυμητὰς
1772 4853 1872 4888 κχ-

271 4921 429 4985 κῶν,
475 4921 663 4983 καθὼς
714 4924 959 4974 κάκεῖνοι
1004 4924 1384 4995 ἐπεθύμησαν.
1425 4946 1441 4977 ι
1475 4926 1644 4979 Τοῦτο
1700 4927 1873 4994 λέγων

272 5017 583 5085 ἄντικρυς,
621 5017 704 5068 ὅτι
738 5017 989 5087 καθάπερ
1029 5020 1292 5082 ἐκείνους,
1335 5021 1469 5087 πρδς
1501 5021 1595 5082 τὰς
1630 5021 1874 5091 πονηρὰς

274 5107 599 5175 ἐπιθυμίας
629 5109 1006 5174 ἐκκλίναντας,
1037 5110 1188 5162 οὐδὲν
1221 5110 1512 5181 ὠφέλησαν
1552 5114 1600 5164 οἱ
1631 5112 1874 5176 δοθέντες

270 5199 457 5250 τύποι
509 5198 620 5252 τῶν
674 5200 1034 5268 μυστηρίων,
1085 5199 1206 5252 οὑδέ
1252 5200 1519 5264 ἐξείλοντο
1573 5201 1670 5268 τῆς
1722 5201 1876 5266 θείας

275 5289 768 5356 ἐγκαταλείψεως,
818 5288 898 5342 διδ
943 5291 1038 5343 καὶ
1091 5292 1536 5362 καταφθαρέντες
1589 5295 1742 5357 sxto;
1797 5298 1876 5359 εἰς

281 5383 393 5451 τὴν
428 5382 538 5450 γῆν
565 5381 667 5451 τῆς
702 5383 1034 5451 ἐπαγγελίας
1059 5385 1159 5437 οὐκ
1185 5385 1575 5454 ἀπεσώῠησαν.
1614 5386 1756 5440 οὕτω
1783 5389 1874 5440 καὶ

277 5475 465 5541 ἡμᾶς,
509 5475 674 5546 είπερ
726 5476 785 5527 ἐν
827 5476 1128 5546 ἁμαρτίαις
1187 5475 1285 5547 ζῇν
1328 5477 1765 5550 προαιρούμεθα,
1813 5478 1873 5532 τδ

410 5660 446 5686 ’⁸
480 5654 648 5710 lCor.
689 5672 743 5721 κ,
779 5657 828 5711 l.
905 5659 924 5688 ³
959 5656 1127 5712 lCor.
1164 5673 1236 5719 IS,
1272 5657 1323 5710 5.

1979 4661 2098 4697 unus
2126 4641 2576 4711 concupiscentes
2602 4640 2891 4702 malorum,
2919 4640 3060 4692 sicut
3079 4647 3131 4692 et
3162 4640 3236 4691 illi
3261 4641 3557 4709 concupie-

1978 4742 2104 4784 runt
2135 4731 2177 4783 '.
2215 4749 2235 4781 ι
2273 4729 2425 4795 Quod
2460 4744 2686 4796 prorsus
2719 4727 2851 4781 dicit
2880 4735 2933 4781 ut
2975 4729 3115 4782 sicut
3149 4730 3254 4782 illis
3286 4730 3349 4782 ad
3387 4730 3556 4784 malas

1976 4825 2447 4893 concupiscentias
2473 4823 2757 4893 propensis
2779 4822 3000 4875 minime
3026 4823 3351 4891 profuerunt
3374 4825 3558 4891 ﬁgurae

1978 4918 2400 4985 mysteriorum;
2439 4929 2537 4970 nec
2569 4917 2758 4969 omitte
2801 4915 3041 4968 divinam
3095 4914 3508 4969 derelictionem
3541 4954 3555 4974 .

1984 5010 2222 5079 ideoque
2265 5017 2417 5062 extra
2453 5007 2792 5077 pessumdati
2823 5022 2927 5060 non
2961 5008 3304 5061 intraverunt
3354 5006 3406 5059 in
3444 5016 3553 5059 ter-

1978 5119 2092 5158 ram
2129 5101 2545 5172 promissionis;
2589 5101 2661 5154 ita
2690 5108 2741 5153 et
2771 5116 2890 5166 nos,
2927 5101 2971 5154 si
3015 5100 3064 5153 iu
3103 5099 3338 5170 peccatis
3377 5100 3560 5153 vivere

1982 5197 2367 5261 maluerimus,
2399 5195 2642 5249 divinum
2667 5193 2960 5261 baptisma,
2987 5193 3282 5261 divinaque
3317 5190 3446 5245 illud
3476 5206 3560 5246 se-

1981 5289 2203 5362 quentia
2230 5289 2485 5359 mysteria
2513 5288 2578 5341 ab
2610 5296 2810 5340 mterna
2839 5285 3190 5340 damnatione
3215 5299 3319 5337 non
3344 5293 3558 5346 eruenta;

1980 5384 2072 5438 sed
2109 5381 2425 5437 decidcmus
2455 5396 2522 5434 ex
2565 5380 2770 5434 ctelesti
2809 5378 3123 5435 haereditate
3149 5415 3163 5442 ,
3205 5377 3561 5445 quemadmo-

1981 5475 2109 5532 dum
2165 5473 2240 5530 illi
2298 5490 2365 5530 ex
2422 5484 2568 5530 terra
2624 5472 3030 5542 promissionis,
3088 5471 3205 5525 sine
3244 5466 3558 5538 poenitentia
