4078 6216
439 284 541 347 487
1725 283 2020 341 ωιιξιςυι

2147 282 2333 339 PALA
2346 281 2470 339 MAI
3579 277 3691 342 488

443 397 587 448 cnim
625 391 839 464 Moyses
883 390 936 444 in
982 397 1233 444 montem
1258 389 1624 460 quadraginta
1655 389 1868 444 dierum
1902 389 2016 456 egit

2124 389 2536 443 ἐπισπάσασθαι
2565 390 2664 457 τὴν
2695 389 2886 460 ὀργήν.
2916 390 2981 444 Τί
3020 390 3148 450 τοὺς
3183 354 3526 462 Ἰσραηλίτας
3552 395 3694 446 ἀναο

436 487 730 558 jejunium,
755 495 807 538 ct
833 499 956 537 cum
1007 482 1117 536 Deo
1155 498 1250 550 pro
1277 497 1472 552 genere
1501 491 1857 537 conversatus
1885 491 1968 536 est
1993 499 2008 548 ;

2124 482 2266 547 Είους
2291 483 2515 552 ἐποίησε
2539 484 2649 536 τῶν
2681 483 2996 555 θεοδμήτων
3029 482 3257 537 πλακῶν
3279 501 3293 550 ;
3327 483 3428 556 οὐχ
3451 487 3484 556 ἡ
3512 485 3650 557 μέθη
3673 504 3693 553 ;

441 583 583 632 unde
618 593 724 632 non
755 574 1116 634 manufactas.
1147 575 1240 629 sed
1276 575 1447 643 digito
1482 575 1572 628 Dei
1603 575 1836 641 scriptas
1858 589 2015 627 acce—

2131 575 2362 637 Ἀναόὰς
2389 578 2495 646 γὰρ
2525 577 2552 628 ὁ
2575 577 2813 642 Μωῦσῆς
2839 579 2922 640 είς
2951 578 3009 629 τὸ
3030 576 3155 643 ὅρος
3178 580 3695 646 τεσσαρακονθήμεο

439 669 516 737 pit
574 666 808 727 tabulas,
872 671 926 717 et
993 664 1360 717 descendebat
1414 673 1638 733 portans
1697 664 1900 716 donum
1945 661 2013 714 ad

2124 681 2216 734 ρον
2259 659 2362 734 ἦγε
2401 666 2684 734 νηστείαν,
2721 667 2817 719 καὶ
2870 667 2949 736 τῷ
2997 665 3119 736 Θεῷ
3160 667 3301 735 ύπέρ
3354 667 3448 720 τοῦ
3502 669 3696 734 γένους

439 758 736 814 lsraelitas.
769 756 873 811 Sed
917 772 1040 809 cum
1077 757 1269 823 procul
1320 757 1651 826 percepisset
1679 770 1744 809 ex
1778 753 2012 809 tumultu

434 866 488 907 et
532 839 788 905 obscenis
815 848 1148 902 clamoribus
1187 864 1278 902 eos
1311 848 1591 912 inebriari,
1637 847 1873 900 dicens:
1911 845 2016 898 Vo-

433 959 552 997 cem
593 941 871 995 ebriorum
904 941 1087 1002 audio,
1116 940 1235 994 illos
1264 940 1520 1006 judicans
1562 937 1784 1008 indigne
1812 937 2013 990 tabulis

434 1052 602 1106 opere
630 1036 720 1088 Dei
747 1032 909 1086 factis
941 1039 990 1086 et
1019 1032 1260 1100 scriptis.
1294 1033 1392 1086 bas
1425 1030 1729 1100 confregit;
1764 1038 1892 1082 tunc
1919 1029 2016 1082 ad-

435 1146 629 1185 versus
669 1145 762 1186 eos
794 1133 960 1186 armis
988 1130 1213 1185 instruit
1238 1128 1386 1182 viros
1422 1142 1655 1196 quorum
1697 1139 1850 1177 mens
1890 1123 2016 1176 vino

439 1239 547 1277 non
580 1225 796 1278 turbata
828 1224 1024 1289 fuerat,
1052 1223 1143 1292 qui
1181 1223 1344 1277 etiam
1383 1223 1545 1274 deum
1591 1218 1869 1273 ebriorum
1905 1230 2014 1270 non

437 1317 828 1377 cooﬂaverant,
858 1325 913 1371 et
951 1317 1146 1369 borum
1180 1330 1281 1383 ope
1317 1313 1470 1382 plura
1506 1311 1706 1366 occidit
1734 1310 1924 1371 millia,
1964 1319 2017 1361 et

436 1411 516 1463 sic
559 1409 788 1477 placavit
837 1409 1006 1462 Deum
1041 1407 1370 1461 sobriorum.
1402 1403 1467 1456 Et
1503 1418 1692 1458 rursus
1715 1403 2018 1456 ascendens

437 1502 573 1555 alias
605 1502 797 1554 detulit
829 1500 1065 1564 tabulas,
1095 1499 1346 1553 similiter
1369 1496 1586 1564 quidem
1614 1495 1870 1562 scriptas,
1908 1506 2016 1546 non

436 1605 618 1649 autem
664 1596 900 1658 similes;
937 1609 1061 1647 nam
1103 1608 1168 1646 cx
1226 1588 1474 1644 inferiori
1527 1589 1758 1642 materia
1794 1595 2016 1641 consta-

438 1689 592 1742 baut.

2120 756 2316 825 ὡμίλει
2343 774 2357 788 ·
2407 758 2528 809 ὅθεν
2569 759 2661 809 καὶ
2707 757 3163 828 ἀχειροποιὴτους
3206 759 3424 821 πλάκας
3473 761 3697 827 ἐδέξατο

2118 845 2368 915 δακτύλῳ
2408 846 2544 899 Θεοῦ
2577 849 2994 916 γεγραμμένας,
3024 849 3120 902 καὶ
3153 849 3466 919 κατήρχετο
3510 849 3696 918 φέρων

2117 936 2220 1004 τὴν
2251 935 2460 1000 δωρεὰν
2510 939 2626 1001 τοῖς
2677 939 3070 1010 Ἰσραηλίταις.
3116 940 3206 1004 Ὠς
3240 940 3300 993 δέ
3336 939 3430 992 καὶ
3469 940 3698 1011 πόρρω-

2121 1027 2213 1080 θεν
2255 1021 2814 1098 ᾔσθετομεθυόντων
2866 1030 2973 1084 ἀπὸ
3021 1030 3118 1084 τοῦ
3172 1029 3406 1100 θορύϐου
3441 1029 3538 1084 καὶ
3583 1029 3695 1100 τῆς

2118 1122 2358 1190 ἀσέμνου
2390 1124 2664 1190 κραυγῆς,
2715 1143 2733 1175 ι
2771 1125 2982 1194 Φωνῆς,
3015 1123 3208 1188 είπὼν,
3246 1124 3554 1193 μεθυόντων
3580 1123 3697 1192 ἐγὼ

2119 1212 2327 1278 ἀκούω,
2369 1231 2386 1264 t
2432 1213 2687 1276 ἀναξίους
2731 1214 2928 1277 αὐτοὺς
2968 1213 3163 1281 κρίνας
3209 1215 3322 1266 τῶν
3355 1212 3698 1282 αὐτοχείρως

2119 1303 2197 1372 τῷ
2227 1303 2344 1374 Θεῷ
2386 1304 2479 1356 καὶ
2521 1305 2906 1373 γεγενημένων
2941 1305 3035 1357 καὶ
3086 1307 3510 1374 γεγραμμένων,
3561 1317 3695 1354 συν⁴

2118 1397 2290 1466 τρίϐει
2326 1398 2426 1464 μὲν
2457 1397 2553 1458 τὰς
2587 1397 2798 1458 πλάκας
2833 1397 3075 1464 ἐκείνας,
3106 1397 3320 1462 ὁπλίζει
3347 1395 3404 1450 δέ
3443 1393 3563 1448 κατ’
3589 1392 3694 1447 αύ-

2117 1489 2228 1540 τῶν
2255 1489 2380 1550 τοὺς
2418 1487 2493 1556 μὴ
2528 1488 2664 1556 μέθῃ
2695 1488 2792 1550 τὰς
2820 1489 3028 1556 φρένας
3063 1486 3524 1552 σεσαλευμένους.
3553 1482 3696 1553 μηδι

2125 1582 2432 1652 μεθυόντων
2473 1581 2594 1634 θεὸν
2631 1580 3076 1646 ἀναπλάσαντας,
3125 1581 3222 1634 καὶ
3268 1580 3472 1633 κτείνει
3496 1575 3565 1631 δι’
3592 1573 3698 1628 αύ-

2120 1675 2229 1730 τῶν
2259 1675 2460 1737 πολλὰς
2492 1673 2762 1745 χιλιάδας,
2790 1674 2884 1727 καὶ
2909 1674 3082 1737 οὕτως
3115 1669 3450 1742 ἐξευμενίζει
3473 1667 3564 1725 τὸν
3583 1665 3698 1722 τῶν

436 1776 718 1851 νηφόντων
755 1780 909 1834 Θεόν.
981 1779 1092 1832 Καὶ
1127 1777 1291 1832 πάλιν
1350 1775 1547 1847 ἑτέρας
1606 1774 1812 1838 ἀναϐὰς
1861 1767 2165 1840 καταφέρει
2214 1767 2453 1834 πλάκας,
2505 1768 2903 1840 γεγραμμένας
2951 1766 3052 1836 μὲν
3099 1766 3325 1836 ὁμοίως,
3373 1763 3560 1819 οὐκέτι
3631 1760 3700 1816 δὶ

435 1875 630 1944 ὁμοίας
651 1890 665 1902 ·
697 1875 760 1925 ἐκ
792 1871 900 1941 γὰρ
938 1872 1037 1937 τῆς
1075 1869 1314 1922 κάτωθεν
1342 1864 1483 1936 ἦσαν
1520 1867 1673 1936 ῦλης.

512 1967 699 2018 Viden‘
720 1962 995 2031 quomodo
1026 1960 1150 2013 inde
1177 1959 1244 2012 ab
1267 1960 1490 2026 antiquo
1515 1968 1758 2024 tempore
1777 1954 2017 2008 ebrietas
2047 1957 2092 2015 Β

438 2054 730 2110 exhibetur
780 2049 1035 2104 letifera?
1089 2058 1292 2118 quanta
1339 2046 1692 2101 damnatione
1728 2047 1912 2115 digna,
1962 2051 2016 2096 et

437 2143 715 2214 quomodo
746 2141 794 2196 ei
827 2140 1042 2195 deditos
1074 2140 1198 2195 fecit
1221 2141 1470 2210 indignos
1504 2139 1662 2192 donis
1698 2138 1787 2190 Dei
1824 2148 1876 2192 et
1909 2138 2014 2190 vita

442 2236 742 2305 pra’senti?
776 2233 1026 2288 Ebrietas
1078 2236 1288 2287 dannon
1331 2241 1413 2286 est
1451 2233 1780 2300 corporalis,
1809 2233 2018 2299 cogita-

441 2328 650 2381 tionum
710 2326 1037 2391 subversio,
1100 2325 1351 2395 corporis
1413 2324 1652 2388 solutio,
1706 2324 1814 2376 vita
1867 2323 2020 2392 pejor

439 2433 640 2484 morte,
700 2418 794 2473 Dei
838 2417 1145 2494 aversionis
1196 2433 1381 2471 causa.
1435 2416 1608 2484 Majus
1659 2417 1885 2485 insuper
1935 2422 2019 2470 est

445 2513 646 2566 malum
684 2511 946 2581 quoniam
980 2526 1081 2565 nos
1121 2520 1272 2564 arcet
1306 2527 1334 2563 a
1366 2510 1474 2562 vita
1517 2525 1544 2561 ιι
1577 2508 1685 2562 Deo
1723 2509 2016 2577 prOmissa.

452 2625 471 2656 ι
517 2604 752 2668 Ebriosi,
783 2605 860 2657 ait
896 2603 1215 2671 Apostolus,
1268 2618 1495 2671 regnum
1537 2600 1626 2654 Dei
1677 2616 1784 2656 non
1839 2600 2020 2670 possi-

443 2697 652 2752 debunt
679 2697 742 2749 ¹⁰.
778 2717 794 2747 ι
847 2694 987 2761 Quid
1026 2705 1208 2748 autem
1252 2693 1587 2748 fornicatio?
1625 2693 1890 2764 Egressus
1938 2702 2023 2747 est

447 2789 539 2842 Dei
583 2789 815 2857 populus
865 2803 929 2840 ex
967 2785 1204 2856 Egypto
1256 2787 1482 2840 omnino
1530 2787 1650 2840 sine
1708 2787 1911 2851 armis;
1969 2794 2019 2840 et

447 2895 785 2938 armatorum
823 2881 1125 2937 multitudo
1164 2881 1316 2936 illum
1353 2881 1806 2951 persequebatur.
1852 2881 2020 2949 Igitur

445 2991 569 3029 cum
625 2976 690 3029 ad
745 2991 893 3028 mare
945 2976 1296 3029 advenissent
1329 2973 1380 3028 hi
1430 2975 1717 3045 fugientes,
1777 2975 1853 3028 illi
1899 2990 2024 3045 per-

446 3076 776 3136 sequentes,
837 3066 1079 3135 potentia
1136 3075 1190 3119 et
1241 3066 1518 3120 voluntate
1575 3064 1704 3128 Dei,
1762 3067 1909 3136 virga
1970 3075 2025 3122 et

447 3174 614 3212 ntanu
648 3156 874 3226 Moysis,
907 3157 1151 3224 utrisque
1204 3173 1352 3211 mare
1383 3173 1444 3212 se
1488 3158 1693 3224 divisit,
1739 3159 1862 3213 aliis
1899 3158 2024 3228 qui-

445 3249 569 3303 dem
602 3250 835 3304 scissum
874 3249 928 3303 in
984 3248 1162 3303 medio
1211 3258 1358 3316 patet
1387 3259 1440 3304 et
1475 3258 1649 3304 tutum
1690 3251 1785 3304 dat
1823 3251 2024 3304 transi-

2202 1949 2345 2002 Ἀλλ’
2390 1947 2554 2017 ὁρᾶτε
2606 1947 2755 2011 ὅπως
2801 1946 2864 1998 ἐκ
2919 1942 3156 1998 παλαιοῦ
3224 1941 3604 2014 θανατηφόρον
3655 1944 3696 2014 η

2121 2039 2306 2112 μέθης
2365 2039 2541 2108 πόσης
2595 2038 2722 2104 ἀξία
2770 2038 3094 2108 καταδίκης,
3142 2037 3236 2090 καὶ
3284 2037 3402 2101 πῶς
3437 2035 3699 2103 ἀναξίους

2120 2137 2265 2186 ποιεί
2293 2133 2421 2196 τοὺς
2451 2133 2770 2203 χρωμένους
2802 2131 2896 2184 καὶ
2923 2130 3031 2184 τῶν
3071 2131 3132 2184 ἐκ
3158 2129 3294 2182 Θεοῦ
3327 2129 3568 2200 δωρεῶν,
3597 2131 3700 2185 καὶ

2119 2229 2218 2293 τῆς
2257 2225 2539 2295 παρούσης
2589 2223 2776 2293 ζωῆς;
2821 2221 2978 2291 Μέθη
3030 2221 3244 2290 δαίμων
3289 2223 3438 2275 ἐστὶν
3482 2221 3696 2287 ἐνυλος,

2120 2317 2450 2386 παρατρεπὴ
2482 2315 2782 2384 λογισμῶν,
2813 2315 3122 2385 παράλυσις
3147 2314 3421 2385 σώματος,
3454 2314 3692 2370 θανάτου

2120 2411 2318 2480 χείρων
2363 2409 2498 2478 ζωὴ,
2549 2407 2901 2477 ἀποστροφῆς
2950 2406 3082 2459 Θεοῦ
3135 2407 3384 2477 ἀφορμή.
3415 2408 3488 2460 Τὸ
3533 2407 3588 2461 δὲ
3627 2424 3700 2475 γε

2124 2503 2308 2572 μεῖζον
2339 2502 2508 2554 κακὸν
2544 2501 2624 2552 ὅτι
2655 2503 2751 2552 καὶ
2787 2499 2884 2570 τῆς
2927 2500 3344 2570 ἐπηγγελμένης
3375 2499 3527 2570 παρὰ
3556 2498 3696 2552 Θεοῦ

2123 2595 2268 2663 ζωῆς
2296 2593 2447 2644 ἐστιν
2479 2591 2862 2662 ἀλλοτρίωσις·
2905 2611 2925 2643 ‹
2959 2593 3200 2645 Μέθυσοι
3245 2593 3376 2661 γὰρ,
3417 2594 3569 2663 φησὶ.
3596 2591 3701 2662 βα-

2124 2687 2333 2741 σιλείαν
2378 2686 2515 2740 Θεοῦ
2570 2686 2629 2739 ού
2680 2685 3174 2757 κληρονομήσουσι.
3214 2704 3231 2738 t
3279 2686 3344 2740 Τί
3399 2687 3456 2740 δὲ
3501 2688 3703 2758 {Imp-

2122 2781 2278 2845 νεία;
2322 2780 2580 2850 Ἐξῆλθεν
2619 2780 2648 2833 ὁ
2691 2781 2814 2835 τότε
2843 2779 2973 2834 λαὸς
3021 2779 3116 2833 τοῦ
3145 2778 3280 2834 Θεοῦ
3313 2779 3372 2846 ἐξ
3419 2779 3702 2846 Αἰγύπτου

2124 2874 2472 2927 παντάπασιν
2509 2871 2725 2939 ἄοπλοι,
2759 2873 2854 2927 καὶ
2899 2871 3134 2925 ὁπλιτῶν
3181 2870 3405 2934 τούτους
3435 2868 3702 2924 ἐπεδίωκε

2124 2965 2351 3038 πλῆθος.
2389 2964 2483 3029 Ὦς
2517 2960 2611 3018 οὖν
2645 2964 2809 3036 μέχρι
2842 2961 2940 3034 τῆς
2990 2961 3268 3034 θαλάσσης
3308 2958 3491 3036 ἦλθον,
3519 2963 3567 3016 οί
3597 2960 3703 3031 μὶν

2126 3059 2442 3132 φεύγοντες,
2467 3059 2515 3112 οί
2546 3059 2602 3111 δέ
2625 3057 2938 3120 διώκοντες.
2965 3055 3193 3126 δυνάμει
3221 3055 3316 3108 καὶ
3340 3053 3504 3125 βουλῇ
3537 3050 3696 3113 Θεοῦ,

2126 3156 2220 3209 καὶ
2256 3155 2435 3226 ράὁδῳ
2473 3154 2567 3208 καὶ
2598 3153 2745 3224 χειρὶ
2790 3153 3060 3217 Μωσέως,
3097 3149 3309 3220 διχάξει
3350 3149 3483 3218 πρδς
3514 3147 3701 3216 ἀμφοο

2127 3248 2318 3319 τέρους
2350 3247 2592 3312 ἐκείνους
2637 3247 2672 3318 ἡ
2706 3244 2973 3310 θάλασσα,
3014 3243 3249 3304 καὶτοῖς
3282 3239 3380 3310 μὲν
3427 3236 3706 3306 ὑποχωρεῖ

448 3350 586 3403 tum,
620 3339 759 3394 alios
789 3349 972 3394 autem
1010 3351 1400 3410 persequentes
1432 3340 1672 3396 reﬂuens
1703 3341 1932 3408 invadit,
1967 3350 2020 3396 et

2128 3309 2410 3411 exinde!“
2441 3309 2607 3410 μέση,
2635 3309 2731 3393 καὶ
2759 3337 2994 3408 πάροδον
3025 3336 3309 3390 ἀκίνδυνον
3336 3335 3523 3388 δίδωσι
3545 3348 3562 3365 '
3590 3332 3706 3392 τοῖς

449 3440 697 3484 mortuos
724 3430 919 3486 vicinis
946 3429 1063 3483 oris
1102 3430 1382 3495 restituit;
1421 3431 1558 3484 alios
1588 3431 1806 3500 quidem
1848 3432 2019 3486 armis

447 3537 652 3576 vacuos
689 3523 894 3590 optime
925 3528 1170 3574 armatos
1210 3519 1486 3585 exhibuit,
1537 3521 1673 3576 alios
1709 3538 1836 3576 vero
1875 3523 2024 3576 omni

447 3615 610 3669 modo
672 3615 974 3667 instructos
1041 3613 1202 3681 eiecit
1252 3623 1521 3667 mortuos.
1585 3612 1724 3679 Quid
1785 3614 2028 3670 deinde?

447 3707 783 3761 Percurrunt
833 3705 984 3760 locos
1027 3713 1082 3758 et
1123 3704 1376 3772 regiones
1430 3714 1543 3759 tum
1606 3705 1856 3771 refertas,
1908 3719 2022 3763 tum

447 3801 690 3852 dewrtas
718 3797 916 3850 incolis
944 3795 1312 3862 inviucibiles,
1336 3805 1662 3867 superantes
1688 3800 1801 3853 'eos
1830 3814 2024 3853 omnes

445 3889 541 3958 qui
593 3889 714 3944 ausi
763 3887 972 3942 fuerint
1006 3888 1298 3943 obsistere.
1337 3887 1444 3943 Sed
1492 3898 1554 3942 ut
1603 3890 1916 3945 inciderunt
1967 3889 2021 3943 iu

449 3980 893 4042 fornicationem,
935 3990 1214 4048 tantopere
1250 3979 1377 4032 victi
1412 3978 1654 4046 fuerunt,
1697 3991 1754 4034 ut
1785 3991 1914 4036 tunc
1967 3982 2018 4033 iu

448 4071 592 4126 bello
623 4073 886 4141 perierint
919 4072 1136 4140 triginta
1169 4072 1270 4124 tria
1313 4071 1502 4125 millia.
1539 4073 1663 4126 Ideo
1688 4071 1890 4127 Paulus
1923 4089 2022 4125 no-

449 4165 554 4226 bis,
607 4183 624 4215 ι
650 4163 826 4218 Nolite
858 4163 1143 4225 fornicari,
1184 4162 1384 4229 inquit.
1419 4165 1562 4218 sicut
1594 4165 1813 4232 quidam
1845 4181 1910 4218 ex
1940 4165 2020 4220 eis

448 4255 700 4308 fornicati
734 4265 884 4320 sunt,
915 4264 970 4309 et
999 4255 1318 4309 ceciderunt
1351 4256 1403 4308 in
1445 4272 1550 4308 una
1581 4256 1668 4311 die
1702 4259 1890 4327 viginti
1917 4261 2018 4315 tria

449 4347 620 4396 mittiu
647 4345 712 4398 “.
747 4364 766 4396 ι
807 4347 874 4398 Et
903 4345 1008 4399 nisi
1042 4346 1331 4400 zelavisset
1359 4345 1616 4411 Pltinees,
1650 4357 1702 4400 ct
1733 4363 1836 4401 una
1862 4350 2018 4420 plaga

442 4449 570 4490 cum
601 4436 894 4491 meretrice
924 4440 1320 4504 turpitudinem
1360 4450 1681 4506 operantem
1709 4441 2017 4506 occidisset,

445 4535 502 4581 et
534 4528 736 4580 malum
759 4543 1022 4584 coercens
1049 4531 1214 4584 Deum
1244 4533 1548 4599 placasset,
1573 4547 1759 4587 omnes
1786 4534 2020 4588 interiis-

2125 3434 2183 3487 δέ
2235 3432 2670 3486 καταδιώκουσιν
2728 3429 3126 3504 ἐπιρῤεύσασα,
3170 3427 3398 3498 νεκροὺς
3434 3428 3546 3488 τοῖς
3587 3423 3704 3491 γεί-

2127 3542 2277 3579 τοσιν
2306 3525 2576 3594 αἰγιαλοῖς
2605 3525 2836 3589 ἐκείνοις
2862 3524 3094 3589 ἐξέδωκε
3123 3539 3135 3551 ·
3163 3521 3257 3575 καὶ
3303 3521 3432 3584 τοὺς
3468 3521 3706 3579 ἀόπλους

2129 3619 2466 3681 πανοπλίτας
2490 3618 2762 3685 ἀπέδειξε,
2789 3618 3189 3679 σκυλεύσαντας
3212 3616 3338 3677 τοὺς
3368 3612 3704 3684 ἐκϐρασθέν-

2125 3727 2227 3774 τας
2274 3711 2525 3779 νεκρούς.
2562 3705 2700 3762 Εἶτα
2748 3709 2840 3774 τίς
2875 3709 3195 3779 Διέρχονται
3240 3708 3436 3768 τόπους
3469 3706 3561 3757 καὶ
3597 3705 3705 3772 γὼ-

2130 3818 2229 3870 ρας
2266 3801 2589 3870 οἰκουμένας
2631 3799 2728 3854 καὶ
2785 3800 3079 3870 ἀοικήτους
3121 3799 3406 3870 ἀήττητοι,
3443 3796 3706 3858 νικῶντες

2126 3893 2294 3963 218
2332 3896 2542 3957 πάντας
2585 3894 2712 3955 τοὺς
2745 3893 3243 3962 ἀντιτεταγμένους
3283 3890 3487 3952 αὐτοῖς.
3532 3889 3619 3951 Ὠς
3643 3889 3705 3940 δι

2126 3985 2353 4054 πορνεία
2389 3986 2691 4048 ύπέπεσαν,
2726 3987 2819 4036 ἐπὶ
2851 3983 3106 4036 τοσοῦτον
3137 3980 3470 4053 ἡττήθησαν,
3501 3979 3576 4042 ὡς
3603 3983 3705 4031 καὶ

2124 4076 2426 4129 ἀποθανεῖν
2457 4077 2515 4129 ἐν
2548 4075 2625 4144 τῷ
2659 4075 2879 4144 πολέμῳ
2924 4076 3179 4145 πάραυτα
3211 4072 3333 4126 τότε
3372 4071 3705 4140 είκοσιτρεῖς

2123 4169 2398 4239 χιλιάδας.
2439 4169 2528 4222 Διὸ
2561 4169 2653 4222 καὶ
2684 4170 2713 4220 ὁ
2749 4167 2960 4230 Παῦλος
3009 4167 3142 4236 πρὸς
3181 4167 3349 4235 ἡμᾶς.
3381 4183 3400 4214 ι
3439 4162 3529 4232 Μὴ
3563 4178 3705 4232 πορ-

2121 4262 2333 4326 νεύετε,
2385 4263 2542 4332 φησὶ,
2596 4259 2778 4322 καθώς
2805 4277 2948 4321 τινες
2977 4259 3158 4311 αὐτῶν
3201 4258 3561 4326 ἐπόρνευσαν,
3607 4253 3706 4308 καὶ

2125 4353 2320 4406 ἔπεσον
2348 4355 2405 4405 ἐν
2435 4353 2535 4422 μιᾷ
2567 4351 2750 4422 ἡμέρᾳ
2798 4352 3123 4420 εἰκοσιτρεῖς
3158 4349 3412 4418 χιλιάδες.
3448 4365 3467 4399 ι
3508 4348 3616 4401 Καὶ
3649 4345 3705 4399 ει

2127 4445 2202 4514 μὴ
2241 4445 2428 4506 Φινεὲς
2462 4443 2734 4512 ζηλώσας,
2769 4444 2864 4496 καὶ
2911 4443 3009 4512 μιᾷ
3036 4442 3223 4510 πληγῇ
3261 4440 3399 4509 μετά
3428 4439 3527 4510 τῆς
3563 4454 3703 4507 πορ-

2121 4539 2423 4606 νευομένης
2472 4536 2900 4594 συναποκτείνας
2925 4535 3016 4587 τὸν
3045 4534 3105 4586 τὸ
3150 4533 3322 4604 μύσος
3360 4529 3704 4601 κατεργαξόο

445 4625 589 4682 sent,
645 4621 964 4675 omnimodo
1013 4623 1201 4674 tentati
1247 4622 1324 4674 ira
1380 4623 1470 4676 Dei
1521 4633 1740 4693 propter
1776 4623 2017 4680 fornica-

2127 4645 2312 4698 μενον,
2337 4627 2821 4694 καὶάναχαιτίσας
2869 4627 2967 4694 τὴν
3000 4627 3199 4694 πρᾶξιν
3238 4622 3566 4690 ἐξιλεὼσατο
3607 4621 3704 4676 τὸν

446 4711 612 4764 tionis
657 4712 1026 4778 iniquitatem.
1062 4711 1232 4766 l‘orro
1282 4714 1441 4768 istam
1477 4713 1587 4768 Deo
1613 4715 1858 4769 odiosam
1889 4716 2016 4769 libi-

446 4802 628 4855 dinem
663 4803 716 4856 iu
753 4803 908 4858 nobis
935 4806 1198 4873 grassari,
1234 4807 1358 4875 quis
1391 4808 1602 4861 nescit?
1637 4807 1807 4863 Nemo
1833 4820 2014 4864 autem

448 4895 542 4964 qui
594 4895 867 4960 cohibeat,
916 4895 1028 4950 fere
1087 4912 1188 4951 nec
1239 4899 1406 4951 tilium
1460 4908 1634 4966 pater,
1693 4916 1797 4954 nec
1852 4900 2018 4956 frater

449 4985 696 5050 fratrem,
751 5002 851 5040 nec
893 4989 1105 5041 amicus
1146 4990 1412 5053 amicum;
1467 4990 1576 5042 imo
1631 4999 1761 5045 sunt
1794 4992 1882 5060 qui
1927 5007 2020 5046 co-

449 5091 765 5148 operantur,
811 5080 941 5134 licet
987 5083 1184 5135 clamet
1237 5083 1576 5149 Apostolus:
1631 5102 1648 5134 ι
1687 5082 1823 5137 Cum
1866 5083 2019 5152 ejus-

449 5171 596 5224 modi
655 5187 756 5226 nec
803 5171 989 5226 cibum
1027 5188 1243 5225 sumere
1275 5175 1339 5225 ι’.
1378 5191 1396 5223 ι
1433 5173 1727 5241 Propterea
1764 5183 1938 5228 morte
1967 5184 2022 5229 et

451 5264 706 5319 universa
755 5268 998 5336 pern.cie
1045 5282 1233 5320 omnes
1280 5267 1425 5336 digni
1484 5283 1695 5321 smnus.
1731 5270 1800 5322 At
1832 5269 1878 5321 si
1913 5268 2024 5322 for-

446 5357 647 5413 nicatio
683 5358 774 5412 tali
806 5369 859 5412 et
890 5368 1038 5412 tanta
1090 5369 1175 5414 est
1223 5360 1573 5414 damnatione
1603 5361 1787 5429 digna,
1817 5369 2022 5429 quanto

447 5454 620 5520 magis
650 5451 906 5505 adulterii
945 5451 1201 5506 facinus?
1249 5453 1403 5517 Quod
1444 5469 1545 5507 nec
1602 5468 1769 5506 unum
1807 5463 2015 5506 tantum

449 5548 533 5596 vel
571 5549 728 5610 duos,
762 5545 855 5598 sed
889 5555 1028 5598 totas
1061 5546 1253 5598 domus
1285 5556 1336 5597 et
1383 5548 1518 5599 vitas
1559 5548 1818 5614 integras,
1849 5554 2016 5596 totas-

524 5727 566 5754 ¹⁰
608 5723 776 5778 iCor.
815 5742 888 5785 vt,
931 5725 1010 5777 l0.
1093 5728 1132 5757 “
1170 5725 1337 5780 lCor.
1372 5741 1425 5788 ς,
1457 5727 1508 5779 8.
1591 5726 1632 5754 ¹²
1669 5725 1687 5777 Ι
1720 5726 1848 5782 Cor.
1882 5744 1934 5796 ν,
1967 5728 2017 5783 8.

2125 4718 2280 4782 Θεὸν,
2318 4719 2422 4772 κᾶν
2471 4721 2671 4781 πάντες
2731 4717 3032 4781 ἀπώλοντο,
3085 4715 3354 4783 παγγενεὶ
3397 4715 3497 4784 τῆς
3546 4712 3703 4774 θείας

2123 4809 2295 4877 ὀργῆς
2341 4807 2696 4878 πειραθέντες
2737 4807 2827 4860 διά
2861 4807 2957 4875 τὴν
3005 4807 3103 4874 τῆς
3149 4805 3410 4873 πορνείας
3458 4815 3702 4870 παρανο-

2130 4903 2280 4969 μίαν.
2324 4902 2414 4954 Ἑν
2451 4903 2579 4971 ὑμῖν
2605 4901 2657 4954 δὲ
2704 4901 2786 4953 ὅτι
2821 4902 2920 4970 μὲν
2962 4900 3264 4970 ἐνεργεῖται
3312 4897 3373 4947 τὸ
3407 4893 3702 4962 Θεοστυγές

2127 4991 2284 5046 τοῦτο
2326 4993 2520 5057 πάθος,
2550 4985 2632 5054 τις
2658 4993 2758 5044 οὐκ
2799 4989 2903 5043 eis:
2933 5008 2946 5054 ;
2986 4992 3042 5042 '0
3071 4991 3126 5042 δὲ
3162 4987 3385 5043 κωλύων
3411 4987 3607 5047 οὐδεὶς,
3635 4983 3700 5037 οὗ

2130 5085 2295 5137 παῖδα
2326 5087 2511 5154 σχεδὸν
2540 5085 2725 5154 πατήρ
2749 5101 2761 5114 ο
2793 5086 2891 5136 οὐκ
2918 5085 3145 5151 ἁδελφὸς
3170 5081 3395 5148 ἀδελφόν
3413 5095 3427 5109 ·
3455 5080 3514 5132 ού
3546 5079 3703 5145 φίλος

2132 5179 2318 5245 φίλονο
2367 5178 2475 5231 εἰσὶ
2527 5178 2582 5230 δέ
2638 5177 2686 5231 οἳ
2738 5180 2830 5232 καὶ
2882 5180 3313 5247 συμπράττουσι,
3377 5171 3549 5226 καίτοι
3601 5167 3702 5221 τοῦ

2143 5270 2468 5323 Ἀποστὸλου
2509 5271 2759 5337 λέγοντος
2790 5286 2802 5298 ⁸
2835 5288 2852 5320 ι
2893 5260 3022 5332 Τοῖς
3066 5265 3330 5329 τοιούτοις
3377 5264 3512 5334 μηδέ
3543 5278 3698 5324 συνε-

2133 5361 2302 5414 σθίειν
2323 5379 2336 5393 ·
2376 5380 2394 5412 ι
2425 5362 2511 5413 διὰ
2544 5361 2701 5413 τοῦτο
2731 5362 2965 5414 θανάτου
3012 5359 3106 5414 καὶ
3140 5357 3519 5425 πανωλεθρίας
3557 5356 3697 5405 πᾶν.

2128 5470 2219 5513 τες
2256 5453 2418 5522 ἐσμὲν
2449 5452 2612 5516 ἄξιοι.
2647 5455 2706 5505 Εἰ
2733 5453 2789 5506 δὲ
2829 5455 2861 5522 ἡ
2891 5454 3116 5522 πορνεία
3143 5449 3416 5519 τοσαύτης
3466 5446 3561 5499 καὶ
3593 5461 3694 5496 τοι·

2127 5545 2297 5614 αὐτῆς
2325 5545 2618 5615 καταδίκης
2643 5545 2789 5610 ἀξία,
2829 5547 2979 5616 πόσῳ
3008 5545 3207 5615 μᾶλλον
3235 5543 3293 5595 τὸ
3318 5542 3415 5612 τῆς
3451 5541 3696 5609 μοιχείας
