4078 6216
517 322 620 384 491

1745 308 2124 371 cnseonu
2166 309 2494 400 emus

3665 303 3770 371 £92

517 444 768 496 calores;
804 438 936 500 quot
986 428 1131 485 enim
1178 427 1377 483 damna
1415 422 1727 479 ementibus
1787 421 2088 476 venditores

2197 438 2306 475 των
2336 420 2524 474 κακῶν
2570 420 2753 475 αἰτίαν
2776 436 2791 454 ο
2826 421 2919 476 καὶ
2951 421 3049 493 οὐχ
3094 421 3145 475 οῖ
3180 417 3313 490 παρ’
3338 420 3469 490 ἡμῖν
3510 419 3770 491 ἄρχοντες

516 527 723 596 aliique
750 523 1122 594 negotiatores
1159 519 1365 575 inferre
1396 516 1758 577 meditantur,
1808 528 1907 567 nec
1942 527 2095 567 men-

516 621 667 678 suris
700 634 800 676 nec
828 615 1160 688 ponderibus
1189 612 1383 684 aequis,
1404 624 1531 665 cum
1561 608 1791 679 possint,
1831 614 2049 662 utentes
2074 605 2087 657 ι

585 891 883 959 PrOpterea
908 894 962 942 et
990 894 1218 957 propter
1262 883 1475 939 similes
1506 894 1703 937 causas
1732 880 2088 950 castigamur,

512 992 567 1039 et
596 984 775 1037 adhuc
806 978 1235 1051 castigabimur;
1292 990 1415 1029 nam
1464 972 1838 1028 desideramus
1872 970 2090 1041 quidem

512 1084 568 1129 et
595 1074 893 1141 qumrimus
943 1084 975 1124 a
1028 1067 1243 1124 damnis
1294 1064 1571 1130 solvi,sed
1617 1061 1839 1117 offensis
1874 1068 2093 1130 propter

516 1181 655 1237 quas
691 1164 1027 1233 castigamur
1082 1160 1221 1214 alias
1282 1158 1594 1228 adjicimus.
1657 1154 1835 1210 Vultis
1880 1154 2093 1209 discrre

512 1268 781 1329 quantum
833 1255 1036 1309 malum
1070 1253 1142 1307 sit
1170 1252 1293 1307 sitis
1343 1265 1506 1320 opum
1544 1244 2015 1303 retluudantium?
2048 1246 2093 1300 A

513 1355 673 1423 plaga
712 1362 1052 1420 quamnunc
1103 1346 1366 1416 patimur,
1410 1344 1510 1396 hoc
1561 1340 1913 1413 cognoscite;
1963 1352 2091 1392 nam

516 1444 831 1499 redundans
876 1439 1101 1510 sanguis
1153 1452 1320 1491 unum
1380 1435 1628 1504 corporis
1674 1435 2090 1489 elementorum.

514 1536 657 1590 sicut
698 1535 935 1594 vidistis.
992 1540 1221 1585 mortem
1254 1526 1416 1581 infert
1460 1524 1867 1594 languentibus.
1921 1521 2094 1591 Igitur

514 1624 980 1695 quemadmodum
1012 1623 1067 1677 iu
1101 1635 1337 1692 corpore
1359 1619 1725 1675 redundantia
1747 1631 1950 1685 corpus
1974 1629 2093 1670 cor-

512 1720 865 1792 rumpit,_ita
921 1731 1045 1787 qua:
1089 1724 1172 1770 est
1219 1715 1273 1769 in
1318 1713 1501 1767 anima
1552 1711 1677 1767 sitis
1721 1724 1887 1779 apum
1922 1707 2090 1763 nimia

513 1814 755 1869 animam
793 1812 969 1882 perdit
1007 1819 1062 1865 et
1092 1808 1317 1872 occidit,
1358 1807 1426 1861 ab
1466 1822 1527 1860 ea
1578 1803 1670 1859 Dei
1714 1804 1944 1873 gratiam
1999 1817 2093 1856 ex-

513 1908 890 1964 cellentiorem
937 1905 1106 1959 vitam
1156 1901 1488 1957 amovendo.
1540 1898 1662 1953 “me
1712 1908 1894 1953 autem
1941 1911 2093 1952 mors

516 2003 715 2057 animm
746 2014 963 2069 semper
1012 1994 1285 2053 antecedit
1325 2006 1558 2048 mortem
1615 1992 1829 2063 corpori
1884 1990 2089 2044 illatam

515 2112 580 2149 es
630 2092 986 2149 derelictione
1040 2091 1172 2155 Dei;
1220 2088 1345 2145 ideo
1368 2100 1433 2140 ex
1462 2095 1681 2145 peccato
1710 2096 1765 2138 et
1792 2082 2093 2152 reiectione

514 2184 761 2241 mandati
794 2182 965 2237 divini
1023 2196 1173 2236 mors
1207 2181 1276 2234 ab
1317 2178 1474 2232 initio
1518 2176 1574 2231 in
1613 2176 1878 2231 mundum
1921 2174 2093 2229 intra-

516 2280 626 2343 vit;
680 2278 843 2333 homo
898 2273 1123 2345 quidem
1186 2272 1261 2326 ita
1326 2278 1681 2338 traogressns
1742 2268 1927 2322 statim
1979 2280 2091 2320 non

516 2370 701 2442 periit,
742 2370 846 2423 hoc
880 2381 1012 2421 vero
1048 2379 1075 2417 a
1110 2364 1222 2419 Deo
1268 2366 1479 2433 accepit
1510 2362 1603 2431 qui
1644 2360 1717 2415 illi
1748 2360 1979 2429 largitus
2007 2369 2092 2417 est

514 2478 735 2533 tempus
785 2460 1142 2530 pmuiteutiaz.
1230 2454 1449 2511 Poterat
1499 2468 1694 2510 omnes
1753 2453 2003 2509 homines
2059 2467 2092 2510 e

512 2559 692 2617 nihilo
734 2555 901 2615 simul
930 2553 1194 2617 educere,
1240 2553 1386 2607 sicut
1430 2550 1675 2621 angelos,
1707 2548 2090 2620 archangelos,

512 2652 888 2724 principatus,
964 2659 1300 2720 potestates,
1352 2646 1608 2713 virtutes,
1661 2645 2087 2713 dominationes,

511 2745 851 2808 Cberubim,
888 2741 1208 2812 Seraphim,
1260 2738 1527 2794 sublimes
1583 2737 1831 2803 thronos,
1882 2737 2091 2793 solum-

513 2838 682 2895 modo
729 2837 1080 2906 eogitavit,et
1118 2832 1380 2903 cogitatio
1407 2831 1525 2902 ejus
1548 2827 1740 2886 effecta
1771 2829 1894 2894 fuit,
1929 2836 1987 2885 et
2020 2830 2092 2884 si-

513 2930 629 2985 mul
681 2944 875 2986 omnes
922 2924 1178 2998 producti
1232 2934 1404 2991 sunt;
1457 2933 1671 2996 poterat
1718 2939 1846 2992 ergo
1875 2926 1926 2978 in
1982 2936 2089 2978 uno

514 3024 779 3095 temporis
809 3033 1089 3079 momento
1124 3023 1447 3078 universum
1476 3032 1653 3090 genus
1688 3019 1973 3075 hominum
2006 3017 2089 3072 fa-

2200 515 2379 583 μόνον,
2406 513 2541 567 ἀλλὰ
2566 515 2659 567 καὶ
2680 516 2729 567 oi
2753 515 3002 583 ἀγοραῖοι
3027 530 3044 547 ·
3075 513 3217 565 πόσα
3240 511 3345 581 γὰρ
3365 512 3631 582 ιπιζήμια
3658 515 3771 574 τοῖς

2195 605 2564 676 ἀγοράζουσιν
2592 604 2642 659 οἱ
2667 606 2796 677 παρ’
2820 609 2952 677 ήμῖν
2979 604 3217 675 κάπηλοι
3242 606 3333 658 καὶ
3360 606 3409 657 oi
3432 605 3582 659 ἄλλοι
3603 606 3773 675 εμπο-

2196 716 2282 769 ροι
2324 700 2719 768 ἐπιτεχνῶνται
2745 740 2758 765 ,
2808 699 2943 769 μηδὲ
2984 699 3204 769 μέτροις
3256 697 3347 750 καὶ
3404 696 3661 767 σταθμοῖς
3692 696 3773 749 δι-

2194 793 2391 854 καίοις,
2418 792 2507 845 ὅτε
2534 791 2816 857 δύνανται,
2850 792 3121 862 χρώμενοι
3160 794 3175 847 ί

2268 887 2367 939 Διά
2397 885 2573 940 ταῦτα
2623 887 2719 940 καὶ
2750 887 2817 940 τὰ
2866 886 3093 940 τοιαῦτα
3122 884 3517 954 παιδευόμεθα,
3547 883 3644 937 καὶ
3686 884 3771 936 ἔτι

2194 976 2679 1047 παιδευθησόμεθα
2700 994 2712 1007 ο
2764 977 2863 1047 τὴν
2897 976 2993 1045 μὲν
3022 977 3129 1048 γᾶρ
3169 978 3279 1030 τῶν
3311 976 3585 1046 ἑπηρειῶν
3613 973 3772 1027 λύσιν

2196 1070 2473 1140 ποθοῦμεν
2502 1088 2561 1123 τε
2608 1074 2705 1125 καὶ
2734 1067 3029 1141 ζητοῦμεν,
3074 1073 3186 1133 τοῖς
3208 1070 3263 1124 δὲ
3307 1070 3612 1140 πταίσμασι
3639 1069 3707 1121 δι’
3736 1068 3774 1121 ἃ

2196 1158 2567 1233 παιδευόμεθα
2599 1164 3106 1235 καῖ’προστίθεμεν.
3137 1164 3399 1218 Βούλεσθε
3424 1163 3617 1235 μαθεῖν
3648 1162 3776 1214 ὅσον

2196 1256 2228 1325 ή
2264 1255 2553 1321 πλεονεξία
2605 1257 2817 1323 κακόνς
2864 1258 3000 1311 Ἀπὸ
3040 1259 3144 1325 τῆς
3183 1257 3418 1327 πληγῆς,
3466 1250 3534 1327 ἦς
3566 1254 3774 1325 ἀρτίως

2194 1347 2503 1417 πάσχομεν,
2549 1346 2709 1402 τοῦτο
2756 1348 3066 1419 γνώσεσθεο
3115 1348 3517 1418 πλεονεκτῆσαν
3571 1348 3679 1417 γὰρ
3714 1346 3775 1399 ἓν

2192 1440 2304 1493 τῶν
2360 1444 2420 1494 ὲν
2483 1442 2601 1504 τοῖς
2656 1442 2873 1511 σώμασι
2925 1443 3204 1515 στοιχείων
3253 1442 3314 1496 τὸ
3364 1437 3525 1512 αἷμα,
3584 1439 3775 1502 καθὼς

2191 1532 2378 1602 δρᾶτε,
2418 1532 2511 1587 τὸν
2564 1533 2795 1589 θάνατον
2843 1536 3099 1605 επιφέρει
3146 1536 3261 1599 τοῖς
3305 1533 3775 1605 ἀποθνήσκουσιν.

2205 1624 2293 1685 Ὠς
2334 1619 2429 1679 οὖν
2474 1628 2535 1679 ὲν
2567 1624 2788 1696 σώματι
2818 1626 3102 1692 πλεονεξία
3140 1626 3445 1697 διαφθείρει
3477 1625 3539 1679 τδ
3588 1624 3773 1694 σῶμα,

2192 1716 2366 1778 οῦτως
2394 1718 2427 1789 ή
2454 1719 2511 1772 ιν
2542 1722 2610 1791 τῇ
2649 1717 2795 1791 ψυχῇ
2845 1718 2941 1790 τὴν
2974 1720 3154 1791 ψυχὴν
3197 1719 3500 1790 διαφθείρει
3546 1720 3642 1771 καὶ
3675 1716 3774 1770 Oa-

2195 1812 2365 1873 νατοῖ,
2420 1810 2520 1882 τὴν
2556 1811 2651 1866 τοῦ
2692 1812 2828 1867 Θεοῦ
2877 1811 3037 1884 χάριν
3086 1805 3233 1884 ζωήν
3269 1809 3435 1866 οὖσαν
3490 1810 3777 1882 θειοτέραν

2194 1904 2289 1957 ἀπ’
2325 1903 2502 1973 αὐτῆς
2554 1903 2884 1971 ὲκδιώξασα.
2935 1905 3463 1975 Προκαταλαμόἀνει
3506 1904 3563 1956 δὲ
3611 1903 3700 1957 ἀεὶ
3745 1901 3775 1954 ό

2192 1994 2438 2059 τοιοῦτος
2470 1996 2571 2066 τῆς
2601 1994 2781 2066 ψυχῆς
2821 1994 3053 2060 θάνατος
3089 1996 3183 2049 τὸν
3214 1995 3280 2049 ἐκ
3312 1995 3411 2065 τῆς
3454 1992 3777 2063 ἐγκαταλεί-

2192 2087 2339 2157 ψεως
2394 2086 2485 2140 τοῦ
2531 2086 2669 2140 Θεοῦ
2702 2088 3083 2159 ἐπιγινόμενον
3124 2088 3201 2158 τῷ
3236 2086 3449 2159 σώματι
3495 2088 3730 2142 θάνατον
3756 2100 3773 2115 ·

2192 2183 2317 2237 hui
2342 2180 2439 2236 καὶ
2463 2180 2563 2253 τήν
2588 2182 2767 2253 ἀρχὴν
2798 2183 2862 2236 ὲκ
2890 2182 2987 2250 τῆς
3015 2182 3292 2254 ἁμαρτίας
3325 2184 3418 2236 καὶ
3447 2181 3545 2251 τῆς
3570 2180 3775 2249 ἀθετή-

2195 2292 2334 2341 σεως
2367 2276 2470 2347 τῆς
2516 2275 2667 2339 θείας
2718 2275 2941 2345 ιντολῆς
2974 2276 3003 2329 δ
3050 2276 3279 2341 θάνατος
3325 2276 3403 2340 είς
3434 2276 3528 2329 τὸν
3560 2275 3773 2347 κόσμον

2192 2370 2467 2442 εἰσῆλθεν,
2497 2369 2599 2423 οὐκ
2637 2370 2877 2423 ἀπέθανε
2915 2369 2971 2424 δὲ
3004 2372 3032 2423 ό
3062 2370 3349 2441 ἄνθρωπος
3375 2369 3634 2438 πάραυτα
3660 2386 3776 2423 πα·

2194 2464 2389 2535 ρασάς,
2423 2461 2517 2517 τοῦ
2564 2459 2701 2516 Θεοῦ
2756 2461 2950 2532 καιρὸν
3002 2463 3291 2533 μετανοίας
3322 2460 3472 2529 αὖτῷ
3508 2463 3777 2530 παρέχον·

2190 2574 2306 2621 τος.
2346 2555 2607 2611 Ἥδύνατο
2648 2556 2705 2610 δὲ
2748 2557 2845 2610 καὶ
2883 2555 3091 2619 πάντας
3118 2547 3255 2626 όμοῦ
3292 2557 3418 2615 τοὺς
3447 2554 3775 2623 ἀνθρώπους

2191 2654 2257 2707 ὲκ
2285 2651 2361 2725 μή
2405 2651 2575 2705 ὄντων
2605 2650 2973 2721 παραγαγεῖν,
3015 2647 3140 2702 ἐπεὶ
3173 2647 3267 2701 καὶ
3306 2646 3433 2709 τοὺς
3475 2645 3772 2715 ἀγγέλους,

2189 2742 2318 2801 τοὺς
2365 2739 2767 2811 ἀρχαγγέλους,
2810 2738 2908 2803 τὰς
2955 2739 3150 2809 ἀρχὰς,
3198 2738 3297 2801 τὰς
3338 2736 3620 2806 δυνάμεις,
3668 2737 3775 2802 τὰς

2190 2834 2464 2899 ἔξουσίας,
2511 2836 2609 2896 τὰς
2644 2832 2996 2903 κυριότητας,
3026 2834 3094 2887 τὰ
3138 2832 3446 2904 Χερουϐὶμ,
3484 2832 3554 2886 τὰ
3594 2832 3776 2904 Σερα-

2192 2928 2321 2999 φὶμ,
2350 2926 2479 2991 τοὺς
2536 2926 2798 2981 ἀνωτάτω
2836 2925 3081 2998 θρόνους,
3128 2926 3379 2997 ἐνενόησε
3430 2926 3618 2995 μόνον,
3666 2927 3773 2981 καὶ

2189 3020 2252 3074 τὸ
2287 3020 2528 3089 ἐννόημα
2565 3018 2724 3091 ἔργον
2754 3013 2842 3090 ἦν,
2896 3020 2990 3073 καὶ
3018 3017 3153 3089 ὁμοῦ
3186 3018 3553 3089 παρήχθήσαν
3592 3016 3775 3073 ἅπαν.

514 3131 677 3182 rere,
727 3125 784 3171 et
824 3131 1017 3172 rursus
1056 3122 1274 3185 poterat
1322 3114 1374 3168 in
1404 3112 1553 3167 brevi
1593 3111 1743 3167 liora:
1809 3122 2088 3166 momento

2190 3131 2302 3177 τες.
2348 3111 2610 3167 Ἥόύνατο
2640 3107 2738 3166 οὖν
2774 3114 2833 3166 iv
2864 3111 2963 3184 μιᾷ
3012 3110 3206 3182 καιροῦ
3254 3112 3393 3181 ῥοπῇ
3422 3111 3519 3164 καὶ
3546 3109 3774 3164 πάντων

513 3208 641 3264 illos
688 3223 787 3280 per
821 3218 1055 3264 mortem
1098 3206 1285 3261 delere
1334 3220 1365 3260 a
1419 3205 1561 3262 facie
1612 3213 1791 3271 terra,
1838 3204 1983 3258 sicut
2031 3203 2086 3257 in

514 3299 725 3355 diluvio
758 3299 988 3367 fecerat,
1021 3298 1135 3353 Noe
1184 3312 1311 3353 cum
1346 3296 1537 3352 liberis
1571 3296 1746 3352 solum
1770 3295 2090 3352 custodiens

513 3392 583 3449 ad
644 3408 837 3449 novam
887 3390 1219 3463 gignendam
1280 3388 1716 3461 generationem.
1780 3386 1887 3443 Sed
1944 3386 2088 3443 istud

516 3503 626 3544 non
659 3487 829 3542 voluit
859 3494 1083 3558 propter
1119 3481 1510 3547 clementiam;
1553 3481 1647 3537 sed
1704 3480 1981 3536 consuluit
2030 3489 2090 3533 ut

512 3582 570 3635 in
601 3580 752 3643 alio,
798 3579 880 3634 vel
918 3578 1081 3632 etiam
1134 3575 1190 3629 in
1247 3573 1436 3629 multis
1487 3572 1612 3629 aliis
1660 3572 1780 3629 sive
1823 3572 2092 3643 sanguine

515 3671 824 3743 conjunctis
874 3668 990 3724 sive
1035 3665 1234 3722 alienis
1273 3664 1571 3719 videamus
1610 3661 1818 3734 singuli
1856 3673 2087 3717 mortem

511 3779 678 3835 quam
733 3760 977 3831 elegere
1021 3759 1247 3814 minime
1294 3757 1645 3828 poterimus,
1720 3765 1782 3811 ut
1834 3771 1931 3827 per
1983 3756 2089 3811 hoc

511 3855 884 3928 spectaculum
948 3854 1017 3909 ad
1097 3850 1475 3923 panitentiam
1541 3858 1596 3905 et
1666 3850 2079 3905 meditationem

513 3959 747 4007 mortem
786 3945 1239 4016 subsequentium
1284 3943 1645 3999 addueamur.
1693 3941 1797 3996 Sed
1823 3956 1951 3995 cum
1986 3954 2089 3995 nos

509 4047 695 4102 videat
756 4042 963 4099 nuilam
1009 4048 1235 4110 agentes
1273 4034 1649 4106 paenitentiam
1676 4072 1695 4098 ,
1767 4034 2089 4105 nullamque

510 4140 824 4193 futurorum
858 4146 1049 4189 curam
1104 4128 1391 4191 habentes,
1425 4133 1658 4180 mortem
1684 4124 1799 4180 fere
1828 4125 2088 4181 omnibus

511 4233 678 4289 simul
730 4229 920 4292 infert,
974 4238 1083 4279 rion
1120 4220 1404 4276 sustinens
1444 4226 1506 4273 ut
1548 4218 1605 4272 in
1658 4218 1806 4273 malo
1838 4219 2089 4276 vivamus

510 4337 566 4382 et
595 4333 881 4395 peccatum
911 4318 1308 4390 producamus.
1356 4309 1420 4365 Et
1463 4311 1582 4367 haec
1608 4321 1693 4368 est
1744 4312 1934 4367 ultima
1976 4330 2087 4383 qua

2190 3202 2496 3275 ἀνθρώπων
2532 3202 2594 3255 τδ
2631 3204 2789 3272 γένος
2829 3198 3053 3272 πὸιῆσαι
3077 3217 3091 3232 ’
3134 3202 3230 3256 καὶ
3270 3200 3434 3255 πάλιν
3460 3202 3517 3254 ἐν
3547 3199 3628 3254 ἀνί
3658 3217 3773 3255 τινι

2189 3297 2284 3351 καὶ
2321 3295 2614 3369 ὡρισμένῳ
2642 3295 2822 3366 καιρῷ
2850 3296 2939 3351 διὰ
2966 3296 3061 3350 τοῦ
3097 3294 3330 3350 θανάτου
3360 3294 3580 3358 τούτους
3621 3297 3774 3349 άπα-

2187 3388 2370 3460 λεῖψαι
2393 3389 2492 3460 τῆς
2517 3390 2643 3461 γῆς,
2670 3388 2745 3452 ὡς
2772 3388 2867 3444 καὶ
2900 3390 2957 3443 ἐν
2974 3388 3052 3458 τῷ
3074 3386 3447 3457 κατακλυσμῷ
3470 3386 3769 3460 πεποίηκε.

2188 3486 2281 3535 τδν
2332 3481 2455 3535 Νῶε
2494 3481 2633 3551 μετὰ
2686 3480 2801 3535 τῶν
2848 3480 3052 3535 παίδων
3102 3479 3434 3551 διαφυλάξας
3467 3480 3630 3549 μόνον
3682 3480 3773 3546 είς

2186 3572 2450 3645 δευτέρας
2484 3574 2677 3644 γενεᾶς
2712 3572 2950 3642 γένεσιν.
2989 3570 3131 3627 Ἀλλ’
3179 3572 3283 3626 οὒκ
3323 3572 3558 3642 ἠθέλησε
3606 3569 3772 3627 τοῦτο

2187 3666 2275 3720 διὰ
2306 3664 2723 3736 φιλανθρωπίαν
2743 3682 2758 3697 ’
2790 3664 3111 3736 ᾠκονόμήσε
3141 3666 3248 3735 γάρ
3276 3666 3335 3717 ὲν
3362 3663 3526 3735 ἄλλῳ,
3561 3664 3771 3735 μᾶλλον

2182 3759 2242 3814 δὲ
2278 3758 2494 3823 πολλοῖς
2544 3758 2725 3823 ἄλλοις
2777 3758 3001 3817 οἰκείοις
3045 3774 3105 3811 τε
3147 3757 3269 3810 καθ’
3322 3752 3463 3827 αἷμα
3518 3758 3615 3814 καὶ
3660 3759 3769 3813 οῦκ

2185 3854 2431 3915 οἰκείοις.
2470 3852 2687 3923 βλέπειν
2737 3852 2894 3922 ἡμῶν
2926 3852 3155 3905 ἕκαστον
3184 3851 3274 3904 τὸν
3310 3849 3601 3920 ἀᾳεύκτως
3637 3848 3771 3915 μιλ-

2188 3942 2348 3997 λοντα
2379 3943 2791 4015 καταλήψεσθαι
2818 3944 3069 4009 θάνατον,
3092 3946 3177 3997 ἵνα
3200 3943 3289 3998 διὰ
3317 3943 3415 4015 τῆς
3442 3941 3605 3996 αὑτοῦ
3631 3944 3770 4006 θέας

2190 4035 2515 4105 ὶναγώμεθα
2564 4034 2701 4107 πρὸς
2743 4034 3031 4105 μετάνοιαν
3067 4037 3160 4088 καὶ
3206 4035 3440 4107 μελέτην
3476 4034 3585 4090 τῶν
3624 4038 3769 4105 μετά

2190 4130 2443 4185 θάνατον.
2492 4126 2648 4182 Ἐπεὶ
2674 4128 2731 4182 δὲ
2760 4127 2855 4182 νῦν
2901 4129 3047 4199 ἡμᾶς
3080 4129 3431 4181 παντάπασιν
3457 4128 3769 4197 άμετανοήο

2187 4240 2309 4284 τους
2338 4221 2545 4286 ζῶντας
2576 4221 2697 4292 ὁρᾷ.
2733 4222 2829 4274 stat
2864 4219 3137 4291 μηδεμίαν
3164 4222 3271 4273 τῶν
3306 4221 3605 4290 μελλόντων
3637 4236 3765 4274 ποι-

2188 4314 2455 4382 ουμένους
2515 4312 2808 4385 φροντίδα,
2859 4313 2949 4367 τὸν
3010 4313 3244 4367 θάνατον
3310 4314 3509 4377 ἐπάγει
3575 4314 3769 4383 σχεδὸν

509 4422 601 4478 hic
627 4416 932 4489 puniuntur
959 4417 1275 4479 peccatores
1302 4404 1476 4476 plaga,
1510 4414 1571 4459 ut
1615 4421 1685 4463 ex
1749 4404 2085 4478 [Egyptiacis

2192 4406 2360 4459 πᾶσιν
2386 4404 2523 4475 ὁμοῦ
2556 4405 2806 4468 δικαίως,
2856 4405 2931 4475 μὴ
2965 4404 3292 4476 ἀνεχόμενος
3336 4406 3431 4460 ἐπὶ
3460 4404 3614 4477 κακῷ
3662 4406 3767 4476 ζῇν

509 4513 687 4585 plagis
726 4505 1039 4566 didicimus.

584 4779 885 4835 Possumus
931 4791 997 4831 ex
1060 4776 1225 4831 modo
1269 4774 1435 4845 iustae
1491 4772 1654 4829 istius
1706 4772 2085 4844 castigationis

508 4868 976 4939 comprehendere
1026 4874 1292 4935 quantum
1346 4865 1402 4918 in
1473 4865 1642 4920 Deum
1687 4866 2081 4935 peccavimus;

513 4977 640 5015 nam
680 4960 903 5015 homine
934 4957 1263 5025 castigante,
1308 4954 1423 5009 fieri
1474 4964 1654 5024 potest
1690 4966 1749 5009 ut
1788 4956 1906 5012 sine
1931 4955 2083 5026 justa

509 5068 678 5107 eausa
712 5051 795 5106 vel
822 5058 1040 5120 propter
1075 5048 1337 5101 oiIensam
1362 5046 1531 5101 levem
1560 5046 1805 5101 offensor
1830 5063 2083 5121 magnam

513 5145 709 5198 subeat
741 5155 960 5213 pmnam
991 5156 1056 5194 ex
1088 5137 1357 5209 iniustitia
1385 5138 1466 5191 vel
1504 5140 1719 5194 feritate
1742 5142 2082 5212 castigante;

510 5235 606 5291 sed
661 5246 900 5302 superna
958 5229 1254 5285 clementia
1309 5230 1376 5283 ad
1434 5229 1567 5284 iram
1622 5231 1828 5286 moveri
1871 5233 2084 5303 nequit,

511 5342 615 5384 nec
650 5323 960 5381 mortiferas
990 5322 1198 5378 inferre
1238 5322 1449 5396 plagas,
1490 5323 1594 5378 nisi
1630 5323 1789 5379 valde
1821 5338 2087 5395 peccave-

512 5422 708 5483 rimus.
743 5426 799 5476 et
847 5418 899 5471 in
954 5418 1196 5487 peccatis
1244 5417 1364 5469 sine
1412 5415 1732 5485 paenitentia
1769 5432 2089 5487 persevere-

511 5528 653 5569 mus.
678 5512 820 5569 ‘lndc
840 5524 979 5580 ergo
1012 5522 1403 5579 agnoscamus,
1428 5505 1647 5573 fratres,
1680 5509 2082 5566 multitudinem

505 5616 562 5661 et
594 5606 916 5677 gravitatem
949 5611 1299 5675 peccatorum
1343 5608 1683 5664 nostrorum,
1720 5612 1775 5656 et
1800 5610 2085 5657 avertatur

506 5700 890 5769 unusquisque
941 5712 970 5751 a
1013 5694 1332 5752 carnalibus
1375 5692 1495 5748 suis
1542 5692 1993 5762 cogitationibus,
2025 5704 2081 5750 et

507 5796 860 5847 convertatur
887 5786 953 5843 ad
988 5786 1302 5843 Dominum.
1339 5780 1722 5841 Pmnitcutiam
1756 5798 1980 5858 agamus
2008 5803 2075 5845 ex

2112 4467 2162 4526 Β
2187 4499 2340 4568 ἡμᾶς
2370 4467 2465 4550 κάλ
2493 4494 2801 4567 παρατάσει
2958 4467 3254 4567 ἁμαρτίας.
3277 4467 3398 4550 Καὶ
3426 4467 3770 4560 οὗτός-ἐστίν

2189 4593 2225 4663 ή
2257 4588 2545 4645 τελευταία
2580 4589 2811 4645 ενταῦθα
2850 4590 2961 4643 τῶν
2990 4590 3418 4660 ἁμαρτανόντων
3446 4588 3650 4661 πληγὴ,
3684 4590 3767 4655 ὡς

2190 4681 2298 4735 ἀπὸ
2334 4681 2442 4735 τῶν
2467 4679 2859 4749 Αἰγυπτιακῶν
2886 4679 3114 4751 πληγῶν
3138 4680 3513 4751 ἐδιδάχθημεν.

2264 4774 2423 4828 ΙἘστι
2464 4772 2644 4828 τοίνυν
2696 4773 2791 4826 καὶ
2838 4773 2949 4828 ἀπὸ
2996 4770 3092 4825 τοῦ
3140 4774 3343 4843 τρόπου
3394 4772 3495 4844 τῆς
3544 4772 3762 4827 ἐνδίκου

2190 4866 2395 4933 ταύτης
2438 4863 2687 4928 παιδείας
2721 4862 3050 4919 καταλαϐεῖν
3085 4865 3238 4936 ήμᾶς
3271 4866 3395 4918 ὅσον
3436 4867 3766 4937 ἡμάρτομεν

2182 4959 2263 5020 είς
2298 4957 2431 5011 Θεόν
2453 4972 2468 4988 ⁸
2510 4956 2800 5027 ἀνθρώπου
2854 4957 2953 5027 μὲν
2982 4944 3093 5029 γάρ
3126 4957 3499 5023 παιδεύοντος,
3531 4959 3763 5013 δυνατὸν

2185 5050 2280 5105 καὶ
2305 5054 2471 5121 χωρὶς
2497 5051 2676 5114 αίτίας
2696 5052 2914 5115 δικαίας
2936 5052 3032 5106 καὶ
3060 5056 3265 5125 μικρᾶς
3289 5054 3562 5127 ἁμαρτίας
3586 5054 3761 5110 ἕνεκα

2187 5144 2432 5213 μεγάλην
2464 5143 2765 5214 ὑποστῆναι
2792 5146 2883 5199 τὸν
2912 5146 3217 5202 πταίσαντα
3235 5148 3509 5219 τιμωρίαν
3536 5147 3627 5202 διά
3652 5146 3761 5218 τήν

2184 5231 2446 5302 ἀκρισίαν
2497 5232 2531 5303 ἢ
2576 5232 2674 5306 τὴν
2716 5235 2984 5305 ἀπήνειαν
3030 5235 3126 5290 τοῦ
3161 5236 3502 5306 κολάζοντος,
3541 5238 3641 5313 τήν
3691 5237 3759 5296 δέ

2186 5340 2252 5392 γε
2282 5325 2544 5378 ἀνωτάτω
2575 5325 2986 5395 φιλανθρωπίαν
3019 5328 3120 5384 οὐκ
3148 5328 3261 5383 ἔστι
3293 5329 3431 5400 πρὸς
3468 5330 3639 5402 θυμὸν
3668 5350 3763 5387 κι-

2185 5416 2418 5489 νηθῆναι
2473 5417 2747 5483 τοσοῦτον,
2793 5421 2888 5473 καὶ
2927 5421 3151 5491 πληγῶν
3196 5420 3589 5495 θανατηφόρων
3618 5428 3763 5481 επις.

2185 5508 2395 5580 γωγήν,
2416 5506 2481 5563 ἂν
2508 5509 2583 5580 μὴ
2612 5509 2826 5578 μεγάλα
2848 5511 3207 5582 ἀμάρτωμεν,
3230 5516 3323 5567 καὶ
3342 5514 3760 5585 ἁμαρτάνοντες

2184 5602 2545 5674 ἀμετανόητοι
2572 5603 2939 5675 διαμένωμεν.
2986 5604 3328 5675 Ἐπιγνῶμεν
3353 5603 3471 5673 οὖν,
3508 5609 3755 5680 ἀδελφοι,

2188 5693 2482 5749 κάντεῦθεν
2512 5696 2574 5747 τὸ
2604 5696 2806 5765 πλῆθος
2843 5700 2935 5751 καὶ
2976 5698 3037 5751 τὸ
3078 5699 3306 5769 μίγεθος
3332 5700 3443 5753 τῶν
3468 5702 3760 5773 ήμετερων

2189 5787 2622 5862 ἁμαρτημάτων,
2672 5795 2763 5845 καὶ
2807 5792 3202 5866 ἐπιστραφήτω»
3231 5793 3461 5861 ἕκαστος
3496 5794 3603 5850 ἀπὸ
3644 5795 3761 5851 τῶν
