4078 6216
491 292 600 358 495

1723 287 1769 346 G
1784 287 1825 344 il
1836 283 2106 343 EGORII
2155 283 2240 342 ΡΛ
2257 281 2477 342 LAELE

3639 283 3748 348 496

494 414 862 469 humilitatem
920 415 1218 482 pr0pitium
1275 411 1568 473 facientes;
1627 417 1705 470 ut,
1759 413 2058 460 SUSllllClllt‘

2172 403 2523 470 ἐκφύγωμιν,
2569 401 2600 473 ἦ
2637 401 2705 456 δι’
2750 401 3158 474 ἐξαγορεύσεως
3192 408 3286 459 καὶ
3327 408 3424 476 τῆς
3451 404 3518 459 δι’
3567 409 3750 477 ἔργων

492 507 584 559 Dei
617 505 926 566 clementia,
961 515 1011 559 et
1042 507 1290 559 defectus
1324 515 1542 557 nostros
1580 500 1891 566 Sltpplcllle.
1923 509 2070 548 nunc

491 597 712 668 quidem
745 600 813 650 ab
850 598 950 652 hac
983 596 1063 648 ira
1094 596 1212 659 Dei,
1247 596 1314 649 ab
1349 590 1735 660 intempestiva
1777 597 1829 640 et
1855 584 2067 640 crude-li

489 696 594 745 hac
627 700 804 745 mei-te
848 699 905 743 et
951 690 1118 745 exitio
1165 703 1260 758 per
1311 701 1432 742 eam
1495 683 1803 740 indueendo
1859 679 2067 733 exima-

491 801 646 848 nmr;
685 784 740 836 in
771 782 960 835 futuro
1009 787 1190 834 autem
1240 778 1448 834 szeculo
1485 776 1650 830 vitam
1695 771 2065 828 immortalem

488 875 834 930 obtineamus
862 876 913 926 in
940 871 1166 942 gloriam
1200 870 1373 924 solius
1401 868 1606 923 datoris
1640 865 1782 927 vita},
1815 860 2018 916 Christi
2043 877 2059 925 ;

490 981 650 1035 quem
688 967 843 1018 decet
887 965 1078 1032 gloria,
1142 960 1430 1024 fortitudo,
1481 961 1658 1012 honor
1717 967 1772 1008 et
1814 953 2063 1008 adoratio

490 1071 615 1110 cum
641 1063 850 1109 aeterno
883 1055 1004 1124 ejus
1037 1054 1196 1108 Patre
1235 1062 1289 1107 et
1321 1051 1538 1106 vivifico
1570 1047 1801 1119 Spiritu,
1837 1061 1984 1101 nunc
2011 1053 2065 1100 et

491 1163 724 1217 semper,
765 1158 818 1202 et
853 1147 905 1202 in
937 1149 1134 1202 saecula
1162 1145 1512 1201 sreculorum.
1553 1144 1748 1197 Amen.

2170 495 2456 566 μετανοίαις
2506 497 2910 566 ἁντισηκούσης
2964 499 3032 550 τὰ
3076 500 3504 566 παραπτώματα
3561 499 3748 570 ἡμῶν,

2164 588 2226 640 τὸ
2251 586 2395 640 θεῖον
2422 586 2782 656 ὲξιλεὼμεθα,
2813 587 2879 640 δι’
2908 589 3167 658 ἐνεργοῦς
3204 588 3585 652 ταπεινώσεως
3611 591 3748 661 ἡμῖν

2166 679 2352 740 αὐτοῖς
2385 679 2781 746 εῦμενίζοντες,
2813 678 2887 742 ῶς
2915 681 2981 733 ἂν
3008 681 3106 748 τῆς
3133 681 3231 754 ,τοῦ
3267 680 3405 734 Θεοῦ
3439 681 3752 751 φιλανθρωο-

2169 774 2298 833 πίας
2332 773 2695 840 ἀνεχομὲνης,
2727 774 2820 824 καὶ
2855 773 2950 834 τὰς
2996 772 3265 844 ἐλλείψεις
3321 775 3752 845 ἀναπληρούσης

2167 865 2349 932 ἡμῶν,
2383 863 2477 915 νῦν
2534 865 2632 932 μὲν
2681 865 2778 933 τῆς
2823 865 2972 928 θείας
3027 866 3233 935 ταύτης
3270 868 3463 938 ὀργῆς,
3512 869 3608 920 καὶ
3650 867 3751 919 τοῦ

2166 956 2351 1026 ἀώρου
2383 957 2480 1009 καὶ
2522 956 2720 1026 ἀθρόου
2753 958 2946 1012 τούτου
2978 959 3234 1024 θανάτου,
3267 960 3362 1013 καὶ
3399 961 3497 1031 τῆς
3548 960 3615 1011 δι’
3648 959 3752 1012 αῦ-

2165 1048 2260 1100 τοῦ
2292 1049 2668 1120 πανωλεθρίας
2703 1051 3046 1120 ἀπαλλαγείη
3056 1069 3156 1120 μεν
3179 1066 3192 1080 ·
3229 1052 3283 1104 ὲν
3306 1053 3366 1104 δὲ
3393 1053 3470 1121 τῷ
3499 1051 3753 1122 μέλλοντι

2167 1141 2321 1195 αἰῶνι
2349 1142 2448 1206 τῆς
2481 1140 2754 1195 ἀθανάτου
2788 1142 2948 1211 221
2993 1143 3138 1213 ζωῆς
3166 1143 3523 1213 ὲπιτύχοιμεν
3556 1143 3636 1205 εἰς
3663 1141 3754 1195 δό-

494 1245 590 1307 ξαν
617 1243 710 1296 τοῦ
744 1245 908 1311 μόνου
951 1241 1214 1306 ζωοδότου
1265 1237 1504 1311 Χριστοῦ
1527 1257 1541 1271 ο
1577 1231 1621 1304 ᾧ
1654 1236 1855 1306 πρέπει
1903 1233 2053 1299 δόξα,
2085 1235 2308 1306 κράτος,
2343 1235 2480 1306 τιμὴ
2525 1237 2619 1290 καὶ
2661 1238 3032 1308 προσκύνησις
3061 1240 3157 1293 σὺν
3196 1239 3274 1310 τῷ
3310 1239 3533 1309 ἁνάρχῳ
3579 1237 3754 1294 αὐτοῦ

494 1341 666 1411 ιιατρὶ
722 1339 816 1392 καὶ
843 1336 919 1407 τῷ
959 1337 1210 1407 ζωοποιῷ
1240 1336 1539 1398 Πνεύματι,
1570 1335 1666 1387 νῦν
1692 1333 1784 1386 καὶ
1823 1333 1910 1386 ἀεὶ
1939 1332 2056 1398 καὶ,
2088 1334 2166 1397 είς
2196 1333 2323 1396 τοὺς
2373 1332 2575 1397 αἰῶνας
2607 1333 2716 1388 τῶν
2746 1335 2979 1388 αἰώνων.
3021 1336 3222 1407 Ἀμήν.

1061 1448 1348 1504 llOMlLlA
1372 1448 1491 1504 XL.

567 1567 632 1621 In
678 1565 1035 1621 venerandum
1072 1563 1270 1633 Christi
1320 1581 1413 1633 pra
1433 1579 1694 1617 cursorem
1741 1575 1786 1616 et
1820 1561 1992 1630 bapti-

1048 1644 1188 1688 slam
1220 1632 1503 1688 Joannem.

565 1729 622 1783 Si
660 1727 898 1796 pretiosa
936 1726 989 1778 in
1042 1733 1344 1794 conspectu
1397 1723 1616 1777 Domini
1653 1737 1803 1778 mors
1839 1734 2066 1777 sancto-

2769 1449 3014 1500 OMlAlA
3041 1445 3127 1504 Μ’.

2165 1560 2267 1626 Εἰς
2304 1562 2412 1616 τόν
2441 1561 2797 1638 πάνσεςττον
2820 1566 2926 1638 τοῦ
2961 1566 3224 1638 Χριστοῦ
3272 1567 3617 1638 Πρόόρομον
3645 1570 3748 1622 καί

2607 1635 2964 1704 ,βαπτιστήν
3005 1637 3318 1703 Ἰωάννην.

2241 1723 2507 1792 Είτίμιος
2539 1725 2566 1777 ὁ
2629 1725 2859 1791 θάνατος
2906 1729 3016 1780 τῶν
3071 1729 3258 1796 ὁσίων,
3311 1733 3406 1783 καὶ
3454 1733 3641 1803 μνήμη
3673 1731 3752 1783 δι-

493 1837 612 1876 rum
645 1821 784 1890 ejus,
809 1827 863 1872 et
897 1818 1160 1872 memoria
1189 1817 1323 1883 justi
1379 1831 1504 1871 cum
1539 1815 1819 1882 laudibus,
1856 1825 2058 1885 quanto

2169 1817 2327 1870 καίου
2367 1818 2484 1886 μετ’
2520 1819 2833 1886 ἐγκωμίων,
2876 1821 3025 1891 πόσῳ
3069 1823 3271 1892 μᾶλλον
3300 1825 3446 1894 ἡμᾶς
3473 1825 3748 1878 ποιεῖσθαι

496 1915 669 1985 magis
720 1913 896 1967 facere
943 1911 1206 1964 debemus
1253 1923 1380 1962 cum
1428 1907 1688 1962 laudibus
1737 1907 2058 1960 memoriam

491 2007 689 2062 Joanni
719 2005 916 2060 summi
969 2012 1288 2057 sanctorum
1328 2007 1381 2052 et
1407 1997 1684 2069 justorum
1722 1998 1917 2066 apicis,
1964 1998 2060 2066 qui

491 2097 783 2154 exsultavit
826 2105 878 2150 et
912 2093 1215 2164 praecurrit,
1253 2089 1642 2159 praenuntiavit
1671 2085 1913 2142 Verbum
1963 2087 2056 2142 Dei

493 2201 716 2262 propter
740 2203 841 2242 nos
881 2188 1226 2240 incarnatum
1252 2184 1327 2237 ‘ia
1365 2198 1473 2252 quo
1501 2191 1557 2236 et
1592 2181 1707 2252 ipse
1733 2181 2060 2249 praedicatus

492 2295 575 2338 ρει.
611 2292 666 2336 et
693 2281 994 2336 aliirmatus
1027 2279 1203 2347 major
1239 2277 1495 2332 omnibus
1525 2289 1555 2329 a
1584 2275 1784 2329 saeculo
1818 2274 2060 2343 prophe«

493 2374 561 2426 tis
601 2381 652 2425 et
678 2369 881 2425 sanctis
913 2378 964 2422 et
986 2367 1198 2436 jusris?
1233 2366 1454 2421 Minime
1475 2367 1621 2420 enim
1655 2367 1781 2435 quia
1811 2367 1950 2420 dicta
1985 2366 2050 2419 de

487 2482 553 2519 eo
591 2472 853 2534 praestant
875 2461 1134 2516 munibus
1160 2458 1420 2514 humanis
1452 2460 1827 2523 sermonibus,
1852 2467 1905 2513 et
1933 2459 2058 2528 quia

490 2562 558 2617 ab
600 2561 880 2630 unigenito
919 2558 1010 2612 Dei
1045 2557 1186 2612 Filio
1219 2555 1597 2612 testimonium
1645 2563 1698 2609 et
1751 2556 2056 2609 mercedem

487 2651 717 2722 accepit,
753 2660 806 2704 et
836 2649 1061 2719 proinde
1087 2663 1225 2716 opus
1255 2662 1362 2700 non
1395 2646 1557 2700 habet
1583 2653 1775 2700 nostra
1810 2646 2056 2700 retribu-

489 2747 668 2811 tione,
713 2745 834 2798 ideo
869 2743 1095 2797 silentes
1122 2741 1242 2796 sine
1275 2741 1499 2807 praemio
1545 2754 1857 2795 sermonum
1892 2739 2058 2794 relin-

486 2852 719 2909 quemus
747 2850 873 2890 eum
909 2849 1072 2903 quem
1109 2831 1392 2901 Scriptura
1423 2833 1640 2886 vocavit
1672 2845 1862 2886 vorem
1888 2827 2059 2885 Verbi

484 2927 779 2988 Altissimi,
815 2927 909 2979 sed
943 2923 1200 2993 quoniam
1241 2922 1346 2977 tale
1372 2937 1571 2976 nomen
1603 2932 1655 2975 et
1681 2920 2058 2976 testimonium

487 3037 516 3074 a
563 3018 789 3074 Christo
823 3017 1065 3070 omnium
1113 3014 1346 3068 Domino
1375 3013 1609 3083 accepit,
1661 3015 1838 3067 omnis
1875 3013 2056 3083 lingua

487 3108 726 3162 ﬁdelium
758 3114 1040 3160 moveatur
1072 3102 1140 3157 ad
1190 3104 1472 3176 hymnum,
1509 3111 1774 3171 quantum
1826 3107 2053 3173 poterit,

489 3214 832 3268 nequaquam
863 3207 920 3251 ut
964 3196 1263 3266 quidquam
1321 3196 1375 3248 in
1431 3195 1662 3264 gloriam
1699 3194 1851 3249 illius
1889 3192 2056 3248 adda-
2082 3179 2127 3238 (ἶ

487 3309 631 3355 nius,
664 3289 940 3357 quomodo
976 3289 1119 3342 enim
1171 3287 1525 3357 poterimus?
1569 3289 1663 3342 sed
1719 3295 1778 3341 ut
1817 3287 2059 3341 debitum

486 3386 880 3453 per-solvamus,
922 3380 1307 3448 unusquisque
1351 3379 1532 3448 lingua
1569 3394 1692 3444 sua,
1727 3379 1913 3434 omnia
1965 3393 2060 3433 ore

486 3475 728 3529 unanimi
763 3472 1031 3527 mirabilia
1084 3487 1205 3540 qua:
1254 3472 1396 3524 eirea
1428 3486 1552 3524 eum
1611 3470 1752 3525 facta
1803 3480 1932 3526 sunt
1964 3486 2056 3525 ca-

486 3577 676 3620 nentes
738 3569 792 3620 et
826 3573 1164 3618 enarrantes.
1227 3563 1362 3616 Tota
1413 3563 1630 3630 quidem
1663 3563 1770 3616 vita
1796 3563 1915 3630 ejus
1949 3577 2059 3632 quo

485 3659 658 3728 major
691 3674 796 3712 non
823 3661 907 3712 est
939 3656 1078 3710 inter
1107 3664 1262 3710 natos
1287 3656 1582 3710 mulierum
1617 3654 1947 3708 miraculum
1974 3667 2058 3710 est

485 3751 872 3805 miraculorum
895 3767 912 3813 ;
936 3760 984 3803 at
1009 3764 1113 3802 non
1142 3757 1349 3801 tantum
1370 3757 1479 3802 tota
1503 3749 1612 3802 vita
1636 3747 1861 3802 Joannis
1879 3758 1932 3802 et
1959 3747 2061 3803 fuit

487 3845 745 3912 propheta
813 3843 1135 3911 priusquam
1206 3851 1524 3896 nasceretur
1563 3849 1618 3896 et
1665 3841 2057 3910 prophetarum

486 3938 777 4000 maximus,
829 3938 920 3987 sed
963 3950 1300 4004 qun-cunque
1351 3934 1416 3988 ad
1461 3949 1586 3989 eum
1641 3945 1888 4001 spectant
1941 3943 2056 3987 tum

484 4030 575 4082 diu
636 4039 921 4092 antequam
983 4036 1318 4086 nasceretur.
1354 4033 1466 4078 tum
1498 4034 1618 4093 post
1651 4033 1877 4078 mortem
1943 4040 2061 4077 0m-

489 4123 572 4172 nia
611 4127 868 4173 sum-rant
897 4117 1183 4169 miracula.
1217 4115 1424 4169 Etenim
1454 4115 1766 4168 divinorum
1820 4116 2055 4184 prophe-

487 4225 664 4265 tarum
696 4211 762 4259 de
789 4223 852 4263 eo
884 4207 1266 4277 praedictiones
1293 4209 1470 4272 ipsum
1508 4221 1616 4260 non
1653 4207 1928 4262 hominem
1961 4210 2056 4262 sed

485 4304 735 4371 angelum
767 4302 1060 4373 appellunt,
1098 4301 1238 4354 lucis
1269 4300 1462 4365 facem,
1483 4301 1636 4356 sidus
1668 4301 1946 4355 luciferum
1973 4301 2058 4355 di-

488 4398 606 4446 vina
641 4394 760 4446 luce
790 4392 1083 4462 fulgidum,
1124 4401 1180 4442 ut
1207 4405 1602 4458 praecursorem
1640 4391 1770 4447 solis
1801 4391 2055 4460 iustitiae,

482 4493 536 4534 et
569 4497 755 4535 vocem
795 4483 969 4550 ipsius
1005 4480 1164 4536 Verbi
1204 4481 1318 4536 Dei.
1352 4483 1523 4536 l’orro
1575 4483 1706 4550 quid
1732 4479 1911 4537 Verbo
1940 4480 2054 4537 Deo

486 4574 840 4642 propinipiius
883 4584 936 4628 et
981 4574 1192 4629 allinius
1227 4591 1392 4644 quam
1437 4590 1536 4628 vox
1569 4574 1910 4646 DeiTCujus
1956 4591 2053 4645 ap-

486 4669 889 4734 propinquante
912 4664 1268 4729 conceptione
1300 4663 1530 4732 angelus
1560 4679 1590 4718 e
1621 4665 1761 4718 crelo
1793 4665 2056 4719 adtolans

485 4759 648 4810 solvit
678 4756 1024 4810 sterilitatem
1071 4755 1349 4809 Zachariae
1394 4766 1445 4809 et
1480 4756 1781 4818 Elisabetb,
1821 4757 2055 4824 promit-

485 4856 603 4899 tens
657 4849 869 4899 Steriles
917 4864 944 4897 al
978 4846 1259 4910 juventute
1317 4845 1482 4897 lilium
1532 4859 1889 4914 generaturos
1935 4860 2058 4900 esse

485 4941 536 4988 iu
570 4939 674 4989 altat
708 4948 1010 4998 senectute,
1052 4937 1102 4987 in
1156 4937 1315 5004 cujus
1357 4937 1637 4990 nativitate
1674 4939 1824 4990 inulti
1855 4941 2058 5006 gaude-

485 5033 622 5079 bunt
652 5043 667 5090 ;
693 5043 816 5079 nam
851 5028 1096 5093 praedixit
1128 5044 1245 5081 eam
1269 5031 1521 5082 omnibus
1550 5029 1662 5082 fore
1691 5029 2052 5084 salutiferam.

484 5125 569 5169 Ait
606 5121 750 5170 enim
783 5135 796 5168 :
837 5137 855 5167 ι
911 5117 1024 5170 Erit
1075 5133 1302 5186 magnus
1341 5134 1528 5172 coram
1579 5121 1846 5185 Domino;
1886 5131 1940 5174 et
1979 5122 2055 5173 vi-

484 5223 612 5260 num
642 5217 692 5261 et
724 5223 951 5262 Sic-eram
990 5227 1094 5261 non
1125 5212 1288 5264 bibet.
1325 5221 1379 5263 et
1412 5210 1615 5278 Spiritu
1652 5222 1844 5265 sancto
1875 5213 2055 5276 reple-

485 5302 629 5352 bitur
658 5303 835 5353 adliuc
863 5315 927 5354 ex
967 5311 1121 5353 utero
1155 5306 1343 5355 matris
1381 5317 1532 5366 sure;
1567 5313 1621 5355 et
1647 5304 1852 5358 multos
1908 5306 2049 5357 lilio-

484 5410 600 5445 rum
631 5393 795 5446 Israel
829 5403 1106 5446 convertet
1139 5393 1204 5445 nd
1242 5393 1524 5445 [tonitrum
1567 5394 1733 5448 Deum
1758 5397 2001 5463 ipsorum
2034 5413 2049 5461 ;

483 5495 533 5537 rt
566 5486 678 5552 ipse
732 5489 999 5551 prmcedct
1030 5493 1154 5537 ante
1182 5485 1330 5537 illum
1409 5485 1461 5537 in
1513 5485 1706 5553 spiritu
1743 5498 1795 5540 et
1849 5487 2050 5540 virtute

481 5572 698 5626 Eine".
733 5591 750 5622 ›
787 5574 920 5627 Nam
968 5578 1118 5644 virgo
1151 5574 1391 5630 manebit
1424 5578 1565 5630 Velut
1603 5577 1722 5643 iste,
1772 5583 1825 5630 ct
1859 5578 1912 5628 in
1960 5579 2054 5631 dc-

605 5753 650 5782 ”
687 5751 822 5806 Luc.
866 5767 905 5819 ι,
970 5751 1055 5806 15.

2165 1910 2262 1982 τὴν
2294 1910 2518 1980 μνήμην
2551 1911 2670 1982 μετ’
2717 1912 3010 1982 ἐγκωμίων
3059 1915 3258 1985 χρεὼν,
3294 1918 3395 1984 τῆς
3443 1917 3547 1968 τῶν
3579 1919 3750 1972 ὁσίων

2163 2018 2221 2054 τε
2251 2008 2344 2054 καὶ
2373 2002 2600 2057 δικαίων
2629 2004 2936 2074 κορυφαίας
2971 2006 3276 2077 ἀκρότητος
3331 2007 3600 2072 Ἰωάννου,
3650 2009 3747 2064 τοῦ

2162 2095 2674 2166 προσκιρτήσαντος
2722 2098 2818 2148 καὶ
2869 2097 3285 2168 προδραμόντος
3333 2101 3431 2152 καὶ
3461 2103 3749 2171 προκηρύ-

2164 2183 2356 2248 ξαντος
2378 2186 2468 2237 τὸν
2506 2185 2574 2238 δι’
2605 2188 2756 2256 ἡμᾶς
2800 2189 3157 2255 σαρκωθέντα
3201 2189 3296 2243 τοῦ
3351 2193 3488 2245 Θεοῦ
3521 2195 3695 2261 Λόγον
3727 2215 3742 2261 ;

2161 2275 2295 2345 παρ’
2327 2268 2390 2327 οὗ
2421 2276 2583 2329 πάλιν
2611 2279 2772 2339 αὐτὸς
2805 2279 3156 2349 ἀνεκηρύχθη
3191 2281 3284 2333 καὶ
3319 2284 3746 2355 μεμαρτύρηται

2158 2367 2266 2420 τῶν
2291 2367 2348 2433 ἐξ
2370 2370 2564 2432 utrius;
2586 2371 2880 2440 προφητῶν
2899 2371 2991 2422 καὶ
3008 2373 3168 2424 ὁσίων
3199 2375 3290 2425 καὶ
3310 2374 3536 2427 δικαίων
3566 2377 3746 2449 ὑπέρ-

2158 2479 2316 2530 τερος
2341 2478 2355 2526 ;
2383 2462 2458 2514 Οὐ
2497 2463 2604 2534 γὰρ
2630 2465 2710 2515 ὅτι
2736 2462 2967 2533 κρείττω
2991 2463 3056 2516 τὰ
3078 2463 3196 2516 κατ’
3217 2465 3376 2518 αὑτὸν
3401 2468 3745 2537 ἀνθρωπίνου

2159 2554 2317 2622 λόγου
2341 2558 2563 2621 παντὸς,
2584 2557 2692 2609 οὐδ’
2719 2559 2800 2610 ὃτι
2830 2555 2977 2626 παρὰ
3003 2556 3095 2609 τοῦ
3126 2561 3450 2627 μονογενοῦς
3483 2563 3613 2616 Υίοῦ
3645 2563 3744 2618 τοῦ

2159 2643 2294 2694 Θεοῦ
2326 2643 2424 2714 τὴν
2454 2646 2761 2715 μαρτυρίαν
2790 2649 2976 2720 εἴληφε
3010 2655 3100 2704 καὶ
3144 2654 3204 2707 τὸ
3227 2655 3419 2724 γέρας,
3447 2655 3542 2706 καὶ
3563 2655 3747 2726 γέρως

2160 2735 2217 2786 οὐ
2248 2735 2421 2788 δεῖται
2471 2735 2567 2789 τοῦ
2604 2738 2738 2810 παρ’
2795 2741 2972 2811 ἡμῶν,
3031 2745 3117 2798 διὰ
3147 2745 3308 2800 τοῦτο
3361 2748 3747 2818 σιωπήσαντες

2159 2827 2465 2896 ἀγέραστον
2487 2829 2889 2900 καταλείψομεν
2912 2835 3113 2902 λόγοις,
3136 2839 3197 2889 τό
3225 2854 3288 2905 γε
3312 2838 3391 2900 είς
3414 2839 3560 2910 ἡμᾶς
3583 2833 3744 2911 ἧκον,

2158 2918 2258 2988 τὴν
2284 2918 2377 2972 τοῦ
2410 2920 2674 2974 ἀνωτάτω
2712 2923 2885 2992 Λόγου
2923 2930 3064 2979 κατά
3113 2927 3171 2980 τὸ
3218 2931 3606 2999 γεγραμμένον
3634 2949 3747 3000 φω-

2161 3009 2279 3077 νήνο
2312 3009 2429 3062 ἀλλ’
2461 3011 2541 3064 ὅτι
2573 3014 2722 3081 παρᾶ
2755 3013 2994 3086 Χριστοῦ
3026 3017 3141 3072 τοῦ·
3166 3020 3429 3074 δεσπότου
3458 3023 3565 3076 τῶν
3602 3024 3745 3078 ὅλων

2157 3101 2396 3165 τοιοῦτος
2419 3100 2494 3155 ῶν
2517 3105 2883 3174 ἀνηγόρευται
2913 3125 2968 3160 τε
2995 3110 3091 3161 καὶ
3118 3111 3563 3181 μεμαρτύρηται,
3589 3116 3743 3168 πᾶσα

2159 3193 2380 3260 γλῶσσα
2403 3195 2610 3248 πιστῶν
2632 3197 2891 3251 κινείσθω
2914 3199 3047 3270 πρὸς
3075 3199 3265 3270 ὕμνον,
3290 3203 3460 3272 όπόετη
3485 3203 3738 3274 δύναμις,

2159 3288 2258 3355 οὐχ
2290 3287 2378 3340 ῐνα
2420 3288 2612 3358 ἐκείνῳ
2661 3306 2715 3341 τι
2750 3290 3078 3361 προσθῶμεν
3110 3295 3188 3356 εἰς
3221 3294 3398 3358 δόξαν·
3433 3297 3549 3360 πῶς
3587 3305 3737 3368 γαρ;

2161 3377 2279 3429 ἀλλ’
2307 3377 2394 3431 ῐνα
2427 3380 2527 3447 τὴν
2559 3379 2783 3450 ὀφειλὴν
2812 3382 2972 3450 ἡμεῖς
3023 3385 3393 3456 ἀποτίσωμεν,
3425 3387 3656 3450 ἕκαστός
3682 3406 3741 3442 τι

2163 3467 2270 3538 ἰδία
2296 3467 2389 3520 καὶ
2423 3472 2574 3538 κοινῇ
2609 3469 2813 3532 πάντες
2851 3473 2918 3524 τὰ
2948 3474 3067 3524 κατ’
3093 3477 3301 3526 ἐκεῖνον
3334 3478 3614 3545 θαυμάσια
3645 3482 3743 3532 καὶ

2158 3559 2454 3628 ὑμνοῦντες
2498 3560 2592 3613 καὶ
2620 3561 2992 3632 διηγούμενοι.
3047 3565 3228 3628 Ἀπας
3283 3567 3382 3636 μὲν
3433 3569 3540 3639 γὰρ
3569 3570 3607 3621 ό·
3625 3569 3740 3640 βίος

2157 3650 2253 3704 τοῦ
2288 3653 2345 3704 ὲν
2394 3655 2673 3720 γεννητοῖς
2733 3656 3014 3720 γυναικῶν
3064 3657 3204 3728 ὑπὲρ
3260 3659 3506 3725 ἅπαντας
3555 3661 3743 3732 θαῦμα

2160 3743 2458 3813 θαυμάτων
2483 3745 2650 3799 ἐστίν.
2697 3747 2806 3816 Οὐχ
2831 3749 2858 3800 ὁ
2891 3746 3003 3817 βίος
3035 3749 3090 3802 δὲ
3125 3751 3284 3820 μόνον
3320 3751 3466 3815 ἄπας
3513 3754 3606 3807 τοῦ
3644 3758 3741 3809 καὶ

2159 3837 2264 3904 πρὸ
2307 3835 2400 3888 τοῦ
2453 3837 2785 3916 γεννηθῆναι
2841 3842 3149 3910 προφήτου,
3201 3843 3297 3896 καὶ
3345 3848 3740 3914 περισσοτέρου

2156 3927 2265 3978 τῶν
2290 3926 2584 3994 προφητῶν
2623 3928 2900 3994 Ἰωάννου,
2927 3932 3065 3983 ἀλλὰ
3095 3933 3188 3985 καὶ
3215 3935 3281 3984 τὰ
3309 3934 3489 4006 πολλῷ
3512 3937 3618 4005 πρὸ
3643 3939 3738 3992 τοῦ

2159 4014 2276 4083 βίου
2331 4017 2426 4068 καὶ
2478 4017 2618 4087 μετὰ.
2669 4018 2762 4071 τὸν
2822 4017 2957 4089 βίον,
2993 4021 3092 4073 ὅσα
3151 4027 3287 4092 πρὸς
3345 4023 3536 4076 τοῦτον
3569 4028 3741 4080 τείνει

2160 4108 2381 4161 πάντων
2437 4109 2732 4177 Θαυμάτων
2766 4111 2910 4163 ἐστὶν
2963 4112 3244 4166 ἐπέκεινα·
3300 4113 3442 4167 θεῖαι
3491 4116 3591 4186 μὲν
3628 4118 3738 4190 γὰρ

2161 4202 2286 4270 περὶ
2343 4199 2509 4252 αὑτοῦ
2563 4203 2904 4272 προρρήσεις
2943 4206 3242 4274 προφητῶν
3292 4207 3607 4280 θεολήπτων
3638 4211 3738 4278 ἀγ·

2157 4293 2314 4358 γελον
2344 4293 2506 4346 αὑτὸν
2540 4295 2641 4346 οὐκ
2671 4293 2959 4365 ἄνθρωπον
2994 4296 3395 4366 ἀναγράφουσι,
3432 4301 3526 4353 καὶ
3561 4304 3738 4370 φωτὸς

2158 4377 2406 4448 λυχνίαν,
2452 4381 2547 4434 καὶ
2581 4382 2856 4451 θεοφεγγῆ
2907 4400 3028 4436 τινα
3057 4387 3151 4438 καὶ
3190 4388 3466 4456 ἑωσφόρον
3507 4392 3735 4462 ἀστέρα,

2159 4472 2233 4534 ὡς
2292 4473 2673 4540 προδραμόντα
2723 4475 2818 4526 τοῦ
2866 4476 3019 4543 ἡλίου
3069 4478 3167 4546 τῆς
3219 4478 3604 4551 δικαιοσύνης,
3639 4487 3738 4539 καὶ

2161 4565 2325 4616 αὐτοῦ
2370 4564 2462 4614 τοῦ
2530 4565 2702 4632 Λόγου
2757 4563 2847 4618 τοῦ
2886 4567 3022 4620 Θεοῦ
3059 4569 3264 4639 φωνήν⁸
3320 4571 3372 4623 τί
3403 4571 3464 4625 δὲ
3509 4577 3609 4642 τῆς
3642 4574 3736 4628 τοῦ

2162 4657 2295 4708 Θεοῦ
2333 4658 2516 4726 φωνῆς
2547 4657 2622 4724 τῷ
2654 4657 2775 4728 Θεῷ
2815 4657 2974 4728 Λόγῳ
3024 4661 3416 4731 πλησιαίτερον
3461 4664 3492 4732 ἦ
3530 4681 3733 4733 συγγε-

2161 4747 2449 4816 νέσιερονς
2484 4747 2596 4817 Τῆς
2646 4749 2701 4801 δὲ
2759 4748 2955 4803 τούτου
3016 4751 3329 4822 συλλήψεως
3380 4756 3733 4828 ἐγγιζούσης,

2161 4845 2260 4895 οὐκ
2312 4844 2618 4914 ἄνθρωπος,
2653 4843 2766 4895 ἀλλ’
2812 4844 3042 4913 ἄγγελος
3088 4846 3381 4916 οὐρανόθεν
3425 4853 3731 4918 καταπτὰς,

2161 4937 2432 5005 Ζαχαρίου
2466 4938 2559 4987 καὶ
2596 4935 2882 4989 Ἐλισάὅετ
2919 4937 3034 4991 λύει
3061 4937 3158 5007 τὴν
3188 4941 3498 5010 στείρωσιν,
3524 4945 3735 4996 τίκτειν

2159 5031 2217 5080 ὲν
2243 5028 2398 5096 βαθεῖ
2432 5029 2579 5098 γήρᾳ
2614 5027 2778 5079 παῖδα
2812 5030 2930 5079 τοὺς
2977 5029 3204 5095 ἀγόνους
3233 5030 3293 5081 ὲκ
3318 5032 3440 5082 νέου
3474 5034 3738 5102 ἐπαγγει-

2162 5121 2411 5188 λάμενος,
2443 5120 2534 5170 καὶ
2565 5120 2766 5185 πολλῆς
2810 5121 2984 5188 χαρᾶς
3032 5121 3310 5189 πρόξενον,
3343 5121 3419 5184 ὡς
3469 5125 3603 5178 πᾶσι
3633 5142 3737 5178 σω-

2160 5211 2349 5279 τήριον
2384 5209 2601 5259 ἔσεσθαι
2632 5207 3098 5276 προκαταγγέλλει
3128 5209 3224 5275 τὴν
3256 5207 3349 5262 τοῦ
3387 5209 3577 5274 παιδὸς
3607 5213 3738 5263 τού-

2157 5319 2252 5354 του
2305 5303 2590 5369 γέννησιιρο
2643 5319 2658 5350 ι
2699 5300 3040 5368 Ἐσταιγὰρ,
3087 5300 3244 5370 φησὶ,
3283 5302 3458 5369 μέγας
3500 5302 3735 5356 δνώπιον

2160 5395 2388 5463 Κυρίου,
2432 5395 2527 5445 καὶ
2557 5388 2698 5444 οἶνον
2752 5394 2845 5444 καὶ
2871 5394 3062 5463 σίκερα
3105 5394 3168 5446 οὐ
3198 5393 3272 5463 μὴ
3306 5394 3428 5466 πίῃ,
3473 5395 3567 5448 καὶ
3595 5395 3736 5466 πλη-

2162 5485 2418 5554 σθήσεται
2481 5485 2798 5552 Πνεύματος
2857 5486 3014 5552 ἁγίου
3046 5484 3126 5538 ἔτι
3174 5491 3239 5536 ἐκ
3273 5486 3479 5548 κοιλίας
3524 5489 3732 5558 μητρὸς

2159 5575 2350 5642 αὑτοῦ,
2401 5578 2498 5630 καὶ
2546 5575 2772 5639 πολλοὺς
2823 5576 2932 5630 τῶν
2968 5575 3099 5630 υἱῶν
3145 5576 3362 5648 Ἰσραὴλ
3409 5577 3730 5648 ἐπιστρέψει
