4054 6214
490 319 596 385 503

1747 332 2126 396 GREGORII
2168 334 2498 396 PALAME.

3635 331 3753 398 50‘!

486 439 658 506 patio,
691 437 915 495 auditus
941 448 996 495 et
1025 450 1373 509 conspectus,
1415 440 1666 516 famaque
1693 464 2071 520 grassans-per

2177 451 2372 521 μύσος.
2410 453 2566 508 Οὕτω
2592 453 2725 523 γοῦν
2763 453 2906 509 κατά
2955 454 3136 509 πᾶσαν
3187 452 3446 507 πρόθεσιν
3491 448 3758 529 προσκεί-

486 531 609 586 loca
635 532 839 596 omnia,
864 545 1198 603 quapropter
1247 534 1511 593 llerodias
1560 537 1824 596 Joannem
1883 559 2064 609 perse-

490 625 782 692 quebatur,
824 625 872 677 id
919 635 996 679 est
1028 627 1162 680 iram
1201 628 1468 682 adversus
1499 645 1621 683 eum
1659 629 1712 684 in
1761 634 1922 688 corde
1958 649 2060 689 suo

491 714 790 780 nutriebat,
819 726 872 768 et
914 717 1128 771 volebat
1166 734 1289 772 eum
1326 720 1658 786 interficere,
1692 721 1788 776 sed
1818 738 1924 777 non
1953 739 2057 794 po~

492 816 652 863 terat.
696 827 715 859 ι
770 807 1014 864 Herodes
1044 810 1188 864 enim
1241 812 1517 867 metuebat
1555 811 1846 878 Joannem,
1882 819 2061 870 sciens

489 913 612 951 eum
655 890 830 952 virum
859 899 1070 968 justum
1103 912 1158 954 et
1183 908 1460 955 sanctum.
1504 920 1521 952 ι
1556 902 1808 958 Tiniebat
1838 906 2058 975 quidem

491 990 737 1046 Herodes
791 990 1057 1046 Joannem
1096 1001 1321 1062 propter
1371 994 1593 1050 virtutis
1647 996 2058 1062 excellentiam,

494 1082 664 1136 Deum
703 1094 884 1136 autem
917 1099 1025 1138 non
1059 1085 1304 1150 timebat,
1336 1100 1364 1138 a
1397 1100 1506 1155 quo
1537 1085 1851 1141 hominibus
1891 1087 2064 1142 virtus

491 1173 836 1241 infunditur;
876 1191 975 1230 nec
1027 1174 1303 1230 Joannem
1332 1175 1562 1232 timebat
1598 1187 1654 1232 ut
1710 1178 1903 1247 talem,
1937 1178 2064 1246 quia

492 1267 700 1320 sciebat
732 1282 857 1320 eum
885 1267 1096 1337 justum
1133 1277 1188 1322 et
1217 1278 1495 1332 sanctum,
1529 1270 1625 1323 sed
1662 1269 1890 1324 timebat
1936 1285 2064 1324 eum

495 1368 717 1426 propter
748 1359 956 1422 turbas,
993 1360 1121 1430 quia
1148 1369 1406 1430 tanquam
1437 1361 1756 1431 prophetam
1791 1361 2066 1418 habebant

494 1468 643 1518 eum,
677 1455 1138 1522 quemadmodum
1185 1454 1322 1510 dixit
1383 1454 1703 1521 Matthaeus;
1737 1470 1877 1533 nam.
1923 1458 2068 1511 sicut

495 1544 612 1612 ipse
640 1546 884 1615 scripsit,
915 1562 1023 1600 non
1051 1547 1166 1601 sola
1204 1542 1493 1614 Herodias,
1530 1547 1624 1603 sed
1659 1556 1714 1602 et
1749 1548 1864 1616 ipse
1895 1546 2067 1605 Hero-

496 1636 615 1697 des,
641 1653 764 1691 cum
796 1632 955 1692 vellet
975 1635 1240 1694 Joannem
1269 1639 1538 1699 occidere.
1566 1641 1794 1694 timebat
1826 1640 2064 1696 turbam.

2179 562 2341 616 μενος
2365 548 2430 617 τῇ
2459 547 2649 618 κακίᾳ,
2683 546 2980 601 κάντεῦθεν
3021 548 3112 601 τὸν
3164 548 3384 616 ἔλεγχον
3420 543 3496 612 μὴ
3541 544 3753 612 φέρων,

2175 641 2236 693 ἐν
2285 640 2499 709 φυλακῇ
2535 641 2624 692 τὸν
2662 629 2918 708 Ἰωάννην
2974 640 3348 694 κατέκλεισεν.
3388 636 3552 690 Ἀλλά
3582 634 3679 688 καὶ
3715 636 3750 704 ἡ

2178 730 2395 801 φυλακὴ
2451 731 2591 799 αὕτη
2631 731 2833 800 μείζων
2881 731 3100 802 ἐλεγχος
3135 721 3228 800 ἦν,
3284 727 3751 797 καῖ’ἀκουομένη,

2176 822 2272 876 καὶ
2300 823 2574 892 ὁρωμένη,
2600 824 2696 877 καὶ
2726 822 2818 877 διὰ
2851 826 3080 878 πάντων
3119 823 3362 893 φοιτῶσα
3391 821 3483 873 διὰ
3517 819 3619 888 τῆς
3647 819 3760 886 φήο

2181 930 2288 984 μης
2314 931 2327 946 ’
2355 915 2444 968 διὰ
2475 917 2633 970 τοῦτο
2676 916 2769 970 καὶ
2797 918 2828 985 ἡ
2871 916 3142 986 Ἡρωδιὰς
3191 917 3394 985 ἐνεῖχεν
3441 913 3625 974 αὐτὸν,
3655 911 3759 980 δη-

2174 1005 2349 1059 λονότι
2392 1009 2492 1078 τὴν
2549 1008 2692 1062 κατὰ
2752 1008 2847 1062 τοῦ
2892 1010 3144 1064 Ἰωάννου
3202 1008 3403 1076 μανίαν
3464 1007 3521 1057 ἐν
3573 1005 3748 1071 ἑαυτῇ

2173 1098 2390 1167 ἔτρεφε,
2419 1100 2511 1151 καὶ
2546 1099 2740 1167 ἤθελεν
2773 1099 2937 1153 αὑτὸν
2991 1101 3332 1160 ἀποκτεῖναι,
3360 1097 3454 1150 mi.
3486 1097 3586 1150 οὐκ
3616 1092 3761 1158 ἡδύν

2176 1204 2338 1242 νατοο
2370 1207 2388 1240 ι
2437 1189 2496 1242 '0
2522 1189 2630 1261 γὰρ
2668 1189 2938 1261 Ἡρώδης,
2969 1193 3150 1260 φησὶν,
3184 1190 3433 1258 ἐφοϐεῖτο
3477 1187 3569 1241 τὸν
3631 1186 3752 1238 Ἰω⁴

2177 1279 2364 1350 ἀννην,
2400 1280 2554 1344 εἰδὼς
2577 1281 2740 1335 αὐτὸν
2765 1282 2935 1353 ἄνδρα
2959 1281 3168 1336 δίκαιον
3200 1281 3296 1332 καὶ
3327 1281 3504 1345 ἅγιον.
3533 1296 3551 1329 ι
3583 1274 3752 1344 Ἐφο-

2176 1371 2323 1426 ϐεῖτο
2365 1371 2464 1439 μὲν
2493 1373 2520 1423 ό
2557 1373 2806 1445 Ἡρώδης
2858 1377 2950 1428 τὸν
2998 1374 3250 1441 Ἰωάννην
3289 1372 3378 1426 διὰ
3408 1371 3468 1422 τὸ
3497 1368 3596 1438 τῆς
3620 1367 3756 1434 ἀρε-

2175 1462 2277 1532 τῆς
2306 1459 2668 1535 ὑπερϐάλλον,
2695 1466 2796 1519 οὐκ
2826 1465 3072 1534 ἐφοϐεῖτο
3094 1465 3152 1519 δέ
3191 1463 3282 1516 τὸν
3338 1462 3495 1525 Θεὸν,
3527 1457 3659 1529 παρ’
3685 1447 3763 1509 οὗ

2175 1555 2288 1618 τοῖς
2326 1552 2638 1625 ἀνθρώποις
2684 1559 2717 1625 ἠ
2757 1558 2965 1628 ἀρετή·
3000 1556 3121 1611 οὐδὲ
3171 1554 3336 1610 αὑτὸν
3367 1553 3616 1620 ἐφοϐεῖτο
3652 1548 3764 1602 τὸν

2188 1644 2443 1717 Ἰωάννην
2474 1649 2569 1703 άτε
2599 1649 2864 1714 τοιοῦτον,
2888 1650 3064 1704 καίτοι
3096 1651 3190 1704 κάὶ
3235 1649 3397 1710 αὐτὸς
3446 1645 3634 1699 τοῦτον
3669 1641 3753 1694 εί·

495 1731 599 1795 δὼς
629 1732 799 1804 ἄνδρα
832 1733 1037 1787 δίκαιον
1066 1735 1160 1788 καὶ
1188 1733 1378 1804 ἅγιον,
1402 1734 1520 1788 ἀλλ’
1569 1735 1819 1803 ἐφοϐεῖτο
1868 1736 2063 1792 τοῦτον
2097 1738 2189 1794 διὰ
2219 1744 2345 1806 τοὺς
2371 1744 2587 1814 ὄχλους,
2609 1747 2692 1799 ὅτι
2719 1750 2798 1810 ὡς
2831 1751 3121 1819 προφήτην
3148 1745 3316 1799 αὑτὸν
3374 1740 3542 1806 εῐνον,
3604 1738 3757 1792 καθά

496 1829 662 1892 φησιν
711 1823 741 1875 ὀ
786 1824 1064 1888 Ματθαῖος
1090 1841 1102 1855 ·
1138 1826 1213 1887 ὡς
1247 1825 1355 1896 γὰρ
1393 1827 1420 1878 ὁ
1465 1826 1627 1889 αὐτὸς
1660 1826 2065 1898 συγγράφεται,
2102 1832 2200 1902 οὐχ
2238 1833 2272 1904 η
2345 1826 2615 1908 Ἡρωδιὰς
2645 1838 2831 1907 μόνον,
2881 1837 3021 1893 ἀλλὰ
3090 1837 3184 1890 καὶ
3217 1835 3384 1897 αὐτὸς
3429 1835 3458 1886 ὁ
3486 1833 3750 1904 Ἡρώδης

497 1921 668 1972 θέλων
698 1919 1019 1972 ἀποκτεῖναι
1042 1918 1134 1971 τὸν
1177 1919 1448 1990 Ἰωάννην,
1483 1920 1731 1988 ἐφοϐεῖτο
1759 1921 1853 1974 τὸν
1877 1920 2057 1991 ὄχλον.

583 2017 734 2082 Quod
755 2025 932 2069 autem
958 2015 1168 2069 Marcus
1195 2016 1259 2071 de
1280 2015 1493 2071 Herode
1523 2018 1678 2082 dixit,
1707 2031 1901 2088 nempe
1929 2017 2073 2088 quod
2108 2027 2148 2083 Β

499 2113 732 2166 libenter
763 2109 1030 2164 Joannem
1065 2108 1344 2168 audiebat.
1394 2109 1475 2163 sic
1508 2107 1917 2176 intelligendum
1945 2118 2067 2175 est;

500 2204 954 2275 quemadmodum
976 2204 1026 2256 iii
1057 2203 1369 2272 potionibus
1397 2200 1895 2257 mcdicamentariis
1924 2216 2076 2255 ama-

498 2297 795 2351 ritudinem
843 2296 1062 2366 quidem
1104 2296 1393 2360 sentimus,
1419 2296 1630 2351 sedeas
1669 2304 1848 2348 tamen
1875 2294 2077 2363 accipi-

501 2397 642 2452 mus,
668 2391 793 2459 quia
830 2391 956 2444 inde
987 2406 1270 2461 speramus
1294 2391 1608 2452 utilitatem,
1645 2391 1716 2442 ita
1741 2405 1770 2446 e
1800 2390 2075 2444 contrario

500 2482 566 2536 d:
601 2482 978 2550 spiritualibus
1007 2483 1298 2548 doctrinis,
1328 2483 1394 2538 iis
1423 2486 1638 2553 quidem
1671 2492 1863 2536 natura
1891 2483 2074 2537 suavi-

501 2577 602 2630 bus
636 2577 976 2633 delectantur
1005 2578 1094 2646 qui
1128 2579 1206 2633 eis
1248 2592 1354 2631 non
1384 2580 1806 2647 persuadeatur,
1861 2579 1955 2635 sed
1985 2580 2074 2636 illa

499 2684 842 2738 neiuaquam
884 2670 1177 2741 accipiunt,
1213 2669 1445 2726 scientes
1478 2672 1569 2726 illa
1602 2680 1783 2739 pravis
1815 2674 1931 2728 suis
1978 2673 2074 2727 de-

501 2757 715 2817 sideriis
750 2760 1038 2818 obluctari.
1062 2762 1154 2816 Sic
1187 2761 1421 2817 libenter
1446 2779 1568 2818 eum
1599 2765 1749 2834 prius
1795 2765 2070 2831 audiebat,

504 2857 648 2921 ideo,
686 2857 886 2925 inquit,
918 2858 1261 2912 custodiebat
1297 2873 1444 2924 eum,
1475 2869 1528 2913 et
1560 2863 1748 2913 audito
1805 2874 1869 2913 eo
1901 2859 2070 2913 multa

503 2947 759 3005 faciebat.
814 2949 1018 3004 Verum
1077 2965 1200 3003 cum
1254 2951 1470 3004 soleant
1521 2951 1647 3005 mali
1707 2950 1833 3005 odio
1869 2953 2074 3006 habere

500 3045 883 3112 corripientes,
925 3042 1050 3097 odio
1080 3051 1300 3112 propter
1333 3045 1765 3113 iucrepationem
1809 3060 2073 3112 superve-

504 3138 708 3198 niente,
741 3134 829 3189 illa
859 3139 1044 3189 ou'iuia
1077 3146 1433 3191 contemnens
1481 3153 1605 3191 cum
1651 3138 1895 3200 adultera
1935 3152 2071 3191 ιοιι-

503 3228 774 3284 sr—ntiebat
801 3225 866 3283 de
897 3228 1130 3284 consilio
1151 3229 1456 3295 homicidii,
1489 3245 1541 3284 et
1566 3231 1752 3285 volens
1778 3233 1890 3299 ipse
1913 3233 2074 3283 Joan-

501 3337 624 3377 nem
662 3321 933 3382 oceidere,
965 3331 1024 3376 ut
1059 3320 1195 3374 dixit
1228 3321 1535 3386 Mattliaaus,
1579 3323 1801 3378 timebat
1827 3320 2069 3388 turbam,
2101 3363 2142 3422 c

503 3428 609 3469 nou
641 3413 765 3484 quia
803 3421 1072 3467 metueret
1093 3427 1212 3467 eam
1255 3413 1672 3480 refragaturaiu,
1708 3416 1801 3470 sed
1829 3417 1959 3482 quia
1990 3417 2064 3467 ti-

504 3514 677 3560 meret
737 3519 804 3558 nc
854 3504 924 3558 ab
957 3517 1029 3557 ea-
1059 3502 1748 3572 reprobaretur,quoniam
1799 3516 1898 3572 pro
1941 3516 2072 3570 pro-

506 3595 666 3668 pheta
707 3611 830 3652 eum
895 3581 1186 3650 habebant.
1227 3593 1461 3648 Noverat
1519 3609 1685 3660 enim,
1731 3608 1853 3647 nam
1897 3591 2075 3648 nemi-

507 3706 633 3746 nem
686 3692 798 3746 ltzec
847 3688 1067 3750 latebat,
1125 3687 1503 3742 excellentiam
1544 3687 1760 3741 virtutis
1794 3693 1849 3740 et
1888 3686 2076 3756 gratias

505 3776 748 3843 Joannis,
778 3786 834 3833 et
883 3792 1006 3832 cum
1043 3776 1258 3832 cederet
1288 3778 1433 3831 laudi
1481 3793 1548 3831 ex
1600 3768 1942 3832 multitudine
1978 3790 2074 3832 ve-

507 3873 699 3936 nienti,
743 3880 802 3927 et
829 3870 1061 3939 gloriam
1100 3871 1168 3926 ab
1198 3886 1260 3926 ea
1295 3880 1619 3936 sectaretur,
1653 3873 1880 3925 timebat
1903 3883 1972 3925 ne
2004 3862 2074 3923 ab

507 3982 571 4022 ea
601 3967 973 4030 damnaretur,
1003 3973 1057 4020 et
1085 3963 1325 4034 ﬁngebat
1353 3979 1480 4033 erga
1510 3963 1772 4018 Joannem
1806 3961 1950 4032 piam
1975 3962 2076 4016 do-

507 4059 789 4116 cilitatem.
814 4056 917 4114 Sed
946 4055 1236 4120 Herodias,
1273 4072 1393 4112 cum
1423 4057 1590 4112 sciret
1616 4071 1740 4110 eum
1765 4055 1831 4108 ad
1864 4054 2070 4108 malum

512 4163 723 4206 vertere
756 4150 900 4203 hunc
936 4159 1139 4202 metum
1174 4148 1357 4212 solvit,
1389 4156 1440 4201 et
1469 4146 1536 4200 ad
1565 4146 1767 4200 caedem
1796 4145 1941 4200 sicut
1973 4154 2076 4215 pu-

511 4242 664 4307 tavit,
701 4242 781 4296 vel
825 4242 1003 4309 potius
1032 4247 1090 4292 ut
1120 4237 1331 4302 fefellit,
1379 4238 1822 4308 irreprchcnsam
1862 4236 2072 4304 traxit;

505 4350 632 4387 nam
705 4331 984 4387 iracundia
1044 4329 1231 4386 furens
1260 4338 1314 4384 et
1346 4330 1759 4401 sanguinolenta
1799 4329 1850 4385 id
1885 4329 2076 4385 stude-

509 4427 603 4480 bat
636 4435 696 4478 ut
727 4424 942 4478 facinus
970 4422 1159 4477 multis
1204 4421 1428 4489 celaret,
1461 4433 1514 4477 et
1541 4422 1608 4477 ad
1646 4437 1787 4493 opus
1823 4423 2076 4479 adduce-

511 4524 597 4570 ret
629 4529 788 4569 suum
827 4515 882 4568 in
914 4513 1218 4586 Baptistam
1249 4526 1304 4570 et
1351 4514 1672 4585 prophetam
1731 4516 1942 4574 odium.
1975 4517 2077 4590 lgi-

511 4614 624 4672 tur,
660 4607 736 4660 ait
775 4603 1012 4671 Hamus,
1048 4621 1172 4662 cum
1219 4605 1337 4662 dies
1370 4613 1714 4675 opportunus
1760 4607 2071 4675 accidisset,

2255 2021 2321 2074 '0
2355 2021 2412 2073 δέ
2437 2038 2602 2089 φησιν
2638 2021 2668 2073 ό
2717 2020 2946 2087 Μάρκος
2999 2017 3129 2088 περὶ
3168 2016 3432 2088 Ἡρώδου,
3462 2018 3543 2070 ὅτι
3575 2008 3750 2086 ἡδέως

2177 2115 2343 2186 ἤκουε
2376 2115 2470 2168 τοῦ
2497 2114 2766 2179 Ἰωάννου,
2790 2111 3032 2167 τοιοῦτόν
3059 2106 3176 2164 ἐστι
3203 2127 3216 2141 ’
3244 2111 3493 2180 καθάπερ
3519 2111 3613 2163 ἐπὶ
3641 2109 3754 2162 τῶν

2180 2205 2444 2277 ίατρικῶν
2493 2205 2752 2275 πομάτων
2804 2202 3176 2272 αἰσθανόμεθα
3229 2201 3328 2270 μέν
3363 2201 3461 2268 τῆς
3499 2190 3746 2265 πικρίας,

2181 2299 2590 2370 καταδεχόμεθα
2619 2299 2675 2353 δέ
2711 2299 2872 2364 αὐτὰ,
2900 2299 2997 2367 τὴν
3029 2296 3136 2349 ἀπὸ
3195 2296 3401 2348 τούτων
3439 2292 3750 2354 ἐννοοῦντες

2176 2395 2469 2462 ὠφέλειαν,
2493 2393 2665 2454 οὕτως
2686 2390 3062 2458 ἀντιστρόφως
3094 2389 3324 2442 ἐπὶτῶν
3356 2385 3754 2453 πνευματικῶν

2178 2488 2546 2559 διδαγμάτων,
2570 2487 2800 2556 ἥδονται
2859 2482 2960 2552 μὲν
3027 2473 3217 2544 αὐτοῖς
3269 2478 3536 2537 τοιούτοις
3585 2480 3748 2542 φύσει

2176 2583 2432 2653 γλυκέσιν
2462 2576 2582 2635 οὖσι
2606 2579 2697 2632 καὶ
2726 2578 2784 2631 οῖ
2829 2578 2902 2646 μὴ
2934 2575 3145 2636 τούτοις
3197 2572 3533 2640 πειθόμενοι,
3557 2570 3623 2653 ου·
3651 2586 3751 2621 κα-

2175 2673 2496 2742 ταδέχονται
2518 2671 2573 2724 δέ
2600 2670 2760 2733 αὐτὰ,
2781 2667 2880 2741 τὴν
2901 2667 3008 2720 ἀπὸ
3029 2665 3234 2719 τούτων
3254 2663 3557 2723 ἐννοοῦντες
3585 2649 3748 2730 22⁵

2176 2770 2314 2836 πρὸς
2348 2764 2446 2827 τὰς
2481 2762 2690 2825 οἰκείας
2735 2761 2980 2829 πονηρὰς
3027 2757 3237 2829 ὀρέξεις
3269 2755 3546 2809 ἀντίθεσιν
3570 2770 3585 2784 ·
3618 2753 3747 2814 tow“;

2175 2840 2232 2911 δὲ
2262 2840 2353 2910 καὶ
2392 2856 2564 2926 ἡδέως
2595 2855 2696 2924 μὲν
2729 2851 2949 2906 ἀκούων
2975 2842 3043 2922 ἦν
3073 2846 3242 2902 αὑτοῦ
3299 2847 3588 2918 πρότερον,
3625 2844 3748 2896 ἐπεὶ

2177 2952 2268 3004 καὶ
2323 2949 2632 3018 συνετήρει,
2684 2946 2871 3015 φησὶν,
2927 2942 3112 3005 αὐτὸν,
3170 2940 3267 2994 καὶ
3328 2938 3542 2991 ἀκούων
3578 2932 3749 2990 αὑτοῦ

2175 3042 2345 3095 πολλὰ
2381 3040 2552 3094 ἐποίει
2579 3056 2594 3071 ο
2629 3037 2953 3105 πεφυκότων
2980 3035 3037 3088 δὲ
3064 3033 3173 3086 τῶν
3200 3032 3391 3086 κακῶν
3417 3033 3594 3100 μισεῖν
3618 3028 3746 3090 τοὺς

2174 3137 2519 3205 ἐλέγχοντας,
2558 3131 2653 3186 τοῦ
2682 3131 2872 3199 μίσους
2900 3126 3335 3197 προσγενομένου
3363 3123 3452 3178 διὰ
3482 3123 3572 3176 τὸν
3595 3122 3749 3189 ἐλεγ-

2174 3244 2292 3299 χον,
2321 3225 2542 3281 πάντων
2571 3224 2849 3293 ἀλογήσας
2880 3218 3110 3274 ἐκείνων
3161 3217 3462 3286 συνεφώνει
3505 3218 3573 3285 τῇ
3628 3230 3750 3283 μοι·
3827 3293 3830 3296 ι

2174 3320 2453 3394 χευομένη
2485 3317 2636 3372 κατὰ
2668 3317 2778 3388 τὴνι
2819 3315 3002 3386 φόνιον
3049 3311 3298 3394 γνώμην,
3328 3309 3421 3364 καὶ
3453 3309 3624 3362 θέλων
3644 3306 3754 3394 ’καὶ

2177 3392 2342 3475 αὐτὸς
2377 3411 2699 3465 ἀποκτεῖναι
2724 3407 2833 3461 τδν-
2860 3406 3143 3472 Ἰωάννην,
3175 3392 3320 3456 καθά
3347 3418 3513 3470 φησιν
3539 3417 3568 3452 ο
3598 3392 3760 3453 Ματ-

2175 3505 2347 3568 θαῖος,
2377 3502 2626 3573 ἐφοϐεῖτο
2652 3501 2744 3554 τὸν
2772 3500 2952 3570 ὄχλον,
2979 3498 3079 3550 οὐκ
3110 3496 3364 3549 ἐνστασίν
3397 3510 3523 3547 τινα
3560 3489 3752 3555 δεδιὼς

2176 3601 2242 3653 ἐκ
2275 3596 2505 3661 τούτων,
2538 3587 2676 3648 ἀλλὰ
2722 3591 2890 3662 μόνην
2946 3591 3048 3660 τὴν
3083 3587 3192 3642 ἀπὸ
3227 3585 3435 3640 τούτων
3469 3587 3753 3651 κατάγνωο

2176 3711 2286 3759 σιν,
2319 3689 2618 3762 ἐπειδήπερ
2646 3686 2720 3750 ὡς
2752 3678 3042 3754 προφήτην
3067 3676 3233 3734 ἀύτὸν
3270 3676 3416 3748 εἶχον
3441 3694 3458 3712 ο
3491 3677 3610 3749 ᾔδει
3638 3677 3750 3747 γάρ

2174 3787 2251 3851 ῶς
2291 3783 2484 3839 οὐδένα
2521 3781 2629 3834 τῶν
2663 3780 2921 3833 ἁπάντων
2950 3775 3140 3843 ne).qu
3167 3776 3227 3826 τὸ
3276 3774 3463 3845 περιὸν
3493 3771 3594 3840 τῆς
3623 3771 3752 3839 ἁρε-

2173 3865 2273 3948 τῆς
2307 3876 2403 3938 καὶ
2429 3861 2650 3944 χάριτος
2682 3868 2952 3933 Ἰωάννου,
2977 3868 3073 3920 καὶ
3098 3866 3195 3936 τῆς
3225 3864 3375 3934 παρὰ
3399 3863 3508 3916 τῶν
3537 3861 3752 3914 πολλῶν

2175 3963 2336 4039 δόξης
2365 3967 2630 4037 ὑπάρχων
2672 3963 2855 4034 ἥττων
2903 3954 3179 4029 ἐφοϐεῖτο
3203 3958 3304 4028 τὴν
3343 3956 3498 4028 παρὰ
3539 3956 3750 4009 τούτων

2176 4058 2537 4130 κατηγορίαν,
2568 4054 2662 4108 καὶ
2688 4053 2780 4107 τὸν
2806 4051 2939 4123 παρ’
2969 4049 3150 4105 αὐτῶν
3180 4049 3500 4121 θηρώμενος
3525 4046 3755 4101 ἔπαινον

2177 4157 2325 4210 ἔστιν
2349 4151 2435 4221 ἐφ’
2458 4145 2533 4219 ὧν
2556 4148 2636 4202 ἔτι
2659 4145 2758 4219 τὴν
2789 4142 2928 4217 πρδς
2946 4144 3041 4200 τὸν
3075 4138 3336 4212 Ἰωάννην
3360 4144 3748 4214 προσεποιεῖτο

2178 4244 2354 4303 πειθὼ
2391 4244 2488 4298 καὶ
2517 4241 2828 4296 εὐλάϐειαν.
2871 4237 3011 4292 ’Δλλ’
3042 4239 3076 4308 ἡ
3121 4235 3395 4306 Ἡρωδιὰς
3428 4234 3568 4305 σοφὴ
3612 4230 3749 4288 οὖσα

2176 4340 2270 4396 τοῦ
2303 4335 2670 4406 κακοποιῆσαι
2703 4331 2801 4387 καὶ
2848 4328 3040 4384 τοῦτον
3089 4327 3154 4396 δὴ
3203 4327 3296 4381 τὸν
3344 4326 3509 4396 φόϐον
3556 4322 3754 4380 ἔλυσεν.

2177 4431 2345 4501 αὐτῷ,
2381 4429 2476 4484 καὶ
2508 4429 2643 4496 πρὸς
2688 4425 2780 4479 τὸν
2832 4422 3016 4491 φόνον,
3044 4420 3121 4485 ὡς
3169 4419 3412 4490 ἐνόμισε,
3448 4417 3650 4488 μᾶλλον
3690 4417 3747 4470 δέ

2175 4522 2248 4588 ὡς
2280 4522 2566 4592 ἠπάτησεν
2611 4511 2963 4585 ἀνεγκλήτως
3011 4509 3218 4581 ἐπῆρεν
3243 4524 3258 4540 ο
3299 4507 3603 4576 ἐγκοτοῦσα
3638 4507 3748 4576 γὰρ

2178 4613 2276 4669 καὶ
2303 4610 2527 4681 φονῶσα
2562 4604 2757 4678 καιρὸν
2783 4603 2970 4676 ἐζήτει
2999 4603 3101 4673 τὴν
3141 4601 3249 4656 ἀπὸ
3280 4599 3388 4654 τῶν
3416 4599 3627 4654 πολλῶν
3658 4617 3752 4652 συν-

511 4700 721 4755 scilicet
763 4696 829 4755 ad
864 4698 1174 4754 carnificem
1229 4699 1716 4768 machinationem,
1759 4701 1891 4756 dum
1929 4703 2073 4759 cele-

2183 4704 2405 4760 σκιάσαι
2446 4699 2674 4772 μέμψιν,
2698 4697 2793 4753 καὶ
2818 4697 3156 4767 προαγαγεῖν
3179 4694 3262 4758 είς
3291 4693 3454 4764 ιργον
3480 4692 3578 4762 τὴν
3606 4695 3749 4746 κατά

511 4793 801 4848 brarentur
832 4791 1064 4846 Herodis
1097 4790 1367 4856 natalitia,
1401 4792 1549 4845 omni
1573 4791 1792 4862 quidem
1819 4795 2072 4850 multitu-

513 4886 639 4940 dine
679 4893 1027 4953 congregata,
1068 4894 1122 4938 et
1151 4883 1409 4938 omnibus
1442 4885 1646 4939 mensae
1677 4885 2078 4943 discumbenti-

513 4979 631 5039 bus,
662 4976 885 5030 intravit
917 4976 971 5029 in
1003 4975 1182 5030 medio
1217 4975 1459 5030 omnium
1507 4973 1622 5042 ejus
1661 4977 1767 5033 filia
1821 4983 1886 5034 de
1920 4980 2078 5035 indu-

510 5068 643 5125 Stria
671 5083 700 5122 a
728 5077 899 5121 marte
929 5067 1188 5132 immissa,
1211 5077 1462 5123 etcoram
1495 5069 1668 5126 oculis
1696 5071 1939 5126 omnium
1967 5073 2079 5127 sal-

515 5160 664 5225 taxit,
706 5171 759 5217 ct
799 5161 1006 5228 'placuit
1043 5158 1242 5217 Herodi
1277 5171 1330 5216 et
1353 5165 1582 5219 creteris.
1617 5162 1753 5218 Nam
1796 5166 2075 5233 quomodo

516 5250 839 5308 Herodiadis
872 5253 998 5319 filia,
1029 5268 1057 5307 a
1088 5263 1261 5309 matre
1283 5255 1568 5326 producta,
1596 5271 1702 5310 non
1734 5257 2080 5327 impudenter

512 5350 790 5413 saltasset,
830 5364 930 5404 nec
971 5347 1170 5403 Herodi
1209 5348 1546 5418 placuisset?
1579 5349 1655 5404 Ita
1705 5365 1832 5405 vero
1873 5349 2080 5406 lascivo

522 5439 633 5510 regi
665 5439 852 5492 arrisit
896 5438 1189 5508 impudens
1248 5439 1490 5504 saltatio,
1533 5448 1594 5494 ut
1655 5429 1872 5494 saltanti
1929 5441 2080 5496 diee-

518 5543 596 5589 rct
631 5551 643 5588 :
677 5553 694 5584 ι
730 5533 858 5588 Pete
889 5547 920 5586 a
953 5548 1042 5591 me
1064 5534 1206 5600 quozl
1242 5532 1342 5597 vis,
1375 5543 1428 5587 et
1457 5531 1599 5586 dabo
1637 5533 1751 5587 tibi.
1786 5531 1851 5588 Et
1874 5533 2084 5601 jurarit

515 5628 592 5680 illi
628 5645 642 5680 :
679 5626 805 5696 quia
851 5626 1112 5695 quidquid
1150 5626 1372 5693 petieris
1407 5626 1550 5682 dabo
1589 5628 1708 5693 tibi,
1755 5629 1881 5683 licet
1910 5626 2075 5682 dimi-

519 5719 666 5771 dium
709 5718 855 5787 regni
892 5718 995 5771 mei
1019 5717 1086 5770 ’⁸.
1121 5734 1142 5772 ι
1176 5716 1295 5772 Exit
1319 5721 1383 5771 ad
1410 5729 1638 5774 matrem
1676 5729 1727 5775 et
1759 5719 2078 5792 magistram

621 5835 663 5863 "
697 5831 853 5886 Marc.
900 5847 972 5898 rt,
998 5831 1087 5888 22.

2181 4792 2276 4846 τοῦ
2300 4786 2608 4845 Βαπτιστοῦ
2632 4786 2728 4840 καὶ
2749 4786 3037 4857 Προφήτου
3064 4782 3282 4854 μανίαν.
3298 4781 3607 4854 Γενομένης
3629 4782 3746 4847 οὖν,

2183 4886 2370 4955 φησὶν,
2404 4879 2614 4954 ἡμέρας
2644 4879 2932 4949 εὐκαίρου,
2966 4877 3107 4948 πρὸς
3130 4877 3228 4947 τὴν
3257 4874 3483 4946 φονικὴν
3505 4875 3748 4945 δηλονότι

2185 4977 2455 5049 μηχανὴν,
2484 4975 2828 5042 τελουμένων
2861 4969 2966 5023 τῶν
3012 4967 3309 5039 ’γενεθλίων
3363 4966 3749 5038 Ἠρώδουςκαὶ

2182 5066 2514 5138 παντδςμέν
2541 5061 2635 5119 τοῦ
2661 5064 2820 5134 δχλου
2846 5060 3290 5131 συνειλεγμένου,
3313 5059 3535 5114 πάντων
3553 5058 3612 5112 δέ
3640 5057 3753 5114 τῶν

2182 5165 2241 5217 ἐν
2271 5161 2418 5215 τέλει
2474 5156 2938 5229 προκαθημένων,
2972 5154 3192 5225 είσῆλθε
3247 5152 3453 5218 μεταξὺ
3502 5151 3762 5217 πάντων,

2182 5254 2444 5325 ἀφεθεῖσα
2476 5253 2606 5323 παρ’
2654 5249 2829 5319 αὐτῆς
2867 5247 3127 5319 ’ἐπίτηδες
3163 5246 3196 5317 ἠ
3239 5245 3442 5315 ταύτης
3475 5243 3756 5314 θυγάτηρ,

2181 5348 2279 5402 καὶ
2307 5346 2410 5399 ὑπὸ
2436 5343 2563 5408 τοὺς
2593 5342 2850 5409 ἁπάντων
2886 5338 3202 5410 ὀφθαλμοὺς
3238 5335 3530 5409 ὠρχήσατο
3561 5335 3625 5387 τὸ
3653 5337 3752 5388 eo.

2133 5503 2144 5511 _
2186 5442 2404 5513 ράσιον,
2444 5439 2540 5492 καὶ
2587 5436 2754 5506 ήρεσε
2787 5434 2901 5496 τοῖς
2941 5449 3002 5496 τε
3037 5430 3222 5493 ἄλλοις
3268 5426 3472 5500 καὶτῷ
3507 5425 3752 5498 Ἡρώδῃ.

2184 5533 2310 5595 ῐιῶς
2340 5531 2449 5604 γὰρ
2499 5529 2600 5582 οὐκ
2637 5524 2865 5597 ἔμελλεν
2901 5524 3071 5594 αὐτῆς
3099 5539 3161 5576 τε
3197 5521 3356 5586 οὖσα,
3379 5520 3481 5574 καὶ
3530 5518 3626 5574 ὁπ’
3655 5517 3758 5572 αὐ-

2183 5628 2282 5696 τῆς
2319 5621 2678 5694 προαχθεῖσα,
2725 5620 2822 5672 καὶ
2868 5616 3103 5679 ἀναιδῶς
3151 5612 3528 5686 ὀρχήσασθαι,
3547 5608 3754 5682 καὶτῷ

2196 5715 2414 5786 Ἡρώδῃ
2443 5713 2721 5786 ἁρέσκειν;
2741 5710 2870 5764 Ἐπὶ
2895 5706 3152 5761 τοσοῦτον
3180 5706 3236 5759 δέ
3263 5703 3356 5758 τεῦ
3387 5703 3751 5773 φιλοπαίγμορ
