4070 6210
544 327 655 394 511
1758 328 2125 390 (ΞΒΕΟΟΒΙῙ

2226 333 2328 391 ’AL
2351 333 2516 393 \M/E
3681 328 3784 395 512

545 443 1035 513 cursoremgratim
1065 442 1363 507 imitantes,
1395 445 1601 500 mundo
1641 447 2110 513 abrenuntiant'es,

2226 454 2409 520 κόσμῳ
2438 453 2766 522 τρεφόμενοι
2798 453 2896 506 64.5:—
2919 453 3060 524 βίου,
3091 451 3231 523 πρὸς
3271 450 3368 514 τὰς
3404 449 3786 519 πολυμόρφως

545 535 1260 606 ct.t'ugientes—cungressum
1293 543 1596 589 amatorum
1626 538 1834 602 mundi,
1864 539 1954 592 alii
1979 539 2105 609 qui-

2226 545 2315 596 :th
2354 546 2543 598 παθῶν
2583 547 2733 612 θέας,
2770 548 2905 616 πρὸς
2945 549 3051 608 τὰς.
3092 544 3522 616 πολυρῥήμονας
3564 543 3658 595 καὶ
3693 541 3786 612 οὐχ

539 629 661 682 dem
695 630 748 681 in
778 629 992 682 deserto
1027 626 1431 695 habitaverunt,
1462 635 1518 682 et
1546 630 1834 686 multoscx
1869 631 2107 700 posteris

2226 629 2374 706 ἧττον
2419 637 2744 706 ἀσχήμονας
2786 639 2957 702 ἀκοάς
2996 655 3060 690 τε
3103 639 3199 692 καὶ
3240 635 3457 704 ὁμιλίας
3490 634 3572 703 μή
3597 633 3788 686 παθεῖν

542 719 767 773 οιιὶηυιί.
791 730 1162 790 attraxerunt;
1192 724 1282 778 alii
1322 740 1447 779 vero
1473 727 1523 781 in
1561 726 1734 780 sacris
1763 726 1968 781 uadibus
2007 726 2107 782 ha-

2226 729 2420 792 ιιακῶς,
2465 730 2598 799 μηδὲ
2632 727 2914 799 τρωθῆναι
2945 731 3040 782 καὶ
3071 729 3328 797 πονήρως
3357 725 3666 791 διατεθῆναι
3699 723 3787 776 τὸν

539 809 793 875 bitantes,
826 811 1102 880 spiritales
1135 827 1460 882 congressus
1491 816 1543 869 in
1580 814 1646 870 iis
1689 813 1955 878 fecerunt,
1986 815 2104 887 qui.-

538 899 640 953 hus
670 917 767 956 nos
799 903 888 957 alii
924 904 1084 960 aliter:
1111 906 1352 960 studium
1383 906 1600 962 illorum
1633 908 1914 966 imitantes,
1935 908 1986 962 in
2020 922 2105 963 sa-

539 991 649 1045 cris
682 993 766 1047 his
796 994 1053 1050 claustris
1085 998 1250 1050 vitam
1283 998 1631 1068 peragimus..

2213 819 2320 874 ἔσω
2355 821 2676 889 ᾶινορωπονς
2703 820 2816 874 Οὐκ
2848 821 2965 874 ἔστι
2993 822 3175 884 τοῦτο,
3196 820 3297 874 ούκ
3327 818 3463 873 ἔστι.
3493 817 3595 869 Διὰ
3617 813 3792 868 ταῦτα

2212 908 2303 961 τὸν
2334 909 2435 978 τῆς
2466 909 2689 980 χάριτπς
2721 911 3034 982 Πρόδρομον
3069 913 3117 964 oi
3147 911 3392 981 Πατέρες
3437 907 3789 979 μιμούμενοι.

2209 999 2289 1070 τῷ
2318 1000 2506 1069 κόσμῳ
2546 1002 2978 1072 ἀποταξάμενοι,
3015 1005 3110 1056 καὶ
3137 1003 3235 1074 τὴν
3270 1001 3564 1055 συναυλίαν
3591 997 3794 1067 ’φυγόν-

537 1101 630 1146 τες
661 1085 770 1138 τῶν
799 1087 944 1157 αὖτῷ
973 1092 1405 1161 προσκειμένων,
1439 1094 1493 1146 οί-
1520 1094 1622 1164 μὲν
1645 1095 1746 1165 τὴν
1774 1095 1978 1165 ἔρημον
1999 1094 2241 1167 ᾤκησαν,
2272 1097 2366 1150 καὶ
2400 1095 2632 1158 πολλοὺς
2691 1096 2800 1150 τῶν
2863 1096 3056 1150 ἔπειτα
3117 1096 3420 1165 γεγονότων
3487 1095 3624 1164 πρὶς
3669 1090 3794 1145 ταύ-

538 1197 640 1250 την
680 1183 970 1241 εἵλκυσαν*
998 1189 1048 1239 οἱ
1075 1188 1131 1241 δὲ
1162 1191 1633 1260 περιτειχίσμασιν
1671 1193 1835 1261 ἱεροῖς
1899 1192 2300 1262 ὲνασκήσαντες
2326 1233 2340 1253 ,
2375 1193 2468 1246 καὶ
2536 1193 2781 1255 συνοδίας
2824 1192 3199 1262 πνευματικὰς
3265 1193 3322 1244 ὲν
3388 1191 3571 1251 αὐτοῖς
3637 1198 3791 1237 συν3⁶

547 1279 839 1347 στῆσαντο,
871 1279 957 1348 αἶς
984 1285 1144 1355 ἡμεῖς
1169 1286 1354 1340 ἄλλοτε
1386 1287 1542 1353 ἄλλος
1572 1289 1708 1343 κατὰ
1741 1291 1901 1361 ζῆλον
1932 1291 2154 1344 ἐκείνων
2188 1290 2619 1361 ὲναρμοζόμενοι
2674 1289 2788 1351 τοῖς
2838 1289 3003 1356 ἱεροῖς

542 1387 679 1434 κοις.

614 1462 815 1519 Verum
861 1467 914 1520 in
955 1466 1073 1522 istis
1105 1468 1351 1526 habitare
1381 1486 1486 1526 non
1519 1471 1739 1541 subicit,
1773 1478 1866 1531 sed
1900 1483 2113 1543 Oportet

2288 1472 2363 1526 Ου
2417 1469 2703 1525 κατοικεῖν
2748 1467 2805 1521 δὲ
2849 1467 3012 1539 μόνον
3056 1465 3114 1518 ἐν
3178 1465 3361 1527 αὐτοῖς
3396 1463 3490 1524 δεῖ,
3527 1460 3663 1514 ἀλλά
3700 1459 3794 1516 καὶ

541 1559 705 1613 etiam
739 1576 890 1617 more
918 1562 1135 1619 illorum
1183 1563 1405 1621 Patrum
1435 1568 1652 1634 vivere;
1678 1587 1850 1641 neque
1870 1575 2013 1628 enim
2047 1574 2115 1629 ab

2226 1564 2357 1619 κατά
2389 1562 2515 1626 τοὺς
2553 1563 2807 1632 Πατέρας
2837 1560 3084 1623 ἐκείνους
3115 1559 3215 1629 ζῇν
3237 1575 3251 1590 ·
3281 1556 3402 1610 οὐδὲ
3440 1556 3546 1625 γὰρ
3578 1555 3687 1606 τῶν
3709 1556 3798 1608 ἐπὶ

542 1652 666 1706 aliis
717 1654 1064 1710 terrestribus
1110 1657 1230 1712 istis
1261 1657 1352 1713 Dei
1386 1660 1655 1728 paradisis
1702 1664 1860 1718 abest
1900 1664 2112 1733 lignum

2226 1654 2319 1724 γῆς
2354 1653 2531 1707 ἄλλων
2558 1652 2764 1707 τούτων
2794 1651 2887 1705 τοῦ
2920 1650 3055 1703 θεοῦ
3089 1649 3433 1719 παραδείσων
3463 1647 3524 1699 τὸ
3555 1647 3798 1715 γνωστὸν

539 1743 781 1801 scientiae
830 1746 958 1803 boni
1014 1757 1069 1804 et
1128 1749 1292 1816 mali,
1355 1766 1456 1807 nec
1510 1751 1619 1809 dux
1685 1771 1953 1826 nequam;
2016 1774 2115 1815 nos

2226 1742 2386 1798 καλοῦ
2433 1745 2526 1797 καὶ
2560 1743 2800 1813 πονηροῦ
2848 1740 3003 1806 ξύλον
3042 1740 3297 1801 ἄπεστιν,
3351 1737 3460 1792 οὐδ’
3495 1739 3522 1790 ὁ
3563 1737 3798 1808 πονηρὸς

541 1846 724 1892 autem
751 1839 995 1909 antiquis
1021 1841 1201 1898 edocti
1224 1845 1487 1912 exemplis
1511 1847 1612 1902 soli
1640 1848 1781 1902 bono
1808 1858 1860 1905 et
1879 1853 2114 1920 sapienti

2226 1837 2508 1907 ὕφηγητής
2537 1851 2552 1866 ⁸
2589 1835 2706 1888 ἔστι
2751 1834 2808 1889 δὲ
2842 1835 2992 1904 ἡμᾶς
3026 1831 3415 1894 παιδευθέντας
3458 1833 3569 1893 τοῖς
3601 1833 3664 1884 ἐκ
3696 1848 3799 1882 παι

541 1928 861 1985 consiliario
886 1933 1146 1988 debemus
1176 1936 1478 2002 attendere,
1510 1946 1562 1992 et
1585 1941 1810 2009 vestigia
1843 1944 1996 2012 sequi
2020 1960 2116 2000 eo-

2226 1928 2370 1980 λαιοῦ
2409 1926 2844 1997 παραδείγμασι,
2872 1925 2951 1994 τῷ
2987 1924 3134 1993 μόνῳ
3170 1922 3318 1991 σοφῷ
3364 1940 3422 1976 τε
3461 1923 3556 1975 καὶ
3606 1920 3798 1990 ἀγαθῷ

3087 1284 3302 1346 τούτοις
3345 1281 3536 1351 ὲμΰιού
3549 1299 3646 1349 μεν
3696 1297 3762 1346 an

550 2034 671 2072 rum
703 2021 794 2089 qui
838 2023 990 2090 prius
1033 2033 1086 2079 et
1116 2042 1263 2082 nunc
1288 2029 1337 2084 ei
1377 2041 1698 2099 paruerunt,
1743 2034 2027 2101 imitando,
2061 2051 2119 2096 ιιι

549 2113 855 2169 secundum
873 2114 1190 2187 Apostolum
1213 2121 1425 2192 loquar,
1446 2129 1912 2184 conversationem
1928 2146 2117 2188 eorum

551 2221 786 2272 quorum
816 2211 1228 2268 consideramus
1290 2217 1516 2275 exitum.
1551 2218 1688 2275 Sunt
1724 2221 1886 2276 etiam
1935 2224 2120 2282 bestia:

548 2307 604 2354 et
646 2299 774 2355 fera:
803 2302 857 2356 in
885 2319 1068 2360 eremo
1098 2316 1151 2361 et
1189 2305 1243 2363 in
1275 2310 1448 2381 sacris
1482 2307 1602 2369 istis
1651 2320 2036 2385 monasteriis;
2067 2331 2119 2377 et

551 2393 707 2447 valde
740 2393 992 2450 timemus
1019 2413 1086 2451 ne
1118 2403 1782 2473 comparemur-iumentis
1812 2408 2120 2478 insipienti-

549 2485 675 2548 bus,
710 2495 763 2541 et
793 2488 1000 2543 similes
1029 2489 1138 2545 illis
1173 2490 1388 2553 ﬁamus.
1421 2493 1522 2548 nisi
1549 2511 1647 2565 pro
1682 2497 1887 2554 viribus
1921 2503 2120 2572 singuli

551 2576 716 2629 vitam
765 2575 992 2634 Joannis
1039 2579 1342 2636 imitemur.
1379 2584 1518 2650 Quid
1565 2589 1732 2656 ergo?
1773 2587 1871 2645 Hic
1903 2607 2122 2662 semper

549 2680 795 2738 apertum
827 2681 990 2742 caput
1024 2672 1279 2740 habebat,
1311 2676 1366 2730 in
1409 2677 1629 2748 signum
1676 2680 1822 2737 illius
1853 2687 2119 2744 orationis

548 2764 845 2826 continuae,
877 2765 1107 2836 ejusque
1147 2782 1275 2838 erga
1307 2767 1477 2824 Deum
1516 2770 1818 2841 libertatis;
1849 2777 1932 2832 vir
1972 2780 2118 2834 enim

553 2858 756 2911 nudato
796 2859 972 2927 capite
1002 2859 1164 2916 debet
1221 2876 1402 2926 orare,
1435 2867 1731 2922 secundum
1764 2885 1952 2924 vocem
1991 2887 2123 2943 apo-

553 2951 830 3015 stolicam.
851 2961 912 3006 ut
937 2953 1085 3009 nudo
1117 2955 1293 3025 capite
1317 2957 1544 3028 gloriam
1576 2959 1790 3017 Domini
1820 2965 2118 3023 intueatur.

551 3042 722 3111 Igitur
755 3045 1002 3100 velentur
1031 3047 1124 3116 qui
1162 3049 1364 3104 mundo
1391 3051 1684 3122 alligantur
1715 3058 1945 3126 negetiis
1995 3060 2119 3129 qui-

552 3136 657 3189 bus
688 3136 1097 3194 circumdantur
1119 3141 1200 3195 vel
1231 3143 1406 3211 potius
1436 3143 1783 3214 implicantur
1807 3161 1860 3205 et
1892 3152 2121 3223 impedi-

2225 2018 2514 2089 συμϐούλῳ
2547 2018 2858 2088 προσέχειν,
2905 2015 2999 2069 καὶ
3053 2019 3164 2078 τοῖς
3202 2015 3354 2084 αὐτῷ
3403 2018 3671 2085 πρότερον
3705 2015 3798 2066 καὶ

2223 2111 2318 2165 νῦν
2372 2109 2730 2180 πειθαρχοῦσι
2763 2107 2885 2161 κατ’
2927 2107 3070 2177 ἴχνος
3101 2106 3355 2169 ἕπεσθαι,
3401 2106 3499 2176 τὴν
3529 2107 3797 2171 ἀναστρο-

2225 2204 2331 2276 φὴν
2386 2202 2771 2265 ἀποστολικῶς
2811 2203 2989 2254 εἰπεῖν
3045 2200 3418 2277 μιμουμένους
3472 2197 3679 2250 τούτων
3725 2191 3800 2251 ὧν

2221 2299 2323 2366 τὴν
2357 2296 2584 2350 ἒκῦασιν
2638 2296 2876 2364 εἴδομεν.
2917 2294 3037 2346 Εἰσὶ
3067 2293 3121 2345 δὲ
3163 2293 3257 2345 καὶ
3286 2283 3452 2361 θηρία
3498 2291 3594 2344 καὶ
3622 2290 3794 2360 κτήνη

2223 2389 2362 2444 κατά
2386 2406 2444 2442 τε
2473 2387 2570 2457 τὴν
2599 2387 2802 2456 ἔρημον
2834 2385 2924 2450 καὶ
2953 2385 3020 2439 τὰ
3052 2385 3172 2453 ἱερὰ
3204 2382 3379 2438 ταῦτα
3409 2384 3670 2452 σεμνεῑα·
3703 2381 3796 2435 καὶ

2225 2480 2360 2536 πολῦ
2400 2483 2461 2534 τὸ
2508 2481 2648 2544 δέος,
2706 2479 2780 2550 μὴ
2811 2475 3376 2549 παρασυμϐληοῶμεν
3413 2476 3528 2538 τοῖς
3572 2474 3796 2542 κτήνεσι

2222 2576 2333 2638 τοῖς
2363 2575 2615 2645 ἀνοήτοις
2654 2573 2748 2628 καὶ
2780 2570 3141 2640 ὀμοιωθῶμεν
3201 2569 3385 2631 αὐτοῖς
3427 2567 3495 2621 ἂν
3534 2565 3610 2636 μὴ
3658 2563 3792 2636 πρὸς

2222 2669 2451 2737 δύναμιν
2502 2667 2734 2727 ἕκαστος
2778 2664 2870 2716 τὸν
2913 2663 3160 2717 Ἰωάννου
3199 2660 3312 2730 βίον
3371 2657 3691 2731 μιμώμεθα.
3729 2657 3793 2709 Τί

2222 2758 2315 2817 οὖν
2340 2778 2354 2827 ;
2390 2760 2626 2822 Ἐκεῖνος
2656 2759 2755 2831 τὴν
2775 2757 3014 2828 κεφαλὴν
3045 2757 3128 2811 ἀεὶ
3151 2754 3598 2825 ἁπερικάλυπτον
3627 2747 3792 2819 εἶχεν,

2226 2854 2568 2909 ἀδιαλείπτου
2609 2850 2920 2923 προσευχῆς
2951 2849 3109 2903 τοῦτο
3145 2848 3367 2918 δεῖγμα,
3403 2848 3502 2899 καὶ
3532 2844 3634 2913 τῆς
3658 2845 3794 2912 πρὸς

2223 2945 2355 2999 Θεὸν
2383 2943 2730 3016 παρρησίας·
2763 2940 3220 3002 ἀκατακάλυπτον
3255 2939 3360 3006 γὰρ
3389 2937 3474 2990 δεῖ
3505 2937 3598 2990 τὸν
3630 2935 3794 3006 ἄνδρα

2225 3035 2624 3109 προσεύχεσθαι
2660 3034 2804 3090 κατά
2833 3035 2931 3103 τήν
2964 3032 3059 3086 τοῦ
3106 3032 3432 3095 Ἀποστόλου
3481 3032 3686 3099 φωνὴν,
3720 3029 3796 3092 ὡς

2223 3132 2292 3186 ἂν
2347 3128 2857 3198 ἀνακεκαλυμμένῳ
2907 3124 3186 3196 προσώπῳ
3239 3125 3339 3196 τὴν
3381 3124 3540 3189 δόξαν
3592 3121 3795 3193 Κυρίου

553 3228 751 3282 mentis
781 3228 980 3299 quibus
1010 3232 1176 3300 pedes
1219 3236 1484 3291 continuo
1512 3237 1854 3307 irretiuntnr,
1895 3214 1988 3314 qui
2026 3262 2120 3302 ne-

2226 3221 2744 3294 κατοπτριζώμεθα.
2817 3217 3381 3290 Ἑγκαλυπτέσθωσαν
3445 3216 3538 3270 οὖν
3602 3218 3650 3269 οἱ
3717 3214 3794 3285 τῷ

552 3330 764 3387 queunt
793 3331 852 3376 ut
881 3337 1003 3386 nos.
1039 3332 1298 3395 perpetuo
1322 3329 1611 3386 Dominum
1645 3334 1866 3391 intueri.
1894 3336 2006 3392 Nos
2025 3353 2123 3394 au-

557 3421 663 3466 tem
696 3414 785 3483 qui
837 3415 972 3471 bene
1019 3431 1052 3473 e
1089 3419 1294 3474 mundo
1324 3424 1670 3489 recessimus,
1725 3427 1795 3482 ab
1840 3445 1906 3484 eo
1959 3433 2121 3487 etiam

556 3513 735 3561 mente
765 3523 1071 3576 areeamur,
1105 3511 1326 3580 psalmis
1353 3521 1408 3568 et
1439 3515 1669 3573 canticis
1697 3530 1751 3576 et
1782 3522 2122 3581 orationibus

549 3597 929 3667 spiritualibus
955 3598 1177 3656 Christo
1204 3603 1439 3659 animam
1469 3619 1712 3664 nostram
1736 3609 2043 3680 alligantes,
2069 3624 2126 3671 et

552 3691 920 3761 nosmetipsos
962 3691 1227 3750 faciamus
1256 3695 1512 3753 salutaris
1538 3701 1656 3770 ejus
1676 3704 1916 3760 nominis
1951 3707 2126 3763 taber-

552 3783 832 3847 naCnlum,
894 3785 1012 3855 ipso
1039 3785 1334 3856 adjuvante
1382 3803 1601 3862 propter
1640 3811 1800 3864 quem
1833 3814 1862 3854 e
1919 3802 2126 3857 mundo

551 3878 867 3943 cxivimus;
903 3894 1025 3933 nam
1074 3880 1166 3950 qui
1206 3894 1426 3950 propter
1451 3900 1578 3941 eum
1616 3902 1646 3942 a
1688 3891 1892 3945 mundo
1919 3903 1973 3946 et
2004 3893 2128 3948 vita:

554 3969 859 4025 commodis
895 3972 1145 4038 secessit,
1184 3975 1439 4031 unionem
1475 3993 1598 4033 cum
1630 3995 1695 4035 eo
1727 3983 1952 4038 omnino
1981 3985 2133 4039 desi-

555 4067 728 4127 derat,
761 4079 882 4134 quae
926 4063 1207 4136 daturper
1249 4070 1564 4124 continuam
1611 4071 1732 4142 ejus
1779 4075 2125 4142 memoriam,

557 4156 717 4225 cujus
770 4170 871 4224 ope
932 4173 1088 4212 mens
1127 4160 1482 4216 elnutidatur.
1542 4163 1712 4233 lgitur
1766 4167 2128 4225 cmundemus

557 4251 756 4304 mentis
790 4251 1034 4314 oculum,
1065 4251 1347 4320 operibus,
1393 4253 1580 4310 verbis
1615 4266 1668 4310 et
1698 4259 2129 4328 cogitationibus

556 4344 620 4397 ad
661 4343 824 4397 Deum
853 4342 1212 4422 intendentes.
1251 4341 1397 4400 Nihil
1425 4348 1570 4402 enim
1606 4349 1869 4412 habemus
1893 4368 2004 4422 quo
2026 4352 2127 4410 de-

555 4436 882 4506 primamur,
904 4439 951 4492 si
974 4438 1107 4494 totis
1137 4439 1344 4495 viribus
1373 4440 1711 4499 voluerimus
1736 4452 1945 4500 tantum
1961 4443 2129 4504 Joano

559 4535 648 4586 nis
677 4534 838 4587 vitam
862 4534 1241 4604 contemplari.
1271 4533 1371 4591 llic
1398 4535 1515 4592 sine
1542 4546 1683 4592 tecto
1701 4538 1939 4606 vivebat,
1970 4543 2129 4598 nobis

559 4634 790 4695 angusta
832 4624 1066 4679 sulliciat
1123 4626 1376 4693 aedicula,
1428 4628 1671 4684 contenti
1705 4631 1879 4686 simus
1910 4631 2044 4687 cella
2097 4648 2128 4688 a

559 4722 816 4786 praefecto
846 4721 1042 4790 cuique
1070 4719 1384 4784 distributa,
1414 4737 1540 4775 cum
1573 4721 1878 4794 cogitantes
1907 4725 2000 4794 qui
2036 4740 2134 4795 per

559 4814 727 4867 vitam
755 4812 937 4869 focmn
968 4827 1076 4866 non
1117 4811 1342 4878 habuit;
1373 4814 1462 4869 hic
1491 4825 1780 4870 contentus
1809 4827 1925 4872 erat
1954 4818 2132 4887 pomis

561 4906 873 4976 agrestibus
903 4917 956 4961 et
980 4906 1136 4960 melle
1161 4903 1407 4977 sylvestri
1429 4925 1442 4973 ;
1462 4915 1545 4962 est
1574 4908 1755 4976 planta
1778 4925 1901 4978 qua:
1939 4919 2135 4978 sponte

562 5003 616 5055 in
652 5000 872 5054 deserto
903 4999 1170 5065 nascitur,
1201 4998 1361 5068 cujus
1406 5001 1685 5056 radicibus
1715 5003 1809 5073 qui
1857 5015 1976 5072 post
2005 5020 2132 5062 eum

559 5094 836 5145 desertum
891 5080 1178 5144 coluerunt
1224 5091 1416 5146 Patres
1470 5091 1523 5145 in
1565 5095 1745 5146 citium
1803 5094 2131 5160 utebantur,

563 5198 721 5251 poma
765 5192 945 5235 autem
983 5183 1217 5252 agrestia
1250 5182 1385 5238 dixit
1423 5183 1668 5250 fructus;
1701 5185 1970 5241 fructibus
2000 5201 2131 5255 ergo

563 5287 618 5330 et
645 5275 920 5330 radicibus
952 5276 1261 5346 plantarum
1293 5277 1376 5332 vel
1407 5279 1566 5334 melle
1595 5279 1844 5349 sylvestri
1870 5280 2133 5335 vesceba-

566 5378 696 5436 tur.;
732 5384 838 5424 una
871 5367 1432 5436 induebatur-tunica,
1464 5381 1518 5424 et
1559 5385 1696 5424 zona
1734 5369 1958 5440 pellicea
1989 5371 2134 5425 circa

563 5463 779 5518 lumbos
811 5463 1155 5533 cingebatur,
1187 5462 1350 5517 simul
1381 5478 1479 5532 per
1516 5463 1803 5532 aenigmata
1836 5461 2135 5518 ostendens

562 5569 623 5613 se
677 5556 732 5610 in
764 5546 996 5627 corpore
1035 5556 1507 5611 mortificationem
1554 5571 1849 5626 corporum
1896 5556 2134 5610 circum-

565 5647 727 5716 ferre,
767 5652 1042 5723 simulque
1075 5650 1282 5706 habens
1315 5650 1431 5720 ipse
1461 5651 1793 5719 paupertatis
1819 5649 2049 5715 bonum,
2081 5657 2137 5704 et

566 5759 666 5797 nos
695 5743 952 5812 operibus
982 5743 1240 5800 edocens.
1275 5741 1384 5796 Nos
1421 5751 1600 5796 autem
1637 5741 1854 5810 quantis
1886 5740 2133 5794 abundao

571 5852 690 5890 n.us
724 5837 790 5890 ad
829 5825 1008 5894 rihum
1048 5841 1104 5892 et
1129 5834 1381 5890 vestitum
1420 5824 1742 5904 commodis,
1789 5833 2129 5904 receptacula

2224 3318 2412 3390 κόσμῳ
2435 3318 2829 3387 συνδεδεμένοι,
2861 3315 2948 3368 διὰ
2977 3313 3075 3374 τὰς
3097 3311 3630 3384 περιστοιχιζούσας,
3665 3309 3799 3380 μᾶλ-

2222 3417 2313 3470 λον
2347 3416 2406 3469 δὲ
2451 3412 2880 3484 συμπεφυκυίας
2919 3409 3143 3481 βλάϐας,
3182 3403 3280 3462 καὶ
3325 3407 3395 3461 τὰ
3445 3407 3600 3477 παρά
3629 3408 3796 3470 πόδας

2225 3505 2425 3576 συνεχῆ
2463 3503 2667 3568 σκῶλα,
2709 3502 2783 3573 μή
2826 3500 2985 3556 τοῦτο
3031 3499 3320 3568 δυνάμενοι
3365 3496 3626 3566 διηνεκῶς
3674 3495 3798 3550 καθ’

2224 3601 2390 3671 ἡμᾶς.
2434 3596 2625 3668 Ἡμεῖς
2656 3598 2712 3651 δὲ
2738 3596 2787 3650 οί
2821 3593 3004 3657 καλῶς
3029 3592 3121 3647 τοῦ
3157 3592 3362 3662 κόσμου
3399 3590 3796 3660 ἀναχωρήσαν-

2223 3712 2334 3756 τες,
2363 3690 2743 3762 ἀναχωρῶμεν
2775 3688 2943 3744 αὑτοῦ
2966 3688 3060 3742 καὶ
3090 3688 3155 3758 τῇ
3183 3685 3412 3755 διανοίᾳ,
3440 3682 3676 3754 ψαλμοῖς
3706 3681 3799 3737 καὶ

2225 3785 2387 3854 ᾠδαῖς
2417 3785 2511 3838 καὶ
2539 3785 2871 3854 προσευχαῖς
2900 3779 3297 3849 πνευματικαῖς
3325 3778 3402 3846 τῷ
3422 3775 3647 3846 Χριστῷ
3677 3793 3803 3829 συν-

2225 3879 2490 3947 δήσαντες
2517 3878 2608 3931 τδν
2638 3875 2762 3931 νοῦν
2792 3875 2884 3929 τὸν
2911 3873 3206 3945 ἡμέτερον,
3239 3871 3334 3925 καὶ
3363 3871 3630 3942 σκήνωμα
3647 3869 3798 3939 ποιή-

2230 3987 2414 4041 σωμεν
2443 3970 2672 4032 ἑαυτοὺς
2706 3967 2802 4023 τοῦ
2839 3966 3110 4035 σωτηρίου
3141 3964 3406 4037 ὀνόματος
3428 3979 3444 3996 θ
3473 3963 3641 4017 αὐτοῦ
3669 3980 3802 4033 μνη-

2231 4061 2573 4133 μονεύοντες,
2594 4060 2662 4115 δι’
2694 4061 2756 4117 ὃν
2780 4060 2874 4114 τοῦ
2907 4058 3114 4128 κόσμου
3149 4056 3447 4126 ἐξήλθομεν
3471 4070 3486 4085 ·
3521 4055 3549 4108 ό
3582 4056 3694 4125 γάρ
3732 4054 3799 4108 δι’

2231 4155 2394 4210 αὐτὸν
2425 4155 2518 4208 τοῦ
2551 4154 2760 4224 κόσμου
2789 4150 3154 4223 ἀναχωρήσας
3187 4149 3286 4203 καὶ
3312 4146 3422 4201 τῶν
3463 4148 3523 4201 ὲν
3569 4147 3670 4218 βίῳ
3704 4145 3800 4214 τήν

2234 4247 2370 4312 πρὸς
2396 4245 2560 4300 αὐτὸν
2594 4243 2793 4297 ἕνωσιν
2820 4242 2979 4296 ποθεῖ
3014 4242 3233 4302 πάντως
3254 4254 3269 4272 ο
3308 4240 3342 4309 ή
3373 4237 3430 4291 δὲ
3454 4237 3543 4291 διὰ
3573 4240 3670 4308 τῆς
3701 4237 3800 4292 αὑ-

2231 4338 2325 4392 τοῦ
2353 4338 2638 4407 διηνεκοῦς
2669 4333 3026 4404 προσγίνεται
3059 4331 3280 4402 μνήμης
3310 4328 3684 4400 καθαιρούσης
3711 4327 3801 4382 sint

2231 4433 2380 4489 νοῦν.
2415 4431 2767 4506 Καθάρωμεν
2796 4426 2893 4483 οὖν
2922 4428 2985 4482 τδ
3019 4428 3114 4496 τῆς
3143 4426 3381 4491 διανοίας
3411 4425 3587 4495 ὄμμα,
3619 4424 3803 4494 ἔργοις

2233 4528 2328 4582 καὶ
2344 4527 2524 4596 λόγοις
2547 4527 2641 4582 καὶ
2663 4524 2945 4594 λογισμοῖς
2970 4520 3106 4592 πρὸς
3123 4519 3369 4574 τὸνθεόν
3395 4517 3800 4580 ἀνατείνοντες·

2161 4598 2207 4656 Β
2233 4622 2293 4673 οὐ
2326 4621 2432 4690 γὰρ
2458 4617 2654 4688 ἔχομέν
2673 4633 2725 4670 τι
2745 4614 2856 4668 τῶν
2879 4607 3306 4674 κατασπὼντων,
3331 4607 3398 4661 ἂν
3423 4607 3585 4678 μόνον
3606 4605 3807 4660 ἐθέλοις

2237 4731 2338 4784 μεν
2369 4714 2513 4767 κατὰ
2551 4712 2613 4764 τδ
2643 4709 2866 4781 ἐφικτὸν
2907 4706 3043 4779 πρὸς
3072 4705 3166 4758 τὸν
3207 4700 3458 4756 Ἰωάννου
3503 4699 3618 4771 βίον
3651 4699 3804 4771 όρᾷν.

2245 4807 2487 4870 Ἐκεῖνος
2530 4804 2758 4871 ἄστεγος
2802 4799 3088 4868 περιῆγεν,
3132 4797 3292 4866 ἡμεῖς
3323 4791 3689 4863 ἀρκεσθῶμεν
3741 4791 3804 4861 τῇ

2238 4899 2412 4969 μικρᾷ
2443 4897 2639 4966 στέγῃο
2692 4883 3015 4964 στέρξωμεν
3049 4888 3124 4959 τῷ
3151 4888 3304 4957 παρὰ
3331 4885 3426 4942 τοῦ
3462 4884 3805 4954 προεστῷτος

2235 4993 2465 5055 ἕκαστος
2491 4988 2761 5058 δεδομένῳ
2787 4987 3037 5054 οἰκίσκῳ,
3069 4982 3161 5035 τὸν
3185 4979 3276 5034 διὰ
3304 4977 3422 5049 βίου
3446 4977 3700 5034 ἀνέστιον
3723 4975 3809 5029 ὲν·

2237 5082 2574 5152 θυμούμενοι
2592 5096 2608 5111 ο
2635 5080 2843 5142 ἐκεῖνος
2865 5077 3087 5146 ἠρκεῖτο
3109 5073 3220 5133 τοῖς
3247 5069 3576 5140 ἀκροδρύοις
3607 5070 3708 5121 καὶ
3731 5067 3808 5136 τῷ

2240 5175 2550 5244 μελεάγρῳ,
2609 5172 2805 5239 βοτάνη
2858 5169 2916 5222 δέ
2969 5171 3117 5221 ἐστιν
3167 5161 3308 5232 αὕτη
3366 5159 3698 5231 αὐτομάτως
3751 5161 3809 5213 ὲν

2236 5268 2429 5339 ἐρήμῳ
2476 5264 2744 5336 φυομένη,
2769 5257 2837 5334 ἧς
2874 5263 2994 5322 ταῖς
3031 5257 3211 5331 ῥίζαις
3244 5257 3339 5308 καὶ
3363 5255 3412 5307 οί
3446 5253 3586 5322 μετά
3618 5252 3810 5306 τοῦτον

2236 5360 2629 5432 ἑρημοπολῖται
2655 5355 2896 5425 Πατέρες
2914 5350 3047 5422 πρὸς
3067 5349 3272 5421 τροφὴν
3291 5347 3618 5415 ἐχρήσαντοθ
3645 5342 3812 5414 ἀκρὸο

2235 5459 2374 5527 δρυα
2403 5455 2458 5508 δέ
2479 5469 2611 5522 φασι
2635 5451 2728 5513 τὰς
2746 5445 2974 5516 ὀπώρας
2994 5459 3007 5472 ·
3031 5441 3283 5510 ὀπώραις
3304 5439 3468 5509 ἎΞθ
3490 5434 3586 5499 οὖν
3601 5438 3808 5499 ἐκεῖνος

2235 5551 2332 5604 καὶ
2363 5549 2538 5620 ῥίζαις
2568 5542 2804 5616 βοτανῶν
2827 5539 2999 5609 διέζη.
3036 5536 3069 5608 ἢ
3105 5535 3283 5605 μέλιτι
3308 5533 3491 5604 ὀρείῳ,
3513 5529 3809 5599 μονοχίτων

2235 5660 2295 5696 τε
2330 5637 2400 5713 ἦν
2420 5680 2436 5706 ,
2466 5641 2559 5692 καὶ
2589 5637 2768 5704 ζώνην
2796 5629 3129 5703 δερματίνην
3157 5623 3271 5696 εἶχε
3313 5625 3443 5694 περὶ
3474 5621 3574 5687 τὴν
3599 5623 3805 5691 ὀσφὺν,

2241 5734 2378 5805 ὁμοῦ
2412 5733 2511 5803 μὲν
2540 5729 2607 5785 δι’
2639 5725 2980 5796 αἰνιγμάτων
3010 5720 3226 5784 δεικνὺς
3258 5717 3357 5789 τὴν
3396 5715 3666 5782 νέκρωσιν
3700 5716 3805 5766 τῶν

2243 5828 2430 5883 παθῶν
2459 5828 2516 5883 ἐν
2545 5823 2619 5893 τῷ
2650 5821 2864 5894 σώματι
2889 5816 3223 5890 περιφέρων,
3254 5809 3392 5882 ὁμοῦ
3416 5810 3470 5863 δὲ
3500 5810 3589 5864 καὶ
3618 5809 3679 5861 τὶ
3705 5807 3803 5876 τῆς
