4070 6210
292 263 391 333 52ί
1350 269 1352 272 ’
1671 276 1837 338 ΗΟΜ

1941 277 2005 338 [Λ
2060 277 2222 347 XLI.
3480 290 3586 361 522

290 382 351 433 έν
376 379 456 450 τῷ
486 379 705 451 οὐρανῷ
736 381 828 434 ἐπὶ
862 380 942 435 ἑνὶ
977 381 1291 455 ἁμαρτωλῷ
1340 384 1718 456 μετανοοῦντι.
1774 389 1837 443 Ti

1941 394 1965 452 λ
1994 392 2147 449 missi
2179 402 2307 451 sunt
2336 394 2499 461 servi,
2524 394 2764 454 Joannes
2786 396 2996 455 Domini
3022 398 3582 472 Prmcursor,Zacha-

286 468 385 526 οὖν
413 472 662 545 ἀρρήτου
694 473 992 543 συναφείας
1030 473 1126 530 τοῦ
1162 477 1535 547 χαρισαμένου
1566 480 1667 549 τὴν
1703 481 1837 549 μετά

1978 483 2089 539 rias
2117 500 2281 555 quem
2304 488 2623 544 occiderunt
2640 487 2815 548 Judaei
2848 492 2991 548 inter
3025 496 3283 567 templum
3309 508 3365 555 et
3386 503 3579 569 altare,

288 580 442 617 νοιαν
475 565 609 634 ἡμῖν
638 563 772 617 Υἱοῦ
822 564 917 618 τοῦ
960 563 1126 632 Θεοῦ,
1176 567 1313 638 πρὸς
1363 568 1463 640 τὴν
1519 570 1837 642 ἀνθρωπίνη

1976 572 2197 632 Simeon
2219 578 2311 648 qui
2339 578 2504 635 Deum
2538 579 2593 635 in
2618 582 2772 637 ulnas
2806 587 3107 655 accepit,et
3128 604 3318 647 onmes
3350 609 3577 664 prorsus

284 656 457 723 φύσιν
488 656 822 729 τελουμένης
848 658 971 730 ἤδη,
1000 660 1094 712 καὶ
1130 659 1229 730 τῆς
1264 662 1357 714 ἐπὶ
1394 661 1571 734 ταύτῃ
1606 666 1757 733 παρὰ
1775 682 1836 718 το

1977 666 2069 721 alii
2104 669 2219 740 qui,
2256 678 2380 727 ante
2410 673 2747 730 salutiferam
2773 678 3084 747 passionem
3123 694 3179 736 et
3209 688 3575 747 resurrectio-

281 748 428 802 Θεοῦ
454 756 549 803 καὶ
580 751 800 823 [ἰατρὸς
842 756 1320 824 συγκροτουμένης
1379 755 1541 827 233
1601 759 1837 830 μυστικῆ

1974 763 2595 825 nem,annuntiaverunt
2622 766 2732 837 jam
2764 769 2965 826 factum
2986 772 3201 832 Domini
3233 793 3328 850 per
3345 795 3570 838 carnem

284 846 466 914 χαρᾶς
506 840 565 898 ὲν
595 846 869 916 οὐρανοῖς,
887 847 1275 918 ἀπεστάλησαν
1306 850 1356 902 οί
1386 848 1587 912 δοῦλοι,
1613 852 1837 923 Ἰωάννη

1973 850 2268 910 adventum
2303 854 2359 911 in
2387 865 2610 915 terram.
2644 862 2707 917 Hi
2731 879 2863 935 ergo
2892 868 3045 923 missi
3076 879 3205 926 sunt
3230 882 3289 927 ut
3313 888 3572 936 vocarent

278 938 312 989 ὁ
345 935 441 989 τοῦ
472 937 681 1007 Κυρίου
723 938 1057 1009 πρόδρομος,
1105 940 1385 1013 Ζαχαρίας
1437 940 1498 995 ὃν
1539 942 1871 997 ἀπέκτειναν

279 1033 334 1085 οἱ
366 1032 612 1087 Ἰουδαῖοι
639 1034 845 1103 μεταξῦ
880 1033 974 1088 τοῦ
1007 1035 1139 1088 ναοῦ
1174 1036 1271 1088 καὶ
1295 1036 1390 1089 τοῦ
1446 1036 1866 1110 θυσιαστηρίου,

284 1124 515 1193 Συμεὼν
548 1129 576 1179 ὁ
605 1125 877 1198 θεοδὸχος,
920 1129 1015 1181 καὶ
1042 1127 1231 1192 άπλῶς
1291 1129 1488 1193 πάντες
1522 1130 1573 1183 oi
1614 1133 1721 1202 πρὸ
1766 1132 1866 1188 τοῦ

286 1217 562 1289 σωτηρίου
598 1220 809 1285 πάθους
831 1222 925 1275 καὶ
950 1224 1050 1293 τῆς
1081 1221 1443 1287 ἀναστάσεως
1467 1224 1868 1294 καταγγείλαν-

282 1328 379 1374 τες
420 1312 819 1384 τετελεσμένην
882 1315 984 1386 ήδη
1037 1314 1137 1385 τὴν
1168 1315 1261 1369 τοῦ
1283 1316 1495 1386 Κυρίου
1523 1315 1618 1371 διὰ
1664 1318 1867 1389 σαρκὸς

282 1403 497 1459 [λευσιν
528 1408 623 1459 ἐπὶ
647 1406 749 1475 τὴν
779 1406 905 1477 γῆν.
936 1406 1357 1479 ’Δπεστάλησαν
1383 1405 1477 1462 οὖν
1508 1404 1655 1465 οὗτοι
1700 1410 1864 1464 καλέο

283 1517 377 1553 σαι
434 1501 561 1565 τοὺς
616 1502 1013 1571 κεκλημένους,
1054 1502 1303 1572 δηλονότι
1354 1503 1481 1566 τοὺς
1529 1502 1859 1568 Ἰουδαίους·

262 1567 427 1646 ὀὗτοι
456 1595 565 1666 γὰρ
590 1594 733 1649 εἰσιν
844 1567 1199 1666 κεκλημένοι,
1242 1596 1319 1659 ὡς
1351 1598 1445 1649 καὶ
1474 1596 1741 1668 πρότερον
1774 1596 1863 1651 διὰ

278 1684 388 1736 τῶν
417 1687 720 1757 προφητῶν
766 1686 1085 1759 κληθέντες,
1140 1688 1258 1742 ἀλλ’
1300 1688 1401 1742 οὐκ
1450 1688 1723 1759 ἠθέλησαν
1779 1688 1864 1742 ὲλ-

1973 942 2254 1014 lnvitatos,
2277 946 2487 1004 scilicet
2506 946 2759 1021 Judaos;
2787 956 2874 1010 iSti
2906 958 3054 1014 enim
3078 973 3203 1017 sunt
3228 964 3458 1033 invitati,
3480 978 3571 1025 ut-

1972 1049 2097 1108 pote
2127 1042 2276 1110 prius
2294 1058 2392 1113 per
2420 1047 2715 1117 prophetas
2748 1052 3055 1118 vocati,sed
3086 1058 3381 1116 noluerunt
3412 1066 3571 1119 veni-

1970 1147 2050 1199 re,
2067 1135 2118 1191 id
2142 1146 2224 1191 est
2240 1138 2463 1194 credere
2483 1149 2537 1196 et
2559 1142 2851 1213 participes
2872 1146 2987 1202 ﬁeri
3016 1148 3306 1209 ineﬁabilis
3333 1156 3536 1211 societa
3554 1188 3570 1201 ο

1971 1225 2041 1282 tis
2067 1237 2121 1282 et
2142 1229 2351 1299 gratias,
2374 1231 2475 1287 etsi
2507 1234 2787 1290 multoties
2817 1244 2871 1290 et
2902 1238 3080 1308 primo
3106 1251 3160 1295 et
3184 1259 3327 1298 nunc
3361 1248 3562 1302 vocati.
3668 1284 3674 1289 -

1974 1317 2174 1376 lterum
2223 1338 2354 1393 ergo
2409 1324 2629 1392 dixit,o
2683 1327 3070 1388 inenarrabilis
3130 1324 3558 1407 longanimitas!

1970 1411 2122 1468 misit
2145 1412 2283 1470 alios
2315 1430 2502 1472 servos
2534 1418 2767 1476 dicens:
2799 1440 2818 1475 ι
2862 1421 2999 1479 Ecce
3033 1428 3328 1496 prandium
3368 1447 3553 1489 meum

1968 1507 2176 1575 paravi,
2212 1510 2354 1564 tauri
2408 1511 2515 1566 mei
2566 1522 2626 1568 et
2672 1514 2847 1571 altilia
2880 1520 3063 1575 occisa
3098 1532 3249 1589 sunt,
3285 1532 3341 1580 et
3372 1529 3559 1584 omnia

1966 1606 2193 1666 parata;
2227 1602 2405 1657 venite
2434 1602 2501 1657 ad
2557 1606 2800 1675 nuptias.
2836 1627 2855 1661 ι
2906 1608 3017 1667 llis‘
3051 1613 3274 1681 auditis,
3308 1617 3397 1672 alii
3433 1620 3560 1689 qui-

1966 1688 2091 1745 dem
2122 1693 2502 1765 neglexerunt,
2532 1706 2585 1752 et
2624 1699 2879 1756 abierunt
2917 1703 2973 1758 in
3006 1720 3167 1776 agros
3201 1718 3256 1763 et
3292 1710 3358 1764 ad
3385 1726 3551 1783 nego-

279 1779 415 1848 θεῖν,
455 1783 704 1835 τουτέστι
733 1780 1032 1837 πιστεῦσαι
1053 1784 1150 1836 καὶ
1179 1784 1596 1853 συμμετασχεῖν
1622 1782 1721 1852 τῆς
1750 1782 1821 1854 ἀρ

1967 1782 2285 1851 tiationcm;
2331 1789 2386 1843 in
2436 1805 2547 1860 quo
2578 1792 2647 1849 ab
2673 1794 2793 1851 istis
2829 1765 3207 1871 diﬂ'erur‘t'tiqni
3237 1765 3551 1873 fruges,ovi-

279 1874 449 1945 ρήτου
471 1872 760 1940 κοινωνίας
784 1875 879 1931 καὶ
910 1876 1156 1947 χάριτος,
1204 1876 1386 1928 καίτοι
1451 1875 1714 1940 πολλάκις
1764 1876 1860 1929 καὶ

277 1966 547 2038 πρότερον
584 1968 678 2021 καὶ
707 1968 803 2021 νῦν
832 1968 1153 2040 κληθέντες.
1206 1968 1378 2023 Πάλιν
1420 1963 1516 2024 οῦν
1578 1985 1768 2040 φησιν,
1812 1967 1860 2022 ὣ

273 2062 374 2130 τῆς
406 2062 621 2131 ἁφάτου
656 2063 1045 2134 μακροθυμίας
1074 2062 1089 2117 ί
1123 2062 1447 2118 ἀπέστειλεν
1495 2062 1690 2131 ἄλλους
1737 2062 1862 2117 δού·

272 2155 434 2221 λους,
488 2156 664 2225 λέγων
692 2171 708 2187 ’
780 2175 799 2209 ι
848 2156 987 2211 Ἰδοὺ
1053 2156 1117 2211 τὸ
1179 2157 1405 2229 ἄριστόν
1476 2174 1581 2228 μου
1637 2156 1865 2228 ἡτοίμα-

279 2264 428 2315 σται,
468 2248 519 2301 οί
554 2248 747 2320 ταῦροί
799 2266 900 2320 μου
932 2248 1025 2304 καὶ
1054 2249 1123 2303 τὰ
1179 2250 1395 2304 σιτιστὰ
1448 2250 1719 2321 τεθυμένα
1754 2248 1852 2302 καὶ

274 2339 453 2394 πάντα
508 2339 728 2410 ἕτοιμα,
800 2340 957 2394 δεῦτε
1018 2342 1099 2405 είς
1125 2340 1279 2413 ιτοὺς
1333 2342 1567 2416 γάμους.
1605 2360 1625 2393 ι
1686 2341 1751 2395 0i
1793 2340 1852 2395 δὲ

269 2434 644 2501 ἀκούσαντες,
703 2438 754 2491 oi
816 2438 916 2509 μὲν
976 2438 1396 2511 ἀμελήσαντες,
1472 2438 1714 2508 ἀπῆλθον
1772 2440 1852 2502 εἰς

268 2530 476 2603 ἀγροὺς
536 2534 634 2586 καὶ
687 2532 965 2605 ἐμπορίας
998 2550 1015 2567 ο
1064 2533 1234 2588 πόσον
1301 2532 1507 2587 τούτων
1555 2532 1853 2603 ἀπέχουσιν

1968 1890 2097 1935 neas
2144 1889 2199 1936 et
2248 1881 2383 1937 alias
2440 1884 2788 1955 negotiorum
2855 1889 3250 1961 inaequalitates
3314 1901 3551 1967 causati,

1965 1986 2153 2029 sacros
2183 1987 2485 2033 conventus
2512 1979 2921 2053 derelinquunt,
2949 2002 3050 2042 nec
3071 1986 3376 2046 doctrinam
3404 1994 3551 2063 psal-

1969 2068 2316 2138 modiamque
2347 2081 2595 2128 sanctam
2623 2076 2815 2132 audire
2860 2079 3226 2138 desiderant?
3262 2086 3369 2141 Alii
3420 2102 3552 2145 vero

1965 2168 2260 2217 tenuerunt
2301 2179 2514 2233 servos,
2564 2178 2617 2224 et
2663 2172 3018 2231 contumeliis
3064 2176 3301 2236 aﬁectos
3337 2183 3554 2237 occide-

1960 2262 2106 2311 runt.
2124 2254 2170 2310 A
2193 2256 2395 2327 quibus
2416 2274 2519 2314 non
2538 2261 2692 2319 valde
2718 2264 2927 2322 distant
2950 2267 3043 2339 qui
3071 2268 3387 2328 etiamnunc
3418 2286 3554 2330 one-

1959 2346 2223 2402 dientiam
2249 2361 2511 2419 negantes
2530 2353 2797 2423 prazl‘ectis
2822 2357 3097 2428 Ecclesiae,
3114 2362 3237 2419 illos
3260 2374 3317 2419 ut
3340 2366 3551 2422 inimici

1960 2437 2147 2496 verbis
2178 2441 2465 2511 impetum.
2500 2444 2607 2502 Nos
2639 2456 2816 2504 autem
2869 2451 2987 2509 istis
3015 2456 3179 2510 etiam
3213 2474 3277 2513 ex
3314 2461 3413 2516 hac
3446 2477 3547 2532 pa-

1967 2531 2153 2586 rabola
2205 2532 2500 2590 salutarem
2552 2538 2720 2608 gratis
2772 2543 3145 2612 exprimamus
3193 2531 3545 2611 suavitatem.

264 2631 315 2684 οί
353 2630 532 2702 τρύγη
565 2631 662 2685 καὶ
690 2631 1133 2701 ἀμπελῶναςκαὶ
1158 2629 1563 2703 πραγματικὰς
1615 2626 1937 2699 ἀνωμαλίας
1975 2627 2468 2697 προφασιζόμενοι,
2528 2641 2625 2687 και
2681 2636 2790 2691 τῶν
2851 2639 3019 2709 ἱερῶν
3080 2642 3356 2709 συνάξεων
3412 2647 3548 2700 ἀπο.

264 2723 599 2795 λειπόμενοι,
630 2723 722 2778 καὶ
748 2726 847 2796 τῆς
890 2722 1044 2796 ίερᾶς
1081 2724 1405 2796 ψαλμῳδίας
1474 2725 1569 2778 καὶ
1624 2721 1977 2785 διδασκαλίας
2032 2720 2250 2775 ἀκούειν
2316 2725 2391 2797 μὴ
2450 2727 2931 2802 προθυμούμενοι;
2994 2737 3057 2789 Ol
3112 2738 3193 2801 δὲ.
3244 2744 3397 2813 φησὶ,
3448 2739 3545 2801 καὶ

258 2823 390 2887 τοὺς
419 2823 640 2889 δούλους
676 2825 1054 2894 κρατήσαντες
1084 2823 1318 2896 ὕϐρισαν
1347 2822 1447 2879 καὶ
1486 2822 1842 2877 ἀπέκτειναν.
1886 2819 1959 2875 οὐ
2010 2818 2153 2873 πάνυ
2194 2821 2388 2893 πόρρω
2417 2825 2625 2881 τούτων
2648 2829 2784 2883 είσὶν
2810 2832 2859 2885 οί
2892 2832 2985 2887 καὶ
3040 2834 3137 2891 νῦν
3187 2838 3544 2907 ἀπειθοῦντες

256 2918 376 2982 τοῖς
417 2916 758 2986 προστάταις
806 2916 910 2988 τῆς
944 2915 1301 2986 Ἐκκλησίας,
1354 2915 1453 2970 καὶ
1498 2914 1621 2968 κατ’
1672 2912 1855 2967 αὐτῶν
1888 2911 2039 2995 έστιν
2072 2910 2160 2965 ὅτε
2192 2915 2261 2967 τὰ
2284 2914 2395 2971 τῶν
2458 2918 2741 2990 πολεμίων
2833 2926 3359 3001 παραφθεγγόμενοι
3384 2945 3398 2961 ’
3424 2933 3544 2986 ἀλλ⁹

256 3013 429 3087 ἡμεῖς
460 3012 671 3085 δωρεὰν
700 3012 794 3066 καὶ
822 3010 1036 3075 τούτοις
1064 3012 1128 3064 ἐκ
1149 3011 1247 3080 τῆς
1280 3009 1599 3083 παραϐολῆς
1628 3007 1837 3072 ταύτης
1865 3006 2219 3078 ἑκθλίψωμεν
2249 3008 2309 3062 τὸ
2337 3009 2611 3081 σωτήριον
2641 3012 2897 3083 γλεῦκος.

333 3134 354 3167 ι
413 3112 565 3178 Ἰδοὺ,
594 3114 754 3185 φησὶ.
812 3113 875 3168 τδ
930 3112 1153 3185 ἄριστόν
1202 3129 1305 3183 μου
1345 3112 1719 3184 ἠτοίμασται’
1776 3111 1826 3165 oi

2007 3125 2029 3160 ι
2069 3108 2225 3174 Ecce,
2258 3108 2460 3180 inquit,
2494 3112 2783 3180 prandium
2804 3129 2984 3171 meum
3010 3120 3219 3189 paravi,
3251 3121 3391 3177 tauri
3426 3127 3537 3182 mei

251 3205 451 3278 ταῦροί
470 3223 573 3277 μου
601 3208 695 3259 καὶ
745 3203 817 3260 τὰ
859 3205 1076 3262 σιτιστὰ
1136 3202 1439 3274 τεθυμένα,
1500 3204 1598 3257 καὶ
1656 3203 1839 3257 πάντα

251 3300 473 3369 Ξτοιμα.
516 3316 535 3350 ι
575 3299 786 3363 Ὄντως
847 3296 991 3351 κατὰ
1019 3293 1121 3367 τὴν
1153 3293 1572 3367 ένανθρὼπησιν
1587 3292 1682 3348 τοῦ
1720 3294 1835 3345 Κυ-

254 3393 377 3463 ρίου
402 3389 664 3463 ὲτελέσθη
698 3388 808 3444 τῶν
857 3389 1011 3462 παρὰ
1062 3388 1200 3443 Θεοῦ
1246 3387 1547 3459 γεγονότων
1593 3388 1656 3441 τὸ
1711 3389 1836 3459 ἄρι-

253 3499 381 3538 στον
406 3496 426 3513 ο
464 3481 644 3536 πάντα
679 3480 787 3553 γὰρ
822 3482 889 3536 τὰ
924 3481 1033 3554 πρὸ
1056 3481 1259 3554 ταύτης
1302 3481 1664 3552 οίκονομικῶς
1693 3480 1834 3552 ὑπὲρ

250 3576 413 3651 ἡμῶν
441 3574 593 3646 παρὰ
620 3574 755 3628 Θεοῦ
781 3576 1051 3646 γενόμενα
1098 3573 1242 3628 καλά
1262 3590 1321 3627 τε
1386 3569 1455 3644 ἦν
1479 3575 1577 3628 καὶ
1629 3572 1834 3641 ἀγαθὰ,

250 3672 393 3743 πρὸς
410 3669 572 3724 τοῦτο
601 3669 662 3723 τὸ
703 3668 858 3733 τέλος
904 3668 1148 3723 τείνοντα
1174 3684 1193 3701 ·
1224 3669 1287 3722 τδ
1344 3666 1403 3724 δὲ
1458 3668 1677 3723 πάντων
1713 3667 1837 3739 ἄρι-

250 3782 403 3832 στον,
442 3764 647 3836 μᾶλλον
692 3764 749 3817 δὲ
800 3764 866 3817 τὸ
929 3762 1094 3834 μόνον
1120 3762 1293 3825 δντως
1339 3762 1438 3816 καὶ
1495 3761 1833 3835 ἀσύγκριτον

247 3860 502 3929 ἄριστον,
538 3861 570 3929 ἡ
594 3858 1016 3929 ὲνανθρὼπησίς
1044 3858 1163 3913 ἔστι
1179 3857 1274 3912 τοῦ
1300 3859 1508 3931 Κυρίου
1529 3859 1691 3932 ἡμῶν
1724 3860 1834 3929 ’1η-

250 3954 348 4007 σοῦ
384 3951 649 4021 Χριστοῦ,
674 3953 771 4005 καὶ
800 3950 1006 4022 ταύτης
1036 3951 1271 4021 μάλιστα
1304 3951 1367 4005 τὸ
1392 3952 1567 4019 τέλος,
1594 3952 1665 4007 τὰ
1728 3970 1838 4008 σω·

249 4046 425 4119 τήρια
457 4045 605 4113 πάθη
639 4044 732 4098 καὶ
754 4045 789 4114 ἡ
822 4044 1119 4108 ἀνάστασις
1142 4061 1159 4077 “
1200 4045 1453 4115 φαίνεται
1478 4045 1588 4118 γὰρ
1615 4047 1650 4120 ἡ
1702 4045 1833 4117 κλῆ-

250 4154 337 4201 σις
365 4135 507 4206 αὕτη
547 4136 686 4206 μετὰ
718 4136 817 4207 τὴν
850 4138 915 4190 ἐκ
944 4136 1157 4206 νεκρῶν
1185 4135 1485 4193 ἀνάστασιν
1507 4139 1599 4195 τοῦ
1623 4138 1830 4211 Κυρίου

247 4229 601 4299 γεγενημένη
633 4244 649 4261 ο
683 4227 806 4283 τότε
837 4226 948 4299 γὰρ
970 4228 1067 4283 καὶ
1120 4229 1301 4288 πάντα
1360 4230 1584 4300 γέγονεν
1634 4229 1831 4301 ἕτοιμα

246 4323 313 4375 τὰ
343 4323 484 4390 acpbe
511 4321 609 4390 τὴν
645 4320 924 4391 σωτηρίαν
973 4319 1073 4393 τὴν
1139 4322 1498 4395 ήμετέραν,ὴ
1552 4324 1648 4379 τοῦ
1696 4324 1827 4385 Υίοῦ

243 4417 342 4471 τοῦ
371 4413 509 4469 Θεοῦ
562 4413 655 4469 διὰ
709 4413 915 4485 σαρκὸς
983 4414 1205 4487 ἐντελὴς
1265 4417 1572 4489 οἰκονομία,
1624 4419 1660 4487 ἡ
1702 4419 1828 4473 κατι

1944 3208 1999 3255 et
2029 3200 2267 3256 volatilia
2319 3203 2500 3258 occisa
2556 3213 2706 3273 sunt,
2772 3216 2829 3262 et
2859 3210 3045 3264 omnia
3112 3225 3323 3283 parata.
3350 3236 3370 3269 ι
3400 3216 3538 3274 Vere

1942 3306 2042 3362 per
2079 3292 2513 3375 incarnationem
2536 3297 2748 3355 Domini
2778 3306 3088 3375 appositum
3120 3318 3205 3364 est
3259 3312 3531 3382 optimum

1939 3402 2005 3440 ex
2032 3388 2290 3457 operibus
2328 3387 2451 3455 Dei;
2496 3407 2619 3446 nam
2644 3394 2828 3448 omnia
2864 3407 2991 3454 ante
3048 3416 3167 3455 eam
3201 3404 3476 3473 sapienter
3498 3424 3531 3463 a

1944 3478 2057 3534 Deo
2092 3490 2313 3551 propter
2339 3497 2440 3539 nos
2482 3482 2623 3539 facta
2658 3487 2883 3556 pulchra
2931 3503 3089 3550 erant
3118 3503 3170 3550 et
3193 3496 3357 3565 bona,
3388 3509 3440 3553 ct
3463 3503 3532 3555 ad

1941 3571 2087 3627 hunc
2120 3573 2280 3629 ﬁnem
2323 3579 2772 3647 spectantia;sed
2824 3585 3091 3654 optimum
3150 3606 3217 3645 ex
3247 3595 3528 3661 omnibus,

1938 3666 2051 3721 imo
2080 3668 2256 3723 solum
2286 3684 2411 3724 vere
2460 3681 2515 3725 et
2541 3673 2663 3728 sine
2688 3674 2790 3729 ulla
2824 3684 3234 3749 comparatione
3262 3686 3526 3755 optimum

1937 3766 2016 3815 est
2036 3759 2340 3816 incarnatio
2358 3760 2571 3819 Domini
2596 3768 2764 3823 nostri
2792 3767 2919 3825 Jesu
2936 3771 3160 3843 Christi,
3182 3787 3237 3831 et
3256 3781 3529 3850 praecipuo

1936 3852 2102 3922 huius
2134 3851 2258 3909 ﬁnis
2289 3856 2576 3914 :salutaris
2643 3862 2830 3931 passio
2849 3874 2903 3919 et
2951 3875 3303 3928 resurrectio.
3370 3876 3527 3934 'l‘unc

1935 3945 2083 3999 enim
2153 3946 2338 4003 omnia
2382 3961 2573 4019 parata
2639 3964 2767 4009 sunt
2799 3956 2867 4013 ad
2926 3960 3161 4017 salutem
3214 3979 3511 4027 nostram:

1934 4033 2057 4096 Filii
2089 4037 2183 4094 Dei
2218 4053 2314 4109 per
2338 4056 2555 4098 carnem
2610 4047 2851 4115 perfecta
2912 4054 3269 4123 dispensatio,
3331 4061 3520 4118 divina

1935 4146 2031 4202 per
2056 4146 2176 4189 eam
2226 4135 2497 4201 doctrina,
2533 4140 2787 4198 humanm
2847 4144 3122 4219 simulque
3180 4152 3375 4211 divinae
3409 4159 3521 4212 vir-

1937 4224 2069 4280 tutis
2101 4240 2291 4297 opera,
2316 4230 2486 4285 divini
2515 4234 2791 4305 simulque
2832 4239 3055 4296 humani
3088 4249 3339 4317 corporis
3368 4266 3523 4307 com-

1932 4320 2254 4390 municatio,
2319 4340 2577 4397 magnum
2638 4332 2990 4403 etdivinum,
3038 4347 3092 4393 et
3148 4344 3391 4400 salutare
3426 4362 3518 4402 sa-

1930 4413 2226 4477 criﬁcium.
2276 4426 2399 4485 post
2466 4428 2575 4476 tres
2623 4423 2796 4479 diesa
2853 4432 3085 4486 mortuis
3159 4442 3513 4506 resurrectio,

243 4509 423 4581 αὐτὴν
474 4507 758 4573 θεόλεκτος
787 4483 1174 4579 διδασκαλία,-
1217 4511 1289 4565 τὰ
1347 4483 1465 4583 τῆς-
1492 4483 1819 4585 θεανδρικῆς

2276 4483 2292 4485 _
2985 4483 3080 4486 ην*
3161 4483 3513 4506 -ν--η-ννυνι

1941 4504 2180 4572 rn'imitise
2224 4510 2481 4577 perennis
2538 4512 2661 4570 vita:
2708 4517 3012 4591 divinaeque
3067 4526 3121 4580 in
3157 4542 3216 4582 ea
3294 4532 3515 4594 laetitiae.

241 4600 532 4672 ἐνεργείας
559 4600 1009 4671 ἀποτελέσματα,
1031 4600 1067 4672 ἡ
1102 4601 1388 4670 μετάδοσις
1414 4604 1509 4657 τοῦ
1550 4601 1823 4676 θεανθρὼ-

241 4710 347 4749 που
374 4694 654 4765 σώματος,
684 4694 746 4747 τὸ
771 4694 916 4764 μέγα
946 4694 1042 4747 καὶ
1058 4693 1204 4748 θεῖον
1237 4695 1334 4750 καὶ
1357 4697 1626 4768 σωτήριον
1648 4696 1820 4768 θῦμα,

237 4792 272 4863 η
306 4790 375 4845 ἑκ
404 4788 618 4859 νεκρῶν
656 4788 958 4861 τριήμερος
1002 4788 1242 4860 ἔγερσις,
1308 4793 1341 4862 ἡ
1408 4793 1660 4863 καταρχὴ
1722 4793 1823 4864 τῆς

240 4882 472 4942 αἰωνίου
510 4882 658 4953 ζωῆς
692 4886 788 4941 καὶ
815 4882 916 4952 τῆς
944 4880 1131 4936 ἐνθέου
1168 4882 1302 4936 κατ’
1331 4884 1502 4956 αὐτὴν
1546 4883 1820 4955 εὐφροσύ-

235 4994 360 5048 νης.
395 4975 459 5030 Οί
492 4974 689 5045 ταῦροί
722 4991 845 5045 μου,
870 4976 1028 5046 φησὶ,
1062 4975 1154 5030 καὶ
1182 4974 1251 5028 τὰ
1273 4977 1491 5030 σιτιστά
1512 4976 1816 5047 τεθυμένα·

234 5068 359 5123 τότε
398 5065 508 5138 γὰρ
538 5068 634 5121 καὶ
668 5064 739 5120 τά
769 5065 982 5120 παλαιά
1009 5066 1123 5129 τοῖς
1150 5066 1296 5129 νέοις
1331 5066 1540 5137 ἥνωται
1567 5085 1584 5100 ·
1618 5069 1689 5122 τὰ
1716 5068 1818 5139 μὲν

234 5162 324 5223 διὰ
350 5161 453 5230 τῆς
475 5159 585 5214 τῶν
608 5159 865 5214 σιτιστῶν
894 5157 1083 5224 θυσίας
1111 5158 1416 5231 δηλούμενα
1438 5176 1453 5191 ·
1484 5160 1653 5233 ἄρτος
1706 5162 1816 5237 γάρ

235 5257 385 5311 ἐστιν
410 5256 441 5308 ό
470 5252 568 5307 νῦν
598 5252 744 5325 ὑπὲρ
783 5252 946 5325 ἡμῶν
974 5254 1034 5306 ὲν
1056 5255 1123 5324 τῇ
1174 5252 1478 5328 Ἐκκλησία
1509 5253 1773 5325 θυόμενος
1796 5274 1811 5288 ο

233 5348 303 5401 τὰ
329 5346 389 5400 δὲ
425 5345 632 5399 παλαιὰ
660 5343 748 5398 διὰ
765 5344 876 5398 τῶν
905 5343 1125 5415 ταύρων
1156 5345 1559 5417 σημαινόμενα,
1609 5348 1704 5401 καὶ
1725 5346 1815 5403 διὰ

233 5440 332 5509 τῆς
371 5436 565 5507 καινῆς
600 5434 796 5503 θυσίας
822 5435 1274 5509 μετενηνεγμένα
1336 5436 1477 5508 πρὸς
1498 5439 1561 5491 τὸ
1608 5437 1815 5493 θειότε-

236 5549 353 5606 ρον.
386 5529 810 5599 Ἀπεστάλησαν
842 5526 938 5583 οὖν
965 5527 1117 5585 ἄλλοι
1139 5528 1349 5598 δοῦλοι,
1374 5532 1425 5585 oi
1454 5532 1551 5585 τοῦ
1600 5533 1810 5605 Κυρίου

233 5608 545 5691 ἀπόστολοι,
578 5621 815 5693 κηρῦξαι
846 5620 1020 5681 ταῦτα
1068 5623 1303 5687 καὶτοῖς
1371 5624 1668 5693 Ἰουδαίοις,
1727 5632 1810 5684 ἐτι

236 5715 725 5788 μακροθυμοῦντος
790 5716 881 5769 ἐπ’
945 5716 1131 5781 αὐτοῖς
1168 5716 1262 5773 τοῦ
1318 5719 1635 5775 Δεσπότοψ
1690 5726 1809 5781 ἀλλ’

233 5809 569 5873 ἀκούσαντες
598 5809 824 5879 ἐκεῖνοι,
856 5810 909 5863 oi
947 5810 1051 5880 μιν
1083 5810 1207 5866 οὐδὲ
1260 5813 1588 5884 προσέσχον,
1612 5816 1808 5889 ἀγροῖς

124 5912 129 5915 ‘
231 5904 322 5956 καὶ
356 5903 673 5976 ἐμπορῐαις,
712 5906 782 5975 γῇ
814 5905 906 5957 καὶ
930 5908 1045 5968 τοῖς
1063 5907 1276 5975 γητνοις
1301 5906 1608 5978 ὁλοσχερῶς
1633 5925 1810 5982 προσ.

556 6002 830 6063 ΡΑτιιοι.
877 6004 997 6062 On.
1034 6003 1159 6062 CLI

1930 4592 2099 4650 Tauri
2131 4597 2263 4664 mei,
2291 4601 2389 4665 ait,
2420 4609 2473 4656 et
2505 4604 2743 4660 volatilia
2793 4610 2975 4666 occisa
3004 4625 3133 4671 sunt
3169 4634 3185 4684 ;
3217 4629 3345 4677 tunc
3362 4629 3513 4681 enim

1929 4699 2113 4744 vetera
2150 4693 2307 4748 novis
2362 4694 2599 4752 adunata
2644 4713 2813 4767 sunt;
2842 4702 2955 4761 haec
2981 4708 3201 4777 quidem
3232 4729 3330 4783 per
3357 4720 3514 4773 occl~

1926 4779 2137 4836 sionem
2167 4784 2468 4842 volatilium
2526 4791 2898 4862 manifestata,
2932 4815 3059 4855 nam
3111 4779 3267 4874 panis
3302 4817 3509 4883 estqui

1924 4890 2071 4930 nunc
2100 4888 2321 4949 propter
2350 4895 2449 4935 nos
2477 4880 2532 4937 in
2566 4883 2805 4943 Ecclesia
2853 4894 3197 4954 sacriﬁcatur
3222 4918 3238 4967 ;
3263 4902 3352 4958 lila
3383 4880 3511 4961 vero

1922 4978 2103 5025 vetera
2131 4986 2224 5041 per
2249 4983 2435 5031 tauros
2468 4976 2760 5049 declarata,
2788 4992 2843 5039 et
2869 5002 2964 5052 per
2998 5006 3194 5046 noram
3230 4997 3505 5057 victimam

1921 5062 1978 5116 in
2031 5066 2358 5122 sacriﬁcium
2413 5068 2525 5125 Deo
2566 5074 2784 5145 dignius
2844 5082 3126 5140 translata.
3172 5086 3321 5146 Missi
3377 5106 3508 5153 sunt

1918 5170 2049 5228 ergo
2074 5159 2167 5214 alii
2214 5163 2379 5229 servi,
2404 5162 2617 5221 Domini
2677 5175 3077 5245 apostoli,qua2
3138 5182 3243 5239 ista
3305 5184 3506 5245 Iudaeis

1918 5250 2297 5317 pnedicarent,
2351 5253 2584 5312 Domino
2639 5262 2819 5318 adhuc
2872 5261 3044 5325 de'eis
3081 5272 3313 5333 habente
3365 5285 3507 5348 pati-

1916 5342 2140 5399 entiam.
2166 5344 2236 5400 At
2266 5348 2378 5417 isti,
2412 5350 2495 5405 his
2512 5353 2733 5421 auditis,
2771 5358 2863 5413 alii
2921 5364 3139 5431 quidem
3172 5384 3280 5423 non
3327 5342 3507 5430 atten-

1915 5436 2135 5505 derunt,
2158 5440 2305 5508 agris
2328 5452 2384 5498 et
2436 5446 2914 5518 negetiationibus,
2974 5464 3131 5513 terra:
3171 5472 3227 5516 et
3274 5474 3504 5530 terrenis

1914 5530 2011 5586 ιοιὶ
2040 5530 2416 5593 incumbentes
2442 5540 2573 5604 ;alii
2616 5551 2801 5600 autem
2850 5563 3132 5619 praecones
3186 5568 3500 5633 tenuerunt,

1913 5634 1967 5680 et
1994 5625 2131 5682 alios
2175 5629 2393 5699 quidem
2450 5639 2799 5696 contumeliis
2824 5640 3149 5716 affecerunt,
3213 5654 3351 5711 alios
3375 5625 3503 5714 vero

1911 5720 2314 5797 lapidaverunt,
2336 5740 2528 5784 omnes
2553 5739 2757 5800 autem,
2788 5748 3058 5807 quantum
3111 5750 3289 5821 potuit
3312 5767 3504 5817 eorum

1912 5815 2247 5887 malignitas,
2274 5830 2332 5876 et
2363 5822 2631 5880 conviciis
2661 5815 3137 5893 lacessiveruntct
3164 5815 3505 5909 occiderunt.

1911 5929 1932 5964 ι
1972 5913 2149 5969 Iratus
2181 5914 2367 5988 igitur,
2398 5917 2499 5985 ait,
2557 5934 2650 5978 rex
2676 5962 2690 5989 ,
2722 5922 2911 5985 missis
2960 5912 3305 6007 exercitibus
3364 5916 3499 6001 suis.

3074 6028 3146 6086 17
