4070 6210
517 239 633 308 .523

1809 233 2184 301 GR'EGORII
2234 238 2558 300 PALAMB

3687 237 3789 302 524

525 353 760 428 perdidit
814 346 1278 411 homicidasillos,
1309 354 1360 399 et
1426 345 1697 400 civitatem
1729 346 1944 401 nlurum
1979 363 2103 403 suc-

2212 354 2484 423 ηλωμένοι
2516 369 2530 384 ·
2561 355 2611 407 ol
2657 353 2713 407 δὲ
2767 353 2863 409 καί
2922 353 3051 416 τοὺς
3096 353 3343 427 κῆρυκας
3387 355 3785 424 κρατήσαντς,

521 447 724 503 ceudit.
759 464 777 497 ι
803 443 936 501 Nam
961 449 1264 510 postquam,
1296 437 1458 492 etiam
1485 447 1603 505 post
1655 436 1868 492 illorum
1901 440 2107 508 passio-

524 557 645 595 nem
678 539 856 597 adhuc
891 535 1194 604 perduraus
1224 529 1466 584 misisset
1491 530 1583 600 qui
1624 532 1688 583 ad
1722 530 2101 600 paenitentiam

524 640 775 689 vocarent
799 627 1190 698 indulgentiam
1221 625 1621 693 promitterent,
1667 623 1967 695 ingentium
2002 624 2102 678 ho—

522 742 718 782 norum
777 721 1121 791 largitionem
1178 716 1516 781 nuntiarent,
1549 715 1742 768 horum
1796 715 1990 769 arrhas
2047 723 2103 769 et

518 822 741 891 pignora
793 816 1080 876 donarent,
1110 809 1324 865 veritati
1381 807 1538 861 ﬁdele
1586 807 1951 861 testimonium
1983 809 2105 863 red-

519 916 730 975 derent,
761 907 835 962 illi
875 914 1056 960 autem
1087 918 1192 956 non
1253 910 1464 956 tantunt
1523 915 1871 970 nequaquam
1927 901 2104 969 ι)ωηί-

520 1002 743 1058 tentiam
779 1000 1019 1069 egissent
1072 993 1525 1062 autparuissent,
1574 993 1666 1046 sed
1701 991 1920 1062 insuper
1971 1008 2105 1047 con-

520 1094 761 1151 tumeliis
803 1089 1029 1145 affectos
1077 1095 1236 1140 morti
1290 1082 1645 1138 tradidissent
1693 1084 2097 1155 evangelistas,

515 1193 637 1262 jure
663 1188 914 1254 deinceps
945 1179 1224 1249 mittitqui
1284 1177 1405 1232 illos
1466 1179 1692 1244 perdant
1720 1190 1774 1232 et
1828 1177 2100 1232 civitatem

520 1298 705 1339 eorum
738 1279 1088 1335 succendant.
1125 1273 1259 1342 Quis
1275 1282 1453 1328 autem
1494 1273 1667 1326 nescit
1693 1271 2111 1330 [natetnanil'cste

521 1382 576 1433 in
604 1375 975 1444 Hierosolyma
999 1367 1172 1424 fuisse
1197 1367 1416 1437 impleta
1467 1381 1634 1435 quam
1668 1365 1756 1420 hic
1785 1367 1982 1422 merito
2013 1382 2108 1420 vo-

523 1481 609 1523 rat
632 1467 900 1522 civitatem
926 1457 1380 1517 interfectorum?

2210 448 2339 509 τοὺς
2371 447 2470 516 μὲν
2503 445 2754 518 ὕϐρισαν,
2781 446 2982 509 τοὺςδέ
3014 447 3427 519 ἐλιθοσόλησαν,
3465 450 3680 512 πάντας
3706 448 3785 513 δέ,

2211 540 2338 592 ὅσον
2367 540 2431 593 τὸ
2460 541 2540 602 είς
2570 541 2668 610 τὴν
2699 541 2876 594 αὐτῶν
2903 536 3038 615 ἧκον
3091 541 3373 611 πρόθεσιν,
3421 543 3514 595 καλ
3555 543 3788 610 ὕϐρισαν

2212 635 2303 686 καὶ
2339 634 2687 688 ἀπέκτειναν.
2727 654 2745 686 ι
2798 634 3107 707 ’θργισθεὶς
3134 633 3231 688 οὖν
3263 639 3290 690 δ
3346 634 3624 706 βασιλεὺς·
3680 651 3789 704 (ΡΨ

2213 725 2318 786 σιν,
2355 723 2579 794 πέμψας
2599 725 2852 779 ἀπώλεσε
2887 728 3017 791 τοὺς
3049 730 3231 797 φονεῖς
3257 728 3638 791 ἐκείνους,καὶ
3684 726 3787 796 τὴν

2213 819 2366 872 πόλιν
2394 820 2575 873 αὐτῶν
2601 820 2930 890 ἐνέπρησεν·
2998 839 3017 873 ι
3079 821 3203 874 ἐπεὶ
3221 823 3330 892 γὰρ
3357 861 3360 866 λ
3383 822 3476 875 καὶΙ
3510 820 3676 892 ’μετὰ
3729 820 3790 874 τδ

2209 908 2341 980 παρ’
2375 908 2556 963 αὐτῶν
2587 907 3016 982 ἐξειργασμένον
3061 913 3234 975 πάθος
3269 913 3351 966 ἐτι
3382 911 3781 982 μακροθυμῶν,

2207 1003 2495 1056 ἀπέστειλε
2555 1005 2682 1067 τοὺς
2767 1005 2904 1076 πρὸς
2973 1007 3262 1075 μετάνοιαν
3322 1005 3786 1078 ἐκκαλουμένους,

2207 1094 2512 1163 ἀμνηστίαν
2548 1095 3078 1164 ἐπαγγελλομένους,
3107 1096 3203 1150 καὶ
3261 1098 3512 1166 μεγάἲων
3555 1096 3792 1165 εὐαγγε-

2215 1185 2535 1256 λιζομένους
2566 1187 2788 1254 ἀγαθῶν
2821 1187 3086 1256 ἐπίδοσιν,
3126 1189 3334 1258 ἐγγύας
3371 1209 3430 1242 τε
3466 1190 3676 1243 τούτων
3700 1192 3798 1244 καλ⁵

2217 1275 2544 1349 ἀρραϐῶνας
2570 1277 2834 1346 διδόντας,
2864 1281 2956 1334 καὶ
2990 1285 3200 1345 πίστεις
3228 1284 3515 1350 ἀσφαλεῖς,
3543 1288 3592 1337 οἱ
3625 1285 3685 1337 δέ
3708 1284 3787 1354 μὴ

2221 1370 2384 1439 μόνον
2401 1373 2460 1424 ού
2493 1372 2832 1443 μετενόησαν
2860 1373 2985 1427 ούδέ
3018 1377 3340 1447 προσέσχον,
3359 1375 3497 1430 ἀλλὰ
3513 1377 3609 1429 καὶ

2218 1459 2378 1532 ὓϐριν
2400 1463 2814 1530 ἀνταπέδωκαν,
2837 1467 2930 1519 καὶ
2952 1468 3132 1534 φόνοις
3157 1469 3462 1539 ἠμείψαντο
3475 1471 3603 1532 τοὺς
3627 1471 3803 1536 εὐαγ-

517 1561 807 1634 γελιστάς·
841 1558 1048 1626 πέμπει
1081 1552 1306 1614 δικαίως
1326 1551 1514 1604 ἔπειτα
1555 1552 1678 1614 τοὺς
1719 1551 2086 1617 ἀπολέσοντας
2119 1552 2340 1618 αὐτοὺς,
2390 1556 2486 1609 καὶ
2539 1559 2638 1627 τὴν
2687 1559 2845 1612 πόλιν
2895 1560 3078 1614 αὐτῶν
3135 1563 3694 1634 ἐμπρήσοντας.,Τίς
3739 1560 3821 1616 δέ.

497 1644 618 1715 ὀὐκ
652 1653 758 1710 οἶδε
805 1652 977 1708 ταῦτα
1030 1647 1392 1717 τετελεσμένα
1428 1645 1679 1718 φανερῶς
1713 1646 1804 1700 ἐπὶ
1834 1647 1932 1717 τῆς
1981 1646 2358 1720 Ἰερουσαλὴμ,
2418 1648 2485 1720 ἢν
2541 1653 2636 1706 καὶ
2697 1653 2852 1708 πόλιν
2908 1653 3116 1724 φονέων
3177 1654 3270 1710 νῦν
3308 1657 3536 1720 εἰκότως
3604 1655 3808 1712 ἐκάλε-

518 1777 612 1813 σεν
638 1776 653 1823 ;

590 1849 788 1907 Verum
831 1864 954 1905 cum
991 1848 1064 1903 illi
1099 1844 1380 1903 multoties
1429 1845 1584 1898 antea
1620 1851 1672 1898 et
1697 1856 1841 1897 nunc
1902 1836 2104 1903 vocati,
2142 1841 2185 1901 Β

517 1961 627 2001 non
648 1943 1024 1999 tantummodo
1049 1940 1370 2010 semetipsos
1390 1937 1677 1992 vocatione
1719 1935 1970 2003 indignos
2009 1947 2108 1986 ex-

520 2038 847 2100 hibttissent,
884 2033 977 2089 sed
1004 2033 1168 2087 etiam
1196 2031 1391 2098 dignos
1428 2028 1506 2081 ira
1547 2028 1638 2081 Dei
1670 2033 1724 2079 et
1755 2023 2107 2094 pernicie,ju-

515 2131 676 2184 bente
711 2142 860 2196 rege,
911 2127 963 2178 in
994 2126 1109 2178 vias
1141 2134 1406 2176 exeuntes
1462 2120 1622 2174 iidem
1665 2117 1831 2176 servi.
1897 2117 2107 2172 scilicet

518 2220 735 2274 Domini
789 2217 1049 2289 apostoli,
1081 2220 1577 2286 congregaverunt,
1612 2212 1810 2283 inquit,
1838 2219 2109 2282 quotquot

517 2315 851 2367 invenerunt
887 2310 1061 2364 bonos
1096 2317 1149 2363 et
1172 2307 1369 2372 malos,
1402 2315 1455 2360 et
1504 2305 1724 2375 impleta
1758 2314 1844 2360 est
1907 2304 2107 2360 domus

516 2404 970 2462 accumbentibns
994 2421 1008 2468 ;
1036 2403 1090 2457 hi
1144 2409 1334 2456 autem
1367 2409 1495 2456 sunt
1527 2399 1702 2454 vocati
1735 2415 1798 2454 ex
1830 2400 2104 2470 gentibus.

515 2499 817 2555 Jerusalem
870 2498 1012 2552 enim
1039 2507 1152 2550 tum
1173 2502 1293 2548 erat
1348 2493 1464 2547 sola
1497 2493 1590 2547 Dei
1624 2491 1838 2555 civitas,
1877 2492 2107 2562 solaque

516 2593 639 2663 ejus
676 2595 870 2647 domus
897 2588 1268 2644 Israelitarum
1292 2569 1572 2656 populus;
1605 2584 1699 2656 qui
1734 2593 1916 2640 autem
1948 2595 2103 2639 extra

520 2685 684 2741 istum
704 2692 883 2748 erant,
906 2682 1098 2752 quales
1121 2690 1252 2735 tunc
1305 2687 1517 2746 gentes,
1550 2676 1718 2732 veluti
1776 2692 1874 2748 per
1905 2677 2020 2733 vias
2050 2685 2104 2732 et

517 2779 742 2849 quidem
775 2777 976 2832 multas
1004 2785 1168 2844 atque
1197 2772 1443 2827 diversas
1458 2771 1718 2826 errabant
1754 2790 1768 2836 ;
1798 2785 1923 2825 nam
1949 2769 2103 2826 varia

519 2881 574 2926 et
603 2869 819 2924 diversa
850 2877 1004 2922 erant
1057 2879 1244 2918 earum
1294 2863 1570 2934 dogmata.
1604 2860 1772 2916 Malos
1814 2868 1996 2915 autem
2051 2865 2107 2914 et

521 2967 691 3020 bonos
714 2961 852 3017 dixit
879 2975 974 3015 eos
998 2959 1091 3028 qui
1130 2973 1223 3027 per
1251 2955 1369 3011 vias
1397 2955 1600 3010 inventi
1625 2953 1943 3024 congregati
1972 2959 2104 3006 sunt
2145 2955 2152 2962 '

520 3066 744 3130 prOpter
770 3054 1043 3109 diversam
1097 3063 1286 3106 eorum
1320 3046 1674 3111 voluntatem,
1707 3045 1756 3098 vi
1792 3043 1948 3113 cujus
2010 3040 2102 3097 alii

519 3148 742 3220 quidem
769 3144 925 3201 electi
955 3151 1106 3207 sunt,
1147 3139 1266 3195 fidei
1322 3151 1503 3194 mores
1553 3146 1606 3192 et
1647 3136 1808 3190 vitam
1874 3134 2104 3200 conjun-

521 3247 710 3312 gentes
736 3245 1182 3298 consentaneam,
1217 3231 1311 3285 alii
1334 3238 1466 3285 vero
1488 3245 1517 3284 e
1545 3242 1772 3282 numero
1804 3227 2100 3282 electorum

521 3333 708 3405 reiecti
763 3339 890 3386 sunt
943 3327 1107 3385 vitam
1159 3325 1401 3380 viventes
1422 3332 1628 3393 turpem
1695 3332 1750 3377 et
1770 3335 2102 3390 perversam,

523 3439 784 3483 necnona
825 3423 928 3478 ﬁde
969 3419 1376 3477 dissentientem
1404 3434 1421 3484 ;
1447 3417 1591 3488 quod
1643 3412 2104 3472 ostenditadden-

524 3519 933 3577 dbulntravit
961 3531 1053 3572 rex
1117 3524 1177 3569 ut
1241 3513 1448 3568 videret
1511 3511 1988 3574 discumbentes,»
2051 3507 2103 3562 id

522 3630 606 3673 est
631 3631 725 3671 eos
778 3614 870 3684 qui
893 3627 955 3666 ex
1013 3608 1218 3665 vocatis
1248 3615 1621 3662 accesserunt.
1656 3603 1827 3658 Porro
1874 3602 1992 3672 ejus
2023 3601 2107 3655 iu-

523 3724 746 3783 grcssus
776 3706 844 3762 ad
905 3703 1167 3760 videndos
1227 3711 1281 3758 et
1337 3697 1668 3772 iudicandos
1715 3699 2101 3752 rccumbentes

523 3803 660 3861 nihil
691 3784 838 3858 aliud
873 3809 954 3855 est
982 3814 1144 3870 quant
1197 3794 1562 3851 manifeStatio
1599 3791 1769 3847 futuri
1808 3789 1999 3861 judicii
2046 3788 2100 3843 in

525 3913 769 3969 tentpore
797 3895 1067 3951 facienda.
1099 3889 1360 3946 (intravit
1392 3887 1555 3960 igitur
1572 3902 1689 3952 rex,
1719 3884 1919 3955 inquit,
1945 3891 1999 3937 et
2028 3883 2105 3936 vi-

525 3992 607 4045 dit
627 3987 903 4044 hominem
937 4000 1044 4040 non
1084 3981 1340 4038 vestitum
1389 3988 1539 4034 veste
1579 3975 1830 4047 nuptiali.
1870 3991 1888 4026 ι
1920 3972 2102 4029 Vestis

525 4079 893 4152 spiritualium
929 4075 1246 4145 nuptiarum
1279 4079 1363 4126 est
1423 4071 1628 4133 virtus,
1657 4081 1822 4138 quam
1886 4066 1982 4135 qui
2013 4065 2102 4119 hic

527 4191 634 4229 nun
671 4171 933 4245 induerit,
964 4183 1074 4222 non
1107 4175 1320 4220 tantum
1375 4162 1636 4232 indignus
1663 4160 1930 4216 cmuaculi
1955 4159 2100 4213 illius

523 4278 749 4338 aspectu
787 4264 1115 4324 invenietur,
1147 4256 1243 4313 sed
1278 4256 1442 4312 etiam
1499 4255 1714 4309 vincula
1735 4261 1789 4308 et
1819 4252 2102 4306 inenarra-

523 4361 653 4416 bilia
678 4355 988 4427 experietur
1017 4350 1305 4422 supplicia.
1369 4347 1428 4402 Si
1470 4362 1598 4402 vero
1619 4346 1920 4415 cujuslibet
1971 4344 2092 4398 aui-

526 4472 626 4511 tuae
645 4453 812 4508 vestis
835 4459 916 4505 est
945 4461 1147 4517 corpus
1183 4446 1248 4499 ad
1269 4443 1414 4516 quod
1457 4444 1662 4510 unitur,
1689 4441 1783 4512 qui
1833 4440 1962 4494 illud
1994 4455 2098 4494 non

524 4545 882 4603 custodiverit
902 4541 982 4596 vel
1007 4556 1113 4596 non
1140 4529 1518 4595 emuridaverit
1547 4550 1640 4603 per
1665 4533 2102 4599 temperantiam,

522 4640 813 4714 puritatem
867 4647 922 4692 et
944 4633 1348 4697 castimoniam,
1381 4629 1512 4684 illud
1573 4627 1794 4682 habebit
1822 4626 2104 4696 indignum

524 4730 928 4802 iucorruptibili
955 4727 1258 4792 ctenaeulo,
1291 4736 1346 4779 et
1377 4724 1602 4792 dignum
1633 4721 1777 4791 quod
1818 4720 1887 4774 ab
1916 4734 1982 4774 eo
2009 4719 2108 4789 eji-

522 4826 718 4879 ciatur.
750 4820 862 4875 lsto
899 4819 1084 4886 igitur,
1126 4817 1224 4878 ait,
1272 4814 1524 4869 convicto
1550 4821 1605 4866 et
1657 4813 1866 4882 pudore
1886 4810 2106 4867 suffuso

521 4919 616 4989 qui
649 4930 756 4969 non
787 4913 1040 4966 induerat
1065 4919 1268 4964 vestem
1295 4907 1578 4960 vet-alioue
1607 4905 1869 4976 dignam,~
1896 4919 1987 4958 rex
2020 4903 2105 4957 di~

521 5014 606 5067 xit
631 5008 899 5064 ministris
959 5021 977 5056 :
1004 5023 1021 5056 ι
1049 5002 1250 5074 Ligatis
1315 4999 1568 5054 manibus
1602 5012 1656 5053 et
1705 4997 1934 5067 pedibus
1965 4999 2103 5067 ejus,

527 5105 708 5160 tollite
750 5116 898 5165 eum,
936 5117 954 5151 ι
983 5099 1036 5153 id
1081 5109 1190 5162 est,
1221 5095 1382 5150 illutn
1452 5092 1868 5148 circnmdantes
1926 5091 2106 5161 planis

522 5214 662 5269 quas
690 5194 934 5266 effugere
1003 5208 1112 5246 non
1140 5189 1357 5262 poterit,
1383 5194 1627 5242 amovete
1691 5185 1760 5240 ab
1796 5183 2104 5240 habitacula

522 5302 577 5347 et
600 5291 861 5347 societate
884 5289 1205 5343 laetantium.
1243 5301 1264 5338 ι
1295 5284 1361 5338 Ει
1400 5283 1596 5336 mittite
1621 5296 1744 5336 eum
1770 5280 1823 5334 in
1849 5281 2104 5335 tenebras

521 5386 827 5443 exteriores
864 5383 980 5450 ;ibi
1004 5383 1110 5439 erit
1169 5380 1329 5434 ﬂetus
1392 5386 1445 5432 et
1500 5376 1704 5432 stridor
1770 5375 2034 5430 dentium.
2076 5393 2096 5426 ι

521 5482 657 5536 Nam
683 5480 834 5550 juste
863 5476 1119 5533 inanibus
1167 5483 1218 5529 et
1255 5472 1485 5542 pedibus
1519 5470 1772 5539 alligatur
1801 5471 1891 5540 qui
1926 5469 1980 5522 in
2018 5469 2102 5524 his

527 5576 687 5630 terris
745 5581 1094 5643 peccatorum
1149 5582 1377 5623 suorum
1412 5565 1644 5620 vinculis
1679 5564 2100 5635 constringitur,

523 5675 577 5720 et
632 5667 865 5720 mittitur
901 5664 954 5716 in
980 5660 1232 5716 tenebras
1294 5659 1617 5721 exteriores,
1677 5655 1948 5724 longiusa
1993 5657 2102 5712 Deo

525 5759 723 5821 factus,
756 5761 884 5826 quia
917 5757 1005 5809 hic
1031 5769 1137 5807 non
1182 5751 1307 5807 fecit
1337 5765 1499 5823 opera
1557 5751 1716 5805 lucis.
1749 5750 1848 5814 lbi,
1903 5751 2101 5821 inquit,

526 5857 628 5906 erit
658 5850 811 5906 ﬂetus
863 5859 915 5906 et
945 5849 1148 5904 stridor
1192 5847 1377 5904 dentiu
1406 5868 1432 5897 τι
1472 5862 1487 5913 ;
1531 5860 1655 5901 nam
1726 5861 1832 5900 non
1872 5849 2109 5904 tcncbta:

2293 1841 2446 1898 Ἐπεὶ
2467 1842 2523 1898 δέ
2547 1845 2596 1899 οἱ
2622 1844 2952 1914 κεκλημένοι
2979 1845 3237 1913 πολλάκις
3268 1847 3534 1919 πρότερον
3558 1850 3654 1902 καὶ
3672 1849 3795 1922 νῦν⁹
3834 1830 3838 1834 ’

2210 1938 2408 1993 ἐκεῖνοι
2443 1939 2520 2010 μὴ
2565 1940 2726 2006 μόνον
2785 1940 3038 2008 ἀναξίους
3094 1942 3327 2007 ἐαυτοῦς
3379 1943 3480 2015 τῆς
3538 1944 3787 2013 κλήσεως

2209 2029 2438 2097 ἔδειξαν,
2468 2030 2601 2083 ἀλλὰ
2625 2034 2718 2084 καὶ
2745 2030 2929 2098 ἀξίους
2984 2033 3156 2103 ὀργῆς
3201 2033 3354 2098 θείας
3389 2034 3497 2087 καὶ
3554 2033 3802 2088 πανωλε-

2210 2123 2370 2193 θρίας
2398 2141 2412 2154 ·
2444 2123 2585 2177 κατὰ
2620 2124 2871 2178 κέλευσιν
2909 2126 3002 2178 τοῦ
3032 2126 3302 2197 βασιλέως
3338 2128 3476 2199 πρὶς
3509 2127 3610 2191 τὰς
3639 2127 3794 2190 ὀδοὺς

2211 2216 2539 2281 ἀπελθόντες
2575 2219 2622 2272 οἱ
2659 2217 2813 2272 αὐτοὶ⁵
2854 2216 3054 2287 δοῦλοι,
3112 2220 3396 2275 τουτέστιν
3454 2221 3506 2274 ot
3537 2219 3636 2274 τοῦ
3681 2221 3797 2273 Κυ-

2213 2310 2328 2380 ρίου
2363 2312 2677 2380 ἀπόστολοι,
2715 2318 3052 2386 συνήγαγον,
3081 2316 3272 2386 φησὶν,
3290 2313 3467 2377 ’ὅσους
3492 2306 3659 2386 εὗρον
3687 2330 3792 2367 πο-

2209 2405 2407 2475 νηρούς
2445 2423 2503 2459 τε
2538 2408 2630 2460 καὶ
2655 2409 2913 2477 ἀγαθοὺς,
2947 2408 3042 2462 καὶ
3084 2407 3332 2479 ἐπλήσθη
3361 2403 3551 2469 όοῖιιος
3574 2407 3798 2459 ἀνακει-

2212 2500 2389 2570 μένων
2407 2516 2421 2527 ·
2449 2494 2596 2555 οὗτοι
2626 2501 2683 2555 δέ
2707 2503 2841 2555 εἰσιν
2869 2503 2920 2556 οἱ
2948 2501 3007 2569 ἐξ
3037 2501 3210 2554 ἐθνῶν
3269 2500 3459 2570 κλητοί
3484 2517 3496 2530 '
3535 2498 3637 2570 μία
3681 2499 3796 2569 γὰρ

2210 2592 2363 2656 πόλις
2393 2593 2605 2665 ὑπῆρχε
2641 2593 2942 2665 τηνικαῦτα
2995 2594 3091 2649 τοῦ
3157 2593 3355 2665 Θεοῦή
3395 2575 3786 2662 Ἰερουσαλὴμ,

2211 2687 2306 2738 καὶ
2369 2678 2446 2749 εἷς
2507 2685 2674 2740 αὐτοῦ
2732 2683 2880 2750 οἶκος
2925 2686 2955 2739 ὁ
3005 2687 3100 2740 τοῦ
3178 2687 3433 2759 Ἰσραήλ·
3479 2687 3527 2740 οἱ
3579 2686 3638 2739 δέ
3684 2685 3793 2751 ἔξω

2206 2777 2428 2844 τούτου,
2484 2779 2682 2841 οῖτινές
2757 2797 2888 2834 ποτε
2959 2780 3027 2833 τά
3095 2780 3222 2853 ἐθνη
3293 2775 3472 2855 ἦσαν,
3525 2782 3605 2842 είς
3689 2780 3790 2845 τὰς

2206 2873 2362 2936 ὁδοὺς
2410 2868 2550 2945 ἦσαν
2605 2869 2718 2928 οἷον
2781 2875 3125 2948 ἐρριμμένοι,
3193 2874 3388 2938 πολλὰς
3443 2876 3536 2930 καὶ
3597 2874 3800 2944 διαφόον

2211 2976 2336 3027 ρους
2410 2958 2613 3024 οὔσας·
2664 2961 2892 3050 τοιαῦτα
2941 2965 3052 3035 γὰρ
3085 2965 3267 3018 αὐτῶν
3317 2965 3529 3038 ὑπῆρχε
3572 2968 3667 3021 κ.ὶ
3721 2966 3794 3019 τά

2206 3052 2474 3122 δόγματα.
2510 3054 2788 3126 Πονηροὺς
2812 3055 2868 3109 δέ
2919 3073 3053 3127 φησι
3104 3058 3199 3111 καὶ
3258 3058 3495 3126 ἀγαθοὺς
3527 3059 3652 3117 τοὺς
3727 3059 3790 3111 ἐν

2206 3147 2327 3209 ταῖς
2356 3145 2498 3209 ὁδοῖς
2533 3145 2869 3216 εὑρημένους
2898 3149 2991 3202 καὶ
3015 3148 3463 3220 συνειλεγμένους
3489 3150 3580 3205 διὰ
3605 3150 3664 3203 τὸ
3689 3150 3796 3221 τῆς

2210 3240 2269 3293 ἐν
2286 3239 2469 3306 αὐτοῖς
2500 3243 2877 3313 προαιρέσεως
2908 3241 3186 3315 διάφορον,
3212 3245 3308 3315 ἀφ’
3357 3239 3423 3318 ἧς
3451 3246 3502 3299 ot
3537 3245 3642 3316 μέν
3699 3224 3800 3299 ἐκ-

2209 3331 2394 3388 λεκτοὶ
2422 3333 2694 3402 γίνονται,
2729 3336 2797 3406 τῇ
2860 3335 3041 3389 πίστει
3094 3335 3298 3408 τρόπον
3348 3337 3794 3410 ἐπιδεικνύμενοι

2210 3428 2306 3481 καὶ
2332 3427 2448 3498 βίον
2479 3427 2794 3500 συνᾴδοντα,
2820 3430 2867 3482 οἱ
2905 3429 2962 3481 δέ
2993 3429 3100 3483 τῶν
3121 3431 3396 3484 ἐκλεκτῶν
3426 3431 3791 3502 ἐξωθούνται,

2213 3519 2327 3592 βίον
2357 3520 2684 3591 βεϐιωκότες
2713 3521 2941 3593 αἰσχρόν
2971 3539 3031 3576 τε
3056 3525 3153 3577 καὶ
3193 3523 3451 3596 πονηρὸν,
3503 3525 3600 3579 καὶ
3650 3527 3794 3595 πρὸς

2207 3613 2306 3683 τὴν
2326 3611 2512 3667 πίστιν
2539 3611 2856 3684 ἀπᾴδοντα·
2906 3613 3149 3667 δείκνυσι
3196 3613 3253 3669 δέ
3302 3616 3459 3670 τοῦτο
3525 3615 3615 3669 διὰ
3667 3616 3782 3671 τῶν

2211 3703 2337 3774 ἐξῆς
2369 3719 2384 3735 ·
2425 3722 2443 3754 ι
2481 3701 2758 3756 Εἰσελθὼν
2782 3705 2914 3774 γὰρ,
2968 3705 3158 3775 φησὶν,
3203 3704 3232 3758 ό
3288 3703 3542 3775 βασιλεὺς
3582 3705 3785 3762 θεάσα-
3844 3761 3846 3764 ,

2213 3798 2336 3851 σθαι
2389 3798 2512 3860 τοὺς
2546 3798 2968 3868 ἀνακειμένους,
3013 3817 3032 3850 ι
3068 3799 3311 3853 τουτέστι
3368 3800 3494 3865 τοὺς
3533 3802 3643 3856 ἀπὸ
3676 3803 3789 3854 τῶ)

2210 3891 2562 3963 κεκλημένων
2587 3893 3005 3961 προσελθόντας.
3034 3895 3346 3961 Εἰσέλευσις
3378 3896 3434 3948 δέ
3488 3899 3638 3950 ἐστιν
3689 3898 3790 3952 at).

2211 3986 2304 4039 τοῦ
2329 3987 2465 4057 πρξς
2496 3987 2554 4040 τὸ
2586 3988 2884 4043 θεάσασθαι
2907 3990 3002 4044 καὶ
3041 3990 3334 4060 ἀνακρῖναι
3392 3995 3520 4056 τοὺς
3567 3995 3796 4046 ἀνακει-

2213 4078 2408 4148 μένους
2439 4080 2473 4150 ή
2498 4080 2637 4132 κατά
2670 4082 2760 4132 τὸν
2797 4081 2990 4151 καιρὸν
3037 4082 3139 4150 τῆς
3193 4083 3497 4152 μελλούσης
3549 4084 3793 4152 κρίσεως

2210 4167 2494 4237 ἐκφανσις.
2531 4187 2549 4221 ι
2591 4168 2863 4222 Εἰσελθὼν
2890 4168 2981 4224 οὖν
3010 4171 3039 4223 ὁ
3079 4171 3351 4243 βασιλεὺς,
3408 4175 3593 4246 φησὶν,
3642 4169 3790 4229 εἶδεν

2212 4263 2336 4314 ἐκεῖ·
2362 4260 2651 4334 ἄνθρωπον
2701 4264 2802 4315 οὐκ
2859 4264 3209 4335 ἐνδεδυμένον
3263 4265 3468 4336 ἔνδυμα
3519 4268 3722 4336 γάμου.
3765 4285 3788 4318 ι

2214 4351 2456 4422 Ἐνδυμα
2485 4353 2578 4405 τοῦ
2604 4353 2978 4423 πνευματικοῦ
3008 4356 3187 4425 γάμου
3217 4359 3365 4411 ἐστὶν
3398 4360 3430 4429 ή
3483 4362 3678 4432 ἀρετή,
3717 4363 3789 4434 ἢν

2210 4447 2235 4497 ό
2266 4445 2341 4515 μὴ
2371 4445 2731 4515 ἐνδυσάμενος
2787 4447 3037 4502 ἐντεῦθεν
3073 4450 3137 4503 ού
3199 4451 3361 4521 μόνον
3417 4453 3635 4518 ἀνάξιος
3688 4456 3792 4526 τῆς

2211 4539 2363 4604 θείας
2396 4539 2614 4605 ἐκείνης
2643 4539 3004 4611 εὑρεθήσεται
3039 4545 3337 4608 παστάδος,
3396 4545 3530 4600 ἀλλά
3556 4552 3648 4600 καὶ
3699 4549 3794 4602 δε-

2211 4633 2364 4702 σμῶν
2395 4633 2489 4684 καὶ
2519 4632 2804 4701 μαστίγων
2857 4634 3112 4704 ἀρρήτων
3144 4637 3565 4706 πειραθήσεται.
3623 4639 3683 4691 Et
3732 4639 3793 4693 δέ

2213 4726 2307 4778 καὶ
2366 4723 2545 4794 ψυχῆς
2612 4725 2851 4795 ἑκάστης
2897 4725 3104 4797 ἔνδυμα
3153 4727 3215 4781 τὸ
3266 4728 3499 4799 σύζυγον
3549 4732 3792 4804 ὑπάρχει

2211 4817 2392 4886 σῶμα,
2423 4816 2450 4868 6
2489 4814 2566 4887 μὴ
2590 4815 2751 4868 τοῦτο
2795 4817 3064 4885 φυλάξας,
3096 4820 3131 4891 ἢ
3184 4821 3512 4894 ἀποσμήξας
3547 4825 3788 4880 ἐνταῦθα

2209 4911 2274 4964 δι’
2299 4907 2626 4979 ἐγκρατείας
2665 4909 2758 4963 καὶ
2786 4911 3010 4990 ἁγνείας
3042 4913 3137 4965 καὶ
3155 4916 3534 4987 σωφροσύνης,
3553 4919 3778 4990 ἀχρεῖον

2210 5005 2320 5074 ἕξει
2357 5005 2476 5058 τότε
2493 5006 2588 5058 καὶ
2615 5005 2713 5074 τῆς
2735 4993 2975 5076 ἀφθόρόυ
3002 5008 3276 5072 παστάδος
3298 5011 3516 5084 ἐκείνης
3536 5012 3779 5081 ἀνάξιον,

2211 5101 2306 5154 καὶ
2326 5100 2418 5153 τοῦ
2450 5100 2652 5171 ταύτης
2683 5099 2986 5169 ἐξωσθῆναι
3009 5103 3322 5172 παραίτιον.
3372 5105 3630 5174 Ἐλέγξας
3649 5111 3783 5182 γὰρ,

2209 5197 2367 5264 φησὶ,
2408 5197 2505 5248 καὶ
2542 5195 2915 5265 καταισχύνας
2943 5198 2970 5248 ό
2993 5195 3248 5265 βασιλεὺς
3271 5198 3365 5252 τὸν
3391 5199 3467 5271 μὴ
3496 5199 3661 5266 ἀξίως
3687 5203 3789 5269 τῆς

2208 5288 2452 5360 κλήσεως
2481 5288 2815 5357 ἐσταλμένον
2841 5290 3070 5356 ἐκεῖνον,
3119 5285 3240 5346 εἷπε
3303 5294 3418 5355 τοῖς
3477 5293 3785 5359 διακόνοις·

2213 5403 2231 5434 ι
2273 5385 2547 5456 Δήσαντες
2580 5382 2745 5437 αὑτοῦ
2777 5387 2968 5454 χεῖρας
2997 5387 3088 5439 καὶ
3118 5368 3308 5453 πόδας,
3331 5389 3499 5459 άρατσ
3537 5391 3724 5455 αὑτὸν,
3760 5410 3786 5445 ι

2207 5478 2492 5532 τουτέστιν
2555 5475 2824 5544 ἀφύκτοις
2877 5478 3068 5533 τοῦτον
3119 5481 3510 5552 περιϐαλόντες
3566 5484 3784 5551 δεινοῖς,

2216 5571 2507 5644 χωρήσατε
2587 5570 2690 5642 τῆς
2777 5575 3062 5648 κατοικίας
3135 5576 3230 5627 καὶ
3298 5577 3598 5642 συναυλίας
3679 5579 3794 5633 τῶν

2221 5663 2699 5734 εὐφραινομένων,
2774 5681 2793 5714 ι
2850 5665 2957 5718 Καὶ
3033 5666 3293 5723 ἐκϐάλετε
3362 5670 3526 5724 αὑτὸν
3580 5672 3659 5735 εἰς
3726 5671 3793 5726 τὸ

2221 5758 2411 5819 σκότος
2474 5757 2552 5807 τδ“
2589 5754 2850 5828 ἐξώτερον
2879 5773 2892 5786 ·
2933 5758 3051 5811 ἐκεῖ
3105 5759 3258 5813 ἔσται
3305 5762 3334 5814 ὸ
3367 5761 3642 5833 κλαυθμὸς
3693 5767 3793 5818 καὶ

2219 5851 2244 5899 ὁ
2279 5846 2522 5918 βρυγμδς
2547 5850 2657 5905 τῶν
2711 5851 2962 5909 ὀδόντων.
3005 5872 3025 5907 t
3053 5857 3234 5940 Asi‘t‘at
3261 5857 3369 5930 γὰρ
3425 5859 3616 5930 χεῖρας
3691 5864 3793 5914 καὶ
