4054 6214
485 363 588 432 531

1733 363 2122 432 GREGORII
2164 365 2501 429 PALAMxﬁ

3567 363 3757 435 ’532

449 491 727 558 ταιοιοω.
762 480 853 537 Ait
874 480 1019 538 enim
1054 478 1368 552 Scriptura:
1406 479 1544 537 Cum
1576 479 2039 551 appropinquaret

2152 482 2357 546 πάντας
2389 480 2759 552 ἔφελκύσηται
2789 480 2928 552 πρὸς
2971 481 3074 552 τὴν
3113 481 3196 545 είς
3234 481 3400 536 αὑτὸν
3459 482 3748 555 σωτήριον

457 583 629 646 portae
683 573 943 640 civitatis,
978 573 1304 630 efferebatur
1351 573 1664 629 defunctus.
1695 572 1835 640 Quia
1888 572 2039 628 enim

457 677 801 738 praenoverat
857 667 1032 737 ipsam
1067 666 1455 737 exsequiarum
1493 666 1707 734 horam,
1733 677 2042 738 opportune

455 760 650 816 astitit.
707 760 1010 815 Defunctus
1070 776 1202 831 ergo
1268 759 1598 816 eti‘erebatur
1644 760 1789 816 ﬁlius
1845 761 2043 816 unicus

453 855 650 909 matris
680 869 815 918 suae,
835 865 887 909 et
921 856 1035 909 [nec
1063 856 1225 909 vidua
1266 864 1406 923 erat,
1434 870 1552 925 qua:
1572 854 1808 910 dolentis
1837 869 2040 912 moero-

453 962 570 1002 rem
604 963 769 1017 supra
813 948 1033 1001 modum
1067 947 1358 1018 angebant,
1387 957 1439 1002 et
1464 947 1843 1003 liberationem
1876 948 2041 1004 facie-

453 1041 584 1094 bant
607 1039 1009 1110 iucundiorem.
1043 1037 1308 1095 Dominus
1345 1041 1490 1095 enim
1542 1040 1730 1096 videns
1784 1048 2037 1103 matrem.

440 1125 508 1188 'et
539 1143 769 1190 matrem
803 1133 1048 1200 viduam,
1080 1148 1203 1203 qua:
1232 1132 1285 1187 in
1319 1147 1429 1188 uno
1480 1133 1592 1188 ﬁlio
1639 1148 1762 1202 spes
1790 1148 1920 1187 suas
1954 1147 2042 1188 re-

433 1221 804 1298 ‘posuerat.et
835 1241 900 1280 eo
942 1227 1234 1281 immatura
1292 1235 1468 1281 morte
1498 1226 1767 1290 orbatam,
1803 1239 2038 1293 sequen-

453 1331 566 1375 tem
592 1319 683 1374 lilii
709 1320 972 1385 loculum,
1001 1329 1300 1389 pectusque
1329 1319 1529 1374 misere
1569 1319 1909 1385 tundentem,
1939 1318 2042 1372 mi-

456 1413 798 1480 sericordia,
843 1427 903 1469 ut
963 1413 1187 1481 dicitur,
1230 1411 1333 1469 fuit
1401 1421 1731 1481 commotus.
1778 1410 1846 1466 Et
1910 1424 2039 1465 vero

457 1509 734 1578 quomodo
764 1522 872 1562 non
915 1516 1100 1562 motus
1144 1506 1360 1571 fuisset,
1385 1504 1546 1561 Pater
1577 1505 1948 1574 orphanorum
1983 1511 2037 1558 et

456 1595 633 1659 Judex
660 1600 1071 1657 viduarumi‘Et
1108 1599 1246 1656 dixit
1286 1599 1354 1656 ad
1387 1614 1506 1655 eam
1540 1598 1831 1654 consolans
1858 1607 1911 1652 et
1952 1596 2039 1651 {u-

455 1709 643 1753 turum
675 1697 1018 1766 przevidens:
1063 1715 1081 1748 ι
1108 1691 1228 1749 Noli
1264 1695 1414 1750 ﬁere.
1454 1713 1473 1748 ι
1507 1694 1624 1761 lpse
1647 1693 1793 1749 enim
1829 1692 2042 1748 sciebat

455 1791 583 1860 quid
617 1798 760 1845 esset
784 1788 1053 1846 facturus.
1089 1789 1278 1844 Mulier
1306 1795 1486 1843 autem
1520 1801 1619 1842 nec
1641 1787 1818 1857 ipsum
1844 1799 2038 1841 nosce-

2147 576 2356 632 πίστιν.
2383 574 2475 639 Ὠς
2505 575 2614 645 γὰρ
2641 577 2864 645 ἧγγισε,
2899 575 3058 644 φησὶ,
3086 578 3151 646 τῇ
3186 575 3331 646 πύλῃ
3363 576 3463 647 τῆς
3498 575 3743 645 πόλεως,

2146 667 2507 739 ἐξεκομίζετο
2533 666 2835 739 τεθνηκώς.
2863 668 3144 739 Προειδὼς
3166 671 3275 741 γὰρ
3313 669 3408 722 καὶ
3438 667 3611 739 αὐτὴν
3630 669 3744 739 τῆς

2147 764 2389 833 ἐκφορᾶς
2415 761 2513 832 τὴν
2535 761 2689 834 ὥραν
2713 765 2794 827 είς
2840 764 3035 835 καιρδν
3065 763 3291 834 ιπέστη.
3341 762 3739 832 Ἔξεκομίζετο

2145 853 2239 910 οὖν
2267 855 2547 928 τεθνηκὼς
2595 855 2710 920 υίὸς
2752 856 3050 927 μονογενὴς
3095 859 3160 927 τῇ
3201 856 3371 928 μητρὶ
3403 855 3594 924 αὑτοῦ,
3632 855 3738 910 καὶ

2145 952 2284 1024 αὐτὴ
2318 953 2462 1024 χήρα
2485 993 2501 1016 ,
2530 951 2601 1006 τὰ
2631 954 2772 1007 αὐτὰ
2811 956 2878 1024 τῇ
2912 951 3209 1025 πενθούσῃ,
3255 954 3354 1007 καὶ
3399 954 3500 1024 τὴν
3544 951 3735 1023 λύπην

2144 1044 2350 1115 ηὔξησε
2382 1043 2819 1109 πολλαπλασίαν,
2849 1045 2946 1098 καὶ
2967 1045 3066 1115 τὴν
3095 1045 3253 1099 λύσιν
3290 1045 3536 1111 ἔξαισίαν
3568 1045 3738 1116 ἠνεγ-

2143 1157 2262 1192 κεν.
2304 1139 2448 1194 Ἰδὼν
2483 1140 2590 1211 γάρ
2618 1141 2645 1193 ὁ
2668 1139 2875 1207 Κύριος
2899 1140 3131 1212 μητέρα,
3158 1139 3253 1192 καὶ
3281 1140 3496 1210 μητέρα
3526 1139 3729 1210 χήραν,

2144 1231 2230 1300 ἐφ’
2261 1233 2341 1286 ένὶ
2397 1234 2554 1288 παιδὶ
2605 1234 2704 1298 τὰς
2735 1234 2958 1297 ἐλπίδας
3011 1232 3373 1300 σαλεύουσαν,
3407 1232 3502 1287 καὶ
3556 1229 3732 1302 ἀώρῳ

2144 1326 2360 1396 θανάτῳ
2385 1325 2573 1381 τοῦτον
2620 1327 3012 1399 ἀφῃρημένην,
3061 1326 3340 1397 ἑπομένην
3370 1344 3430 1381 τε
3473 1328 3542 1398 τῇ
3578 1325 3728 1394 σορῷ

2140 1417 2235 1471 τοῦ
2282 1417 2474 1481 παιδὸς
2527 1419 2624 1473 καὶ
2677 1421 3025 1489 κοπτομένην
3075 1418 3348 1486 ἐλεεινῶς,
3389 1418 3730 1488 ὲσπλαγχνίυ

2142 1512 2267 1580 σθη,
2301 1510 2456 1582 φησι.
2494 1513 2617 1575 Πῶς
2646 1513 2756 1583 γὰρ
2782 1512 2882 1566 οὐκ
2907 1512 3160 1582 ἔμελλεν,
3198 1514 3227 1568 δ
3264 1512 3450 1584 πατὴρ
3496 1512 3607 1566 τῶν
3631 1512 3729 1582 δρ-

2142 1603 2346 1673 φανῶν,
2375 1605 2469 1658 καὶ
2491 1604 2686 1675 κριτὴς
2709 1603 2819 1659 τῶν
2851 1604 3042 1674 χηρῶν
3066 1607 3092 1671 ;’
3113 1605 3205 1659 καὶ
3236 1600 3359 1658 εἷπε
3387 1602 3524 1674 πρδς
3549 1603 3728 1672 αὐτὴν

2140 1697 2646 1771 παραμυθούμενός
2677 1717 2737 1754 τε
2789 1701 2884 1753 καὶ
2936 1699 2998 1752 τδ
3065 1698 3260 1769 μέλλον
3313 1695 3587 1770 προορῶν,
3625 1696 3725 1768 Μὴ

2141 1792 2320 1847 κλαῖε.
2352 1793 2509 1866 ¹ᾘδει
2546 1793 2646 1863 μὲν
2686 1793 2794 1864 γάρ
2823 1794 3054 1857 ἐκεῖνος,
3086 1792 3140 1846 τί
3166 1791 3362 1862 ἔμελλε
3411 1792 3608 1846 ποιεῖν.
3656 1789 3726 1845 Ἥ

455 1882 576 1950 bat,
599 1882 799 1937 nedum
833 1881 963 1953 quid
993 1880 1238 1937 futurum
1270 1889 1439 1938 esset.
1471 1879 1598 1936 Ideo
1630 1880 1764 1935 ﬁdes
1795 1879 1871 1934 illi
1922 1893 2034 1933 non

2152 1886 2194 1941 is
2228 1886 2366 1956 γυνὴ
2402 1885 2537 1940 ὀὔτε
2581 1886 2745 1942 αὐτον
2783 1885 2923 1959 ᾔδει,
2975 1886 3158 1957 πολλῷ
3213 1885 3414 1956 μᾶλλον
3481 1883 3604 1939 οὒῖδ
3664 1883 3728 1937 τὸ

455 1986 594 2043 erat,
625 1993 728 2033 nec
753 1979 819 2031 ah
845 1991 910 2034 eo
933 1977 1229 2048 quidquam
1252 1975 1470 2048 qumrit,
1492 1989 1593 2030 uec
1631 1974 1748 2046 ipse
1782 1972 1940 2029 ﬁdem
1968 1974 2038 2030 ab

457 2083 522 2124 ea
543 2070 729 2142 exigit.
751 2065 953 2125 Verum
985 2069 1332 2141 omnipotens
1355 2068 1642 2138 Dominus,
1674 2083 1775 2123 nec
1812 2067 2041 2122 creden-

457 2161 594 2215 tium
635 2159 909 2233 adjutorio
952 2160 1225 2233 indigens,
1261 2162 1527 2217 accedens
1570 2161 1745 2229 tetigit
1796 2159 2037 2216 loculum

454 2261 520 2311 ut
548 2252 823 2310 iudicaret
840 2263 889 2310 et
908 2269 966 2309 se
995 2269 1215 2325 corpus,
1240 2253 1511 2309 divinitati
1546 2254 1925 2326 coniunctum,
1952 2253 2038 2307 id-

457 2361 634 2418 eoque
693 2344 1062 2402 viviﬁcantem
1130 2344 1330 2401 habere
1387 2346 1668 2412 virtutem,
1729 2355 1783 2400 et
1855 2345 2036 2401 dixit:

465 2455 486 2492 ι
523 2437 878 2505 Adolescens,
911 2438 1009 2493 tibi
1040 2438 1186 2503 dico,
1215 2451 1409 2507 surge;
1441 2445 1495 2492 et
1525 2435 1730 2493 resedit
1771 2435 1866 2506 qui
1919 2442 2040 2491 erat

459 2541 733 2590 mortuus.
774 2551 793 2586 ι
816 2532 1035 2587 Λυάὶνῖι
1061 2531 1206 2588 enim
1232 2532 1431 2587 surdus
1453 2530 1697 2585 tumulus
1720 2543 1909 2587 vocem
1943 2543 2040 2584 v0-

461 2623 638 2682 cantis
660 2639 722 2680 ea
755 2639 1004 2695 quac‘non
1026 2631 1176 2688 sunt,
1210 2633 1469 2694 tanquam
1497 2638 1560 2678 ea
1595 2637 1717 2694 quae
1741 2633 1869 2678 sunt
1897 2637 2040 2688 ;au-

460 2716 597 2773 divit
627 2731 817 2772 vocem
868 2717 1140 2787 portantis
1193 2716 1379 2772 omnia
1415 2714 1582 2770 verbo
1636 2712 1854 2769 virtutis
1890 2725 2041 2782 suat;

460 2810 669 2866 audivit
705 2823 891 2864 vocem
923 2825 1030 2864 non
1080 2808 1318 2865 hominis
1365 2807 1556 2873 divini,
1593 2808 1687 2864 sed
1737 2806 1830 2862 Dei
1881 2806 2044 2862 inhu-

460 2901 714 2968 manati;
743 2911 803 2957 et
849 2918 957 2956 non
993 2911 1202 2957 tantum
1272 2899 1478 2956 resedit
1536 2909 1807 2963 mortuus,
1840 2898 1936 2955 sed
1989 2908 2045 2955 et

462 2995 810 3066 ctepitloqui‘.
835 2994 924 3050 Sic
952 2994 1184 3050 simulac
1213 2993 1268 3047 in
1296 2993 1472 3047 vidua:
1495 2991 1846 3062 Sarepthana:
1872 2990 2043 3049 ﬁlium

463 3089 648 3144 anima
678 3089 798 3157 ejus
822 3102 1042 3142 reversa
1069 3096 1148 3141 est
1178 3077 1363 3141 statim
1381 3084 1728 3140 exclamavit.
1757 3081 1916 3150 Quod
1941 3092 2046 3141 tes-

464 3183 802 3240 timonioest
827 3179 1290 3236 resurrectionem
1336 3194 1443 3234 non
1487 3193 1604 3233 rem
1645 3192 1768 3235 esse
1799 3178 2040 3232 inanem.

467 3277 618 3334 Elias
637 3289 765 3346 ergo
783 3290 950 3345 unum
972 3288 1066 3342 per
1088 3273 1416 3338 orationem,
1432 3281 1488 3328 et
1530 3270 1756 3326 Elisaaus
1770 3269 1951 3326 adhuc
1969 3268 2050 3325 vi-

466 3383 602 3425 vens
618 3367 847 3423 alterum
868 3363 1525 3430 resuscitavitmortuum,
1540 3371 1803 3421 testantes
1817 3360 1979 3417 ambo
1998 3369 2052 3416 et

343 3485 346 3487 ·
451 3466 823 3523 ostendentes
860 3463 1126 3519 vlvilicam
1156 3461 1355 3518 Christi
1385 3460 1477 3516 Dei
1513 3468 1568 3515 et
1596 3459 1833 3516 hominis
1874 3457 2052 3513 virtu-

467 3571 602 3615 tem.
636 3559 900 3613 Dominus
939 3565 1122 3612 autem
1157 3565 1265 3611 tres
1288 3554 1447 3625 jussu
1477 3569 1579 3609 suo
1609 3554 1677 3607 ad
1725 3553 1891 3608 vitam
1921 3553 2049 3607 red-

469 3653 632 3714 didit.
664 3662 957 3721 antequam
982 3650 1430 3719 cruciﬁgeretur:
1465 3646 1640 3700 viduo:
1665 3645 1854 3709 ﬁlium,
1885 3643 2048 3698 ﬁliam

469 3745 888 3817 arcbisynagogi
912 3752 963 3798 et
980 3742 1406 3814 quatriduanum
1429 3739 1801 3804 Lazarum,‘et
1826 3737 2052 3805 insuper

470 3840 528 3896 in
562 3853 721 3896 cruce
773 3837 976 3892 multos
1041 3835 1130 3906 qui
1194 3835 1378 3889 multis
1437 3842 1827 3904 apparuerunt.
1857 3827 2051 3884 Postea

471 3947 605 3988 vero
635 3941 870 3986 mortem
927 3945 1026 4001 pro
1057 3928 1215 3984 nobis
1252 3928 1308 3983 in
1346 3942 1508 3983 cruce
1560 3941 1776 3998 passus,
1811 3925 2050 3993 seipsum

473 4022 847 4088 resuscitavit,
875 4032 971 4078 aut
1016 4023 1195 4092 potius
1225 4035 1284 4074 se
1318 4018 1668 4074 resuscitavit
1716 4015 2052 4079 triduanum,

475 4117 630 4174 solus
659 4117 773 4188 ipse
826 4115 1006 4171 lactus
1045 4115 1166 4168 vitae
1201 4123 1418 4168 aeterna:
1471 4111 1880 4181 antesignanus.
1909 4107 2048 4163 Nam

476 4210 660 4268 caeteri
707 4224 900 4264 omnes
933 4207 1096 4261 vitam
1163 4206 1266 4260 etsi
1325 4206 1726 4260 resurrexerint
1769 4204 2055 4260 mortalem

476 4305 694 4375 qualem
729 4317 830 4357 nos
864 4301 1126 4355 habemus
1152 4299 1388 4354 assecuti
1431 4306 1581 4353 sunt:
1603 4297 1824 4354 Christo
1871 4307 2054 4352 autem

476 4414 542 4452 ex
568 4394 804 4451 mortuis
829 4392 1206 4456 reviviscente,
1241 4407 1388 4446 mors
1421 4390 1496 4446 illi
1516 4389 1627 4460 jam
1665 4405 1774 4446 non
1804 4389 2057 4444 domina-

477 4501 568 4547 tur
595 4508 612 4558 ;
646 4489 770 4544 ideo
803 4489 953 4544 solus
985 4486 1247 4541 Dominus
1283 4484 1484 4541 dicitur
1502 4484 1758 4555 primitiae
1779 4483 2058 4538 dormien-

2143 1981 2356 2054 μέλλον.
2384 1979 2476 2036 Διὸ
2502 1979 2626 2035 οὐδὲ
2655 1979 2840 2034 πίστιν
2876 1974 3044 2051 εἶχεν,
3079 1977 3202 2034 οὕδδ
3240 1975 3360 2050 ᾔτει
3395 1974 3531 2047 παρ’
3554 1974 3728 2030 αὑτοῦ

2138 2092 2213 2141 τι,
2247 2075 2371 2130 οὐδὲ
2425 2073 2588 2138 αὐτὸς
2646 2072 2848 2147 ἀπῄτει
2880 2073 3066 2128 πίστιν
3117 2069 3251 2142 παρ’
3305 2071 3498 2141 αὐτῆς.
3561 2067 3728 2122 Ἀλλὰ

2139 2169 2318 2224 πάντα
2347 2168 2668 2237 δυνάμενος,
2707 2153 2800 2222 και
2837 2165 2972 2237 μηδὲ
3001 2165 3100 2236 τῆς
3127 2165 3238 2219 άπὸ
3282 2164 3398 2217 τῶν
3431 2160 3728 2216 πιστευόν-

2138 2278 2249 2316 των
2262 2278 2385 2316 συνε
2395 2260 2582 2332 ργείας
2597 2260 2871 2330 δεόμενος,
2894 2258 3209 2331 προσελθὼν
3231 2257 3409 2330 ἥψατο
3427 2252 3524 2326 τῆς
3537 2256 3729 2327 σοροῦ,

2141 2351 2228 2406 ῖνα
2259 2351 2410 2422 δείξῃ
2445 2352 2542 2405 καὶ
2576 2350 2638 2405 τδ
2685 2353 2889 2429 οἰκεῖον
2925 2350 3084 2422 σῶμα
3135 2349 3405 2416 ζωοποιδν
3455 2349 3602 2418 εχον,
3647 2347 3731 2409 ὡς

2141 2443 2390 2515 δμόθεον,
2446 2444 2701 2516 δύναμιν,
2754 2445 2851 2500 καὶ
2900 2441 3044 2511 εἶπε,
3087 2443 3380 2507 Νεανίσκε,
3433 2441 3517 2494 σοὶ
3554 2439 3726 2510 λέγω,

2141 2537 2425 2611 ίγέρθητι.
2454 2540 2566 2593 Καὶ
2597 2539 2926 2593 ἀνεκάθισεν
2959 2540 2995 2607 ξό
3022 2536 3239 2609 νεκρός.
3271 2535 3516 2588 Ἤκουσε
3557 2531 3669 2600 γὰρ
3697 2531 3734 2584 ὁ

2141 2632 2328 2702 κωφὸς
2366 2633 2498 2704 χοῦς
2546 2633 2644 2687 τοῦ
2688 2631 2986 2695 καλοῦντος
3015 2631 3085 2686 τὰ
3139 2629 3213 2701 μὴ
3247 2628 3402 2695 ὄντα,
3451 2626 3526 2689 ὡς
3570 2625 3726 2690 δντα,

2141 2727 2346 2799 ﬁmus:
2382 2725 2476 2780 τοῦ
2510 2725 2579 2780 τὰ
2610 2729 2792 2781 πάντα
2845 2725 3108 2796 φέροντος
3138 2723 3217 2794 τῷ
3270 2721 3475 2793 ῥήματι
3506 2721 3606 2790 τῆς
3636 2716 3729 2772 δυ-

2143 2821 2364 2894 νάμεως
2398 2822 2588 2884 αὑτοῦ,
2639 2820 2878 2891 ἥκουσιν
2917 2820 2978 2875 οὐ
3017 2819 3205 2888 φωνὴν
3263 2814 3554 2884 ἀνθρώπου
3603 2813 3730 2866 θεο-

2145 2915 2338 2988 φόρου,
2375 2914 2516 2971 ἀλλὰ
2547 2913 2682 2968 θεοῦ
2713 2911 3265 2983 ένανθρωπήσαντος.
3299 2911 3412 2964 Καὶ
3460 2907 3532 2978 μὴ
3567 2906 3733 2976 μόνον

2145 3007 2473 3065 ἀνεκάθισεν
2505 3007 2533 3063 δ
2559 3005 2777 3076 νεκρὸς,
2827 3003 2963 3059 ἀλλὰ
3020 3005 3116 3058 καὶ
3144 3001 3349 3076 ἧρξατο
3379 3000 3582 3054 λαλεῖν.
3618 2999 3732 3053 Καὶ

2146 3101 2240 3156 ἐπὶ
2271 3099 2366 3154 τοῦ
2394 3099 2515 3154 υίοῦ
2553 3098 2665 3167 γὰρ
2694 3097 2795 3167 τῆς
2815 3095 3135 3166 Σαραφθῖας
3165 3096 3366 3167 χήρας,
3397 3093 3561 3166 ἡνίκα
3603 3091 3734 3146 έπέ-

2150 3196 2385 3269 στρεψεν
2416 3197 2449 3267 ἡ
2477 3193 2628 3265 ψυχὴ
2683 3190 2848 3246 αὑτοῦ
2880 3192 2961 3253 είς
3015 3190 3198 3254 αὐτὸν,
3234 3188 3537 3259 ἀνεϐόησεν
3564 3183 3734 3248 εὐθὺς

2149 3291 2210 3346 τὸ
2234 3289 2448 3345 παιδίον
2473 3285 2617 3343 κατὰ
2668 3285 2765 3357 τὴν
2798 3283 3064 3356 ἱστορίαν.
3119 3284 3328 3351 Δεῖγμα
3357 3282 3414 3336 δὲ
3442 3279 3607 3334 τοῦτο
3636 3276 3735 3334 τοῦ

2155 3381 2232 3454 μὴ
2279 3381 2426 3460 κατὰ
2465 3378 2773 3452 φαντασίαν
2825 3370 2970 3430 εἶναι
3026 3376 3125 3445 τὴν
3177 3374 3499 3428 ἀνάστασιν..
3544 3371 3605 3425 '0
3634 3371 3738 3440 ph

2151 3473 2247 3529 οῦν
2309 3473 2494 3536 Ἠλίας
2548 3470 2648 3525 ενα
2679 3470 2770 3524 διὰ
2823 3465 3158 3540 προσευχῆς,
3202 3466 3294 3520 καὶ
3342 3467 3370 3519 δ
3429 3463 3736 3526 Ἐλισσαῖος

2153 3567 2233 3620 ἔτι
2274 3566 2383 3631 ζῶν
2430 3565 2620 3637 ἕτερον
2671 3561 2943 3632 ἀνέστησε
2997 3560 3214 3631 νεκρὸν,
3253 3555 3612 3626 πιστούμενοι
3641 3555 3736 3608 καὶ

2154 3657 2576 3730 προδεικνύντες
2594 3661 2693 3726 τὴν
2720 3656 3046 3728 θεανδρικὴν
3074 3655 3170 3708 τοῦ
3199 3652 3439 3725 Χριστοῦ
3466 3649 3737 3716 ζωσποιδν

2154 3750 2459 3822 ἐνέργειαν·
2486 3751 2514 3804 ό
2536 3749 2592 3803 δὲ
2621 3747 2829 3815 Κύριος
2866 3750 3014 3819 τρεῖς
3045 3746 3150 3819 μὲν
3181 3747 3246 3799 ἐκ
3294 3743 3508 3815 νεκρῶν
3540 3742 3736 3814 ἦγειρε

2158 3843 2549 3913 προστάγματι
2597 3839 2706 3912 πρὸ
2728 3843 2822 3895 τοῦ
2858 3838 3120 3911 σταυροῦ,
3179 3837 3272 3892 τὸν
3301 3836 3470 3890 παῖδα
3500 3836 3599 3903 τῆς
3632 3833 3739 3904 χή-

2161 3953 2259 4009 ρας
2289 3934 2508 4001 τοῦτον,
2539 3933 2640 4006 τὴν
2669 3930 2766 3986 τοῦ
2799 3931 3258 4003 ἀρχισυναγώγου
3303 3929 3607 4000 θυγατέρα,
3638 3922 3738 3980 και

2157 4030 2249 4084 τδν
2277 4031 2667 4100 τετραήμερον
2723 4027 3001 4100 Λάζαροψ
3039 4027 3098 4077 ἐν
3139 4024 3194 4078 δὲ
3222 4022 3300 4091 τῷ
3336 4020 3557 4092 σταυρῷ
3605 4019 3740 4074 πολ-

2156 4123 2303 4189 λοὺς,
2331 4123 2382 4176 οῖ
2403 4122 2500 4176 καὶ
2521 4119 2948 4190 ἐνεφανίσθησαν
2981 4117 3221 4180 πολλοῖς.
3247 4115 3391 4186 Πρὸς
3436 4114 3494 4166 δὲ
3523 4112 3739 4175 τούτοις

2163 4217 2302 4287 μετὰ
2332 4214 2424 4268 τὸν
2457 4215 2599 4283 ὑπὲρ
2627 4213 2788 4284 ἡμῶν
2828 4211 2918 4265 διὰ
2966 4208 3204 4281 σταυροῦ
3263 4207 3496 4262 θάνατον
3543 4202 3740 4258 ἑαυτὸν

2157 4310 2446 4378 ἀνέστησε,
2492 4306 2694 4377 μᾶλλον
2740 4302 2800 4358 δὲ
2830 4302 3154 4375 ἐξανέστησε
3207 4301 3531 4372 τριήμερον,
3581 4295 3742 4366 μόνος

2159 4402 2324 4465 αὐτὸς
2371 4399 2615 4470 ἀρχηγὸς
2667 4395 2910 4468 γεγονὼς
2937 4395 3041 4465 τῆς
3090 4392 3264 4449 ἀϊδίου
3301 4390 3466 4460 ζωῆς.
3507 4387 3573 4444 Οἱ
3629 4386 3739 4458 γὰρ
3826 4384 3832 4387 ’

2160 4492 2312 4548 ἄλλοι
2347 4492 2569 4553 πάντες,
2600 4491 2650 4544 εἰ
2700 4491 2795 4543 καὶ
2843 4487 3173 4557 ἀνέστησαν,
3211 4484 3364 4565 ¹ἀλλὰ
3396 4483 3495 4552 τῆς
3539 4481 3740 4548 θνητῆς

479 4583 641 4652 tium,
671 4577 725 4636 id
756 4588 840 4634 est
869 4577 1106 4633 ﬁdelium
1141 4577 1191 4631 in
1240 4590 1336 4645 spe
1383 4575 1799 4630 resurrectionis
1842 4582 1896 4630 et
1935 4574 2049 4628 vita:

2165 4579 2328 4633 πάλιν
2363 4579 2458 4631 καὶ
2492 4577 2613 4631 καθ’
2652 4578 2799 4647 ἡμᾶς
2855 4576 3152 4647 μετέλαχον
3184 4574 3376 4644 ζωῆςο,
3413 4569 3651 4642 Χριστοῦ
3680 4569 3740 4623 δὲ

413 4676 420 4682 ’
483 4685 699 4739 aeterna:
726 4672 1132 4727 defunctorum.
1168 4666 1429 4723 Primitia:
1457 4681 1590 4738 ergo
1620 4665 1797 4721 lactus
1825 4673 1910 4720 est
1935 4665 2060 4718 dor-

484 4767 768 4822 mientium
823 4773 877 4818 et
926 4763 1322 4833 printogt-nitus
1373 4776 1439 4815 ex
1499 4759 1753 4822 mortuis,
1797 4758 2062 4826 uobisque

452 4859 783 4928 spopondit
817 4866 871 4911 et
899 4854 1157 4926 promisit
1202 4869 1309 4908 non
1347 4862 1558 4907 tantum
1617 4853 1783 4907 vitant
1842 4852 2059 4922 qualem

485 4967 589 5005 nos
623 4951 890 5003 habemus
939 4946 1224 4998 mortalem
1284 4951 1447 5012 atque
1498 4939 1821 5012 perituram,
1877 4946 2063 5008 utpote

486 5041 682 5112 spiritu
717 5040 972 5112 psychico
1003 5037 1295 5094 conflatam
1346 5035 1440 5091 sed
1470 5049 1588 5089 eam
1618 5049 1740 5105 quae
1770 5048 1871 5088 nos
1927 5045 2062 5101 spe-

487 5146 672 5195 rantes
726 5143 935 5200 tnanet,
981 5132 1244 5197 divinam,
1299 5131 1542 5199 inquam,
1595 5126 1957 5182 immortalem
2013 5131 2066 5176 et

488 5230 913 5301 sempiternam;
975 5228 1090 5282 haec
1150 5225 1298 5278 enim
1362 5232 1446 5278 est
1497 5221 1703 5276 donum
1756 5233 1882 5274 vere
1954 5217 2064 5271 Deo

490 5324 740 5396 dignum.
782 5321 1106 5392 lgiturcum
1169 5318 1328 5373 istam
1400 5313 1641 5369 nondum
1710 5311 1941 5383 largitur
2000 5309 2067 5363 iis

491 5432 630 5486 quos
661 5413 729 5468 ad
768 5413 928 5467 vitam
964 5420 1207 5475 revocat,
1239 5407 1335 5464 sed
1391 5407 1554 5461 vitam
1615 5415 1788 5460 morte
1844 5402 2067 5457 abscin—

489 5507 693 5570 dendo,
732 5519 838 5557 non
877 5503 928 5556 in
982 5501 1212 5572 gratiam
1267 5502 1510 5571 ipsorum
1555 5498 1698 5553 hanc
1742 5495 2066 5558 tribuit.scd

490 5581 714 5669 propter
751 5597 890 5651 alios
923 5595 1002 5650 sic
1033 5594 1142 5665 agit
1169 5607 1307 5663 quos
1327 5591 1550 5646 adducit
1575 5592 1642 5644 ad
1664 5590 1821 5644 ﬁdem
1854 5598 2070 5642 mtcrnae

489 5675 614 5743 vita:
639 5689 989 5758 largitriecm.
1018 5686 1080 5741 Et
1111 5702 1239 5740 vero
1268 5702 1374 5739 non
1403 5685 1454 5738 in
1487 5685 1714 5752 gratiam
1749 5683 1944 5752 ipsius,
1975 5680 2067 5735 scd

493 5792 714 5851 propter
757 5791 1011 5841 matrem,
1044 5777 1426 5832 misericordia
1456 5787 1656 5840 motus,
1694 5765 1860 5829 ﬁliuni
1886 5770 2069 5828 resus-

494 5871 709 5934 citavit,
733 5871 874 5925 sicut
898 5880 1020 5940 apte
1037 5869 1202 5924 refert
1223 5868 1579 5945 evangelista,
1600 5878 1651 5924 et
1671 5869 1790 5924 ideo
1814 5867 1880 5921 ad
1905 5867 2067 5922 vitam

495 5971 809 6020 revocatum
850 5962 1277 6018 rctitlidit'matt'i
1318 5963 1519 6037 ipsius.

2164 4675 2227 4726 ὲκ
2257 4670 2469 4739 νεκρῶν
2524 4671 2882 4733 ἀναστάντος,
2935 4668 3168 4731 θάνατος
3195 4665 3362 4743 αὐτοῦ
3399 4664 3584 4718 ούκέτι
3638 4680 3741 4716 κυ-

2165 4763 2357 4838 ριεύει.
2391 4765 2484 4815 Διὸ
2508 4761 2607 4816 καὶ
2641 4763 2802 4833 μόνος
2840 4763 2869 4815 ὁ
2916 4761 3123 4833 Κύριος
3157 4757 3384 4829 ἀπαρχὴ
3417 4757 3524 4811 τῶν
3550 4772 3737 4808 κεκοι-

2168 4872 2240 4924 μη
2253 4854 2429 4921 μένων
2454 4855 2698 4921 ἐγένετο,
2738 4852 2991 4907 τουτέστι
3010 4843 3128 4903 ἶτῶν
3154 4850 3385 4909 πιστῶν,
3412 4851 3509 4900 καὶ
3540 4847 3627 4900 ἐπ’
3654 4846 3739 4899 ἑλ-

2167 4944 2280 4997 πίδι
2313 4945 2671 5005 ἀναστάσεως
2702 4943 2798 4996 καὶ
2836 4943 2980 5012 ζωῆς
3027 4941 3250 4997 αἰωνίου
3279 4940 3388 4993 τῶν
3417 4933 3517 4993 ὧδε
3568 4953 3740 5007 μετα-

2167 5038 2502 5090 ναστάντων.
2521 5036 2579 5089 Ἀ
2588 5035 2772 5106 παρχὴ
2787 5032 2916 5103 γοῦν
2933 5033 3040 5088 τῶν
3057 5051 3288 5102 κεκοιμτς
3301 5035 3473 5102 μένων
3499 5031 3739 5098 ἐγένετο,

2167 5131 2262 5184 καὶ
2290 5129 2640 5201 πρωτότοκος
2673 5130 2739 5180 ὲκ
2783 5127 2890 5179 τῶν
2921 5126 3156 5194 νεκρῶν,
3194 5128 3287 5178 καὶ
3343 5127 3472 5194 ἡμῖν
3511 5123 3744 5176 ἐπιστώ-

2169 5223 2299 5277 σατό
2324 5240 2386 5275 τε
2417 5225 2509 5274 καὶ.
2558 5218 2924 5290 ἐπηγγείλατο
2976 5219 3035 5270 οὺ
3087 5218 3186 5285 τὴν
3232 5215 3352 5269 καθ’
3398 5217 3546 5285 ἡμᾶς
3594 5213 3780 5284 ζωὴν

2167 5315 2395 5386 ταύτην,
2425 5313 2520 5384 τὴν
2551 5311 2752 5384 θνητὴν
2778 5312 2866 5363 καὶ
2894 5311 3179 5380 ἐπίκηρον,
3213 5309 3304 5360 ἅτε
3337 5305 3556 5376 ψυχικῷ
3580 5305 3744 5359 πνεύ-

2174 5424 2303 5475 ματι
2337 5403 2741 5474 διοικουμένης),
2776 5402 2913 5456 ἀλλὰ
2957 5403 3055 5470 τὴν
3110 5402 3167 5452 ἐν
3211 5401 3421 5450 ἐλπίσιν
3451 5397 3581 5466 ἡμῖν
3609 5401 3746 5452 ἀπο-

2170 5496 2435 5568 κειμένην
2480 5493 2664 5548 ἐνθεον
2715 5493 2812 5547 καὶ
2858 5494 3131 5546 ἀθάνατον
3164 5491 3260 5544 καὶ
3301 5489 3541 5542 αἰώνιον.
3593 5489 3744 5556 Αὕτη

2168 5588 2278 5659 γὰρ
2303 5587 2466 5641 αὐτοῦ
2499 5587 2671 5656 δῶρον
2692 5585 2860 5650 ὅντως
2894 5582 3389 5652 θεοπρεπέστατον.
3432 5577 3518 5641 Ὦς
3544 5581 3639 5634 οῦν
3669 5581 3744 5652 μὴ

2167 5681 2379 5749 ταύτην
2406 5678 2642 5732 ἐνταῦθα
2675 5679 2929 5748 παρέχων
2952 5679 3065 5744 τοῖς
3100 5676 3189 5727 ὑπ’
3223 5673 3387 5727 αὑτοῦ
3421 5675 3744 5740 άναστᾶσιν,

2171 5775 2309 5828 ἀλλά
2343 5772 2458 5842 τὴν·
2482 5771 2696 5840 θανάτῳ
2731 5767 3192 5838 διακοπτομένην,
3229 5765 3330 5820 οὐκ
3359 5765 3543 5826 αὐτοῖς
3577 5764 3746 5834 αὐτὴν

2170 5863 2528 5937 χαριζόμενος
2560 5861 2815 5932 παρέχει,
2862 5859 2997 5913 ἀλλὰ
3023 5859 3090 5912 δι’
3122 5858 3343 5925 ἑτέρους
3374 5856 3534 5911 τοῦτο
3578 5859 3741 5923 ποιεῖ,

2175 5961 2384 6024 ἱνὰγιυν
2413 5957 2551 6028 πρὸς
2601 5956 2785 6010 τιέστιν
2841 5953 3067 6020 αὐτοὺς,
3103 5953 3136 6022 ἡ
3173 5950 3430 6023 πρόξεινός
3481 5951 3601 6005 ἐστι
3649 5956 3747 6028 της
