  <div class='ocr_page' id='page_1' title='image "/cluster/home/n/w/nwhite01/storage/ocr_20150623/151/hvd.32044073498685/278.png"; bbox 0 0 4054 6214; ppageno 0'>
   <div class='ocr_carea' id='block_1_1' title="bbox 279 365 378 432">
    <p class='ocr_par' dir='ltr' id='par_1_1' title="bbox 279 365 378 432">
     <span class='ocr_line' id='line_1_1' title="bbox 279 365 378 432; baseline 0.02 -2"><span class='ocrx_word' id='word_1_1' title='bbox 279 365 378 432; x_wconf 74' lang='grc'><strong>541</strong></span> 
     </span>
    </p>
   </div>
   <div class='ocr_carea' id='block_1_2' title="bbox 1611 371 2216 439">
    <p class='ocr_par' dir='ltr' id='par_1_2' title="bbox 1611 371 2216 439">
     <span class='ocr_line' id='line_1_2' title="bbox 1611 371 2216 439; baseline 0.012 -7"><span class='ocrx_word' id='word_1_2' title='bbox 1611 371 1946 434; x_wconf 70' lang='lat' dir='ltr'><strong>HOMILIA</strong></span> <span class='ocrx_word' id='word_1_3' title='bbox 1985 375 2216 439; x_wconf 87' lang='lat' dir='ltr'><strong>XLIII.</strong></span> 
     </span>
    </p>
   </div>
   <div class='ocr_carea' id='block_1_3' title="bbox 3436 382 3549 452">
    <p class='ocr_par' dir='ltr' id='par_1_3' title="bbox 3436 382 3549 452">
     <span class='ocr_line' id='line_1_3' title="bbox 3436 382 3549 452; baseline 0 0"><span class='ocrx_word' id='word_1_4' title='bbox 3436 382 3549 452; x_wconf 62' lang='grc' dir='ltr'><strong>ΜΞ</strong></span> 
     </span>
    </p>
   </div>
   <div class='ocr_carea' id='block_1_4' title="bbox 272 462 1865 572">
    <p class='ocr_par' dir='ltr' id='par_1_4' title="bbox 272 477 1841 558">
     <span class='ocr_line' id='line_1_4' title="bbox 272 477 1841 558; baseline 0.003 -22"><span class='ocrx_word' id='word_1_5' title='bbox 272 483 373 553; x_wconf 81' lang='grc' dir='ltr'><strong>τῆς</strong></span> <span class='ocrx_word' id='word_1_6' title='bbox 403 481 705 552; x_wconf 72' lang='grc' dir='ltr'><strong>παρθενίας</strong></span> <span class='ocrx_word' id='word_1_7' title='bbox 736 477 883 538; x_wconf 79' lang='grc' dir='ltr'>αἶνον</span> <span class='ocrx_word' id='word_1_8' title='bbox 926 484 1131 547; x_wconf 78' lang='grc' dir='ltr'>ἐκεῖνος</span> <span class='ocrx_word' id='word_1_9' title='bbox 1177 486 1280 540; x_wconf 82' lang='grc' dir='ltr'><strong>οῦκ</strong></span> <span class='ocrx_word' id='word_1_10' title='bbox 1327 483 1473 556; x_wconf 75' lang='grc' dir='ltr'>εἶχε·</span> <span class='ocrx_word' id='word_1_11' title='bbox 1518 487 1841 558; x_wconf 73' lang='grc' dir='ltr'><strong>παρθενίας,</strong></span> 
     </span>
    </p>
   </div>
   <div class='ocr_carea' id='block_1_5' title="bbox 1968 462 3550 572">
    <p class='ocr_par' dir='ltr' id='par_1_5' title="bbox 1968 489 3550 572">
     <span class='ocr_line' id='line_1_5' title="bbox 1968 489 3550 572; baseline 0.012 -31"><span class='ocrx_word' id='word_1_12' title='bbox 1968 489 2120 544; x_wconf 87' lang='lat' dir='ltr'><strong>.rium</strong></span> <span class='ocrx_word' id='word_1_13' title='bbox 2157 491 2417 547; x_wconf 91' lang='lat' dir='ltr'><strong>ostendit.</strong></span> <span class='ocrx_word' id='word_1_14' title='bbox 2473 492 2537 547; x_wconf 83' lang='lat' dir='ltr'><strong>Et</strong></span> <span class='ocrx_word' id='word_1_15' title='bbox 2591 494 2812 563; x_wconf 83' lang='lat' dir='ltr'><strong>quidem</strong></span> <span class='ocrx_word' id='word_1_16' title='bbox 2875 495 2963 551; x_wconf 81' lang='lat' dir='ltr'><strong>ille</strong></span> <span class='ocrx_word' id='word_1_17' title='bbox 3009 496 3063 551; x_wconf 88' lang='lat' dir='ltr'><strong>in</strong></span> <span class='ocrx_word' id='word_1_18' title='bbox 3115 513 3348 570; x_wconf 84' lang='lat' dir='ltr'><strong>corpore</strong></span> <span class='ocrx_word' id='word_1_19' title='bbox 3388 499 3550 572; x_wconf 64' lang='lat' dir='ltr'><strong>gravi</strong></span> 
     </span>
    </p>
   </div>
   <div class='ocr_carea' id='block_1_6' title="bbox 271 577 1848 654">
    <p class='ocr_par' dir='ltr' id='par_1_6' title="bbox 271 577 1848 654">
     <span class='ocr_line' id='line_1_6' title="bbox 271 577 1848 654; baseline 0.004 -23"><span class='ocrx_word' id='word_1_20' title='bbox 271 577 667 648; x_wconf 73' lang='grc' dir='ltr'>ἢστεφανίτην</span> <span class='ocrx_word' id='word_1_21' title='bbox 711 581 776 633; x_wconf 84' lang='grc' dir='ltr'><strong>ἐκ</strong></span> <span class='ocrx_word' id='word_1_22' title='bbox 808 581 952 645; x_wconf 83' lang='grc' dir='ltr'>νέου,</span> <span class='ocrx_word' id='word_1_23' title='bbox 995 583 1088 635; x_wconf 68' lang='grc' dir='ltr'>καὶ</span> <span class='ocrx_word' id='word_1_24' title='bbox 1135 581 1234 650; x_wconf 83' lang='grc' dir='ltr'>τῆς</span> <span class='ocrx_word' id='word_1_25' title='bbox 1271 581 1489 651; x_wconf 81' lang='grc' dir='ltr'>φύσεως</span> <span class='ocrx_word' id='word_1_26' title='bbox 1533 583 1848 654; x_wconf 85' lang='grc' dir='ltr'>κρείττονα.</span> 
     </span>
    </p>
   </div>
   <div class='ocr_carea' id='block_1_7' title="bbox 272 673 1852 744">
    <p class='ocr_par' dir='ltr' id='par_1_7' title="bbox 272 673 1852 744">
     <span class='ocr_line' id='line_1_7' title="bbox 272 673 1852 744; baseline 0.004 -20"><span class='ocrx_word' id='word_1_27' title='bbox 272 673 365 724; x_wconf 70' lang='grc' dir='ltr'>καὶ</span> <span class='ocrx_word' id='word_1_28' title='bbox 393 674 513 735; x_wconf 78' lang='grc' dir='ltr'>τοῖς</span> <span class='ocrx_word' id='word_1_29' title='bbox 536 673 663 740; x_wconf 67' lang='grc' dir='ltr'>περὶ</span> <span class='ocrx_word' id='word_1_30' title='bbox 688 673 820 726; x_wconf 81' lang='grc' dir='ltr'>Θεὸν</span> <span class='ocrx_word' id='word_1_31' title='bbox 847 675 1103 742; x_wconf 75' lang='grc' dir='ltr'>ἀγγέλοις</span> <span class='ocrx_word' id='word_1_32' title='bbox 1142 677 1448 744; x_wconf 76' lang='grc' dir='ltr'>ἐφάμιλλον</span> <span class='ocrx_word' id='word_1_33' title='bbox 1483 677 1722 742; x_wconf 78' lang='grc' dir='ltr'><strong>ἀνέδειξε</strong></span> <span class='ocrx_word' id='word_1_34' title='bbox 1757 680 1852 730; x_wconf 84' lang='grc' dir='ltr'>τὸν</span> 
     </span>
    </p>
   </div>
   <div class='ocr_carea' id='block_1_8' title="bbox 277 765 1850 846">
    <p class='ocr_par' dir='ltr' id='par_1_8' title="bbox 277 765 1850 846">
     <span class='ocr_line' id='line_1_8' title="bbox 277 765 1850 846; baseline 0.005 -31"><span class='ocrx_word' id='word_1_35' title='bbox 277 765 614 835; x_wconf 81' lang='grc' dir='ltr'><strong>Δημήτριον.</strong></span> <span class='ocrx_word' id='word_1_36' title='bbox 645 766 756 820; x_wconf 71' lang='grc' dir='ltr'><strong>Καὶ</strong></span> <span class='ocrx_word' id='word_1_37' title='bbox 777 767 838 820; x_wconf 81' lang='grc' dir='ltr'>τὸ</span> <span class='ocrx_word' id='word_1_38' title='bbox 863 767 1022 839; x_wconf 86' lang='grc' dir='ltr'>σῶμα</span> <span class='ocrx_word' id='word_1_39' title='bbox 1057 771 1154 838; x_wconf 71' lang='grc' dir='ltr'>μὲν</span> <span class='ocrx_word' id='word_1_40' title='bbox 1179 772 1389 832; x_wconf 81' lang='grc' dir='ltr'>ἐκεῖνος</span> <span class='ocrx_word' id='word_1_41' title='bbox 1424 771 1639 840; x_wconf 80' lang='grc' dir='ltr'>ἐπλήγη</span> <span class='ocrx_word' id='word_1_42' title='bbox 1666 773 1850 846; x_wconf 73' lang='grc' dir='ltr'>πληγῇ</span> 
     </span>
    </p>
   </div>
   <div class='ocr_carea' id='block_1_9' title="bbox 281 855 1850 934">
    <p class='ocr_par' dir='ltr' id='par_1_9' title="bbox 281 855 1850 934">
     <span class='ocr_line' id='line_1_9' title="bbox 281 855 1850 934; baseline 0.007 -27"><span class='ocrx_word' id='word_1_43' title='bbox 281 855 502 927; x_wconf 77' lang='grc' dir='ltr'>βαρείᾳ,</span> <span class='ocrx_word' id='word_1_44' title='bbox 530 861 595 928; x_wconf 83' lang='grc' dir='ltr'><strong>τῇ</strong></span> <span class='ocrx_word' id='word_1_45' title='bbox 633 859 894 929; x_wconf 76' lang='grc' dir='ltr'><strong>ἀντιθέτῳ</strong></span> <span class='ocrx_word' id='word_1_46' title='bbox 924 859 1319 930; x_wconf 74' lang='grc' dir='ltr'>προσπαλαίων</span> <span class='ocrx_word' id='word_1_47' title='bbox 1355 865 1543 934; x_wconf 77' lang='grc' dir='ltr'>κακίᾳ.</span> <span class='ocrx_word' id='word_1_48' title='bbox 1574 857 1745 929; x_wconf 75' lang='grc' dir='ltr'>Οὗτος</span> <span class='ocrx_word' id='word_1_49' title='bbox 1773 866 1850 927; x_wconf 85' lang='grc' dir='ltr'>δὲ,</span> 
     </span>
    </p>
   </div>
   <div class='ocr_carea' id='block_1_10' title="bbox 279 950 1854 1028">
    <p class='ocr_par' dir='ltr' id='par_1_10' title="bbox 279 950 1854 1028">
     <span class='ocr_line' id='line_1_10' title="bbox 279 950 1854 1028; baseline 0.004 -24"><span class='ocrx_word' id='word_1_50' title='bbox 279 950 372 1004; x_wconf 80' lang='grc' dir='ltr'>καὶ</span> <span class='ocrx_word' id='word_1_51' title='bbox 406 951 606 1021; x_wconf 82' lang='grc' dir='ltr'>μέχρις</span> <span class='ocrx_word' id='word_1_52' title='bbox 642 953 874 1020; x_wconf 83' lang='grc' dir='ltr'>αἵματος</span> <span class='ocrx_word' id='word_1_53' title='bbox 905 955 984 1018; x_wconf 87' lang='grc' dir='ltr'><strong>είς</strong></span> <span class='ocrx_word' id='word_1_54' title='bbox 1014 955 1166 1016; x_wconf 75' lang='grc' dir='ltr'>τέλος</span> <span class='ocrx_word' id='word_1_55' title='bbox 1195 956 1562 1028; x_wconf 79' lang='grc' dir='ltr'>ἀντικατέστη</span> <span class='ocrx_word' id='word_1_56' title='bbox 1591 956 1728 1026; x_wconf 70' lang='grc' dir='ltr'>πρὸς</span> <span class='ocrx_word' id='word_1_57' title='bbox 1752 958 1854 1026; x_wconf 78' lang='grc' dir='ltr'>τὴν</span> 
     </span>
    </p>
   </div>
   <div class='ocr_carea' id='block_1_11' title="bbox 278 1044 1853 1118">
    <p class='ocr_par' dir='ltr' id='par_1_11' title="bbox 278 1044 1853 1118">
     <span class='ocr_line' id='line_1_11' title="bbox 278 1044 1853 1118; baseline 0.004 -22"><span class='ocrx_word' id='word_1_58' title='bbox 278 1044 488 1096; x_wconf 80' lang='grc' dir='ltr'>κακίαν</span> <span class='ocrx_word' id='word_1_59' title='bbox 537 1044 962 1114; x_wconf 75' lang='grc' dir='ltr'><strong>ἀγωνιζόμενος.</strong></span> <span class='ocrx_word' id='word_1_60' title='bbox 1025 1046 1168 1102; x_wconf 82' lang='grc' dir='ltr'>Ἀλλ’</span> <span class='ocrx_word' id='word_1_61' title='bbox 1209 1047 1330 1100; x_wconf 82' lang='grc' dir='ltr'>οὐδέ</span> <span class='ocrx_word' id='word_1_62' title='bbox 1362 1049 1461 1118; x_wconf 82' lang='grc' dir='ltr'>τὴν</span> <span class='ocrx_word' id='word_1_63' title='bbox 1502 1051 1630 1116; x_wconf 69' lang='grc' dir='ltr'>περὶ</span> <span class='ocrx_word' id='word_1_64' title='bbox 1660 1048 1853 1116; x_wconf 82' lang='grc' dir='ltr'>λόγους</span> 
     </span>
    </p>
   </div>
   <div class='ocr_carea' id='block_1_12' title="bbox 279 1133 1854 1211">
    <p class='ocr_par' dir='ltr' id='par_1_12' title="bbox 279 1133 1854 1211">
     <span class='ocr_line' id='line_1_12' title="bbox 279 1133 1854 1211; baseline 0.004 -21"><span class='ocrx_word' id='word_1_65' title='bbox 279 1136 538 1190; x_wconf 73' lang='grc' dir='ltr'><strong>παιδείαν</strong></span> <span class='ocrx_word' id='word_1_66' title='bbox 563 1138 592 1192; x_wconf 89' lang='grc' dir='ltr'><strong>ό</strong></span> <span class='ocrx_word' id='word_1_67' title='bbox 639 1136 762 1192; x_wconf 78' lang='grc' dir='ltr'><strong>Ἰὼϐ</strong></span> <span class='ocrx_word' id='word_1_68' title='bbox 792 1139 1236 1209; x_wconf 83' lang='grc' dir='ltr'><strong>μεμαρτύρηται,</strong></span> <span class='ocrx_word' id='word_1_69' title='bbox 1261 1141 1328 1211; x_wconf 78' lang='grc' dir='ltr'>ἢν</span> <span class='ocrx_word' id='word_1_70' title='bbox 1358 1136 1504 1211; x_wconf 74' lang='grc' dir='ltr'>εἶχεν</span> <span class='ocrx_word' id='word_1_71' title='bbox 1531 1133 1682 1203; x_wconf 76' lang='grc' dir='ltr'>οὗτος</span> <span class='ocrx_word' id='word_1_72' title='bbox 1712 1143 1854 1211; x_wconf 85' lang='grc' dir='ltr'><strong>μετά</strong></span> 
     </span>
    </p>
   </div>
   <div class='ocr_carea' id='block_1_13' title="bbox 273 1229 1850 1303">
    <p class='ocr_par' dir='ltr' id='par_1_13' title="bbox 273 1229 1850 1303">
     <span class='ocr_line' id='line_1_13' title="bbox 273 1229 1850 1303; baseline 0.003 -20"><span class='ocrx_word' id='word_1_73' title='bbox 273 1229 372 1296; x_wconf 84' lang='grc' dir='ltr'><strong>τῆς</strong></span> <span class='ocrx_word' id='word_1_74' title='bbox 394 1229 493 1283; x_wconf 86' lang='grc' dir='ltr'><strong>τοῦ</strong></span> <span class='ocrx_word' id='word_1_75' title='bbox 527 1229 842 1299; x_wconf 86' lang='grc' dir='ltr'>Πνεύματος</span> <span class='ocrx_word' id='word_1_76' title='bbox 866 1231 1087 1302; x_wconf 80' lang='grc' dir='ltr'>χάριτος</span> <span class='ocrx_word' id='word_1_77' title='bbox 1119 1234 1509 1303; x_wconf 78' lang='grc' dir='ltr'>κερασθεῐσαν,</span> <span class='ocrx_word' id='word_1_78' title='bbox 1543 1235 1640 1289; x_wconf 77' lang='grc' dir='ltr'><strong>καὶ</strong></span> <span class='ocrx_word' id='word_1_79' title='bbox 1667 1235 1850 1296; x_wconf 74' lang='grc' dir='ltr'>ὅπλον.</span> 
     </span>
    </p>
   </div>
   <div class='ocr_carea' id='block_1_14' title="bbox 276 1322 1855 1398">
    <p class='ocr_par' dir='ltr' id='par_1_14' title="bbox 276 1322 1855 1398">
     <span class='ocr_line' id='line_1_14' title="bbox 276 1322 1855 1398; baseline 0.005 -25"><span class='ocrx_word' id='word_1_80' title='bbox 276 1324 368 1374; x_wconf 79' lang='grc' dir='ltr'>καὶ</span> <span class='ocrx_word' id='word_1_81' title='bbox 419 1322 760 1393; x_wconf 79' lang='grc' dir='ltr'><strong>ἀμυντήριον</strong></span> <span class='ocrx_word' id='word_1_82' title='bbox 805 1327 1206 1389; x_wconf 84' lang='grc' dir='ltr'>ἀνυπόστατον,</span> <span class='ocrx_word' id='word_1_83' title='bbox 1258 1327 1350 1380; x_wconf 72' lang='grc' dir='ltr'><strong>καὶ</strong></span> <span class='ocrx_word' id='word_1_84' title='bbox 1386 1327 1728 1398; x_wconf 77' lang='grc' dir='ltr'>οἰκοδομικὸν</span> <span class='ocrx_word' id='word_1_85' title='bbox 1763 1329 1855 1397; x_wconf 75' lang='grc' dir='ltr'><strong>ἐρ⁶</strong></span> 
     </span>
    </p>
   </div>
   <div class='ocr_carea' id='block_1_15' title="bbox 276 1415 1855 1491">
    <p class='ocr_par' dir='ltr' id='par_1_15' title="bbox 276 1415 1855 1491">
     <span class='ocr_line' id='line_1_15' title="bbox 276 1415 1855 1491; baseline 0.003 -23"><span class='ocrx_word' id='word_1_86' title='bbox 276 1415 526 1482; x_wconf 84' lang='grc' dir='ltr'>γαλεῖον,</span> <span class='ocrx_word' id='word_1_87' title='bbox 556 1416 652 1470; x_wconf 62' lang='grc' dir='ltr'><strong>καὶ⁵</strong></span> <span class='ocrx_word' id='word_1_88' title='bbox 693 1417 1008 1489; x_wconf 80' lang='grc' dir='ltr'>γεωργικὴν</span> <span class='ocrx_word' id='word_1_89' title='bbox 1041 1418 1331 1488; x_wconf 68' lang='grc' dir='ltr'>σιωπᾶνην</span> <span class='ocrx_word' id='word_1_90' title='bbox 1381 1421 1476 1474; x_wconf 66' lang='grc' dir='ltr'>καὶ</span> <span class='ocrx_word' id='word_1_91' title='bbox 1518 1419 1774 1491; x_wconf 79' lang='grc' dir='ltr'>ἄροτρον,</span> <span class='ocrx_word' id='word_1_92' title='bbox 1805 1420 1855 1473; x_wconf 84' lang='grc' dir='ltr'>ει</span> 
     </span>
    </p>
   </div>
   <div class='ocr_carea' id='block_1_16' title="bbox 279 1507 1855 1582">
    <p class='ocr_par' dir='ltr' id='par_1_16' title="bbox 279 1507 1855 1582">
     <span class='ocr_line' id='line_1_16' title="bbox 279 1507 1855 1582; baseline 0.001 -20"><span class='ocrx_word' id='word_1_93' title='bbox 279 1507 336 1562; x_wconf 78' lang='grc' dir='ltr'>δὲ</span> <span class='ocrx_word' id='word_1_94' title='bbox 399 1508 607 1578; x_wconf 87' lang='grc' dir='ltr'>βούλει,</span> <span class='ocrx_word' id='word_1_95' title='bbox 661 1510 756 1564; x_wconf 76' lang='grc' dir='ltr'>καὶ</span> <span class='ocrx_word' id='word_1_96' title='bbox 809 1511 1010 1566; x_wconf 79' lang='grc' dir='ltr'><strong>δόνακα</strong></span> <span class='ocrx_word' id='word_1_97' title='bbox 1061 1513 1356 1582; x_wconf 80' lang='grc' dir='ltr'>γραφικὺν,</span> <span class='ocrx_word' id='word_1_98' title='bbox 1411 1512 1504 1566; x_wconf 73' lang='grc' dir='ltr'>καὶ</span> <span class='ocrx_word' id='word_1_99' title='bbox 1540 1511 1855 1581; x_wconf 82' lang='grc' dir='ltr'>ἀλιευτικὴν</span> 
     </span>
    </p>
   </div>
   <div class='ocr_carea' id='block_1_17' title="bbox 283 1603 1856 1676">
    <p class='ocr_par' dir='ltr' id='par_1_17' title="bbox 283 1603 1856 1676">
     <span class='ocr_line' id='line_1_17' title="bbox 283 1603 1856 1676; baseline 0.003 -20"><span class='ocrx_word' id='word_1_100' title='bbox 283 1603 560 1674; x_wconf 79' lang='grc' dir='ltr'><strong>σαγήνην,</strong></span> <span class='ocrx_word' id='word_1_101' title='bbox 594 1605 692 1658; x_wconf 75' lang='grc' dir='ltr'>καὶ</span> <span class='ocrx_word' id='word_1_102' title='bbox 736 1605 797 1660; x_wconf 74' lang='grc' dir='ltr'>ετ</span> <span class='ocrx_word' id='word_1_103' title='bbox 840 1623 893 1659; x_wconf 89' lang='grc' dir='ltr'><strong>τι</strong></span> <span class='ocrx_word' id='word_1_104' title='bbox 927 1607 1168 1660; x_wconf 88' lang='grc' dir='ltr'>τοιοῦτον</span> <span class='ocrx_word' id='word_1_105' title='bbox 1198 1606 1419 1666; x_wconf 72' lang='grc' dir='ltr'>ἕτερον·</span> <span class='ocrx_word' id='word_1_106' title='bbox 1473 1605 1569 1661; x_wconf 93' lang='grc' dir='ltr'><strong>νῦν</strong></span> <span class='ocrx_word' id='word_1_107' title='bbox 1623 1607 1722 1676; x_wconf 75' lang='grc' dir='ltr'>μὲν</span> <span class='ocrx_word' id='word_1_108' title='bbox 1764 1607 1856 1660; x_wconf 73' lang='grc' dir='ltr'>τὸν</span> 
     </span>
    </p>
   </div>
   <div class='ocr_carea' id='block_1_18' title="bbox 278 1695 1858 1772">
    <p class='ocr_par' dir='ltr' id='par_1_18' title="bbox 278 1695 1858 1772">
     <span class='ocr_line' id='line_1_18' title="bbox 278 1695 1858 1772; baseline 0.003 -24"><span class='ocrx_word' id='word_1_109' title='bbox 278 1695 584 1764; x_wconf 81' lang='grc' dir='ltr'><strong>ἀμπελῶνα</strong></span> <span class='ocrx_word' id='word_1_110' title='bbox 607 1696 812 1768; x_wconf 77' lang='grc' dir='ltr'>Κυρίου</span> <span class='ocrx_word' id='word_1_111' title='bbox 840 1698 1204 1769; x_wconf 82' lang='grc' dir='ltr'>καλλιεργῶν,</span> <span class='ocrx_word' id='word_1_112' title='bbox 1227 1701 1323 1754; x_wconf 74' lang='grc' dir='ltr'>καὶ</span> <span class='ocrx_word' id='word_1_113' title='bbox 1338 1702 1408 1755; x_wconf 82' lang='grc' dir='ltr'><strong>τά</strong></span> <span class='ocrx_word' id='word_1_114' title='bbox 1428 1701 1661 1772; x_wconf 81' lang='grc' dir='ltr'>οὐράνια</span> <span class='ocrx_word' id='word_1_115' title='bbox 1688 1716 1858 1755; x_wconf 85' lang='grc' dir='ltr'>κατα-</span> 
     </span>
    </p>
   </div>
   <div class='ocr_carea' id='block_1_19' title="bbox 279 1787 1858 1865">
    <p class='ocr_par' dir='ltr' id='par_1_19' title="bbox 279 1787 1858 1865">
     <span class='ocr_line' id='line_1_19' title="bbox 279 1787 1858 1865; baseline 0.005 -25"><span class='ocrx_word' id='word_1_116' title='bbox 279 1787 617 1860; x_wconf 73' lang='grc' dir='ltr'>ϐαλλόμενος</span> <span class='ocrx_word' id='word_1_117' title='bbox 659 1791 741 1856; x_wconf 77' lang='grc' dir='ltr'><strong>είς</strong></span> <span class='ocrx_word' id='word_1_118' title='bbox 783 1791 891 1861; x_wconf 77' lang='grc' dir='ltr'>γῆν</span> <span class='ocrx_word' id='word_1_119' title='bbox 922 1795 1235 1865; x_wconf 81' lang='grc' dir='ltr'>σπέρματα,</span> <span class='ocrx_word' id='word_1_120' title='bbox 1271 1796 1304 1862; x_wconf 81' lang='grc' dir='ltr'><strong>ἠ</strong></span> <span class='ocrx_word' id='word_1_121' title='bbox 1331 1795 1402 1848; x_wconf 87' lang='grc' dir='ltr'><strong>τά</strong></span> <span class='ocrx_word' id='word_1_122' title='bbox 1442 1797 1663 1865; x_wconf 81' lang='grc' dir='ltr'>ῥήματα</span> <span class='ocrx_word' id='word_1_123' title='bbox 1689 1813 1858 1848; x_wconf 85' lang='grc' dir='ltr'>κατα-</span> 
     </span>
    </p>
   </div>
   <div class='ocr_carea' id='block_1_20' title="bbox 279 1882 1857 1956">
    <p class='ocr_par' dir='ltr' id='par_1_20' title="bbox 279 1882 1857 1956">
     <span class='ocr_line' id='line_1_20' title="bbox 279 1882 1857 1956; baseline 0.005 -20"><span class='ocrx_word' id='word_1_124' title='bbox 279 1882 517 1952; x_wconf 76' lang='grc' dir='ltr'>γράφων</span> <span class='ocrx_word' id='word_1_125' title='bbox 559 1883 658 1954; x_wconf 84' lang='grc' dir='ltr'>τῆς</span> <span class='ocrx_word' id='word_1_126' title='bbox 687 1885 910 1940; x_wconf 88' lang='grc' dir='ltr'>αίωνίου</span> <span class='ocrx_word' id='word_1_127' title='bbox 941 1887 1106 1954; x_wconf 84' lang='grc' dir='ltr'>ζωῆς,</span> <span class='ocrx_word' id='word_1_128' title='bbox 1150 1888 1251 1943; x_wconf 73' lang='grc' dir='ltr'>οὐκ</span> <span class='ocrx_word' id='word_1_129' title='bbox 1295 1890 1353 1944; x_wconf 82' lang='grc' dir='ltr'><strong>ἐν</strong></span> <span class='ocrx_word' id='word_1_130' title='bbox 1392 1889 1557 1956; x_wconf 76' lang='grc' dir='ltr'>πλαξὶ</span> <span class='ocrx_word' id='word_1_131' title='bbox 1599 1889 1857 1956; x_wconf 82' lang='grc' dir='ltr'>λιθίναις,</span> 
     </span>
    </p>
   </div>
   <div class='ocr_carea' id='block_1_21' title="bbox 277 1973 1862 2048">
    <p class='ocr_par' dir='ltr' id='par_1_21' title="bbox 277 1973 1862 2048">
     <span class='ocr_line' id='line_1_21' title="bbox 277 1973 1862 2048; baseline 0.006 -22"><span class='ocrx_word' id='word_1_132' title='bbox 277 1973 399 2028; x_wconf 80' lang='grc' dir='ltr'>ἀλλ’</span> <span class='ocrx_word' id='word_1_133' title='bbox 427 1974 490 2029; x_wconf 77' lang='grc' dir='ltr'><strong>ἐν</strong></span> <span class='ocrx_word' id='word_1_134' title='bbox 515 1975 682 2042; x_wconf 78' lang='grc' dir='ltr'>πλαξὶ</span> <span class='ocrx_word' id='word_1_135' title='bbox 711 1977 963 2048; x_wconf 79' lang='grc' dir='ltr'>καρδίαις</span> <span class='ocrx_word' id='word_1_136' title='bbox 993 1978 1306 2048; x_wconf 77' lang='grc' dir='ltr'>σαρκίναις,</span> <span class='ocrx_word' id='word_1_137' title='bbox 1331 1979 1452 2042; x_wconf 84' lang='grc' dir='ltr'>ταῖς</span> <span class='ocrx_word' id='word_1_138' title='bbox 1472 1996 1535 2046; x_wconf 90' lang='grc' dir='ltr'><strong>γε</strong></span> <span class='ocrx_word' id='word_1_139' title='bbox 1558 1979 1738 2046; x_wconf 76' lang='grc' dir='ltr'>ἀξίαις</span> <span class='ocrx_word' id='word_1_140' title='bbox 1763 1980 1862 2047; x_wconf 83' lang='grc' dir='ltr'>τῆς</span> 
     </span>
    </p>
   </div>
   <div class='ocr_carea' id='block_1_22' title="bbox 278 2067 1862 2145">
    <p class='ocr_par' dir='ltr' id='par_1_22' title="bbox 278 2067 1862 2145">
     <span class='ocr_line' id='line_1_22' title="bbox 278 2067 1862 2145; baseline 0.003 -24"><span class='ocrx_word' id='word_1_141' title='bbox 278 2067 548 2141; x_wconf 75' lang='grc' dir='ltr'><strong>τοιαύτης</strong></span> <span class='ocrx_word' id='word_1_142' title='bbox 577 2069 965 2140; x_wconf 77' lang='grc' dir='ltr'>καταγραφῆς,</span> <span class='ocrx_word' id='word_1_143' title='bbox 1000 2070 1034 2140; x_wconf 77' lang='grc' dir='ltr'>ἢ</span> <span class='ocrx_word' id='word_1_144' title='bbox 1069 2074 1136 2142; x_wconf 82' lang='grc' dir='ltr'>τῇ</span> <span class='ocrx_word' id='word_1_145' title='bbox 1186 2071 1402 2145; x_wconf 74' lang='grc' dir='ltr'>σαγήνῃ</span> <span class='ocrx_word' id='word_1_146' title='bbox 1428 2071 1526 2125; x_wconf 92' lang='grc' dir='ltr'><strong>τοῦ</strong></span> <span class='ocrx_word' id='word_1_147' title='bbox 1560 2071 1724 2140; x_wconf 82' lang='grc' dir='ltr'>λόγου</span> <span class='ocrx_word' id='word_1_148' title='bbox 1760 2090 1862 2126; x_wconf 83' lang='grc' dir='ltr'>πε-</span> 
     </span>
    </p>
   </div>
   <div class='ocr_carea' id='block_1_23' title="bbox 285 2158 1863 2231">
    <p class='ocr_par' dir='ltr' id='par_1_23' title="bbox 285 2158 1863 2231">
     <span class='ocr_line' id='line_1_23' title="bbox 285 2158 1863 2231; baseline 0.004 -21"><span class='ocrx_word' id='word_1_149' title='bbox 285 2158 646 2231; x_wconf 69' lang='grc' dir='ltr'>ριλαμϐάνων</span> <span class='ocrx_word' id='word_1_150' title='bbox 711 2159 1118 2230; x_wconf 74' lang='grc' dir='ltr'>Θεσσαλονίκην</span> <span class='ocrx_word' id='word_1_151' title='bbox 1143 2199 1158 2224; x_wconf 86' lang='grc'><strong>,</strong></span> <span class='ocrx_word' id='word_1_152' title='bbox 1225 2161 1518 2231; x_wconf 73' lang='grc' dir='ltr'>Ἀττικὴν’,</span> <span class='ocrx_word' id='word_1_153' title='bbox 1600 2162 1863 2231; x_wconf 71' lang='grc' dir='ltr'>Ἀχαΐαν,</span> 
     </span>
    </p>
   </div>
   <div class='ocr_carea' id='block_1_24' title="bbox 287 2248 1864 2325">
    <p class='ocr_par' dir='ltr' id='par_1_24' title="bbox 287 2248 1864 2325">
     <span class='ocr_line' id='line_1_24' title="bbox 287 2248 1864 2325; baseline 0.008 -26"><span class='ocrx_word' id='word_1_154' title='bbox 287 2248 499 2319; x_wconf 72' lang='grc' dir='ltr'>μᾶλλον</span> <span class='ocrx_word' id='word_1_155' title='bbox 524 2248 581 2314; x_wconf 77' lang='grc' dir='ltr'>δὲ</span> <span class='ocrx_word' id='word_1_156' title='bbox 607 2250 738 2318; x_wconf 81' lang='grc' dir='ltr'>ὅσην</span> <span class='ocrx_word' id='word_1_157' title='bbox 775 2249 871 2306; x_wconf 88' lang='grc' dir='ltr'><strong>νῦν</strong></span> <span class='ocrx_word' id='word_1_158' title='bbox 921 2251 1263 2323; x_wconf 76' lang='grc' dir='ltr'>περιϐάλλει,</span> <span class='ocrx_word' id='word_1_159' title='bbox 1305 2253 1399 2307; x_wconf 76' lang='grc' dir='ltr'>καὶ</span> <span class='ocrx_word' id='word_1_160' title='bbox 1433 2255 1516 2318; x_wconf 86' lang='grc' dir='ltr'><strong>είς</strong></span> <span class='ocrx_word' id='word_1_161' title='bbox 1544 2256 1679 2325; x_wconf 82' lang='grc' dir='ltr'><strong>ὅσην</strong></span> <span class='ocrx_word' id='word_1_162' title='bbox 1721 2256 1864 2324; x_wconf 77' lang='grc' dir='ltr'><strong>φθά-</strong></span> 
     </span>
    </p>
   </div>
   <div class='ocr_carea' id='block_1_25' title="bbox 280 2338 1865 2416">
    <p class='ocr_par' dir='ltr' id='par_1_25' title="bbox 280 2338 1865 2416">
     <span class='ocr_line' id='line_1_25' title="bbox 280 2338 1865 2416; baseline 0.004 -24"><span class='ocrx_word' id='word_1_163' title='bbox 280 2357 364 2394; x_wconf 85' lang='grc' dir='ltr'>νει</span> <span class='ocrx_word' id='word_1_164' title='bbox 394 2340 486 2393; x_wconf 83' lang='grc' dir='ltr'><strong>διά</strong></span> <span class='ocrx_word' id='word_1_165' title='bbox 515 2340 627 2393; x_wconf 82' lang='grc' dir='ltr'><strong>τῶν</strong></span> <span class='ocrx_word' id='word_1_166' title='bbox 661 2338 870 2411; x_wconf 88' lang='grc' dir='ltr'>μύρων,</span> <span class='ocrx_word' id='word_1_167' title='bbox 903 2341 997 2396; x_wconf 71' lang='grc' dir='ltr'><strong>καὶ</strong></span> <span class='ocrx_word' id='word_1_168' title='bbox 1033 2341 1141 2396; x_wconf 88' lang='grc' dir='ltr'><strong>τῶν</strong></span> <span class='ocrx_word' id='word_1_169' title='bbox 1175 2342 1494 2413; x_wconf 67' lang='grc' dir='ltr'>θαυμάτων,</span> <span class='ocrx_word' id='word_1_170' title='bbox 1540 2345 1633 2398; x_wconf 73' lang='grc' dir='ltr'>καὶ</span> <span class='ocrx_word' id='word_1_171' title='bbox 1664 2345 1763 2416; x_wconf 87' lang='grc' dir='ltr'><strong>τῆς</strong></span> <span class='ocrx_word' id='word_1_172' title='bbox 1806 2347 1865 2398; x_wconf 86' lang='grc' dir='ltr'><strong>ἐν</strong></span> 
     </span>
    </p>
   </div>
   <div class='ocr_carea' id='block_1_26' title="bbox 280 2430 1863 2508">
    <p class='ocr_par' dir='ltr' id='par_1_26' title="bbox 280 2430 1863 2508">
     <span class='ocr_line' id='line_1_26' title="bbox 280 2430 1863 2508; baseline 0.002 -22"><span class='ocrx_word' id='word_1_173' title='bbox 280 2434 464 2488; x_wconf 71' lang='grc' dir='ltr'>πᾶσιν</span> <span class='ocrx_word' id='word_1_174' title='bbox 489 2431 752 2502; x_wconf 77' lang='grc' dir='ltr'>ἀφθονίας</span> <span class='ocrx_word' id='word_1_175' title='bbox 795 2433 896 2501; x_wconf 84' lang='grc' dir='ltr'><strong>τῆς</strong></span> <span class='ocrx_word' id='word_1_176' title='bbox 940 2433 1186 2505; x_wconf 82' lang='grc' dir='ltr'>χάριτος.</span> <span class='ocrx_word' id='word_1_177' title='bbox 1215 2430 1326 2489; x_wconf 84' lang='grc' dir='ltr'>Ἦν</span> <span class='ocrx_word' id='word_1_178' title='bbox 1359 2437 1468 2507; x_wconf 81' lang='grc' dir='ltr'>γὰρ</span> <span class='ocrx_word' id='word_1_179' title='bbox 1501 2438 1595 2490; x_wconf 79' lang='grc' dir='ltr'>καὶ</span> <span class='ocrx_word' id='word_1_180' title='bbox 1645 2437 1766 2491; x_wconf 83' lang='grc' dir='ltr'>τότε</span> <span class='ocrx_word' id='word_1_181' title='bbox 1796 2439 1863 2508; x_wconf 76' lang='grc' dir='ltr'>τῇ</span> 
     </span>
    </p>
   </div>
   <div class='ocr_carea' id='block_1_27' title="bbox 278 2522 1865 2600">
    <p class='ocr_par' dir='ltr' id='par_1_27' title="bbox 278 2522 1865 2600">
     <span class='ocr_line' id='line_1_27' title="bbox 278 2522 1865 2600; baseline 0.003 -23"><span class='ocrx_word' id='word_1_182' title='bbox 278 2524 590 2594; x_wconf 77' lang='grc' dir='ltr'>οίκουμένῃ</span> <span class='ocrx_word' id='word_1_183' title='bbox 623 2522 808 2594; x_wconf 88' lang='grc' dir='ltr'>θαῦμα</span> <span class='ocrx_word' id='word_1_184' title='bbox 839 2527 905 2578; x_wconf 80' lang='grc' dir='ltr'><strong>ἐν</strong></span> <span class='ocrx_word' id='word_1_185' title='bbox 929 2525 1108 2594; x_wconf 80' lang='grc' dir='ltr'>λόγοις</span> <span class='ocrx_word' id='word_1_186' title='bbox 1150 2524 1315 2590; x_wconf 84' lang='grc' dir='ltr'>θείοις</span> <span class='ocrx_word' id='word_1_187' title='bbox 1349 2529 1686 2600; x_wconf 83' lang='grc' dir='ltr'>Δημήτριος,</span> <span class='ocrx_word' id='word_1_188' title='bbox 1722 2527 1865 2582; x_wconf 88' lang='grc' dir='ltr'>εύω-</span> 
     </span>
    </p>
   </div>
   <div class='ocr_carea' id='block_1_28' title="bbox 280 2615 1866 2690">
    <p class='ocr_par' dir='ltr' id='par_1_28' title="bbox 280 2615 1866 2690">
     <span class='ocr_line' id='line_1_28' title="bbox 280 2615 1866 2690; baseline 0.001 -18"><span class='ocrx_word' id='word_1_189' title='bbox 280 2616 371 2672; x_wconf 76' lang='grc' dir='ltr'><strong>δία</strong></span> <span class='ocrx_word' id='word_1_190' title='bbox 405 2615 652 2688; x_wconf 76' lang='grc' dir='ltr'><strong>Χριστοῦ</strong></span> <span class='ocrx_word' id='word_1_191' title='bbox 681 2617 822 2672; x_wconf 82' lang='grc' dir='ltr'><strong>κατά</strong></span> <span class='ocrx_word' id='word_1_192' title='bbox 860 2617 1072 2673; x_wconf 79' lang='grc' dir='ltr'>Παῦλον</span> <span class='ocrx_word' id='word_1_193' title='bbox 1100 2617 1201 2685; x_wconf 86' lang='grc' dir='ltr'><strong>ῶν,</strong></span> <span class='ocrx_word' id='word_1_194' title='bbox 1230 2619 1288 2672; x_wconf 81' lang='grc' dir='ltr'><strong>έν</strong></span> <span class='ocrx_word' id='word_1_195' title='bbox 1306 2637 1364 2674; x_wconf 83' lang='grc' dir='ltr'><strong>τε</strong></span> <span class='ocrx_word' id='word_1_196' title='bbox 1394 2623 1505 2685; x_wconf 84' lang='grc' dir='ltr'>τοῖς</span> <span class='ocrx_word' id='word_1_197' title='bbox 1536 2620 1866 2690; x_wconf 79' lang='grc' dir='ltr'>σωζομένοις</span> 
     </span>
    </p>
   </div>
   <div class='ocr_carea' id='block_1_29' title="bbox 282 2708 1867 2780">
    <p class='ocr_par' dir='ltr' id='par_1_29' title="bbox 282 2708 1867 2780">
     <span class='ocr_line' id='line_1_29' title="bbox 282 2708 1867 2780; baseline 0 -16"><span class='ocrx_word' id='word_1_198' title='bbox 282 2708 382 2764; x_wconf 74' lang='grc' dir='ltr'>καὶ</span> <span class='ocrx_word' id='word_1_199' title='bbox 436 2709 499 2763; x_wconf 74' lang='grc' dir='ltr'><strong>ἐν</strong></span> <span class='ocrx_word' id='word_1_200' title='bbox 549 2710 664 2772; x_wconf 77' lang='grc' dir='ltr'>τοῖς</span> <span class='ocrx_word' id='word_1_201' title='bbox 720 2708 1154 2776; x_wconf 78' lang='grc' dir='ltr'>ἀπολλυμένοις·</span> <span class='ocrx_word' id='word_1_202' title='bbox 1213 2712 1308 2763; x_wconf 71' lang='grc' dir='ltr'>καὶ</span> <span class='ocrx_word' id='word_1_203' title='bbox 1362 2713 1478 2774; x_wconf 78' lang='grc' dir='ltr'>τοῖς</span> <span class='ocrx_word' id='word_1_204' title='bbox 1554 2711 1654 2780; x_wconf 82' lang='grc' dir='ltr'><strong>μέν</strong></span> <span class='ocrx_word' id='word_1_205' title='bbox 1723 2709 1867 2778; x_wconf 77' lang='grc' dir='ltr'>ὀσμὴ</span> 
     </span>
    </p>
   </div>
   <div class='ocr_carea' id='block_1_30' title="bbox 285 2785 1870 2873">
    <p class='ocr_par' dir='ltr' id='par_1_30' title="bbox 285 2785 1870 2873">
     <span class='ocr_line' id='line_1_30' title="bbox 285 2785 1870 2873; baseline 0.001 -18"><span class='ocrx_word' id='word_1_206' title='bbox 285 2799 529 2861; x_wconf 78' lang='grc' dir='ltr'>θανάτου</span> <span class='ocrx_word' id='word_1_207' title='bbox 559 2801 640 2866; x_wconf 83' lang='grc' dir='ltr'><strong>είς</strong></span> <span class='ocrx_word' id='word_1_208' title='bbox 667 2800 932 2867; x_wconf 66' lang='grc' dir='ltr'>θάνατον,</span> <span class='ocrx_word' id='word_1_209' title='bbox 976 2785 1090 2866; x_wconf 74' lang='grc' dir='ltr'>τοῖς</span> <span class='ocrx_word' id='word_1_210' title='bbox 1134 2802 1193 2855; x_wconf 67' lang='grc' dir='ltr'>δὲ</span> <span class='ocrx_word' id='word_1_211' title='bbox 1236 2799 1384 2869; x_wconf 83' lang='grc' dir='ltr'>ζωῆς</span> <span class='ocrx_word' id='word_1_212' title='bbox 1406 2804 1486 2866; x_wconf 87' lang='grc' dir='ltr'><strong>είς</strong></span> <span class='ocrx_word' id='word_1_213' title='bbox 1514 2803 1684 2873; x_wconf 79' lang='grc' dir='ltr'>ζωήν.</span> <span class='ocrx_word' id='word_1_214' title='bbox 1723 2801 1870 2856; x_wconf 89' lang='grc' dir='ltr'>Ταύ-</span> 
     </span>
    </p>
   </div>
   <div class='ocr_carea' id='block_1_31' title="bbox 249 2876 1868 2974">
    <p class='ocr_par' dir='ltr' id='par_1_31' title="bbox 249 2876 1868 2974">
     <span class='ocr_line' id='line_1_31' title="bbox 249 2876 1868 2974; baseline -0.001 -24"><span class='ocrx_word' id='word_1_215' title='bbox 249 2939 252 2942; x_wconf 83' lang='lat'><strong>.</strong></span> <span class='ocrx_word' id='word_1_216' title='bbox 283 2911 389 2974; x_wconf 53' lang='grc' dir='ltr'><strong>⁶Ῑεκιις</strong></span> <span class='ocrx_word' id='word_1_217' title='bbox 425 2895 529 2965; x_wconf 77' lang='grc' dir='ltr'>τῆς</span> <span class='ocrx_word' id='word_1_218' title='bbox 565 2894 796 2958; x_wconf 81' lang='grc' dir='ltr'>εὐωδίας</span> <span class='ocrx_word' id='word_1_219' title='bbox 840 2895 1079 2966; x_wconf 74' lang='grc' dir='ltr'>ἀμοιύὴν</span> <span class='ocrx_word' id='word_1_220' title='bbox 1117 2895 1217 2964; x_wconf 74' lang='grc' dir='ltr'>μὲν</span> <span class='ocrx_word' id='word_1_221' title='bbox 1255 2876 1588 2966; x_wconf 78' lang='grc' dir='ltr'>ἀποχρῶσαν</span> <span class='ocrx_word' id='word_1_222' title='bbox 1624 2895 1725 2949; x_wconf 87' lang='grc' dir='ltr'><strong>ούκ</strong></span> <span class='ocrx_word' id='word_1_223' title='bbox 1759 2895 1868 2966; x_wconf 83' lang='grc' dir='ltr'><strong>ἔχω</strong></span> 
     </span>
    </p>
   </div>
   <div class='ocr_carea' id='block_1_32' title="bbox 283 2988 1869 3061">
    <p class='ocr_par' dir='ltr' id='par_1_32' title="bbox 283 2988 1869 3061">
     <span class='ocr_line' id='line_1_32' title="bbox 283 2988 1869 3061; baseline 0 -17"><span class='ocrx_word' id='word_1_224' title='bbox 283 2988 482 3059; x_wconf 76' lang='grc' dir='ltr'>λέγειν</span> <span class='ocrx_word' id='word_1_225' title='bbox 506 2989 578 3042; x_wconf 74' lang='grc' dir='ltr'><strong>τὰ</strong></span> <span class='ocrx_word' id='word_1_226' title='bbox 619 2991 768 3058; x_wconf 83' lang='grc' dir='ltr'><strong>παρά</strong></span> <span class='ocrx_word' id='word_1_227' title='bbox 810 2989 948 3043; x_wconf 79' lang='grc' dir='ltr'>Θεοῦ</span> <span class='ocrx_word' id='word_1_228' title='bbox 990 2989 1252 3060; x_wconf 74' lang='grc' dir='ltr'>δεδομένα</span> <span class='ocrx_word' id='word_1_229' title='bbox 1296 2991 1448 3061; x_wconf 84' lang='grc' dir='ltr'>μύρα</span> <span class='ocrx_word' id='word_1_230' title='bbox 1481 2990 1575 3043; x_wconf 70' lang='grc' dir='ltr'>καὶ</span> <span class='ocrx_word' id='word_1_231' title='bbox 1610 2989 1869 3060; x_wconf 88' lang='grc' dir='ltr'>θαύματα</span> 
     </span>
    </p>
   </div>
   <div class='ocr_carea' id='block_1_33' title="bbox 284 3079 1862 3155">
    <p class='ocr_par' dir='ltr' id='par_1_33' title="bbox 284 3079 1862 3155">
     <span class='ocr_line' id='line_1_33' title="bbox 284 3079 1862 3155; baseline 0.001 -19"><span class='ocrx_word' id='word_1_232' title='bbox 284 3084 355 3153; x_wconf 68' lang='grc' dir='ltr'>τῇ</span> <span class='ocrx_word' id='word_1_233' title='bbox 387 3079 541 3152; x_wconf 86' lang='grc' dir='ltr'><strong>σορῷ</strong></span> <span class='ocrx_word' id='word_1_234' title='bbox 576 3081 668 3135; x_wconf 87' lang='grc' dir='ltr'><strong>τοῦ</strong></span> <span class='ocrx_word' id='word_1_235' title='bbox 701 3083 1222 3154; x_wconf 83' lang='grc' dir='ltr'>μεγαλομάρτυρος·</span> <span class='ocrx_word' id='word_1_236' title='bbox 1267 3084 1318 3138; x_wconf 92' lang='grc' dir='ltr'><strong>τί</strong></span> <span class='ocrx_word' id='word_1_237' title='bbox 1347 3086 1460 3153; x_wconf 82' lang='grc' dir='ltr'><strong>γὰρ</strong></span> <span class='ocrx_word' id='word_1_238' title='bbox 1495 3085 1565 3139; x_wconf 78' lang='grc' dir='ltr'>τὰ.</span> <span class='ocrx_word' id='word_1_239' title='bbox 1596 3083 1862 3155; x_wconf 86' lang='grc' dir='ltr'>παρόντα,</span> 
     </span>
    </p>
   </div>
   <div class='ocr_carea' id='block_1_34' title="bbox 1956 583 3542 654">
    <p class='ocr_par' dir='ltr' id='par_1_34' title="bbox 1956 583 3542 654">
     <span class='ocr_line' id='line_1_34' title="bbox 1956 583 3542 654; baseline 0.011 -19"><span class='ocrx_word' id='word_1_240' title='bbox 1956 583 2113 653; x_wconf 71' lang='lat' dir='ltr'><strong>plaga</strong></span> <span class='ocrx_word' id='word_1_241' title='bbox 2149 599 2444 653; x_wconf 86' lang='lat' dir='ltr'><strong>percussus</strong></span> <span class='ocrx_word' id='word_1_242' title='bbox 2499 597 2621 654; x_wconf 89' lang='lat' dir='ltr'><strong>est,</strong></span> <span class='ocrx_word' id='word_1_243' title='bbox 2676 590 2972 644; x_wconf 86' lang='lat' dir='ltr'><strong>contrariae</strong></span> <span class='ocrx_word' id='word_1_244' title='bbox 3021 592 3325 648; x_wconf 86' lang='lat' dir='ltr'><strong>colluctans</strong></span> <span class='ocrx_word' id='word_1_245' title='bbox 3366 594 3542 652; x_wconf 84' lang='lat' dir='ltr'><strong>fortu-</strong></span> 
     </span>
    </p>
   </div>
   <div class='ocr_carea' id='block_1_35' title="bbox 1954 680 3544 754">
    <p class='ocr_par' dir='ltr' id='par_1_35' title="bbox 1954 680 3544 754">
     <span class='ocr_line' id='line_1_35' title="bbox 1954 680 3544 754; baseline 0.007 -23"><span class='ocrx_word' id='word_1_246' title='bbox 1954 693 2058 741; x_wconf 66' lang='lat' dir='ltr'><strong>nas,</strong></span> <span class='ocrx_word' id='word_1_247' title='bbox 2090 680 2175 732; x_wconf 86' lang='lat' dir='ltr'><strong>hic</strong></span> <span class='ocrx_word' id='word_1_248' title='bbox 2216 690 2398 735; x_wconf 87' lang='lat' dir='ltr'><strong>autem</strong></span> <span class='ocrx_word' id='word_1_249' title='bbox 2444 697 2618 750; x_wconf 89' lang='lat' dir='ltr'><strong>usque</strong></span> <span class='ocrx_word' id='word_1_250' title='bbox 2641 682 2707 735; x_wconf 89' lang='lat' dir='ltr'><strong>ad</strong></span> <span class='ocrx_word' id='word_1_251' title='bbox 2738 684 3056 754; x_wconf 76' lang='lat' dir='ltr'><strong>sanguinem</strong></span> <span class='ocrx_word' id='word_1_252' title='bbox 3081 685 3135 739; x_wconf 88' lang='lat' dir='ltr'><strong>in</strong></span> <span class='ocrx_word' id='word_1_253' title='bbox 3159 685 3320 741; x_wconf 78' lang='lat' dir='ltr'><strong>linem</strong></span> <span class='ocrx_word' id='word_1_254' title='bbox 3344 688 3544 742; x_wconf 84' lang='lat' dir='ltr'><strong>restitit</strong></span> 
     </span>
    </p>
   </div>
   <div class='ocr_carea' id='block_1_36' title="bbox 1955 771 3539 846">
    <p class='ocr_par' dir='ltr' id='par_1_36' title="bbox 1955 771 3539 846">
     <span class='ocr_line' id='line_1_36' title="bbox 1955 771 3539 846; baseline 0.004 -21"><span class='ocrx_word' id='word_1_255' title='bbox 1955 771 2227 827; x_wconf 82' lang='lat' dir='ltr'><strong>adversus</strong></span> <span class='ocrx_word' id='word_1_256' title='bbox 2263 773 2467 827; x_wconf 90' lang='lat' dir='ltr'><strong>malum</strong></span> <span class='ocrx_word' id='word_1_257' title='bbox 2499 774 2795 831; x_wconf 87' lang='lat' dir='ltr'><strong>dimicans.</strong></span> <span class='ocrx_word' id='word_1_258' title='bbox 2825 774 2932 830; x_wconf 87' lang='lat' dir='ltr'><strong>Sed</strong></span> <span class='ocrx_word' id='word_1_259' title='bbox 2975 790 3073 830; x_wconf 88' lang='lat' dir='ltr'><strong>nec</strong></span> <span class='ocrx_word' id='word_1_260' title='bbox 3110 776 3455 846; x_wconf 88' lang='lat' dir='ltr'><strong>disciplinam</strong></span> <span class='ocrx_word' id='word_1_261' title='bbox 3487 778 3539 832; x_wconf 89' lang='lat' dir='ltr'><strong>in</strong></span> 
     </span>
    </p>
   </div>
   <div class='ocr_carea' id='block_1_37' title="bbox 1957 861 3541 938">
    <p class='ocr_par' dir='ltr' id='par_1_37' title="bbox 1957 861 3541 938">
     <span class='ocr_line' id='line_1_37' title="bbox 1957 861 3541 938; baseline 0.003 -21"><span class='ocrx_word' id='word_1_262' title='bbox 1957 877 2214 918; x_wconf 85' lang='lat' dir='ltr'><strong>sermone</strong></span> <span class='ocrx_word' id='word_1_263' title='bbox 2241 861 2344 919; x_wconf 86' lang='lat' dir='ltr'><strong>Job</strong></span> <span class='ocrx_word' id='word_1_264' title='bbox 2369 866 2693 921; x_wconf 80' lang='lat' dir='ltr'><strong>testiﬁcatus</strong></span> <span class='ocrx_word' id='word_1_265' title='bbox 2721 875 2826 931; x_wconf 90' lang='lat' dir='ltr'><strong>est,</strong></span> <span class='ocrx_word' id='word_1_266' title='bbox 2856 883 3020 937; x_wconf 84' lang='lat' dir='ltr'><strong>quam</strong></span> <span class='ocrx_word' id='word_1_267' title='bbox 3057 868 3161 923; x_wconf 87' lang='lat' dir='ltr'><strong>iste</strong></span> <span class='ocrx_word' id='word_1_268' title='bbox 3189 869 3382 923; x_wconf 83' lang='lat' dir='ltr'><strong>habuit</strong></span> <span class='ocrx_word' id='word_1_269' title='bbox 3413 869 3541 938; x_wconf 77' lang='lat' dir='ltr'><strong>Spi-</strong></span> 
     </span>
    </p>
   </div>
   <div class='ocr_carea' id='block_1_38' title="bbox 1956 956 3541 1028">
    <p class='ocr_par' dir='ltr' id='par_1_38' title="bbox 1956 956 3541 1028">
     <span class='ocr_line' id='line_1_38' title="bbox 1956 956 3541 1028; baseline 0.004 -21"><span class='ocrx_word' id='word_1_270' title='bbox 1956 956 2099 1008; x_wconf 89' lang='lat' dir='ltr'><strong>ritus</strong></span> <span class='ocrx_word' id='word_1_271' title='bbox 2128 957 2304 1025; x_wconf 77' lang='lat' dir='ltr'><strong>gratia</strong></span> <span class='ocrx_word' id='word_1_272' title='bbox 2339 965 2703 1023; x_wconf 79' lang='lat' dir='ltr'><strong>temperatam</strong></span> <span class='ocrx_word' id='word_1_273' title='bbox 2733 998 2749 1022; x_wconf 87' lang='lat'><strong>,</strong></span> <span class='ocrx_word' id='word_1_274' title='bbox 2799 966 3058 1028; x_wconf 86' lang='lat' dir='ltr'><strong>tanquam</strong></span> <span class='ocrx_word' id='word_1_275' title='bbox 3099 960 3265 1014; x_wconf 91' lang='lat' dir='ltr'><strong>telum</strong></span> <span class='ocrx_word' id='word_1_276' title='bbox 3299 1000 3316 1025; x_wconf 89' lang='lat'><strong>,</strong></span> <span class='ocrx_word' id='word_1_277' title='bbox 3360 960 3541 1014; x_wconf 91' lang='lat' dir='ltr'><strong>muni-</strong></span> 
     </span>
    </p>
   </div>
   <div class='ocr_carea' id='block_1_39' title="bbox 1956 1047 3544 1120">
    <p class='ocr_par' dir='ltr' id='par_1_39' title="bbox 1956 1047 3544 1120">
     <span class='ocr_line' id='line_1_39' title="bbox 1956 1047 3544 1120; baseline 0.003 -18"><span class='ocrx_word' id='word_1_278' title='bbox 1956 1059 2202 1102; x_wconf 88' lang='lat' dir='ltr'><strong>mentum</strong></span> <span class='ocrx_word' id='word_1_279' title='bbox 2257 1047 2718 1119; x_wconf 73' lang='lat' dir='ltr'><strong>inexpugnabile,</strong></span> <span class='ocrx_word' id='word_1_280' title='bbox 2751 1051 3052 1106; x_wconf 88' lang='lat' dir='ltr'><strong>oratorium</strong></span> <span class='ocrx_word' id='word_1_281' title='bbox 3092 1053 3327 1120; x_wconf 72' lang='lat' dir='ltr'><strong>ligonem</strong></span> <span class='ocrx_word' id='word_1_282' title='bbox 3356 1060 3408 1106; x_wconf 92' lang='lat' dir='ltr'><strong>et</strong></span> <span class='ocrx_word' id='word_1_283' title='bbox 3450 1067 3544 1106; x_wconf 89' lang='lat' dir='ltr'><strong>vo-</strong></span> 
     </span>
    </p>
   </div>
   <div class='ocr_carea' id='block_1_40' title="bbox 1956 1145 3543 1217">
    <p class='ocr_par' dir='ltr' id='par_1_40' title="bbox 1956 1145 3543 1217">
     <span class='ocr_line' id='line_1_40' title="bbox 1956 1145 3543 1217; baseline 0.004 -21"><span class='ocrx_word' id='word_1_284' title='bbox 1956 1159 2199 1206; x_wconf 89' lang='lat' dir='ltr'><strong>merem,</strong></span> <span class='ocrx_word' id='word_1_285' title='bbox 2235 1145 2319 1196; x_wconf 84' lang='lat' dir='ltr'><strong>vel</strong></span> <span class='ocrx_word' id='word_1_286' title='bbox 2372 1145 2419 1200; x_wconf 97' lang='lat' dir='ltr'><strong>si</strong></span> <span class='ocrx_word' id='word_1_287' title='bbox 2471 1145 2713 1202; x_wconf 89' lang='lat' dir='ltr'><strong>volneris</strong></span> <span class='ocrx_word' id='word_1_288' title='bbox 2764 1147 3114 1217; x_wconf 86' lang='lat' dir='ltr'><strong>scriptorium</strong></span> <span class='ocrx_word' id='word_1_289' title='bbox 3168 1148 3441 1201; x_wconf 86' lang='lat' dir='ltr'><strong>calamum</strong></span> <span class='ocrx_word' id='word_1_290' title='bbox 3487 1157 3543 1202; x_wconf 91' lang='lat' dir='ltr'><strong>et</strong></span> 
     </span>
    </p>
   </div>
   <div class='ocr_carea' id='block_1_41' title="bbox 1955 1235 3535 1307">
    <p class='ocr_par' dir='ltr' id='par_1_41' title="bbox 1955 1235 3535 1307">
     <span class='ocr_line' id='line_1_41' title="bbox 1955 1235 3535 1307; baseline 0.004 -21"><span class='ocrx_word' id='word_1_291' title='bbox 1955 1235 2307 1304; x_wconf 81' lang='lat' dir='ltr'><strong>piscatoriam</strong></span> <span class='ocrx_word' id='word_1_292' title='bbox 2351 1251 2610 1307; x_wconf 80' lang='lat' dir='ltr'><strong>sagenam</strong></span> <span class='ocrx_word' id='word_1_293' title='bbox 2649 1248 2701 1292; x_wconf 90' lang='lat' dir='ltr'><strong>et</strong></span> <span class='ocrx_word' id='word_1_294' title='bbox 2733 1239 2837 1293; x_wconf 88' lang='lat' dir='ltr'><strong>alia</strong></span> <span class='ocrx_word' id='word_1_295' title='bbox 2867 1240 3105 1295; x_wconf 86' lang='lat' dir='ltr'><strong>similia:</strong></span> <span class='ocrx_word' id='word_1_296' title='bbox 3139 1255 3286 1294; x_wconf 85' lang='lat' dir='ltr'><strong>nunc</strong></span> <span class='ocrx_word' id='word_1_297' title='bbox 3319 1244 3535 1294; x_wconf 85' lang='lat' dir='ltr'><strong>vineam</strong></span> 
     </span>
    </p>
   </div>
   <div class='ocr_carea' id='block_1_42' title="bbox 1957 1329 3546 1404">
    <p class='ocr_par' dir='ltr' id='par_1_42' title="bbox 1957 1329 3546 1404">
     <span class='ocr_line' id='line_1_42' title="bbox 1957 1329 3546 1404; baseline 0 -22"><span class='ocrx_word' id='word_1_298' title='bbox 1957 1329 2175 1384; x_wconf 85' lang='lat' dir='ltr'><strong>Domini</strong></span> <span class='ocrx_word' id='word_1_299' title='bbox 2205 1331 2333 1385; x_wconf 91' lang='lat' dir='ltr'><strong>colit</strong></span> <span class='ocrx_word' id='word_1_300' title='bbox 2361 1371 2375 1395; x_wconf 96' lang='lat'><strong>,</strong></span> <span class='ocrx_word' id='word_1_301' title='bbox 2409 1331 2723 1387; x_wconf 74' lang='lat' dir='ltr'><strong>cmlestibus</strong></span> <span class='ocrx_word' id='word_1_302' title='bbox 2756 1333 2810 1386; x_wconf 90' lang='lat' dir='ltr'><strong>in</strong></span> <span class='ocrx_word' id='word_1_303' title='bbox 2849 1341 3050 1388; x_wconf 88' lang='lat' dir='ltr'><strong>terram</strong></span> <span class='ocrx_word' id='word_1_304' title='bbox 3102 1336 3306 1404; x_wconf 76' lang='lat' dir='ltr'><strong>sparsis</strong></span> <span class='ocrx_word' id='word_1_305' title='bbox 3338 1333 3546 1388; x_wconf 82' lang='lat' dir='ltr'><strong>simini.</strong></span> 
     </span>
    </p>
   </div>
   <div class='ocr_carea' id='block_1_43' title="bbox 1957 1412 3546 1484">
    <p class='ocr_par' dir='ltr' id='par_1_43' title="bbox 1957 1412 3546 1484">
     <span class='ocr_line' id='line_1_43' title="bbox 1957 1412 3546 1484; baseline 0.001 -10"><span class='ocrx_word' id='word_1_306' title='bbox 1957 1419 2083 1484; x_wconf 88' lang='lat' dir='ltr'><strong>bus,</strong></span> <span class='ocrx_word' id='word_1_307' title='bbox 2115 1412 2199 1475; x_wconf 89' lang='lat' dir='ltr'><strong>vel</strong></span> <span class='ocrx_word' id='word_1_308' title='bbox 2233 1421 2397 1476; x_wconf 89' lang='lat' dir='ltr'><strong>verba</strong></span> <span class='ocrx_word' id='word_1_309' title='bbox 2427 1420 2552 1476; x_wconf 72' lang='lat' dir='ltr'><strong>vita:</strong></span> <span class='ocrx_word' id='word_1_310' title='bbox 2583 1436 2804 1479; x_wconf 69' lang='lat' dir='ltr'><strong>aeternae</strong></span> <span class='ocrx_word' id='word_1_311' title='bbox 2831 1424 3112 1479; x_wconf 76' lang='lat' dir='ltr'><strong>conscribi</strong></span> <span class='ocrx_word' id='word_1_312' title='bbox 3166 1441 3273 1479; x_wconf 88' lang='lat' dir='ltr'><strong>non</strong></span> <span class='ocrx_word' id='word_1_313' title='bbox 3303 1423 3355 1477; x_wconf 91' lang='lat' dir='ltr'><strong>in</strong></span> <span class='ocrx_word' id='word_1_314' title='bbox 3386 1424 3546 1477; x_wconf 70' lang='lat' dir='ltr'><strong>taliu-</strong></span> 
     </span>
    </p>
   </div>
   <div class='ocr_carea' id='block_1_44' title="bbox 1957 1505 3550 1583">
    <p class='ocr_par' dir='ltr' id='par_1_44' title="bbox 1957 1505 3550 1583">
     <span class='ocr_line' id='line_1_44' title="bbox 1957 1505 3550 1583; baseline -0.001 -16"><span class='ocrx_word' id='word_1_315' title='bbox 1957 1513 2023 1568; x_wconf 88' lang='lat' dir='ltr'><strong>lis</strong></span> <span class='ocrx_word' id='word_1_316' title='bbox 2053 1514 2303 1583; x_wconf 86' lang='lat' dir='ltr'><strong>lapideis,</strong></span> <span class='ocrx_word' id='word_1_317' title='bbox 2367 1516 2461 1570; x_wconf 88' lang='lat' dir='ltr'><strong>sed</strong></span> <span class='ocrx_word' id='word_1_318' title='bbox 2501 1515 2554 1570; x_wconf 90' lang='lat' dir='ltr'><strong>in</strong></span> <span class='ocrx_word' id='word_1_319' title='bbox 2592 1517 2790 1573; x_wconf 85' lang='lat' dir='ltr'><strong>tabulis</strong></span> <span class='ocrx_word' id='word_1_320' title='bbox 2845 1518 3029 1573; x_wconf 84' lang='lat' dir='ltr'><strong>cordis</strong></span> <span class='ocrx_word' id='word_1_321' title='bbox 3080 1517 3393 1572; x_wconf 88' lang='lat' dir='ltr'><strong>carnalibus</strong></span> <span class='ocrx_word' id='word_1_322' title='bbox 3448 1505 3550 1570; x_wconf 72' lang='lat' dir='ltr'><strong>tali</strong></span> 
     </span>
    </p>
   </div>
   <div class='ocr_carea' id='block_1_45' title="bbox 1959 1608 3540 1680">
    <p class='ocr_par' dir='ltr' id='par_1_45' title="bbox 1959 1608 3540 1680">
     <span class='ocr_line' id='line_1_45' title="bbox 1959 1608 3540 1680; baseline -0.001 -18"><span class='ocrx_word' id='word_1_323' title='bbox 1959 1608 2172 1664; x_wconf 89' lang='lat' dir='ltr'><strong>honore</strong></span> <span class='ocrx_word' id='word_1_324' title='bbox 2239 1608 2441 1678; x_wconf 75' lang='lat' dir='ltr'><strong>dignis,</strong></span> <span class='ocrx_word' id='word_1_325' title='bbox 2503 1609 2583 1665; x_wconf 89' lang='lat' dir='ltr'><strong>vel</strong></span> <span class='ocrx_word' id='word_1_326' title='bbox 2633 1625 2834 1679; x_wconf 82' lang='lat' dir='ltr'><strong>sagena</strong></span> <span class='ocrx_word' id='word_1_327' title='bbox 2912 1611 3062 1665; x_wconf 82' lang='lat' dir='ltr'><strong>verbi</strong></span> <span class='ocrx_word' id='word_1_328' title='bbox 3117 1609 3540 1680; x_wconf 88' lang='lat' dir='ltr'><strong>complectitnrl</strong></span> 
     </span>
    </p>
   </div>
   <div class='ocr_carea' id='block_1_46' title="bbox 1959 1700 3544 1771">
    <p class='ocr_par' dir='ltr' id='par_1_46' title="bbox 1959 1700 3544 1771">
     <span class='ocr_line' id='line_1_46' title="bbox 1959 1700 3544 1771; baseline -0.003 -15"><span class='ocrx_word' id='word_1_329' title='bbox 1959 1700 2435 1767; x_wconf 84' lang='lat' dir='ltr'><strong>Thessalonicam,</strong></span> <span class='ocrx_word' id='word_1_330' title='bbox 2473 1703 2711 1758; x_wconf 80' lang='lat' dir='ltr'><strong>Atticam</strong></span> <span class='ocrx_word' id='word_1_331' title='bbox 2740 1745 2755 1767; x_wconf 98' lang='lat'><strong>,</strong></span> <span class='ocrx_word' id='word_1_332' title='bbox 2791 1703 3075 1764; x_wconf 83' lang='lat' dir='ltr'><strong>Achaiam,</strong></span> <span class='ocrx_word' id='word_1_333' title='bbox 3110 1718 3206 1757; x_wconf 89' lang='lat' dir='ltr'><strong>seu</strong></span> <span class='ocrx_word' id='word_1_334' title='bbox 3241 1701 3426 1771; x_wconf 88' lang='lat' dir='ltr'><strong>potius</strong></span> <span class='ocrx_word' id='word_1_335' title='bbox 3460 1708 3544 1753; x_wconf 92' lang='lat' dir='ltr'><strong>tot</strong></span> 
     </span>
    </p>
   </div>
   <div class='ocr_carea' id='block_1_47' title="bbox 1961 1785 3545 1865">
    <p class='ocr_par' dir='ltr' id='par_1_47' title="bbox 1961 1785 3545 1865">
     <span class='ocr_line' id='line_1_47' title="bbox 1961 1785 3545 1865; baseline -0.003 -16"><span class='ocrx_word' id='word_1_336' title='bbox 1961 1796 2211 1865; x_wconf 80' lang='lat' dir='ltr'><strong>regiones</strong></span> <span class='ocrx_word' id='word_1_337' title='bbox 2235 1793 2396 1848; x_wconf 88' lang='lat' dir='ltr'><strong>hodie</strong></span> <span class='ocrx_word' id='word_1_338' title='bbox 2417 1795 2665 1849; x_wconf 88' lang='lat' dir='ltr'><strong>continet</strong></span> <span class='ocrx_word' id='word_1_339' title='bbox 2684 1805 2815 1863; x_wconf 89' lang='lat' dir='ltr'><strong>quot</strong></span> <span class='ocrx_word' id='word_1_340' title='bbox 2847 1802 3103 1863; x_wconf 80' lang='lat' dir='ltr'><strong>peragrat</strong></span> <span class='ocrx_word' id='word_1_341' title='bbox 3123 1808 3218 1862; x_wconf 88' lang='lat' dir='ltr'><strong>per</strong></span> <span class='ocrx_word' id='word_1_342' title='bbox 3242 1785 3545 1862; x_wconf 72' lang='lat' dir='ltr'><strong>unguenta,</strong></span> 
     </span>
    </p>
   </div>
   <div class='ocr_carea' id='block_1_48' title="bbox 1965 1883 3542 1956">
    <p class='ocr_par' dir='ltr' id='par_1_48' title="bbox 1965 1883 3542 1956">
     <span class='ocr_line' id='line_1_48' title="bbox 1965 1883 3542 1956; baseline -0.003 -15"><span class='ocrx_word' id='word_1_343' title='bbox 1965 1903 2061 1956; x_wconf 88' lang='lat' dir='ltr'><strong>per</strong></span> <span class='ocrx_word' id='word_1_344' title='bbox 2086 1887 2368 1952; x_wconf 86' lang='lat' dir='ltr'><strong>miracula,</strong></span> <span class='ocrx_word' id='word_1_345' title='bbox 2392 1901 2489 1956; x_wconf 84' lang='lat' dir='ltr'><strong>per</strong></span> <span class='ocrx_word' id='word_1_346' title='bbox 2519 1887 2769 1941; x_wconf 77' lang='lat' dir='ltr'><strong>eximiam</strong></span> <span class='ocrx_word' id='word_1_347' title='bbox 2807 1886 2995 1954; x_wconf 65' lang='lat' dir='ltr'><strong>gratias</strong></span> <span class='ocrx_word' id='word_1_348' title='bbox 3022 1884 3370 1939; x_wconf 64' lang='lat' dir='ltr'><strong>etinsionem.</strong></span> <span class='ocrx_word' id='word_1_349' title='bbox 3404 1883 3542 1936; x_wconf 88' lang='lat' dir='ltr'><strong>Erat</strong></span> 
     </span>
    </p>
   </div>
   <div class='ocr_carea' id='block_1_49' title="bbox 1965 1972 3552 2048">
    <p class='ocr_par' dir='ltr' id='par_1_49' title="bbox 1965 1972 3552 2048">
     <span class='ocr_line' id='line_1_49' title="bbox 1965 1972 3552 2048; baseline -0.003 -15"><span class='ocrx_word' id='word_1_350' title='bbox 1965 1980 2107 2034; x_wconf 88' lang='lat' dir='ltr'><strong>enim</strong></span> <span class='ocrx_word' id='word_1_351' title='bbox 2124 1978 2420 2048; x_wconf 84' lang='lat' dir='ltr'><strong>aliquando</strong></span> <span class='ocrx_word' id='word_1_352' title='bbox 2440 1977 2745 2032; x_wconf 86' lang='lat' dir='ltr'><strong>Demetrius</strong></span> <span class='ocrx_word' id='word_1_353' title='bbox 2771 1987 2931 2032; x_wconf 75' lang='lat' dir='ltr'><strong>terra:</strong></span> <span class='ocrx_word' id='word_1_354' title='bbox 2949 1976 3255 2048; x_wconf 75' lang='lat' dir='ltr'><strong>prodigium</strong></span> <span class='ocrx_word' id='word_1_355' title='bbox 3277 1975 3328 2027; x_wconf 91' lang='lat' dir='ltr'><strong>in</strong></span> <span class='ocrx_word' id='word_1_356' title='bbox 3350 1972 3552 2029; x_wconf 79' lang='lat' dir='ltr'><strong>divinis</strong></span> 
     </span>
    </p>
   </div>
   <div class='ocr_carea' id='block_1_50' title="bbox 1964 2061 3547 2134">
    <p class='ocr_par' dir='ltr' id='par_1_50' title="bbox 1964 2061 3547 2134">
     <span class='ocr_line' id='line_1_50' title="bbox 1964 2061 3547 2134; baseline -0.005 -9"><span class='ocrx_word' id='word_1_357' title='bbox 1964 2068 2336 2134; x_wconf 85' lang='lat' dir='ltr'><strong>sermonibus,</strong></span> <span class='ocrx_word' id='word_1_358' title='bbox 2370 2067 2549 2122; x_wconf 89' lang='lat' dir='ltr'><strong>bonus</strong></span> <span class='ocrx_word' id='word_1_359' title='bbox 2583 2067 2720 2122; x_wconf 92' lang='lat' dir='ltr'><strong>odor</strong></span> <span class='ocrx_word' id='word_1_360' title='bbox 2745 2067 2970 2132; x_wconf 90' lang='lat' dir='ltr'><strong>Christi,</strong></span> <span class='ocrx_word' id='word_1_361' title='bbox 3000 2066 3138 2121; x_wconf 80' lang='lat' dir='ltr'><strong>sicut</strong></span> <span class='ocrx_word' id='word_1_362' title='bbox 3165 2065 3239 2120; x_wconf 86' lang='lat' dir='ltr'><strong>ait</strong></span> <span class='ocrx_word' id='word_1_363' title='bbox 3261 2061 3547 2128; x_wconf 72' lang='lat' dir='ltr'><strong>Paulus“,</strong></span> 
     </span>
    </p>
   </div>
   <div class='ocr_carea' id='block_1_51' title="bbox 1967 2152 3550 2229">
    <p class='ocr_par' dir='ltr' id='par_1_51' title="bbox 1967 2152 3550 2229">
     <span class='ocr_line' id='line_1_51' title="bbox 1967 2152 3550 2229; baseline -0.004 -14"><span class='ocrx_word' id='word_1_364' title='bbox 1967 2168 2084 2215; x_wconf 92' lang='lat' dir='ltr'><strong>tum</strong></span> <span class='ocrx_word' id='word_1_365' title='bbox 2120 2158 2400 2216; x_wconf 83' lang='lat' dir='ltr'><strong>salvandis</strong></span> <span class='ocrx_word' id='word_1_366' title='bbox 2434 2168 2549 2214; x_wconf 91' lang='lat' dir='ltr'><strong>tum</strong></span> <span class='ocrx_word' id='word_1_367' title='bbox 2591 2158 2972 2229; x_wconf 80' lang='lat' dir='ltr'><strong>pereuntibus,</strong></span> <span class='ocrx_word' id='word_1_368' title='bbox 3006 2157 3125 2213; x_wconf 85' lang='lat' dir='ltr'><strong>istis</strong></span> <span class='ocrx_word' id='word_1_369' title='bbox 3159 2156 3299 2210; x_wconf 89' lang='lat' dir='ltr'><strong>odor</strong></span> <span class='ocrx_word' id='word_1_370' title='bbox 3355 2152 3550 2209; x_wconf 85' lang='lat' dir='ltr'><strong>mortis</strong></span> 
     </span>
    </p>
   </div>
   <div class='ocr_carea' id='block_1_52' title="bbox 1964 2249 3551 2320">
    <p class='ocr_par' dir='ltr' id='par_1_52' title="bbox 1964 2249 3551 2320">
     <span class='ocr_line' id='line_1_52' title="bbox 1964 2249 3551 2320; baseline -0.003 -14"><span class='ocrx_word' id='word_1_371' title='bbox 1964 2251 2020 2306; x_wconf 86' lang='lat' dir='ltr'><strong>in</strong></span> <span class='ocrx_word' id='word_1_372' title='bbox 2048 2261 2306 2316; x_wconf 88' lang='lat' dir='ltr'><strong>mortem,</strong></span> <span class='ocrx_word' id='word_1_373' title='bbox 2339 2252 2423 2306; x_wconf 90' lang='lat' dir='ltr'><strong>his</strong></span> <span class='ocrx_word' id='word_1_374' title='bbox 2450 2254 2587 2308; x_wconf 89' lang='lat' dir='ltr'><strong>odor</strong></span> <span class='ocrx_word' id='word_1_375' title='bbox 2608 2251 2728 2305; x_wconf 71' lang='lat' dir='ltr'><strong>vitm</strong></span> <span class='ocrx_word' id='word_1_376' title='bbox 2752 2250 2806 2306; x_wconf 88' lang='lat' dir='ltr'><strong>itt</strong></span> <span class='ocrx_word' id='word_1_377' title='bbox 2836 2252 3025 2306; x_wconf 88' lang='lat' dir='ltr'><strong>vitam.</strong></span> <span class='ocrx_word' id='word_1_378' title='bbox 3059 2250 3230 2320; x_wconf 80' lang='lat' dir='ltr'><strong>Hujus</strong></span> <span class='ocrx_word' id='word_1_379' title='bbox 3254 2249 3383 2304; x_wconf 88' lang='lat' dir='ltr'><strong>boni</strong></span> <span class='ocrx_word' id='word_1_380' title='bbox 3410 2249 3551 2303; x_wconf 85' lang='lat' dir='ltr'><strong>edo-</strong></span> 
     </span>
    </p>
   </div>
   <div class='ocr_carea' id='block_1_53' title="bbox 1965 2343 3549 2411">
    <p class='ocr_par' dir='ltr' id='par_1_53' title="bbox 1965 2343 3549 2411">
     <span class='ocr_line' id='line_1_53' title="bbox 1965 2343 3549 2411; baseline -0.003 -12"><span class='ocrx_word' id='word_1_381' title='bbox 1965 2345 2046 2400; x_wconf 87' lang='lat' dir='ltr'><strong>ris</strong></span> <span class='ocrx_word' id='word_1_382' title='bbox 2093 2344 2450 2401; x_wconf 74' lang='lat' dir='ltr'><strong>sufﬁcientem</strong></span> <span class='ocrx_word' id='word_1_383' title='bbox 2491 2359 2600 2399; x_wconf 91' lang='lat' dir='ltr'><strong>non</strong></span> <span class='ocrx_word' id='word_1_384' title='bbox 2629 2344 2807 2400; x_wconf 85' lang='lat' dir='ltr'><strong>dicam</strong></span> <span class='ocrx_word' id='word_1_385' title='bbox 2845 2343 3155 2399; x_wconf 87' lang='lat' dir='ltr'><strong>mercedem</strong></span> <span class='ocrx_word' id='word_1_386' title='bbox 3195 2359 3224 2397; x_wconf 90' lang='lat' dir='ltr'><strong>a</strong></span> <span class='ocrx_word' id='word_1_387' title='bbox 3273 2343 3381 2396; x_wconf 90' lang='lat' dir='ltr'><strong>Deo</strong></span> <span class='ocrx_word' id='word_1_388' title='bbox 3411 2357 3549 2411; x_wconf 82' lang='lat' dir='ltr'><strong>prae-</strong></span> 
     </span>
    </p>
   </div>
   <div class='ocr_carea' id='block_1_54' title="bbox 1965 2433 3550 2509">
    <p class='ocr_par' dir='ltr' id='par_1_54' title="bbox 1965 2433 3550 2509">
     <span class='ocr_line' id='line_1_54' title="bbox 1965 2433 3550 2509; baseline -0.006 -14"><span class='ocrx_word' id='word_1_389' title='bbox 1965 2439 2090 2495; x_wconf 88' lang='lat' dir='ltr'><strong>stita</strong></span> <span class='ocrx_word' id='word_1_390' title='bbox 2119 2447 2395 2509; x_wconf 79' lang='lat' dir='ltr'><strong>unguenta</strong></span> <span class='ocrx_word' id='word_1_391' title='bbox 2423 2453 2474 2495; x_wconf 89' lang='lat' dir='ltr'><strong>et</strong></span> <span class='ocrx_word' id='word_1_392' title='bbox 2498 2439 2764 2493; x_wconf 85' lang='lat' dir='ltr'><strong>miracula</strong></span> <span class='ocrx_word' id='word_1_393' title='bbox 2792 2437 2848 2491; x_wconf 91' lang='lat' dir='ltr'><strong>in</strong></span> <span class='ocrx_word' id='word_1_394' title='bbox 2881 2437 3137 2506; x_wconf 90' lang='lat' dir='ltr'><strong>sepulcro</strong></span> <span class='ocrx_word' id='word_1_395' title='bbox 3163 2434 3346 2505; x_wconf 76' lang='lat' dir='ltr'><strong>magni</strong></span> <span class='ocrx_word' id='word_1_396' title='bbox 3375 2433 3550 2489; x_wconf 89' lang='lat' dir='ltr'><strong>nostri</strong></span> 
     </span>
    </p>
   </div>
   <div class='ocr_carea' id='block_1_55' title="bbox 1967 2527 3544 2602">
    <p class='ocr_par' dir='ltr' id='par_1_55' title="bbox 1967 2527 3544 2602">
     <span class='ocr_line' id='line_1_55' title="bbox 1967 2527 3544 2602; baseline -0.005 -14"><span class='ocrx_word' id='word_1_397' title='bbox 1967 2533 2222 2602; x_wconf 85' lang='lat' dir='ltr'><strong>martyris</strong></span> <span class='ocrx_word' id='word_1_398' title='bbox 2255 2533 2327 2587; x_wconf 90' lang='lat' dir='ltr'><strong>ita</strong></span> <span class='ocrx_word' id='word_1_399' title='bbox 2361 2540 2418 2586; x_wconf 89' lang='lat' dir='ltr'><strong>ut</strong></span> <span class='ocrx_word' id='word_1_400' title='bbox 2442 2571 2459 2594; x_wconf 91' lang='lat'><strong>,</strong></span> <span class='ocrx_word' id='word_1_401' title='bbox 2509 2532 2654 2587; x_wconf 87' lang='lat' dir='ltr'><strong>sicut</strong></span> <span class='ocrx_word' id='word_1_402' title='bbox 2704 2530 2908 2585; x_wconf 83' lang='lat' dir='ltr'><strong>Paulus</strong></span> <span class='ocrx_word' id='word_1_403' title='bbox 2945 2530 2991 2565; x_wconf 77' lang='lat'>&quot;</span> <span class='ocrx_word' id='word_1_404' title='bbox 3025 2529 3199 2591; x_wconf 87' lang='lat' dir='ltr'><strong>dicit,</strong></span> <span class='ocrx_word' id='word_1_405' title='bbox 3229 2542 3339 2596; x_wconf 70' lang='lat' dir='ltr'><strong>prae</strong></span> <span class='ocrx_word' id='word_1_406' title='bbox 3375 2527 3544 2581; x_wconf 88' lang='lat' dir='ltr'><strong>nimia</strong></span> 
     </span>
    </p>
   </div>
   <div class='ocr_carea' id='block_1_56' title="bbox 1968 2617 3551 2694">
    <p class='ocr_par' dir='ltr' id='par_1_56' title="bbox 1968 2617 3551 2694">
     <span class='ocr_line' id='line_1_56' title="bbox 1968 2617 3551 2694; baseline -0.003 -19"><span class='ocrx_word' id='word_1_407' title='bbox 1968 2624 2141 2694; x_wconf 71' lang='lat' dir='ltr'><strong>gloria</strong></span> <span class='ocrx_word' id='word_1_408' title='bbox 2175 2640 2263 2679; x_wconf 89' lang='lat' dir='ltr'><strong>res</strong></span> <span class='ocrx_word' id='word_1_409' title='bbox 2297 2624 2585 2694; x_wconf 75' lang='lat' dir='ltr'><strong>glorianda</strong></span> <span class='ocrx_word' id='word_1_410' title='bbox 2633 2625 2686 2678; x_wconf 92' lang='lat' dir='ltr'><strong>in</strong></span> <span class='ocrx_word' id='word_1_411' title='bbox 2734 2629 3113 2690; x_wconf 85' lang='lat' dir='ltr'><strong>contemptum</strong></span> <span class='ocrx_word' id='word_1_412' title='bbox 3145 2621 3381 2674; x_wconf 85' lang='lat' dir='ltr'><strong>caderet.</strong></span> <span class='ocrx_word' id='word_1_413' title='bbox 3415 2617 3551 2672; x_wconf 81' lang='lat' dir='ltr'><strong>Nam</strong></span> 
     </span>
    </p>
   </div>
   <div class='ocr_carea' id='block_1_57' title="bbox 1969 2706 3553 2786">
    <p class='ocr_par' dir='ltr' id='par_1_57' title="bbox 1969 2706 3553 2786">
     <span class='ocr_line' id='line_1_57' title="bbox 1969 2706 3553 2786; baseline -0.005 -16"><span class='ocrx_word' id='word_1_414' title='bbox 1969 2715 2097 2786; x_wconf 87' lang='lat' dir='ltr'><strong>quid</strong></span> <span class='ocrx_word' id='word_1_415' title='bbox 2131 2716 2446 2786; x_wconf 73' lang='lat' dir='ltr'><strong>praesentia,</strong></span> <span class='ocrx_word' id='word_1_416' title='bbox 2477 2715 2578 2771; x_wconf 89' lang='lat' dir='ltr'><strong>etsi</strong></span> <span class='ocrx_word' id='word_1_417' title='bbox 2608 2730 2802 2784; x_wconf 83' lang='lat' dir='ltr'><strong>magna</strong></span> <span class='ocrx_word' id='word_1_418' title='bbox 2834 2723 2888 2769; x_wconf 89' lang='lat' dir='ltr'><strong>et</strong></span> <span class='ocrx_word' id='word_1_419' title='bbox 2914 2712 3209 2776; x_wconf 88' lang='lat' dir='ltr'><strong>mirabilia,</strong></span> <span class='ocrx_word' id='word_1_420' title='bbox 3239 2727 3349 2780; x_wconf 69' lang='lat' dir='ltr'><strong>pra:</strong></span> <span class='ocrx_word' id='word_1_421' title='bbox 3389 2706 3497 2764; x_wconf 86' lang='lat' dir='ltr'><strong>illis</strong></span> <span class='ocrx_word' id='word_1_422' title='bbox 3521 2721 3553 2762; x_wconf 75' lang='grc' dir='ltr'><strong>α</strong></span> 
     </span>
    </p>
   </div>
   <div class='ocr_carea' id='block_1_58' title="bbox 1971 2801 3544 2877">
    <p class='ocr_par' dir='ltr' id='par_1_58' title="bbox 1971 2801 3544 2877">
     <span class='ocr_line' id='line_1_58' title="bbox 1971 2801 3544 2877; baseline -0.004 -15"><span class='ocrx_word' id='word_1_423' title='bbox 1971 2809 2079 2864; x_wconf 91' lang='lat' dir='ltr'><strong>Deo</strong></span> <span class='ocrx_word' id='word_1_424' title='bbox 2102 2807 2154 2862; x_wconf 91' lang='lat' dir='ltr'><strong>in</strong></span> <span class='ocrx_word' id='word_1_425' title='bbox 2185 2807 2339 2863; x_wconf 69' lang='lat' dir='ltr'><strong>caelis</strong></span> <span class='ocrx_word' id='word_1_426' title='bbox 2369 2806 2473 2877; x_wconf 88' lang='lat' dir='ltr'><strong>ipsi</strong></span> <span class='ocrx_word' id='word_1_427' title='bbox 2505 2807 2648 2862; x_wconf 88' lang='lat' dir='ltr'><strong>datis</strong></span> <span class='ocrx_word' id='word_1_428' title='bbox 2674 2816 2729 2862; x_wconf 89' lang='lat' dir='ltr'><strong>et</strong></span> <span class='ocrx_word' id='word_1_429' title='bbox 2759 2804 3120 2861; x_wconf 78' lang='lat' dir='ltr'><strong>condonatis?</strong></span> <span class='ocrx_word' id='word_1_430' title='bbox 3150 2801 3324 2858; x_wconf 82' lang='lat' dir='ltr'><strong>Vultis</strong></span> <span class='ocrx_word' id='word_1_431' title='bbox 3360 2812 3415 2856; x_wconf 93' lang='lat' dir='ltr'><strong>ut</strong></span> <span class='ocrx_word' id='word_1_432' title='bbox 3447 2816 3544 2855; x_wconf 83' lang='lat' dir='ltr'><strong>vo-</strong></span> 
     </span>
    </p>
   </div>
   <div class='ocr_carea' id='block_1_59' title="bbox 1968 2900 3556 2966">
    <p class='ocr_par' dir='ltr' id='par_1_59' title="bbox 1968 2900 3556 2966">
     <span class='ocr_line' id='line_1_59' title="bbox 1968 2900 3556 2966; baseline -0.004 -8"><span class='ocrx_word' id='word_1_433' title='bbox 1968 2903 2055 2958; x_wconf 87' lang='lat' dir='ltr'><strong>bis</strong></span> <span class='ocrx_word' id='word_1_434' title='bbox 2103 2904 2389 2958; x_wconf 88' lang='lat' dir='ltr'><strong>ostendam</strong></span> <span class='ocrx_word' id='word_1_435' title='bbox 2425 2903 2590 2959; x_wconf 88' lang='lat' dir='ltr'><strong>modo</strong></span> <span class='ocrx_word' id='word_1_436' title='bbox 2628 2903 2888 2957; x_wconf 89' lang='lat' dir='ltr'><strong>omnibus</strong></span> <span class='ocrx_word' id='word_1_437' title='bbox 2942 2900 3365 2956; x_wconf 81' lang='lat' dir='ltr'><strong>evidentissima</strong></span> <span class='ocrx_word' id='word_1_438' title='bbox 3413 2913 3556 2966; x_wconf 69' lang='lat' dir='ltr'><strong>quo~</strong></span> 
     </span>
    </p>
   </div>
   <div class='ocr_carea' id='block_1_60' title="bbox 1971 2987 3555 3065">
    <p class='ocr_par' dir='ltr' id='par_1_60' title="bbox 1971 2987 3555 3065">
     <span class='ocr_line' id='line_1_60' title="bbox 1971 2987 3555 3065; baseline -0.005 -16"><span class='ocrx_word' id='word_1_439' title='bbox 1971 2993 2134 3049; x_wconf 88' lang='lat' dir='ltr'><strong>modo</strong></span> <span class='ocrx_word' id='word_1_440' title='bbox 2166 2993 2258 3050; x_wconf 88' lang='lat' dir='ltr'><strong>ille</strong></span> <span class='ocrx_word' id='word_1_441' title='bbox 2286 2993 2465 3049; x_wconf 87' lang='lat' dir='ltr'><strong>adhuc</strong></span> <span class='ocrx_word' id='word_1_442' title='bbox 2493 2995 2662 3049; x_wconf 85' lang='lat' dir='ltr'><strong>vitam</strong></span> <span class='ocrx_word' id='word_1_443' title='bbox 2695 3009 2963 3065; x_wconf 76' lang='lat' dir='ltr'><strong>peragens</strong></span> <span class='ocrx_word' id='word_1_444' title='bbox 2993 2993 3173 3049; x_wconf 89' lang='lat' dir='ltr'><strong>bonus</strong></span> <span class='ocrx_word' id='word_1_445' title='bbox 3196 2992 3331 3048; x_wconf 90' lang='lat' dir='ltr'><strong>odor</strong></span> <span class='ocrx_word' id='word_1_446' title='bbox 3348 2987 3555 3046; x_wconf 86' lang='lat' dir='ltr'><strong>Christi</strong></span> 
     </span>
    </p>
   </div>
   <div class='ocr_carea' id='block_1_61' title="bbox 1975 3068 3559 3141">
    <p class='ocr_par' dir='ltr' id='par_1_61' title="bbox 1975 3068 3559 3141">
     <span class='ocr_line' id='line_1_61' title="bbox 1975 3068 3559 3141; baseline -0.003 -1"><span class='ocrx_word' id='word_1_447' title='bbox 1975 3068 2188 3140; x_wconf 74' lang='lat' dir='ltr'><strong>exstitit</strong></span> <span class='ocrx_word' id='word_1_448' title='bbox 2228 3094 2282 3140; x_wconf 87' lang='lat' dir='ltr'><strong>et</strong></span> <span class='ocrx_word' id='word_1_449' title='bbox 2315 3086 2453 3141; x_wconf 90' lang='lat' dir='ltr'><strong>odor</strong></span> <span class='ocrx_word' id='word_1_450' title='bbox 2483 3085 2605 3140; x_wconf 66' lang='lat' dir='ltr'><strong>vita:</strong></span> <span class='ocrx_word' id='word_1_451' title='bbox 2649 3085 2898 3140; x_wconf 88' lang='lat' dir='ltr'><strong>dociliter</strong></span> <span class='ocrx_word' id='word_1_452' title='bbox 2947 3081 3368 3141; x_wconf 81' lang='lat' dir='ltr'><strong>obedientibus?</strong></span> <span class='ocrx_word' id='word_1_453' title='bbox 3401 3080 3559 3136; x_wconf 83' lang='lat' dir='ltr'><strong>Nune</strong></span> 
     </span>
    </p>
   </div>
   <div class='ocr_carea' id='block_1_62' title="bbox 287 3163 1865 3248">
    <p class='ocr_par' dir='ltr' id='par_1_62' title="bbox 287 3163 1865 3248">
     <span class='ocr_line' id='line_1_62' title="bbox 287 3163 1865 3248; baseline 0.002 -19"><span class='ocrx_word' id='word_1_454' title='bbox 287 3175 395 3229; x_wconf 69' lang='grc' dir='ltr'>κᾶν</span> <span class='ocrx_word' id='word_1_455' title='bbox 425 3169 462 3247; x_wconf 73' lang='grc' dir='ltr'><strong>ᾖ</strong></span> <span class='ocrx_word' id='word_1_456' title='bbox 499 3175 712 3244; x_wconf 81' lang='grc' dir='ltr'>μεγάλα</span> <span class='ocrx_word' id='word_1_457' title='bbox 740 3176 834 3228; x_wconf 75' lang='grc' dir='ltr'>καὶ</span> <span class='ocrx_word' id='word_1_458' title='bbox 883 3163 1194 3246; x_wconf 76' lang='grc' dir='ltr'>θαυμαστὰ,</span> <span class='ocrx_word' id='word_1_459' title='bbox 1233 3178 1370 3248; x_wconf 72' lang='grc' dir='ltr'>πρὸς</span> <span class='ocrx_word' id='word_1_460' title='bbox 1399 3178 1471 3230; x_wconf 77' lang='grc' dir='ltr'>τὰ</span> <span class='ocrx_word' id='word_1_461' title='bbox 1515 3180 1574 3232; x_wconf 84' lang='grc' dir='ltr'><strong>ἐν</strong></span> <span class='ocrx_word' id='word_1_462' title='bbox 1619 3179 1865 3246; x_wconf 73' lang='grc' dir='ltr'>οὐρανοῖς</span> 
     </span>
    </p>
   </div>
   <div class='ocr_carea' id='block_1_63' title="bbox 1968 3163 3557 3248">
    <p class='ocr_par' dir='ltr' id='par_1_63' title="bbox 1973 3174 3557 3248">
     <span class='ocr_line' id='line_1_63' title="bbox 1973 3174 3557 3248; baseline -0.002 -18"><span class='ocrx_word' id='word_1_463' title='bbox 1973 3177 2192 3248; x_wconf 87' lang='lat' dir='ltr'><strong>quidem</strong></span> <span class='ocrx_word' id='word_1_464' title='bbox 2227 3179 2508 3233; x_wconf 85' lang='lat' dir='ltr'><strong>hominum</strong></span> <span class='ocrx_word' id='word_1_465' title='bbox 2541 3175 2753 3232; x_wconf 86' lang='lat' dir='ltr'><strong>animas</strong></span> <span class='ocrx_word' id='word_1_466' title='bbox 2779 3177 3038 3233; x_wconf 79' lang='lat' dir='ltr'><strong>exeolens</strong></span> <span class='ocrx_word' id='word_1_467' title='bbox 3058 3219 3073 3244; x_wconf 88' lang='lat'><strong>,</strong></span> <span class='ocrx_word' id='word_1_468' title='bbox 3113 3178 3199 3232; x_wconf 86' lang='lat' dir='ltr'><strong>vel</strong></span> <span class='ocrx_word' id='word_1_469' title='bbox 3228 3192 3322 3232; x_wconf 90' lang='lat' dir='ltr'><strong>eos</strong></span> <span class='ocrx_word' id='word_1_470' title='bbox 3351 3174 3557 3246; x_wconf 87' lang='lat' dir='ltr'><strong>piscari</strong></span> 
     </span>
    </p>
   </div>
   <div class='ocr_carea' id='block_1_64' title="bbox 288 3261 1875 3338">
    <p class='ocr_par' dir='ltr' id='par_1_64' title="bbox 288 3261 1875 3338">
     <span class='ocr_line' id='line_1_64' title="bbox 288 3261 1875 3338; baseline 0.002 -20"><span class='ocrx_word' id='word_1_471' title='bbox 288 3263 450 3334; x_wconf 84' lang='grc' dir='ltr'><strong>παρά</strong></span> <span class='ocrx_word' id='word_1_472' title='bbox 477 3261 615 3316; x_wconf 77' lang='grc' dir='ltr'>Θεοῦ</span> <span class='ocrx_word' id='word_1_473' title='bbox 641 3263 736 3316; x_wconf 78' lang='grc' dir='ltr'>καὶ</span> <span class='ocrx_word' id='word_1_474' title='bbox 761 3263 1022 3334; x_wconf 83' lang='grc' dir='ltr'>δεδομένα</span> <span class='ocrx_word' id='word_1_475' title='bbox 1049 3266 1223 3338; x_wconf 84' lang='grc' dir='ltr'>τούτῳ</span> <span class='ocrx_word' id='word_1_476' title='bbox 1254 3266 1347 3321; x_wconf 75' lang='grc' dir='ltr'>καὶ</span> <span class='ocrx_word' id='word_1_477' title='bbox 1369 3267 1748 3336; x_wconf 66' lang='grc' dir='ltr'>ἀποκείμεναι</span> <span class='ocrx_word' id='word_1_478' title='bbox 1781 3268 1875 3322; x_wconf 63' lang='grc' dir='ltr'>καὶ</span> 
     </span>
    </p>
   </div>
   <div class='ocr_carea' id='block_1_65' title="bbox 287 3356 1876 3431">
    <p class='ocr_par' dir='ltr' id='par_1_65' title="bbox 287 3356 1876 3431">
     <span class='ocr_line' id='line_1_65' title="bbox 287 3356 1876 3431; baseline 0.001 -19"><span class='ocrx_word' id='word_1_479' title='bbox 287 3361 362 3431; x_wconf 74' lang='grc' dir='ltr'>τῇ</span> <span class='ocrx_word' id='word_1_480' title='bbox 395 3356 680 3429; x_wconf 75' lang='grc' dir='ltr'>ὑπερϐολῇ</span> <span class='ocrx_word' id='word_1_481' title='bbox 733 3358 831 3426; x_wconf 76' lang='grc' dir='ltr'><strong>τῆς</strong></span> <span class='ocrx_word' id='word_1_482' title='bbox 884 3357 1064 3428; x_wconf 78' lang='grc' dir='ltr'>δόξης,</span> <span class='ocrx_word' id='word_1_483' title='bbox 1115 3360 1260 3413; x_wconf 86' lang='grc' dir='ltr'><strong>κατά</strong></span> <span class='ocrx_word' id='word_1_484' title='bbox 1307 3360 1518 3413; x_wconf 80' lang='grc' dir='ltr'>Παῦλον</span> <span class='ocrx_word' id='word_1_485' title='bbox 1570 3363 1768 3426; x_wconf 79' lang='grc' dir='ltr'>εἰπεῖν,</span> <span class='ocrx_word' id='word_1_486' title='bbox 1814 3360 1876 3415; x_wconf 82' lang='grc' dir='ltr'><strong>ού</strong></span> 
     </span>
    </p>
   </div>
   <div class='ocr_carea' id='block_1_66' title="bbox 289 3449 1877 3522">
    <p class='ocr_par' dir='ltr' id='par_1_66' title="bbox 289 3449 1877 3522">
     <span class='ocr_line' id='line_1_66' title="bbox 289 3449 1877 3522; baseline 0.001 -17"><span class='ocrx_word' id='word_1_487' title='bbox 289 3449 620 3517; x_wconf 75' lang='grc' dir='ltr'>δεδοξάσθαι</span> <span class='ocrx_word' id='word_1_488' title='bbox 656 3450 718 3503; x_wconf 84' lang='grc' dir='ltr'><strong>τδ</strong></span> <span class='ocrx_word' id='word_1_489' title='bbox 759 3449 1184 3521; x_wconf 57' lang='grc' dir='ltr'>δεδοξασμένον</span> <span class='ocrx_word' id='word_1_490' title='bbox 1218 3453 1418 3522; x_wconf 81' lang='grc' dir='ltr'>δεῖγμα</span> <span class='ocrx_word' id='word_1_491' title='bbox 1444 3452 1499 3505; x_wconf 77' lang='grc' dir='ltr'>δὲ</span> <span class='ocrx_word' id='word_1_492' title='bbox 1534 3454 1708 3506; x_wconf 87' lang='grc' dir='ltr'>ταῦτα</span> <span class='ocrx_word' id='word_1_493' title='bbox 1738 3453 1877 3507; x_wconf 81' lang='grc' dir='ltr'>πάν-</span> 
     </span>
    </p>
   </div>
   <div class='ocr_carea' id='block_1_67' title="bbox 289 3541 1880 3616">
    <p class='ocr_par' dir='ltr' id='par_1_67' title="bbox 289 3541 1880 3616">
     <span class='ocr_line' id='line_1_67' title="bbox 289 3541 1880 3616; baseline 0 -19"><span class='ocrx_word' id='word_1_494' title='bbox 289 3560 402 3608; x_wconf 85' lang='grc' dir='ltr'>τως</span> <span class='ocrx_word' id='word_1_495' title='bbox 436 3543 552 3606; x_wconf 83' lang='grc' dir='ltr'>τοτς</span> <span class='ocrx_word' id='word_1_496' title='bbox 583 3543 722 3596; x_wconf 79' lang='grc' dir='ltr'>πᾶσι</span> <span class='ocrx_word' id='word_1_497' title='bbox 752 3541 1243 3612; x_wconf 76' lang='grc' dir='ltr'>περιφανέστατον,</span> <span class='ocrx_word' id='word_1_498' title='bbox 1271 3544 1422 3607; x_wconf 80' lang='grc' dir='ltr'>ὅπως</span> <span class='ocrx_word' id='word_1_499' title='bbox 1448 3546 1657 3609; x_wconf 82' lang='grc' dir='ltr'>ἐκεῖνος</span> <span class='ocrx_word' id='word_1_500' title='bbox 1689 3545 1769 3598; x_wconf 75' lang='grc' dir='ltr'><strong>ἐτι</strong></span> <span class='ocrx_word' id='word_1_501' title='bbox 1799 3546 1880 3616; x_wconf 83' lang='grc' dir='ltr'><strong>τῷ</strong></span> 
     </span>
    </p>
   </div>
   <div class='ocr_carea' id='block_1_68' title="bbox 295 3631 1880 3708">
    <p class='ocr_par' dir='ltr' id='par_1_68' title="bbox 295 3631 1880 3708">
     <span class='ocr_line' id='line_1_68' title="bbox 295 3631 1880 3708; baseline 0.001 -21"><span class='ocrx_word' id='word_1_502' title='bbox 295 3635 402 3708; x_wconf 82' lang='grc' dir='ltr'>βίῳ</span> <span class='ocrx_word' id='word_1_503' title='bbox 430 3631 645 3704; x_wconf 83' lang='grc' dir='ltr'>περιὼν</span> <span class='ocrx_word' id='word_1_504' title='bbox 673 3634 888 3705; x_wconf 76' lang='grc' dir='ltr'>ὑπῆρχε</span> <span class='ocrx_word' id='word_1_505' title='bbox 920 3632 1158 3705; x_wconf 85' lang='grc' dir='ltr'>Χριστοῦ</span> <span class='ocrx_word' id='word_1_506' title='bbox 1189 3633 1406 3697; x_wconf 80' lang='grc' dir='ltr'>εὐωδία,</span> <span class='ocrx_word' id='word_1_507' title='bbox 1441 3635 1534 3687; x_wconf 73' lang='grc' dir='ltr'>καὶ</span> <span class='ocrx_word' id='word_1_508' title='bbox 1561 3633 1706 3706; x_wconf 80' lang='grc' dir='ltr'>ὀσμὴ</span> <span class='ocrx_word' id='word_1_509' title='bbox 1733 3634 1880 3704; x_wconf 82' lang='grc' dir='ltr'>ζωῆς</span> 
     </span>
    </p>
   </div>
   <div class='ocr_carea' id='block_1_69' title="bbox 292 3724 1882 3798">
    <p class='ocr_par' dir='ltr' id='par_1_69' title="bbox 292 3724 1882 3798">
     <span class='ocr_line' id='line_1_69' title="bbox 292 3724 1882 3798; baseline -0.001 -15"><span class='ocrx_word' id='word_1_510' title='bbox 292 3731 414 3792; x_wconf 77' lang='grc' dir='ltr'>τοῖς</span> <span class='ocrx_word' id='word_1_511' title='bbox 453 3726 760 3782; x_wconf 75' lang='grc' dir='ltr'>ὑπακούειν</span> <span class='ocrx_word' id='word_1_512' title='bbox 810 3728 1288 3798; x_wconf 83' lang='grc' dir='ltr'>προαιρουμένοις.</span> <span class='ocrx_word' id='word_1_513' title='bbox 1338 3727 1453 3782; x_wconf 75' lang='grc' dir='ltr'>Νῦν</span> <span class='ocrx_word' id='word_1_514' title='bbox 1484 3727 1583 3796; x_wconf 83' lang='grc' dir='ltr'>μὲν</span> <span class='ocrx_word' id='word_1_515' title='bbox 1611 3724 1705 3782; x_wconf 80' lang='grc' dir='ltr'>οὖν</span> <span class='ocrx_word' id='word_1_516' title='bbox 1735 3727 1882 3782; x_wconf 84' lang='grc' dir='ltr'>οῦτω</span> 
     </span>
    </p>
   </div>
   <div class='ocr_carea' id='block_1_70' title="bbox 296 3820 1884 3892">
    <p class='ocr_par' dir='ltr' id='par_1_70' title="bbox 296 3820 1884 3892">
     <span class='ocr_line' id='line_1_70' title="bbox 296 3820 1884 3892; baseline -0.001 -16"><span class='ocrx_word' id='word_1_517' title='bbox 296 3821 575 3892; x_wconf 84' lang='grc' dir='ltr'>γεωργῶν</span> <span class='ocrx_word' id='word_1_518' title='bbox 598 3821 777 3890; x_wconf 75' lang='grc' dir='ltr'>ψυχὰς</span> <span class='ocrx_word' id='word_1_519' title='bbox 807 3821 1136 3891; x_wconf 84' lang='grc' dir='ltr'>ἀνθρώπων,</span> <span class='ocrx_word' id='word_1_520' title='bbox 1166 3820 1198 3890; x_wconf 76' lang='grc' dir='ltr'>ἢ</span> <span class='ocrx_word' id='word_1_521' title='bbox 1233 3821 1464 3892; x_wconf 83' lang='grc' dir='ltr'>ζωγρῶν</span> <span class='ocrx_word' id='word_1_522' title='bbox 1488 3820 1715 3883; x_wconf 81' lang='grc' dir='ltr'>τούτους</span> <span class='ocrx_word' id='word_1_523' title='bbox 1741 3821 1884 3875; x_wconf 84' lang='grc' dir='ltr'><strong>κατά</strong></span> 
     </span>
    </p>
   </div>
   <div class='ocr_carea' id='block_1_71' title="bbox 297 3913 1885 3987">
    <p class='ocr_par' dir='ltr' id='par_1_71' title="bbox 297 3913 1885 3987">
     <span class='ocr_line' id='line_1_71' title="bbox 297 3913 1885 3987; baseline 0 -17"><span class='ocrx_word' id='word_1_524' title='bbox 297 3917 405 3987; x_wconf 74' lang='grc' dir='ltr'>τὴν</span> <span class='ocrx_word' id='word_1_525' title='bbox 430 3916 532 3971; x_wconf 85' lang='grc' dir='ltr'><strong>τοῦ</strong></span> <span class='ocrx_word' id='word_1_526' title='bbox 562 3913 966 3986; x_wconf 73' lang='grc' dir='ltr'>Χριστοῦ,πρδς</span> <span class='ocrx_word' id='word_1_527' title='bbox 995 3914 1199 3987; x_wconf 81' lang='grc' dir='ltr'>Πέτρον</span> <span class='ocrx_word' id='word_1_528' title='bbox 1225 3914 1579 3984; x_wconf 84' lang='grc' dir='ltr'>ἐπαγγελίαν,</span> <span class='ocrx_word' id='word_1_529' title='bbox 1604 3915 1696 3969; x_wconf 77' lang='grc' dir='ltr'>τὸν</span> <span class='ocrx_word' id='word_1_530' title='bbox 1723 3914 1885 3984; x_wconf 84' lang='grc' dir='ltr'>λόγον</span> 
     </span>
    </p>
   </div>
   <div class='ocr_carea' id='block_1_72' title="bbox 299 4003 1886 4081">
    <p class='ocr_par' dir='ltr' id='par_1_72' title="bbox 299 4003 1886 4081">
     <span class='ocr_line' id='line_1_72' title="bbox 299 4003 1886 4081; baseline -0.001 -18"><span class='ocrx_word' id='word_1_531' title='bbox 299 4011 546 4081; x_wconf 78' lang='grc' dir='ltr'>ὖργανον</span> <span class='ocrx_word' id='word_1_532' title='bbox 600 4003 713 4078; x_wconf 75' lang='grc' dir='ltr'>εἶχε</span> <span class='ocrx_word' id='word_1_533' title='bbox 765 4006 900 4078; x_wconf 74' lang='grc' dir='ltr'>πρὸς</span> <span class='ocrx_word' id='word_1_534' title='bbox 949 4007 1304 4079; x_wconf 79' lang='grc' dir='ltr'>καλλιεργίαν</span> <span class='ocrx_word' id='word_1_535' title='bbox 1356 4011 1450 4063; x_wconf 79' lang='grc' dir='ltr'>καὶ</span> <span class='ocrx_word' id='word_1_536' title='bbox 1501 4008 1674 4081; x_wconf 87' lang='grc' dir='ltr'>θήραν</span> <span class='ocrx_word' id='word_1_537' title='bbox 1709 4010 1886 4080; x_wconf 85' lang='grc' dir='ltr'>σωτή-</span> 
     </span>
    </p>
   </div>
   <div class='ocr_carea' id='block_1_73' title="bbox 303 4099 1886 4174">
    <p class='ocr_par' dir='ltr' id='par_1_73' title="bbox 303 4099 1886 4174">
     <span class='ocr_line' id='line_1_73' title="bbox 303 4099 1886 4174; baseline -0.003 -18"><span class='ocrx_word' id='word_1_538' title='bbox 303 4117 461 4174; x_wconf 74' lang='grc' dir='ltr'>ριονο</span> <span class='ocrx_word' id='word_1_539' title='bbox 495 4100 593 4155; x_wconf 89' lang='grc' dir='ltr'><strong>νῦν</strong></span> <span class='ocrx_word' id='word_1_540' title='bbox 622 4100 678 4154; x_wconf 82' lang='grc' dir='ltr'>δὲ</span> <span class='ocrx_word' id='word_1_541' title='bbox 704 4099 1009 4170; x_wconf 68' lang='grc' dir='ltr'>οἰκοδομῶν</span> <span class='ocrx_word' id='word_1_542' title='bbox 1039 4100 1118 4169; x_wconf 81' lang='grc' dir='ltr'>τῷ</span> <span class='ocrx_word' id='word_1_543' title='bbox 1150 4101 1272 4170; x_wconf 87' lang='grc' dir='ltr'><strong>Θεῷ</strong></span> <span class='ocrx_word' id='word_1_544' title='bbox 1302 4102 1428 4154; x_wconf 68' lang='grc' dir='ltr'>ναὸν</span> <span class='ocrx_word' id='word_1_545' title='bbox 1458 4100 1523 4153; x_wconf 82' lang='grc' dir='ltr'><strong>ἐκ</strong></span> <span class='ocrx_word' id='word_1_546' title='bbox 1557 4099 1720 4154; x_wconf 87' lang='grc' dir='ltr'>λίθων</span> <span class='ocrx_word' id='word_1_547' title='bbox 1747 4099 1886 4164; x_wconf 82' lang='grc' dir='ltr'>ζών-</span> 
     </span>
    </p>
   </div>
   <div class='ocr_carea' id='block_1_74' title="bbox 207 4182 1888 4264">
    <p class='ocr_par' dir='ltr' id='par_1_74' title="bbox 207 4182 1888 4264">
     <span class='ocr_line' id='line_1_74' title="bbox 207 4182 1888 4264; baseline -0.003 -16"><span class='ocrx_word' id='word_1_548' title='bbox 207 4182 209 4184; x_wconf 33' lang='grc'>’</span> <span class='ocrx_word' id='word_1_549' title='bbox 300 4213 418 4250; x_wconf 87' lang='grc' dir='ltr'><strong>των</strong></span> <span class='ocrx_word' id='word_1_550' title='bbox 446 4193 544 4248; x_wconf 80' lang='grc' dir='ltr'>καὶ</span> <span class='ocrx_word' id='word_1_551' title='bbox 577 4193 748 4257; x_wconf 68' lang='grc' dir='ltr'>ὅντως</span> <span class='ocrx_word' id='word_1_552' title='bbox 776 4193 1003 4260; x_wconf 85' lang='grc' dir='ltr'>τιμίων,</span> <span class='ocrx_word' id='word_1_553' title='bbox 1048 4194 1122 4260; x_wconf 85' lang='grc' dir='ltr'><strong>ὡς</strong></span> <span class='ocrx_word' id='word_1_554' title='bbox 1155 4193 1436 4264; x_wconf 76' lang='grc' dir='ltr'>ἐργαλεῖον</span> <span class='ocrx_word' id='word_1_555' title='bbox 1464 4189 1579 4264; x_wconf 81' lang='grc' dir='ltr'>εἶχε</span> <span class='ocrx_word' id='word_1_556' title='bbox 1612 4193 1705 4247; x_wconf 82' lang='grc' dir='ltr'>τὸν</span> <span class='ocrx_word' id='word_1_557' title='bbox 1729 4193 1888 4262; x_wconf 85' lang='grc' dir='ltr'>λόγον</span> 
     </span>
    </p>
   </div>
   <div class='ocr_carea' id='block_1_75' title="bbox 303 4285 1889 4359">
    <p class='ocr_par' dir='ltr' id='par_1_75' title="bbox 303 4285 1889 4359">
     <span class='ocr_line' id='line_1_75' title="bbox 303 4285 1889 4359; baseline -0.003 -17"><span class='ocrx_word' id='word_1_558' title='bbox 303 4287 676 4359; x_wconf 70' lang='grc' dir='ltr'>κατάλληλον.</span> <span class='ocrx_word' id='word_1_559' title='bbox 705 4288 834 4341; x_wconf 86' lang='grc' dir='ltr'>Ὅτε</span> <span class='ocrx_word' id='word_1_560' title='bbox 877 4287 932 4340; x_wconf 83' lang='grc' dir='ltr'><strong>δέ</strong></span> <span class='ocrx_word' id='word_1_561' title='bbox 975 4291 1114 4356; x_wconf 72' lang='grc' dir='ltr'>πρὸς</span> <span class='ocrx_word' id='word_1_562' title='bbox 1159 4287 1286 4350; x_wconf 74' lang='grc' dir='ltr'>τοὺς</span> <span class='ocrx_word' id='word_1_563' title='bbox 1342 4287 1760 4357; x_wconf 84' lang='grc' dir='ltr'>ἀντικειμένους</span> <span class='ocrx_word' id='word_1_564' title='bbox 1812 4285 1889 4356; x_wconf 85' lang='grc' dir='ltr'>τῷ</span> 
     </span>
    </p>
   </div>
   <div class='ocr_carea' id='block_1_76' title="bbox 1977 3268 3553 3340">
    <p class='ocr_par' dir='ltr' id='par_1_76' title="bbox 1977 3268 3553 3340">
     <span class='ocr_line' id='line_1_76' title="bbox 1977 3268 3553 3340; baseline -0.003 -15"><span class='ocrx_word' id='word_1_565' title='bbox 1977 3270 2289 3335; x_wconf 80' lang='lat' dir='ltr'><strong>intendens,</strong></span> <span class='ocrx_word' id='word_1_566' title='bbox 2321 3272 2623 3327; x_wconf 88' lang='lat' dir='ltr'><strong>secundum</strong></span> <span class='ocrx_word' id='word_1_567' title='bbox 2655 3271 2975 3340; x_wconf 84' lang='lat' dir='ltr'><strong>evangelica</strong></span> <span class='ocrx_word' id='word_1_568' title='bbox 3012 3271 3075 3324; x_wconf 84' lang='lat' dir='ltr'><strong>ad</strong></span> <span class='ocrx_word' id='word_1_569' title='bbox 3109 3269 3326 3324; x_wconf 84' lang='lat' dir='ltr'><strong>Petrum</strong></span> <span class='ocrx_word' id='word_1_570' title='bbox 3363 3268 3553 3334; x_wconf 85' lang='lat' dir='ltr'><strong>verba,</strong></span> 
     </span>
    </p>
   </div>
   <div class='ocr_carea' id='block_1_77' title="bbox 1978 3357 3558 3418">
    <p class='ocr_par' dir='ltr' id='par_1_77' title="bbox 1978 3357 3558 3418">
     <span class='ocr_line' id='line_1_77' title="bbox 1978 3357 3558 3418; baseline -0.003 -1"><span class='ocrx_word' id='word_1_571' title='bbox 1978 3359 2403 3417; x_wconf 79' lang='lat' dir='ltr'><strong>instrumentum</strong></span> <span class='ocrx_word' id='word_1_572' title='bbox 2461 3363 2648 3418; x_wconf 88' lang='lat' dir='ltr'><strong>habuit</strong></span> <span class='ocrx_word' id='word_1_573' title='bbox 2680 3375 2994 3416; x_wconf 85' lang='lat' dir='ltr'><strong>sermonem</strong></span> <span class='ocrx_word' id='word_1_574' title='bbox 3026 3359 3094 3415; x_wconf 88' lang='lat' dir='ltr'><strong>ad</strong></span> <span class='ocrx_word' id='word_1_575' title='bbox 3139 3359 3288 3415; x_wconf 87' lang='lat' dir='ltr'><strong>illam</strong></span> <span class='ocrx_word' id='word_1_576' title='bbox 3314 3357 3558 3414; x_wconf 81' lang='lat' dir='ltr'><strong>sanctis-</strong></span> 
     </span>
    </p>
   </div>
   <div class='ocr_carea' id='block_1_78' title="bbox 1977 3449 3561 3525">
    <p class='ocr_par' dir='ltr' id='par_1_78' title="bbox 1977 3449 3561 3525">
     <span class='ocr_line' id='line_1_78' title="bbox 1977 3449 3561 3525; baseline -0.004 -15"><span class='ocrx_word' id='word_1_577' title='bbox 1977 3455 2173 3510; x_wconf 79' lang='lat' dir='ltr'><strong>simam</strong></span> <span class='ocrx_word' id='word_1_578' title='bbox 2201 3465 2258 3510; x_wconf 92' lang='lat' dir='ltr'><strong>et</strong></span> <span class='ocrx_word' id='word_1_579' title='bbox 2291 3455 2589 3511; x_wconf 87' lang='lat' dir='ltr'><strong>salutarem</strong></span> <span class='ocrx_word' id='word_1_580' title='bbox 2617 3455 2976 3525; x_wconf 88' lang='lat' dir='ltr'><strong>piscationem</strong></span> <span class='ocrx_word' id='word_1_581' title='bbox 3001 3468 3017 3516; x_wconf 88' lang='lat'><strong>;</strong></span> <span class='ocrx_word' id='word_1_582' title='bbox 3051 3465 3196 3506; x_wconf 90' lang='lat' dir='ltr'><strong>nunc</strong></span> <span class='ocrx_word' id='word_1_583' title='bbox 3225 3465 3354 3504; x_wconf 90' lang='lat' dir='ltr'><strong>vero</strong></span> <span class='ocrx_word' id='word_1_584' title='bbox 3388 3449 3561 3504; x_wconf 62' lang='lat' dir='ltr'><strong>aedili-</strong></span> 
     </span>
    </p>
   </div>
   <div class='ocr_carea' id='block_1_79' title="bbox 1979 3543 3559 3616">
    <p class='ocr_par' dir='ltr' id='par_1_79' title="bbox 1979 3543 3559 3616">
     <span class='ocr_line' id='line_1_79' title="bbox 1979 3543 3559 3616; baseline -0.004 -13"><span class='ocrx_word' id='word_1_585' title='bbox 1979 3562 2115 3603; x_wconf 85' lang='lat' dir='ltr'><strong>eans</strong></span> <span class='ocrx_word' id='word_1_586' title='bbox 2153 3548 2263 3600; x_wconf 88' lang='lat' dir='ltr'><strong>Deo</strong></span> <span class='ocrx_word' id='word_1_587' title='bbox 2296 3547 2556 3616; x_wconf 89' lang='lat' dir='ltr'><strong>templum</strong></span> <span class='ocrx_word' id='word_1_588' title='bbox 2588 3562 2653 3600; x_wconf 74' lang='lat' dir='ltr'><strong>ex</strong></span> <span class='ocrx_word' id='word_1_589' title='bbox 2686 3545 2959 3614; x_wconf 89' lang='lat' dir='ltr'><strong>lapidibus</strong></span> <span class='ocrx_word' id='word_1_590' title='bbox 2993 3543 3128 3597; x_wconf 84' lang='lat' dir='ltr'><strong>vivis</strong></span> <span class='ocrx_word' id='word_1_591' title='bbox 3172 3557 3404 3611; x_wconf 85' lang='lat' dir='ltr'><strong>vereque</strong></span> <span class='ocrx_word' id='word_1_592' title='bbox 3458 3543 3559 3596; x_wconf 80' lang='lat' dir='ltr'><strong>hu-</strong></span> 
     </span>
    </p>
   </div>
   <div class='ocr_carea' id='block_1_80' title="bbox 1981 3634 3560 3707">
    <p class='ocr_par' dir='ltr' id='par_1_80' title="bbox 1981 3634 3560 3707">
     <span class='ocr_line' id='line_1_80' title="bbox 1981 3634 3560 3707; baseline -0.007 -13"><span class='ocrx_word' id='word_1_593' title='bbox 1981 3655 2115 3695; x_wconf 86' lang='lat' dir='ltr'><strong>nore</strong></span> <span class='ocrx_word' id='word_1_594' title='bbox 2141 3637 2322 3707; x_wconf 72' lang='lat' dir='ltr'><strong>dlgnis</strong></span> <span class='ocrx_word' id='word_1_595' title='bbox 2353 3653 2450 3707; x_wconf 93' lang='lat' dir='ltr'><strong>pro</strong></span> <span class='ocrx_word' id='word_1_596' title='bbox 2479 3639 2849 3693; x_wconf 85' lang='lat' dir='ltr'><strong>instrumento</strong></span> <span class='ocrx_word' id='word_1_597' title='bbox 2874 3649 3184 3691; x_wconf 87' lang='lat' dir='ltr'><strong>sermonem</strong></span> <span class='ocrx_word' id='word_1_598' title='bbox 3214 3634 3404 3687; x_wconf 84' lang='lat' dir='ltr'><strong>habuit</strong></span> <span class='ocrx_word' id='word_1_599' title='bbox 3430 3646 3560 3687; x_wconf 88' lang='lat' dir='ltr'><strong>con-</strong></span> 
     </span>
    </p>
   </div>
   <div class='ocr_carea' id='block_1_81' title="bbox 1983 3725 3562 3797">
    <p class='ocr_par' dir='ltr' id='par_1_81' title="bbox 1983 3725 3562 3797">
     <span class='ocr_line' id='line_1_81' title="bbox 1983 3725 3562 3797; baseline -0.006 -9"><span class='ocrx_word' id='word_1_600' title='bbox 1983 3739 2331 3788; x_wconf 86' lang='lat' dir='ltr'><strong>sentaneum.</strong></span> <span class='ocrx_word' id='word_1_601' title='bbox 2366 3729 2596 3797; x_wconf 86' lang='lat' dir='ltr'><strong>Quando</strong></span> <span class='ocrx_word' id='word_1_602' title='bbox 2631 3739 2819 3784; x_wconf 87' lang='lat' dir='ltr'><strong>autem</strong></span> <span class='ocrx_word' id='word_1_603' title='bbox 2856 3729 3058 3784; x_wconf 87' lang='lat' dir='ltr'><strong>Christi</strong></span> <span class='ocrx_word' id='word_1_604' title='bbox 3091 3727 3421 3783; x_wconf 89' lang='lat' dir='ltr'><strong>adversariis</strong></span> <span class='ocrx_word' id='word_1_605' title='bbox 3443 3725 3562 3780; x_wconf 86' lang='lat' dir='ltr'><strong>bel-</strong></span> 
     </span>
    </p>
   </div>
   <div class='ocr_carea' id='block_1_82' title="bbox 1986 3817 3564 3894">
    <p class='ocr_par' dir='ltr' id='par_1_82' title="bbox 1986 3817 3564 3894">
     <span class='ocr_line' id='line_1_82' title="bbox 1986 3817 3564 3894; baseline -0.005 -14"><span class='ocrx_word' id='word_1_606' title='bbox 1986 3825 2095 3880; x_wconf 88' lang='lat' dir='ltr'><strong>lutn</strong></span> <span class='ocrx_word' id='word_1_607' title='bbox 2127 3825 2508 3891; x_wconf 87' lang='lat' dir='ltr'><strong>denuntiabat,</strong></span> <span class='ocrx_word' id='word_1_608' title='bbox 2531 3823 2836 3894; x_wconf 73' lang='lat' dir='ltr'><strong>praesertim</strong></span> <span class='ocrx_word' id='word_1_609' title='bbox 2859 3822 3168 3877; x_wconf 86' lang='lat' dir='ltr'><strong>visibilibus</strong></span> <span class='ocrx_word' id='word_1_610' title='bbox 3198 3819 3290 3874; x_wconf 86' lang='lat' dir='ltr'><strong>Dei</strong></span> <span class='ocrx_word' id='word_1_611' title='bbox 3323 3817 3564 3872; x_wconf 86' lang='lat' dir='ltr'><strong>inimicis</strong></span> 
     </span>
    </p>
   </div>
   <div class='ocr_carea' id='block_1_83' title="bbox 1985 3901 3566 3987">
    <p class='ocr_par' dir='ltr' id='par_1_83' title="bbox 1985 3901 3566 3987">
     <span class='ocr_line' id='line_1_83' title="bbox 1985 3901 3566 3987; baseline -0.008 -13"><span class='ocrx_word' id='word_1_612' title='bbox 1985 3933 2084 3984; x_wconf 87' lang='lat' dir='ltr'><strong>per</strong></span> <span class='ocrx_word' id='word_1_613' title='bbox 2113 3901 2418 3974; x_wconf 74' lang='lat' dir='ltr'><strong>invisibiles</strong></span> <span class='ocrx_word' id='word_1_614' title='bbox 2453 3917 2727 3987; x_wconf 88' lang='lat' dir='ltr'><strong>impulsis,</strong></span> <span class='ocrx_word' id='word_1_615' title='bbox 2756 3916 2940 3971; x_wconf 90' lang='lat' dir='ltr'><strong>omnia</strong></span> <span class='ocrx_word' id='word_1_616' title='bbox 2974 3925 3092 3969; x_wconf 88' lang='lat' dir='ltr'><strong>erat</strong></span> <span class='ocrx_word' id='word_1_617' title='bbox 3139 3914 3218 3968; x_wconf 88' lang='lat' dir='ltr'><strong>illi</strong></span> <span class='ocrx_word' id='word_1_618' title='bbox 3262 3927 3448 3968; x_wconf 90' lang='lat' dir='ltr'><strong>sermo</strong></span> <span class='ocrx_word' id='word_1_619' title='bbox 3483 3909 3566 3964; x_wconf 82' lang='lat' dir='ltr'><strong>di-</strong></span> 
     </span>
    </p>
   </div>
   <div class='ocr_carea' id='block_1_84' title="bbox 1987 4008 3568 4082">
    <p class='ocr_par' dir='ltr' id='par_1_84' title="bbox 1987 4008 3568 4082">
     <span class='ocr_line' id='line_1_84' title="bbox 1987 4008 3568 4082; baseline -0.006 -15"><span class='ocrx_word' id='word_1_620' title='bbox 1987 4015 2116 4068; x_wconf 87' lang='lat' dir='ltr'><strong>vino</strong></span> <span class='ocrx_word' id='word_1_621' title='bbox 2150 4012 2359 4082; x_wconf 87' lang='lat' dir='ltr'><strong>Spiritu</strong></span> <span class='ocrx_word' id='word_1_622' title='bbox 2393 4012 2693 4081; x_wconf 85' lang='lat' dir='ltr'><strong>inspiratus</strong></span> <span class='ocrx_word' id='word_1_623' title='bbox 2726 4019 2781 4065; x_wconf 90' lang='lat' dir='ltr'><strong>et</strong></span> <span class='ocrx_word' id='word_1_624' title='bbox 2811 4011 3132 4066; x_wconf 83' lang='lat' dir='ltr'><strong>enuntiatus</strong></span> <span class='ocrx_word' id='word_1_625' title='bbox 3162 4018 3218 4063; x_wconf 89' lang='lat' dir='ltr'><strong>et</strong></span> <span class='ocrx_word' id='word_1_626' title='bbox 3260 4008 3568 4061; x_wconf 87' lang='lat' dir='ltr'><strong>instructus</strong></span> 
     </span>
    </p>
   </div>
   <div class='ocr_carea' id='block_1_85' title="bbox 1988 4097 3569 4176">
    <p class='ocr_par' dir='ltr' id='par_1_85' title="bbox 1988 4097 3569 4176">
     <span class='ocr_line' id='line_1_85' title="bbox 1988 4097 3569 4176; baseline -0.006 -16"><span class='ocrx_word' id='word_1_627' title='bbox 1988 4116 2041 4160; x_wconf 92' lang='lat' dir='ltr'><strong>et</strong></span> <span class='ocrx_word' id='word_1_628' title='bbox 2079 4112 2204 4176; x_wconf 90' lang='lat' dir='ltr'><strong>apte</strong></span> <span class='ocrx_word' id='word_1_629' title='bbox 2229 4119 2331 4174; x_wconf 88' lang='lat' dir='ltr'><strong>pro</strong></span> <span class='ocrx_word' id='word_1_630' title='bbox 2356 4104 2752 4160; x_wconf 86' lang='lat' dir='ltr'><strong>commoditate</strong></span> <span class='ocrx_word' id='word_1_631' title='bbox 2784 4103 3103 4174; x_wconf 88' lang='lat' dir='ltr'><strong>dispositus,</strong></span> <span class='ocrx_word' id='word_1_632' title='bbox 3156 4100 3229 4154; x_wconf 90' lang='lat' dir='ltr'><strong>ita</strong></span> <span class='ocrx_word' id='word_1_633' title='bbox 3275 4109 3331 4154; x_wconf 78' lang='lat' dir='ltr'><strong>ut</strong></span> <span class='ocrx_word' id='word_1_634' title='bbox 3362 4137 3377 4163; x_wconf 85' lang='lat'><strong>,</strong></span> <span class='ocrx_word' id='word_1_635' title='bbox 3425 4097 3569 4151; x_wconf 86' lang='lat' dir='ltr'><strong>sicut</strong></span> 
     </span>
    </p>
   </div>
   <div class='ocr_carea' id='block_1_86' title="bbox 1991 4195 3565 4266">
    <p class='ocr_par' dir='ltr' id='par_1_86' title="bbox 1991 4195 3565 4266">
     <span class='ocr_line' id='line_1_86' title="bbox 1991 4195 3565 4266; baseline -0.008 -14"><span class='ocrx_word' id='word_1_636' title='bbox 1991 4198 2256 4266; x_wconf 86' lang='lat' dir='ltr'><strong>scriptum</strong></span> <span class='ocrx_word' id='word_1_637' title='bbox 2291 4203 2394 4258; x_wconf 87' lang='lat' dir='ltr'><strong>est,</strong></span> <span class='ocrx_word' id='word_1_638' title='bbox 2436 4195 2504 4250; x_wconf 90' lang='lat' dir='ltr'><strong>de</strong></span> <span class='ocrx_word' id='word_1_639' title='bbox 2534 4195 2709 4264; x_wconf 91' lang='lat' dir='ltr'><strong>primo</strong></span> <span class='ocrx_word' id='word_1_640' title='bbox 2743 4195 2885 4248; x_wconf 88' lang='lat' dir='ltr'><strong>inter</strong></span> <span class='ocrx_word' id='word_1_641' title='bbox 2923 4201 3190 4262; x_wconf 76' lang='lat' dir='ltr'><strong>martyres</strong></span> <span class='ocrx_word' id='word_1_642' title='bbox 3216 4199 3518 4260; x_wconf 78' lang='lat' dir='ltr'><strong>pnguatore</strong></span> <span class='ocrx_word' id='word_1_643' title='bbox 3547 4228 3565 4253; x_wconf 94' lang='lat'><strong>,</strong></span> 
     </span>
    </p>
   </div>
   <div class='ocr_carea' id='block_1_87' title="bbox 1993 4279 3573 4359">
    <p class='ocr_par' dir='ltr' id='par_1_87' title="bbox 1993 4279 3573 4359">
     <span class='ocr_line' id='line_1_87' title="bbox 1993 4279 3573 4359; baseline -0.007 -15"><span class='ocrx_word' id='word_1_644' title='bbox 1993 4290 2179 4346; x_wconf 90' lang='lat' dir='ltr'><strong>nullus</strong></span> <span class='ocrx_word' id='word_1_645' title='bbox 2209 4299 2323 4344; x_wconf 90' lang='lat' dir='ltr'><strong>erat</strong></span> <span class='ocrx_word' id='word_1_646' title='bbox 2345 4289 2441 4359; x_wconf 88' lang='lat' dir='ltr'><strong>qui</strong></span> <span class='ocrx_word' id='word_1_647' title='bbox 2472 4288 2750 4343; x_wconf 87' lang='lat' dir='ltr'><strong>resisteret</strong></span> <span class='ocrx_word' id='word_1_648' title='bbox 2781 4285 3038 4341; x_wconf 88' lang='lat' dir='ltr'><strong>Demetrii</strong></span> <span class='ocrx_word' id='word_1_649' title='bbox 3063 4283 3346 4352; x_wconf 72' lang='lat' dir='ltr'><strong>sapientia:</strong></span> <span class='ocrx_word' id='word_1_650' title='bbox 3373 4291 3426 4334; x_wconf 89' lang='lat' dir='ltr'><strong>et</strong></span> <span class='ocrx_word' id='word_1_651' title='bbox 3454 4279 3573 4350; x_wconf 83' lang='lat' dir='ltr'><strong>Spi-</strong></span> 
     </span>
    </p>
   </div>
   <div class='ocr_carea' id='block_1_88' title="bbox 306 4374 1865 4450">
    <p class='ocr_par' dir='ltr' id='par_1_88' title="bbox 306 4377 1865 4450">
     <span class='ocr_line' id='line_1_88' title="bbox 306 4377 1865 4450; baseline -0.003 -16"><span class='ocrx_word' id='word_1_652' title='bbox 306 4377 545 4450; x_wconf 78' lang='grc' dir='ltr'>Χριστῷ</span> <span class='ocrx_word' id='word_1_653' title='bbox 586 4379 902 4448; x_wconf 80' lang='grc' dir='ltr'>συνεκρότει</span> <span class='ocrx_word' id='word_1_654' title='bbox 932 4379 1023 4432; x_wconf 82' lang='grc' dir='ltr'>τὸν</span> <span class='ocrx_word' id='word_1_655' title='bbox 1056 4378 1318 4448; x_wconf 80' lang='grc' dir='ltr'>πόλεμον,</span> <span class='ocrx_word' id='word_1_656' title='bbox 1360 4380 1456 4432; x_wconf 73' lang='grc' dir='ltr'>καὶ</span> <span class='ocrx_word' id='word_1_657' title='bbox 1490 4380 1725 4448; x_wconf 82' lang='grc' dir='ltr'>μάλιστα</span> <span class='ocrx_word' id='word_1_658' title='bbox 1763 4380 1865 4431; x_wconf 65' lang='grc' dir='ltr'><strong>τοῦ</strong></span> 
     </span>
    </p>
   </div>
   <div class='ocr_carea' id='block_1_89' title="bbox 1968 4374 3569 4450">
    <p class='ocr_par' dir='ltr' id='par_1_89' title="bbox 1994 4374 3569 4450">
     <span class='ocr_line' id='line_1_89' title="bbox 1994 4374 3569 4450; baseline -0.006 -15"><span class='ocrx_word' id='word_1_659' title='bbox 1994 4381 2121 4436; x_wconf 88' lang='lat' dir='ltr'><strong>ritui</strong></span> <span class='ocrx_word' id='word_1_660' title='bbox 2150 4381 2239 4450; x_wconf 89' lang='lat' dir='ltr'><strong>qui</strong></span> <span class='ocrx_word' id='word_1_661' title='bbox 2265 4396 2361 4450; x_wconf 87' lang='lat' dir='ltr'><strong>per</strong></span> <span class='ocrx_word' id='word_1_662' title='bbox 2383 4395 2508 4434; x_wconf 89' lang='lat' dir='ltr'><strong>eum</strong></span> <span class='ocrx_word' id='word_1_663' title='bbox 2535 4379 2880 4449; x_wconf 84' lang='lat' dir='ltr'><strong>loquebatur.</strong></span> <span class='ocrx_word' id='word_1_664' title='bbox 2919 4379 3027 4446; x_wconf 78' lang='lat' dir='ltr'><strong>Ego</strong></span> <span class='ocrx_word' id='word_1_665' title='bbox 3051 4375 3267 4445; x_wconf 87' lang='lat' dir='ltr'><strong>quidem</strong></span> <span class='ocrx_word' id='word_1_666' title='bbox 3297 4390 3394 4444; x_wconf 91' lang='lat' dir='ltr'><strong>per</strong></span> <span class='ocrx_word' id='word_1_667' title='bbox 3421 4374 3569 4426; x_wconf 88' lang='lat' dir='ltr'><strong>illam</strong></span> 
     </span>
    </p>
   </div>
   <div class='ocr_carea' id='block_1_90' title="bbox 304 4465 1865 4570">
    <p class='ocr_par' dir='ltr' id='par_1_90' title="bbox 304 4471 1865 4543">
     <span class='ocr_line' id='line_1_90' title="bbox 304 4471 1865 4543; baseline -0.003 -15"><span class='ocrx_word' id='word_1_668' title='bbox 304 4475 399 4528; x_wconf 77' lang='grc' dir='ltr'>διὰ</span> <span class='ocrx_word' id='word_1_669' title='bbox 443 4472 556 4527; x_wconf 89' lang='grc' dir='ltr'><strong>τῶν</strong></span> <span class='ocrx_word' id='word_1_670' title='bbox 603 4471 858 4542; x_wconf 80' lang='grc' dir='ltr'>ἀοράτων</span> <span class='ocrx_word' id='word_1_671' title='bbox 902 4471 1335 4541; x_wconf 83' lang='grc' dir='ltr'>ἐνεργουμένους</span> <span class='ocrx_word' id='word_1_672' title='bbox 1375 4473 1604 4543; x_wconf 84' lang='grc' dir='ltr'>ὁρατοὺς</span> <span class='ocrx_word' id='word_1_673' title='bbox 1649 4473 1728 4543; x_wconf 82' lang='grc' dir='ltr'>τῷ</span> <span class='ocrx_word' id='word_1_674' title='bbox 1772 4472 1865 4541; x_wconf 63' lang='grc' dir='ltr'><strong>Θεᾷ</strong></span> 
     </span>
    </p>
   </div>
   <div class='ocr_carea' id='block_1_91' title="bbox 1968 4465 3570 4570">
    <p class='ocr_par' dir='ltr' id='par_1_91' title="bbox 1968 4465 3570 4559">
     <span class='ocr_line' id='line_1_91' title="bbox 1968 4465 3570 4559; baseline -0.008 -31"><span class='ocrx_word' id='word_1_675' title='bbox 1968 4475 2293 4559; x_wconf 50' lang='grc' dir='ltr'>,ιηίΙὶιαι-ικιῐι</span> <span class='ocrx_word' id='word_1_676' title='bbox 2335 4475 2597 4538; x_wconf 86' lang='lat' dir='ltr'><strong>tunicam,</strong></span> <span class='ocrx_word' id='word_1_677' title='bbox 2633 4488 2728 4542; x_wconf 88' lang='lat' dir='ltr'><strong>per</strong></span> <span class='ocrx_word' id='word_1_678' title='bbox 2776 4471 2927 4526; x_wconf 87' lang='lat' dir='ltr'><strong>illum</strong></span> <span class='ocrx_word' id='word_1_679' title='bbox 2967 4472 3018 4522; x_wconf 90' lang='lat' dir='ltr'><strong>in</strong></span> <span class='ocrx_word' id='word_1_680' title='bbox 3054 4484 3216 4522; x_wconf 88' lang='lat' dir='ltr'><strong>manu</strong></span> <span class='ocrx_word' id='word_1_681' title='bbox 3264 4465 3570 4527; x_wconf 84' lang='lat' dir='ltr'><strong>annulum,</strong></span> 
     </span>
    </p>
   </div>
   <div class='ocr_carea' id='block_1_92' title="bbox 308 4560 1865 4638">
    <p class='ocr_par' dir='ltr' id='par_1_92' title="bbox 308 4560 1865 4636">
     <span class='ocr_line' id='line_1_92' title="bbox 308 4560 1865 4636; baseline -0.001 -17"><span class='ocrx_word' id='word_1_682' title='bbox 308 4567 638 4636; x_wconf 83' lang='grc' dir='ltr'>πολεμίους,</span> <span class='ocrx_word' id='word_1_683' title='bbox 673 4568 850 4622; x_wconf 79' lang='grc' dir='ltr'>πάντα</span> <span class='ocrx_word' id='word_1_684' title='bbox 891 4560 960 4635; x_wconf 77' lang='grc' dir='ltr'>ἦν</span> <span class='ocrx_word' id='word_1_685' title='bbox 989 4568 1017 4619; x_wconf 81' lang='grc' dir='ltr'>ὁ</span> <span class='ocrx_word' id='word_1_686' title='bbox 1049 4566 1205 4634; x_wconf 83' lang='grc' dir='ltr'>λόγος</span> <span class='ocrx_word' id='word_1_687' title='bbox 1238 4565 1408 4635; x_wconf 82' lang='grc' dir='ltr'>αὐτῷ,</span> <span class='ocrx_word' id='word_1_688' title='bbox 1441 4565 1572 4634; x_wconf 80' lang='grc' dir='ltr'>θείῳ</span> <span class='ocrx_word' id='word_1_689' title='bbox 1620 4567 1865 4631; x_wconf 85' lang='grc' dir='ltr'>πνεύματ</span> 
     </span>
    </p>
   </div>
   <div class='ocr_carea' id='block_1_93' title="bbox 1968 4560 3574 4638">
    <p class='ocr_par' dir='ltr' id='par_1_93' title="bbox 2004 4565 3574 4638">
     <span class='ocr_line' id='line_1_93' title="bbox 2004 4565 3574 4638; baseline -0.007 -18"><span class='ocrx_word' id='word_1_690' title='bbox 2004 4583 2101 4638; x_wconf 90' lang='lat' dir='ltr'><strong>per</strong></span> <span class='ocrx_word' id='word_1_691' title='bbox 2133 4567 2281 4620; x_wconf 90' lang='lat' dir='ltr'><strong>illam</strong></span> <span class='ocrx_word' id='word_1_692' title='bbox 2310 4565 2661 4620; x_wconf 78' lang='lat' dir='ltr'><strong>consularem</strong></span> <span class='ocrx_word' id='word_1_693' title='bbox 2718 4574 2894 4633; x_wconf 79' lang='lat' dir='ltr'><strong>togam</strong></span> <span class='ocrx_word' id='word_1_694' title='bbox 2939 4577 3101 4632; x_wconf 89' lang='lat' dir='ltr'><strong>quam</strong></span> <span class='ocrx_word' id='word_1_695' title='bbox 3137 4568 3344 4630; x_wconf 84' lang='lat' dir='ltr'><strong>martyr</strong></span> <span class='ocrx_word' id='word_1_696' title='bbox 3383 4573 3412 4611; x_wconf 91' lang='lat' dir='ltr'><strong>a</strong></span> <span class='ocrx_word' id='word_1_697' title='bbox 3447 4570 3574 4626; x_wconf 70' lang='lat' dir='ltr'><strong>rege</strong></span> 
     </span>
    </p>
   </div>
   <div class='ocr_carea' id='block_1_94' title="bbox 309 4650 1865 4730">
    <p class='ocr_par' dir='ltr' id='par_1_94' title="bbox 309 4657 1865 4729">
     <span class='ocr_line' id='line_1_94' title="bbox 309 4657 1865 4729; baseline -0.003 -14"><span class='ocrx_word' id='word_1_698' title='bbox 309 4659 410 4715; x_wconf 71' lang='grc' dir='ltr'>καὶ</span> <span class='ocrx_word' id='word_1_699' title='bbox 437 4659 873 4729; x_wconf 84' lang='grc' dir='ltr'>χορηγούμενος,</span> <span class='ocrx_word' id='word_1_700' title='bbox 911 4659 1006 4713; x_wconf 74' lang='grc' dir='ltr'>καὶ</span> <span class='ocrx_word' id='word_1_701' title='bbox 1035 4658 1378 4729; x_wconf 86' lang='grc' dir='ltr'>κινούμενος,</span> <span class='ocrx_word' id='word_1_702' title='bbox 1411 4659 1509 4712; x_wconf 79' lang='grc' dir='ltr'>καὶ</span> <span class='ocrx_word' id='word_1_703' title='bbox 1547 4657 1865 4728; x_wconf 83' lang='grc' dir='ltr'>τονούμενος</span> 
     </span>
    </p>
   </div>
   <div class='ocr_carea' id='block_1_95' title="bbox 1968 4650 3574 4730">
    <p class='ocr_par' dir='ltr' id='par_1_95' title="bbox 2003 4650 3574 4730">
     <span class='ocr_line' id='line_1_95' title="bbox 2003 4650 3574 4730; baseline -0.006 -16"><span class='ocrx_word' id='word_1_704' title='bbox 2003 4669 2323 4730; x_wconf 86' lang='lat' dir='ltr'><strong>acceperat,</strong></span> <span class='ocrx_word' id='word_1_705' title='bbox 2372 4657 2615 4729; x_wconf 88' lang='lat' dir='ltr'><strong>symbola</strong></span> <span class='ocrx_word' id='word_1_706' title='bbox 2663 4657 2970 4725; x_wconf 81' lang='lat' dir='ltr'><strong>explevisse</strong></span> <span class='ocrx_word' id='word_1_707' title='bbox 3023 4669 3221 4709; x_wconf 89' lang='lat' dir='ltr'><strong>censeo</strong></span> <span class='ocrx_word' id='word_1_708' title='bbox 3273 4650 3574 4705; x_wconf 84' lang='lat' dir='ltr'><strong>doctoralis</strong></span> 
     </span>
    </p>
   </div>
   <div class='ocr_carea' id='block_1_96' title="bbox 312 4743 1865 4824">
    <p class='ocr_par' dir='ltr' id='par_1_96' title="bbox 312 4751 1865 4824">
     <span class='ocr_line' id='line_1_96' title="bbox 312 4751 1865 4824; baseline -0.002 -18"><span class='ocrx_word' id='word_1_709' title='bbox 312 4751 724 4824; x_wconf 79' lang='grc' dir='ltr'>ρυθμιζόμενός</span> <span class='ocrx_word' id='word_1_710' title='bbox 774 4769 836 4806; x_wconf 86' lang='grc' dir='ltr'><strong>τε</strong></span> <span class='ocrx_word' id='word_1_711' title='bbox 896 4751 992 4805; x_wconf 73' lang='grc' dir='ltr'>καὶ</span> <span class='ocrx_word' id='word_1_712' title='bbox 1047 4752 1591 4822; x_wconf 67' lang='grc' dir='ltr'>μετασκευαζόμενος</span> <span class='ocrx_word' id='word_1_713' title='bbox 1648 4752 1784 4821; x_wconf 68' lang='grc' dir='ltr'>προς</span> <span class='ocrx_word' id='word_1_714' title='bbox 1836 4769 1865 4803; x_wconf 92' lang='grc' dir='ltr'><strong>τ</strong></span> 
     </span>
    </p>
   </div>
   <div class='ocr_carea' id='block_1_97' title="bbox 1968 4743 3578 4824">
    <p class='ocr_par' dir='ltr' id='par_1_97' title="bbox 2007 4743 3578 4822">
     <span class='ocr_line' id='line_1_97' title="bbox 2007 4743 3578 4822; baseline -0.008 -14"><span class='ocrx_word' id='word_1_715' title='bbox 2007 4752 2184 4808; x_wconf 85' lang='lat' dir='ltr'><strong>laudis</strong></span> <span class='ocrx_word' id='word_1_716' title='bbox 2215 4762 2269 4806; x_wconf 88' lang='lat' dir='ltr'><strong>et</strong></span> <span class='ocrx_word' id='word_1_717' title='bbox 2300 4751 2672 4822; x_wconf 57' lang='lat' dir='ltr'><strong>praerogativae</strong></span> <span class='ocrx_word' id='word_1_718' title='bbox 2706 4764 2734 4801; x_wconf 88' lang='lat' dir='ltr'><strong>a</strong></span> <span class='ocrx_word' id='word_1_719' title='bbox 2762 4765 2889 4804; x_wconf 89' lang='lat' dir='ltr'><strong>vero</strong></span> <span class='ocrx_word' id='word_1_720' title='bbox 2918 4748 3064 4816; x_wconf 78' lang='lat' dir='ltr'><strong>Rege</strong></span> <span class='ocrx_word' id='word_1_721' title='bbox 3092 4745 3320 4816; x_wconf 77' lang='lat' dir='ltr'><strong>martyri</strong></span> <span class='ocrx_word' id='word_1_722' title='bbox 3348 4743 3578 4812; x_wconf 80' lang='lat' dir='ltr'><strong>mystice</strong></span> 
     </span>
    </p>
   </div>
   <div class='ocr_carea' id='block_1_98' title="bbox 311 4838 1865 4929">
    <p class='ocr_par' dir='ltr' id='par_1_98' title="bbox 311 4844 1864 4929">
     <span class='ocr_line' id='line_1_98' title="bbox 311 4844 1864 4929; baseline -0.002 -30"><span class='ocrx_word' id='word_1_723' title='bbox 311 4845 620 4918; x_wconf 80' lang='grc' dir='ltr'>χρήσιμον.</span> <span class='ocrx_word' id='word_1_724' title='bbox 648 4846 760 4899; x_wconf 75' lang='grc' dir='ltr'><strong>Καὶ</strong></span> <span class='ocrx_word' id='word_1_725' title='bbox 790 4844 934 4899; x_wconf 77' lang='grc' dir='ltr'>οὓτω</span> <span class='ocrx_word' id='word_1_726' title='bbox 959 4845 1104 4899; x_wconf 82' lang='grc' dir='ltr'>κατὰ.</span> <span class='ocrx_word' id='word_1_727' title='bbox 1129 4844 1189 4898; x_wconf 78' lang='grc' dir='ltr'>τὸ</span> <span class='ocrx_word' id='word_1_728' title='bbox 1211 4844 1603 4916; x_wconf 85' lang='grc' dir='ltr'>γεγραμμένον</span> <span class='ocrx_word' id='word_1_729' title='bbox 1643 4844 1790 4929; x_wconf 42' lang='grc' dir='ltr'><strong>περὶ.ὶ</strong></span> <span class='ocrx_word' id='word_1_730' title='bbox 1804 4861 1864 4898; x_wconf 89' lang='grc' dir='ltr'><strong>το</strong></span> 
     </span>
    </p>
   </div>
   <div class='ocr_carea' id='block_1_99' title="bbox 1968 4838 3578 4929">
    <p class='ocr_par' dir='ltr' id='par_1_99' title="bbox 2007 4838 3578 4911">
     <span class='ocr_line' id='line_1_99' title="bbox 2007 4838 3578 4911; baseline -0.007 -14"><span class='ocrx_word' id='word_1_731' title='bbox 2007 4843 2314 4911; x_wconf 67' lang='lat' dir='ltr'><strong>impertitte.</strong></span> <span class='ocrx_word' id='word_1_732' title='bbox 2348 4841 2473 4895; x_wconf 86' lang='lat' dir='ltr'><strong>Ideo</strong></span> <span class='ocrx_word' id='word_1_733' title='bbox 2502 4840 2682 4894; x_wconf 89' lang='lat' dir='ltr'><strong>divina</strong></span> <span class='ocrx_word' id='word_1_734' title='bbox 2717 4839 2808 4894; x_wconf 92' lang='lat' dir='ltr'><strong>Dei</strong></span> <span class='ocrx_word' id='word_1_735' title='bbox 2843 4838 3014 4907; x_wconf 80' lang='lat' dir='ltr'><strong>gratia</strong></span> <span class='ocrx_word' id='word_1_736' title='bbox 3047 4852 3153 4892; x_wconf 90' lang='lat' dir='ltr'><strong>non</strong></span> <span class='ocrx_word' id='word_1_737' title='bbox 3183 4849 3349 4906; x_wconf 73' lang='lat' dir='ltr'><strong>parra</strong></span> <span class='ocrx_word' id='word_1_738' title='bbox 3384 4848 3481 4904; x_wconf 84' lang='lat' dir='ltr'><strong>per</strong></span> <span class='ocrx_word' id='word_1_739' title='bbox 3514 4846 3578 4887; x_wconf 88' lang='lat' dir='ltr'><strong>ea</strong></span> 
     </span>
    </p>
   </div>
   <div class='ocr_carea' id='block_1_100' title="bbox 309 4930 1865 5008">
    <p class='ocr_par' dir='ltr' id='par_1_100' title="bbox 309 4931 1865 5008">
     <span class='ocr_line' id='line_1_100' title="bbox 309 4931 1865 5008; baseline -0.002 -17"><span class='ocrx_word' id='word_1_740' title='bbox 309 4935 790 5008; x_wconf 81' lang='grc' dir='ltr'>πρωταγωνιστοῦ</span> <span class='ocrx_word' id='word_1_741' title='bbox 835 4935 944 4988; x_wconf 84' lang='grc' dir='ltr'><strong>τῶν</strong></span> <span class='ocrx_word' id='word_1_742' title='bbox 984 4934 1303 5008; x_wconf 88' lang='grc' dir='ltr'>μαρτύρων,</span> <span class='ocrx_word' id='word_1_743' title='bbox 1344 4931 1700 5006; x_wconf 69' lang='grc' dir='ltr'>ούδεὶςέἶχεν</span> <span class='ocrx_word' id='word_1_744' title='bbox 1747 4937 1865 4988; x_wconf 88' lang='grc' dir='ltr'>ἀντι</span> 
     </span>
    </p>
   </div>
   <div class='ocr_carea' id='block_1_101' title="bbox 1968 4930 2769 5008">
    <p class='ocr_par' dir='ltr' id='par_1_101' title="bbox 2007 4930 2769 5002">
     <span class='ocr_line' id='line_1_101' title="bbox 2007 4930 2769 5002; baseline -0.005 -14"><span class='ocrx_word' id='word_1_745' title='bbox 2007 4934 2185 4989; x_wconf 86' lang='lat' dir='ltr'><strong>serius</strong></span> <span class='ocrx_word' id='word_1_746' title='bbox 2222 4931 2453 5002; x_wconf 82' lang='lat' dir='ltr'><strong>patravit</strong></span> <span class='ocrx_word' id='word_1_747' title='bbox 2485 4930 2769 4986; x_wconf 88' lang='lat' dir='ltr'><strong>miracula.</strong></span> 
     </span>
    </p>
   </div>
   <div class='ocr_carea' id='block_1_102' title="bbox 312 5016 3584 5106">
    <p class='ocr_par' dir='ltr' id='par_1_102' title="bbox 312 5016 3584 5106">
     <span class='ocr_line' id='line_1_102' title="bbox 312 5016 3584 5106; baseline -0.005 -19"><span class='ocrx_word' id='word_1_748' title='bbox 312 5036 518 5106; x_wconf 66' lang='grc' dir='ltr'>στῆναι</span> <span class='ocrx_word' id='word_1_749' title='bbox 547 5037 612 5104; x_wconf 75' lang='grc' dir='ltr'>τῇ</span> <span class='ocrx_word' id='word_1_750' title='bbox 648 5033 742 5086; x_wconf 87' lang='grc' dir='ltr'><strong>τοῦ</strong></span> <span class='ocrx_word' id='word_1_751' title='bbox 778 5032 1092 5104; x_wconf 82' lang='grc' dir='ltr'>Δημητρίου</span> <span class='ocrx_word' id='word_1_752' title='bbox 1126 5033 1311 5103; x_wconf 75' lang='grc' dir='ltr'>σοφίᾳ,</span> <span class='ocrx_word' id='word_1_753' title='bbox 1354 5035 1448 5086; x_wconf 87' lang='grc' dir='ltr'>καὶ</span> <span class='ocrx_word' id='word_1_754' title='bbox 1480 5031 1559 5101; x_wconf 85' lang='grc' dir='ltr'>τῷ</span> <span class='ocrx_word' id='word_1_755' title='bbox 1596 5031 1890 5102; x_wconf 81' lang='grc' dir='ltr'>πνεύματι,</span> <span class='ocrx_word' id='word_1_756' title='bbox 1922 5022 1966 5099; x_wconf 76' lang='grc' dir='ltr'>ᾧ</span> <span class='ocrx_word' id='word_1_757' title='bbox 1995 5030 2195 5083; x_wconf 74' lang='grc' dir='ltr'>ἐλάλει.</span> <span class='ocrx_word' id='word_1_758' title='bbox 2239 5026 2383 5097; x_wconf 80' lang='grc' dir='ltr'><strong>Ἐγὼ</strong></span> <span class='ocrx_word' id='word_1_759' title='bbox 2417 5029 2512 5080; x_wconf 74' lang='grc' dir='ltr'><strong>καὶ</strong></span> <span class='ocrx_word' id='word_1_760' title='bbox 2562 5027 2661 5096; x_wconf 80' lang='grc' dir='ltr'>τὴν</span> <span class='ocrx_word' id='word_1_761' title='bbox 2699 5024 3099 5097; x_wconf 72' lang='grc' dir='ltr'>στρατιωτικὴν</span> <span class='ocrx_word' id='word_1_762' title='bbox 3179 5024 3371 5092; x_wconf 80' lang='grc' dir='ltr'>στολὴν</span> <span class='ocrx_word' id='word_1_763' title='bbox 3396 5061 3409 5084; x_wconf 89' lang='grc'><strong>,</strong></span> <span class='ocrx_word' id='word_1_764' title='bbox 3488 5016 3584 5072; x_wconf 73' lang='grc' dir='ltr'>καὶ</span> 
     </span>
    </p>
   </div>
   <div class='ocr_carea' id='block_1_103' title="bbox 313 5116 3586 5197">
    <p class='ocr_par' dir='ltr' id='par_1_103' title="bbox 313 5116 3586 5197">
     <span class='ocr_line' id='line_1_103' title="bbox 313 5116 3586 5197; baseline -0.005 -14"><span class='ocrx_word' id='word_1_765' title='bbox 313 5127 412 5183; x_wconf 75' lang='grc' dir='ltr'><strong>τὸν</strong></span> <span class='ocrx_word' id='word_1_766' title='bbox 435 5128 495 5180; x_wconf 84' lang='grc' dir='ltr'><strong>ἐν</strong></span> <span class='ocrx_word' id='word_1_767' title='bbox 530 5129 596 5196; x_wconf 71' lang='grc' dir='ltr'>τῇ</span> <span class='ocrx_word' id='word_1_768' title='bbox 647 5129 794 5196; x_wconf 73' lang='grc' dir='ltr'>χειρὶ</span> <span class='ocrx_word' id='word_1_769' title='bbox 829 5124 1138 5192; x_wconf 84' lang='grc' dir='ltr'>δακτύλιον,</span> <span class='ocrx_word' id='word_1_770' title='bbox 1193 5126 1416 5179; x_wconf 76' lang='grc' dir='ltr'>καὶτὸν</span> <span class='ocrx_word' id='word_1_771' title='bbox 1452 5127 1720 5180; x_wconf 75' lang='grc' dir='ltr'>ὑπατικὸν</span> <span class='ocrx_word' id='word_1_772' title='bbox 1791 5125 2106 5197; x_wconf 81' lang='grc' dir='ltr'>ὼρατίωνα,</span> <span class='ocrx_word' id='word_1_773' title='bbox 2175 5127 2232 5179; x_wconf 82' lang='grc' dir='ltr'>ὃν</span> <span class='ocrx_word' id='word_1_774' title='bbox 2289 5128 2316 5178; x_wconf 86' lang='grc' dir='ltr'><strong>ὀ</strong></span> <span class='ocrx_word' id='word_1_775' title='bbox 2362 5125 2573 5194; x_wconf 74' lang='grc' dir='ltr'>μάρτυς</span> <span class='ocrx_word' id='word_1_776' title='bbox 2635 5123 2895 5186; x_wconf 78' lang='grc' dir='ltr'>ἀνεδεῖτο,</span> <span class='ocrx_word' id='word_1_777' title='bbox 2931 5122 3083 5192; x_wconf 78' lang='grc' dir='ltr'>παρᾶ</span> <span class='ocrx_word' id='word_1_778' title='bbox 3127 5120 3220 5173; x_wconf 88' lang='grc' dir='ltr'><strong>τοῦ</strong></span> <span class='ocrx_word' id='word_1_779' title='bbox 3286 5116 3586 5187; x_wconf 83' lang='grc' dir='ltr'>τηνικαῦτα</span> 
     </span>
    </p>
   </div>
   <div class='ocr_carea' id='block_1_104' title="bbox 316 5215 3587 5295">
    <p class='ocr_par' dir='ltr' id='par_1_104' title="bbox 316 5215 3587 5295">
     <span class='ocr_line' id='line_1_104' title="bbox 316 5215 3587 5295; baseline -0.004 -18"><span class='ocrx_word' id='word_1_780' title='bbox 316 5222 594 5295; x_wconf 82' lang='grc' dir='ltr'>βασιλέως</span> <span class='ocrx_word' id='word_1_781' title='bbox 623 5223 683 5274; x_wconf 81' lang='grc' dir='ltr'>τὸ</span> <span class='ocrx_word' id='word_1_782' title='bbox 707 5223 895 5292; x_wconf 59' lang='grc' dir='ltr'>σχῆμα</span> <span class='ocrx_word' id='word_1_783' title='bbox 923 5220 1128 5290; x_wconf 81' lang='grc' dir='ltr'>λαόὼν,</span> <span class='ocrx_word' id='word_1_784' title='bbox 1165 5221 1412 5290; x_wconf 76' lang='grc' dir='ltr'>σύμϐολα</span> <span class='ocrx_word' id='word_1_785' title='bbox 1439 5223 1656 5274; x_wconf 83' lang='grc' dir='ltr'>τελέσαι</span> <span class='ocrx_word' id='word_1_786' title='bbox 1699 5221 1988 5289; x_wconf 77' lang='grc' dir='ltr'>λογίζομαι</span> <span class='ocrx_word' id='word_1_787' title='bbox 2032 5221 2130 5290; x_wconf 77' lang='grc' dir='ltr'>τῆς</span> <span class='ocrx_word' id='word_1_788' title='bbox 2165 5222 2314 5289; x_wconf 83' lang='grc' dir='ltr'>παρὰ,</span> <span class='ocrx_word' id='word_1_789' title='bbox 2349 5221 2442 5273; x_wconf 83' lang='grc' dir='ltr'><strong>τοῦ</strong></span> <span class='ocrx_word' id='word_1_790' title='bbox 2509 5221 2676 5282; x_wconf 78' lang='grc' dir='ltr'>ὅντως</span> <span class='ocrx_word' id='word_1_791' title='bbox 2754 5218 3018 5289; x_wconf 85' lang='grc' dir='ltr'>βασιλέως</span> <span class='ocrx_word' id='word_1_792' title='bbox 3090 5215 3372 5286; x_wconf 84' lang='grc' dir='ltr'>μυστικῶς</span> <span class='ocrx_word' id='word_1_793' title='bbox 3436 5215 3587 5295; x_wconf 45' lang='grc' dir='ltr'>δεδοῖ</span> 
     </span>
    </p>
   </div>
   <div class='ocr_carea' id='block_1_105' title="bbox 322 5293 3586 5388">
    <p class='ocr_par' dir='ltr' id='par_1_105' title="bbox 322 5293 3586 5388">
     <span class='ocr_line' id='line_1_105' title="bbox 322 5293 3586 5388; baseline -0.004 -18"><span class='ocrx_word' id='word_1_794' title='bbox 322 5293 498 5388; x_wconf 74' lang='grc' dir='ltr'>μένης</span> <span class='ocrx_word' id='word_1_795' title='bbox 549 5315 936 5384; x_wconf 80' lang='grc' dir='ltr'>διδασκαλικῆς</span> <span class='ocrx_word' id='word_1_796' title='bbox 981 5314 1136 5379; x_wconf 79' lang='grc' dir='ltr'>ἀξίας</span> <span class='ocrx_word' id='word_1_797' title='bbox 1172 5317 1266 5368; x_wconf 72' lang='grc' dir='ltr'>καὶ</span> <span class='ocrx_word' id='word_1_798' title='bbox 1312 5316 1608 5384; x_wconf 79' lang='grc' dir='ltr'>προεδρίας</span> <span class='ocrx_word' id='word_1_799' title='bbox 1641 5315 1717 5385; x_wconf 72' lang='grc' dir='ltr'>τῷ</span> <span class='ocrx_word' id='word_1_800' title='bbox 1767 5316 2030 5386; x_wconf 73' lang='grc' dir='ltr'>μάρτυρι.</span> <span class='ocrx_word' id='word_1_801' title='bbox 2082 5315 2174 5367; x_wconf 83' lang='grc' dir='ltr'><strong>Διὸ</strong></span> <span class='ocrx_word' id='word_1_802' title='bbox 2213 5315 2306 5368; x_wconf 79' lang='grc' dir='ltr'>καὶ</span> <span class='ocrx_word' id='word_1_803' title='bbox 2361 5310 2522 5384; x_wconf 80' lang='grc' dir='ltr'>ἡτοῦ</span> <span class='ocrx_word' id='word_1_804' title='bbox 2564 5310 2698 5364; x_wconf 83' lang='grc' dir='ltr'>Θεοῦ</span> <span class='ocrx_word' id='word_1_805' title='bbox 2735 5311 2856 5364; x_wconf 82' lang='grc' dir='ltr'>θεία</span> <span class='ocrx_word' id='word_1_806' title='bbox 2923 5310 3084 5380; x_wconf 66' lang='grc' dir='ltr'>χάρις</span> <span class='ocrx_word' id='word_1_807' title='bbox 3144 5311 3245 5360; x_wconf 84' lang='grc' dir='ltr'><strong>ούκ</strong></span> <span class='ocrx_word' id='word_1_808' title='bbox 3315 5306 3471 5374; x_wconf 87' lang='grc' dir='ltr'>ὀλίγα</span> <span class='ocrx_word' id='word_1_809' title='bbox 3518 5293 3586 5359; x_wconf 77' lang='grc' dir='ltr'>δι’</span> 
     </span>
    </p>
   </div>
   <div class='ocr_carea' id='block_1_106' title="bbox 316 5410 1389 5480">
    <p class='ocr_par' dir='ltr' id='par_1_106' title="bbox 316 5410 1389 5480">
     <span class='ocr_line' id='line_1_106' title="bbox 316 5410 1389 5480; baseline -0.002 -13"><span class='ocrx_word' id='word_1_810' title='bbox 316 5411 506 5467; x_wconf 76' lang='grc' dir='ltr'>αὐτῶν</span> <span class='ocrx_word' id='word_1_811' title='bbox 539 5411 702 5465; x_wconf 86' lang='grc' dir='ltr'>τεθαυ</span> <span class='ocrx_word' id='word_1_812' title='bbox 713 5410 1104 5480; x_wconf 60' lang='grc' dir='ltr'>ματούργιμεν</span> <span class='ocrx_word' id='word_1_813' title='bbox 1135 5411 1263 5463; x_wconf 84' lang='grc' dir='ltr'>ῦστε</span> <span class='ocrx_word' id='word_1_814' title='bbox 1275 5428 1389 5480; x_wconf 88' lang='grc' dir='ltr'>ρον.</span> 
     </span>
    </p>
   </div>
   <div class='ocr_carea' id='block_1_107' title="bbox 397 5491 1865 5573">
    <p class='ocr_par' dir='ltr' id='par_1_107' title="bbox 397 5502 1865 5573">
     <span class='ocr_line' id='line_1_107' title="bbox 397 5502 1865 5573; baseline -0.001 -15"><span class='ocrx_word' id='word_1_815' title='bbox 397 5505 556 5558; x_wconf 74' lang='grc' dir='ltr'>Ἔδει</span> <span class='ocrx_word' id='word_1_816' title='bbox 604 5505 661 5556; x_wconf 82' lang='grc' dir='ltr'>δὲ</span> <span class='ocrx_word' id='word_1_817' title='bbox 697 5503 919 5568; x_wconf 79' lang='grc' dir='ltr'>πάντως</span> <span class='ocrx_word' id='word_1_818' title='bbox 953 5505 1043 5557; x_wconf 76' lang='grc' dir='ltr'><strong>τὸν</strong></span> <span class='ocrx_word' id='word_1_819' title='bbox 1089 5505 1326 5573; x_wconf 75' lang='grc' dir='ltr'>ἐξαρχῆς</span> <span class='ocrx_word' id='word_1_820' title='bbox 1376 5503 1679 5557; x_wconf 82' lang='grc' dir='ltr'>ἀπατεῶνα</span> <span class='ocrx_word' id='word_1_821' title='bbox 1727 5502 1865 5572; x_wconf 78' lang='grc' dir='ltr'>σοφᾶ</span> 
     </span>
    </p>
   </div>
   <div class='ocr_carea' id='block_1_108' title="bbox 1968 5491 3588 5573">
    <p class='ocr_par' dir='ltr' id='par_1_108' title="bbox 2092 5491 3588 5568">
     <span class='ocr_line' id='line_1_108' title="bbox 2092 5491 3588 5568; baseline -0.009 -12"><span class='ocrx_word' id='word_1_822' title='bbox 2092 5499 2196 5557; x_wconf 88' lang='lat' dir='ltr'><strong>Sed</strong></span> <span class='ocrx_word' id='word_1_823' title='bbox 2226 5496 2517 5568; x_wconf 87' lang='lat' dir='ltr'><strong>oportebat</strong></span> <span class='ocrx_word' id='word_1_824' title='bbox 2544 5494 2767 5551; x_wconf 89' lang='lat' dir='ltr'><strong>omnino</strong></span> <span class='ocrx_word' id='word_1_825' title='bbox 2794 5493 3205 5551; x_wconf 80' lang='lat' dir='ltr'><strong>fraudulentum</strong></span> <span class='ocrx_word' id='word_1_826' title='bbox 3230 5509 3261 5548; x_wconf 90' lang='lat' dir='ltr'><strong>a</strong></span> <span class='ocrx_word' id='word_1_827' title='bbox 3315 5491 3588 5563; x_wconf 75' lang='lat' dir='ltr'><strong>principio</strong></span> 
     </span>
    </p>
   </div>
   <div class='ocr_carea' id='block_1_109' title="bbox 320 5588 1865 5669">
    <p class='ocr_par' dir='ltr' id='par_1_109' title="bbox 320 5595 1865 5669">
     <span class='ocr_line' id='line_1_109' title="bbox 320 5595 1865 5669; baseline -0.001 -21"><span class='ocrx_word' id='word_1_828' title='bbox 320 5595 690 5669; x_wconf 69' lang='grc' dir='ltr'>ἠπατῆσθαι,</span> <span class='ocrx_word' id='word_1_829' title='bbox 754 5596 842 5648; x_wconf 80' lang='grc' dir='ltr'>ἵνα</span> <span class='ocrx_word' id='word_1_830' title='bbox 928 5596 1002 5665; x_wconf 78' lang='grc' dir='ltr'>μὴ</span> <span class='ocrx_word' id='word_1_831' title='bbox 1075 5596 1185 5663; x_wconf 74' lang='grc' dir='ltr'><strong>πρὸ</strong></span> <span class='ocrx_word' id='word_1_832' title='bbox 1252 5595 1450 5668; x_wconf 86' lang='grc' dir='ltr'>καιροῦ</span> <span class='ocrx_word' id='word_1_833' title='bbox 1518 5596 1612 5649; x_wconf 71' lang='grc' dir='ltr'><strong>τὸν</strong></span> <span class='ocrx_word' id='word_1_834' title='bbox 1683 5595 1865 5649; x_wconf 83' lang='grc' dir='ltr'>θάνατι</span> 
     </span>
    </p>
   </div>
   <div class='ocr_carea' id='block_1_110' title="bbox 1968 5588 3594 5669">
    <p class='ocr_par' dir='ltr' id='par_1_110' title="bbox 2017 5588 3594 5668">
     <span class='ocr_line' id='line_1_110' title="bbox 2017 5588 3594 5668; baseline -0.009 -14"><span class='ocrx_word' id='word_1_835' title='bbox 2017 5596 2295 5666; x_wconf 88' lang='lat' dir='ltr'><strong>sapienter</strong></span> <span class='ocrx_word' id='word_1_836' title='bbox 2327 5592 2510 5648; x_wconf 89' lang='lat' dir='ltr'><strong>deludi</strong></span> <span class='ocrx_word' id='word_1_837' title='bbox 2543 5605 2612 5645; x_wconf 91' lang='lat' dir='ltr'><strong>ne</strong></span> <span class='ocrx_word' id='word_1_838' title='bbox 2639 5588 2784 5644; x_wconf 89' lang='lat' dir='ltr'><strong>data-</strong></span> <span class='ocrx_word' id='word_1_839' title='bbox 2808 5592 3122 5668; x_wconf 63' lang='lat' dir='ltr'><strong>occasione,</strong></span> <span class='ocrx_word' id='word_1_840' title='bbox 3157 5597 3387 5644; x_wconf 81' lang='lat' dir='ltr'><strong>mortem</strong></span> <span class='ocrx_word' id='word_1_841' title='bbox 3443 5599 3594 5640; x_wconf 88' lang='lat' dir='ltr'><strong>mar-</strong></span> 
     </span>
    </p>
   </div>
   <div class='ocr_carea' id='block_1_111' title="bbox 324 5681 1865 5760">
    <p class='ocr_par' dir='ltr' id='par_1_111' title="bbox 324 5686 1865 5760">
     <span class='ocr_line' id='line_1_111' title="bbox 324 5686 1865 5760; baseline -0.003 -17"><span class='ocrx_word' id='word_1_842' title='bbox 324 5689 650 5760; x_wconf 73' lang='grc' dir='ltr'>συσκευάσῃ</span> <span class='ocrx_word' id='word_1_843' title='bbox 671 5686 746 5760; x_wconf 81' lang='grc' dir='ltr'>τῷ</span> <span class='ocrx_word' id='word_1_844' title='bbox 775 5689 1042 5760; x_wconf 80' lang='grc' dir='ltr'>μάρτυρι,</span> <span class='ocrx_word' id='word_1_845' title='bbox 1073 5690 1168 5741; x_wconf 72' lang='grc' dir='ltr'>καὶ</span> <span class='ocrx_word' id='word_1_846' title='bbox 1189 5689 1216 5742; x_wconf 82' lang='grc' dir='ltr'><strong>ὸ</strong></span> <span class='ocrx_word' id='word_1_847' title='bbox 1245 5689 1347 5759; x_wconf 80' lang='grc' dir='ltr'>τῆς</span> <span class='ocrx_word' id='word_1_848' title='bbox 1375 5690 1596 5742; x_wconf 75' lang='grc' dir='ltr'>αἰωνίου</span> <span class='ocrx_word' id='word_1_849' title='bbox 1625 5689 1865 5759; x_wconf 75' lang='grc' dir='ltr'>ἀποθήιιτ</span> 
     </span>
    </p>
   </div>
   <div class='ocr_carea' id='block_1_112' title="bbox 1968 5681 3596 5760">
    <p class='ocr_par' dir='ltr' id='par_1_112' title="bbox 2022 5681 3596 5760">
     <span class='ocr_line' id='line_1_112' title="bbox 2022 5681 3596 5760; baseline -0.01 -16"><span class='ocrx_word' id='word_1_850' title='bbox 2022 5689 2126 5760; x_wconf 79' lang='lat' dir='ltr'><strong>tyri</strong></span> <span class='ocrx_word' id='word_1_851' title='bbox 2154 5686 2566 5741; x_wconf 87' lang='lat' dir='ltr'><strong>machinaretnr</strong></span> <span class='ocrx_word' id='word_1_852' title='bbox 2594 5701 2609 5751; x_wconf 90' lang='lat'><strong>;</strong></span> <span class='ocrx_word' id='word_1_853' title='bbox 2641 5693 2694 5738; x_wconf 88' lang='lat' dir='ltr'><strong>et</strong></span> <span class='ocrx_word' id='word_1_854' title='bbox 2725 5684 2966 5739; x_wconf 85' lang='lat' dir='ltr'><strong>thesauri</strong></span> <span class='ocrx_word' id='word_1_855' title='bbox 2997 5686 3182 5736; x_wconf 66' lang='lat' dir='ltr'><strong>mterni</strong></span> <span class='ocrx_word' id='word_1_856' title='bbox 3213 5681 3423 5734; x_wconf 82' lang='lat' dir='ltr'><strong>fruetus</strong></span> <span class='ocrx_word' id='word_1_857' title='bbox 3453 5691 3596 5732; x_wconf 81' lang='lat' dir='ltr'><strong>non-</strong></span> 
     </span>
    </p>
   </div>
   <div class='ocr_carea' id='block_1_113' title="bbox 321 5767 1865 5853">
    <p class='ocr_par' dir='ltr' id='par_1_113' title="bbox 321 5781 1865 5853">
     <span class='ocr_line' id='line_1_113' title="bbox 321 5781 1865 5853; baseline -0.002 -16"><span class='ocrx_word' id='word_1_858' title='bbox 321 5781 569 5853; x_wconf 77' lang='grc' dir='ltr'>καρπὸς,</span> <span class='ocrx_word' id='word_1_859' title='bbox 624 5782 791 5853; x_wconf 83' lang='grc' dir='ltr'>μήπω</span> <span class='ocrx_word' id='word_1_860' title='bbox 825 5781 1056 5852; x_wconf 66' lang='grc' dir='ltr'>πεφθεὶς</span> <span class='ocrx_word' id='word_1_861' title='bbox 1109 5784 1189 5847; x_wconf 78' lang='grc' dir='ltr'><strong>εἰς</strong></span> <span class='ocrx_word' id='word_1_862' title='bbox 1223 5783 1408 5848; x_wconf 83' lang='grc' dir='ltr'>τέλος,</span> <span class='ocrx_word' id='word_1_863' title='bbox 1447 5781 1783 5853; x_wconf 72' lang='grc' dir='ltr'>ἑκτρυγηθῇ,</span> <span class='ocrx_word' id='word_1_864' title='bbox 1817 5798 1865 5834; x_wconf 70' lang='grc' dir='ltr'>κε</span> 
     </span>
    </p>
   </div>
   <div class='ocr_carea' id='block_1_114' title="bbox 1968 5767 3596 5853">
    <p class='ocr_par' dir='ltr' id='par_1_114' title="bbox 2022 5767 3596 5848">
     <span class='ocr_line' id='line_1_114' title="bbox 2022 5767 3596 5848; baseline -0.007 -12"><span class='ocrx_word' id='word_1_865' title='bbox 2022 5782 2148 5836; x_wconf 89' lang='lat' dir='ltr'><strong>dum</strong></span> <span class='ocrx_word' id='word_1_866' title='bbox 2201 5775 2442 5848; x_wconf 77' lang='lat' dir='ltr'><strong>perfecte</strong></span> <span class='ocrx_word' id='word_1_867' title='bbox 2477 5787 2728 5833; x_wconf 75' lang='lat' dir='ltr'><strong>maturus</strong></span> <span class='ocrx_word' id='word_1_868' title='bbox 2771 5775 3198 5829; x_wconf 82' lang='lat' dir='ltr'><strong>vindemiarctur</strong></span> <span class='ocrx_word' id='word_1_869' title='bbox 3248 5780 3304 5826; x_wconf 77' lang='grc' dir='ltr'>νι.</span> <span class='ocrx_word' id='word_1_870' title='bbox 3346 5767 3596 5840; x_wconf 85' lang='lat' dir='ltr'><strong>corporis</strong></span> 
     </span>
    </p>
   </div>
   <div class='ocr_carea' id='block_1_115' title="bbox 504 5965 1513 6038">
    <p class='ocr_par' dir='ltr' id='par_1_115' title="bbox 504 5965 1513 6038">
     <span class='ocr_line' id='line_1_115' title="bbox 504 5965 1513 6038; baseline -0.004 -14"><span class='ocrx_word' id='word_1_871' title='bbox 504 5965 784 6035; x_wconf 77' lang='lat' dir='ltr'><strong>1Cor.tt,</strong></span> <span class='ocrx_word' id='word_1_872' title='bbox 828 5965 913 6022; x_wconf 75' lang='grc'><strong>15.</strong></span> <span class='ocrx_word' id='word_1_873' title='bbox 994 5967 1038 6002; x_wconf 70' lang='grc'>⁸³</span> <span class='ocrx_word' id='word_1_874' title='bbox 1067 5966 1300 6038; x_wconf 69' lang='grc' dir='ltr'><strong>Ριιὶιτιη).</strong></span> <span class='ocrx_word' id='word_1_875' title='bbox 1341 5981 1423 6033; x_wconf 87' lang='grc' dir='ltr'>ιιι,</span> <span class='ocrx_word' id='word_1_876' title='bbox 1458 5965 1513 6020; x_wconf 93' lang='grc'>8.</span> 
     </span>
    </p>
   </div>
  </div>
