4070 6210
518 374 629 440 5ιῖ

1748 365 2131 431 GREGORII
2170 362 2499 428 PALAMB

3678 359 3803 425 544

515 468 764 536 pondere
800 462 1004 521 cadens
1032 461 1087 516 in
1110 468 1311 517 terram
1353 474 1461 517 non
1499 459 1666 517 ferret
1694 460 1937 517 fructum
1963 459 2105 514 mul-

2214 455 2393 512 πεσὼν
2446 456 2535 512 διά
2581 455 2679 511 τοῦ
2730 456 2992 528 σώματος
3032 453 3115 520 είς
3158 454 3259 523 τὴν
3282 452 3410 525 γῆν,
3441 450 3546 507 οὐκ
3587 451 3809 525 ὶνέγκπ

516 567 635 615 tum
698 564 921 627 propter
952 557 1307 609 immaturum
1338 568 1551 609 casum.
1577 552 1682 609 Sed
1720 568 1847 609 cum
1905 551 2102 608 horum

516 648 899 721 symbolorum
934 648 1141 703 exitum
1178 646 1225 703 is
1257 662 1417 716 quem
1469 657 1621 704 recte
1672 646 1848 719 ipsam
1897 644 2106 702 dixeris

515 740 799 804 invidiam,
821 741 1195 806 vidisset,cum
1225 740 1353 796 talia
1385 741 1529 796 ferre
1552 756 1663 797 non
1690 747 1895 810 posset,
1919 737 2106 796 furore

519 832 771 889 accendit
788 832 1087 890 secundum
1116 835 1395 904 antiquam
1412 830 1683 890 fallaciam
1701 833 1927 903 opifices
1947 847 2104 888 mert-

517 923 661 980 dacii
680 926 773 996 qui
803 928 914 997 regi
938 927 1209 983 mendacii
1226 927 1352 997 (iste
1374 925 1741 983 Maximianus
1762 927 1900 989 erat)
1925 925 2105 981 domi-

521 1019 677 1074 nanti
697 1029 949 1089 parentes
968 1027 1376 1091 persequuntur
1398 1020 1667 1076 mendacii
1689 1020 2102 1084 insectatorem,

523 1117 582 1165 et
632 1110 714 1166 sic
771 1111 839 1166 ad
889 1112 1142 1183 martyrii
1174 1111 1411 1169 stadium
1441 1112 1741 1183 accingitur
1776 1111 2104 1177 Demetrius,

524 1201 721 1269 gratiis
777 1202 1151 1260 ineﬂ’abilibus
1186 1218 1213 1259 a
1248 1201 1429 1275 pireris
1461 1204 1677 1275 plenus,
1740 1205 1796 1259 in
1848 1203 2107 1258 omnibus

526 1296 745 1365 sapiens
778 1305 832 1352 et
862 1296 1049 1367 justus
1082 1307 1136 1353 et
1176 1306 1401 1354 sanctus
1435 1306 1488 1354 et
1526 1298 1808 1369 apostolus
1848 1305 1903 1353 et
1950 1296 2109 1366 virgo

526 1391 581 1438 et
612 1383 1023 1445 immaculatus.
1052 1388 1195 1455 Quid
1228 1389 1424 1460 plura?
1469 1405 1579 1446 non
1610 1390 1791 1445 dicam
1844 1389 2105 1459 quoniam

527 1474 760 1533 dilectus
789 1476 1009 1536 Christo
1039 1478 1367 1551 discipulus,
1417 1482 1678 1552 quoniam
1725 1496 1939 1547 servus,
1970 1494 2109 1549 quo-

528 1566 675 1621 niam
730 1571 1215 1628 constantissimus
1242 1584 1297 1628 et
1352 1572 1819 1629 familiarissimus
1875 1572 2107 1636 amicus,

525 1674 622 1716 seu
653 1663 856 1733 potius,
888 1674 946 1719 ut
988 1666 1171 1721 omnia
1215 1666 1269 1721 in
1308 1683 1416 1721 uno
1441 1666 1799 1737 complectar,
1846 1666 2107 1737 quoniam

524 1754 783 1810 transivit
829 1772 927 1827 per
980 1761 1167 1816 omnia
1221 1759 1332 1813 Deo
1362 1760 1633 1831 jucunda,
1662 1766 1780 1815 tum
1838 1759 2105 1827 rationes,

528 1855 642 1903 tum
668 1847 856 1915 verba,
890 1858 1004 1904 tum
1036 1852 1405 1921 operationes.

598 1940 932 2001 Desideratis
959 1960 1168 2011 omnes,
1200 1946 1407 2016 optime
1440 1963 1632 2014 nosco,
1686 1947 1910 2002 modum
1960 1959 2114 2003 com-

526 2030 935 2102 prehensionis,
980 2035 1068 2091 ubi
1091 2046 1144 2091 et
1199 2038 1478 2106 quomodo
1528 2055 1556 2093 a
1604 2041 1762 2095 turba
1816 2037 2119 2107 inquisitus

530 2122 635 2181 fuit
662 2133 717 2179 et
741 2135 1049 2197 correptus.
1072 2129 1190 2184 Stat
1214 2130 1458 2197 porticus
1475 2130 1869 2187 subterraneus
1892 2128 1947 2185 in
1969 2138 2077 2185 tem
2090 2155 2112 2172 -

529 2213 621 2284 plo
654 2215 896 2287 Deiparze
933 2233 1149 2290 semper
1202 2221 1433 2293 Virginis
1463 2222 1553 2278 cui
1608 2238 1908 2295 cognomen
1962 2224 2113 2279 refu-

529 2306 675 2377 gium
713 2307 803 2363 ubi
831 2324 896 2364 ex
915 2311 1143 2381 antiquo
1163 2327 1315 2369 more
1336 2316 1515 2386 magni
1540 2316 2111 2387 martyrisencomlum

528 2396 760 2467 singulis
791 2399 955 2456 annis
993 2400 1254 2472 incipitur
1295 2414 1351 2460 et
1382 2408 1435 2460 in
1475 2407 1636 2462 finem
1689 2407 1980 2462 deducitur
2023 2421 2117 2463 so-

527 2488 805 2547 lemnitas.
840 2492 1125 2564 Regnante
1151 2510 1282 2566 ergo
1311 2496 1615 2569 impietate,
1635 2515 1773 2555 cum.
1797 2500 1976 2571 pietas
2007 2500 2114 2555 sub

524 2582 646 2638 sole
673 2582 855 2641 locum
883 2602 991 2644 non
1017 2589 1263 2658 haberet,
1310 2590 1400 2648 illa
1444 2594 1704 2665 hypogea
1758 2597 1985 2653 subiens
2025 2614 2116 2654 as-

527 2672 852 2734 sistentibus
886 2678 1164 2736 ccelestem
1197 2682 1505 2739 doctrinam
1542 2686 1927 2751 distribuebat,
1968 2698 2021 2743 et
2044 2688 2114 2744 ad

527 2784 653 2826 eum
685 2769 755 2825 ab
792 2772 1086 2843 impietatis
1108 2774 1246 2831 limo
1297 2779 1445 2833 velut
1476 2780 1547 2835 ah
1591 2779 1985 2836 acstuosissimo
2014 2796 2113 2850 pe-

527 2862 651 2935 lago
678 2865 1117 2939 confugientibus
1160 2885 1286 2926 vere
1337 2874 1694 2944 tranquillum
1731 2873 1951 2944 pietatis
1984 2889 2114 2945 por-

530 2962 647 3009 tum
684 2957 852 3013 vitam
883 2958 1253 3019 Christianam
1283 2980 1479 3021 secure
1506 2968 1856 3037 praedlcatam
1908 2983 2115 3039 propo-

529 3049 722 3116 nebat,
748 3058 801 3106 et
835 3051 916 3108 sic
942 3052 1212 3125 refugium
1245 3055 1631 3115 divinissimus
1662 3059 1875 3115 exstitit
1906 3069 2114 3132 martyr

532 3140 791 3238 omnibus
814 3144 960 3238 piam
988 3147 1156 3238 vitam
1202 3147 1554 3220 eligentibus,
1613 3160 1901 3221 propterea
1960 3152 2113 3207 ret‘u-
2140 3176 2186 3238 ο

532 3231 681 3302 gium
710 3249 812 3304 pro
856 3236 1113 3292 cathedra
1146 3238 1399 3293 sortitum
1446 3248 1551 3295 est.
1588 3238 1798 3307 Quibus
1818 3242 2020 3299 auditis
2048 3244 2118 3299 ab

532 3324 615 3379 eis
647 3325 741 3396 qui
770 3336 929 3384 erant
955 3344 1021 3385 ex
1051 3339 1205 3399 parte
1230 3329 1542 3388 Maximiani
1565 3332 1838 3399 Herculei,
1863 3351 2120 3393 surrexe-

535 3424 665 3473 runt
695 3420 763 3475 ad
792 3420 1183 3491 inquirendum
1216 3425 1435 3494 pietatis
1484 3434 1771 3498 patronos,
1808 3438 1863 3483 et
1904 3428 2119 3487 detecto

531 3520 776 3585 martyre
807 3513 880 3571 ibi
914 3516 1171 3586 populum
1194 3518 1447 3585 docente,
1477 3520 1652 3576 multo
1681 3522 1860 3592 magis
1888 3522 1969 3577 ira
1996 3522 2110 3579 fer-

532 3616 773 3662 vnerunt
796 3610 1014 3678 quando
1049 3610 1335 3668 collectam
1385 3611 1644 3669 viderunt
1703 3615 2113 3671 multitudinem

532 3697 681 3752 velut
714 3696 811 3754 Dei
833 3700 951 3756 voci
980 3702 1241 3759 Demetrii
1271 3704 1624 3761 sermonibus
1649 3704 2033 3772 inhaerentem,
2060 3708 2116 3763 in

533 3786 711 3857 ipsum
747 3790 966 3847 irruunt
994 3801 1253 3865 tanquam
1293 3795 1348 3851 in
1383 3798 1843 3867 praesumtiorem,
1869 3799 2119 3871 dispersa

535 3881 909 3952 multitudine,
969 3886 1377 3957 apprehensum
1435 3906 1535 3961 per
1570 3889 1716 3947 istud
1758 3892 1886 3949 iter-
1905 3900 2115 3962 agunt;

531 3983 588 4031 et
643 3968 981 4035 Maximiano
1010 3978 1245 4037 oderunt
1294 3985 1389 4053 qui
1446 3984 1651 4039 interea
1710 3998 1835 4039 curn
1896 4000 2111 4041 summa

532 4069 811 4142 voluptate
843 4072 1101 4129 baccheis
1132 4074 1446 4131 homicidiis
1476 4084 1623 4133 totus
1644 4076 1987 4148 indulgebat.
2014 4077 2117 4145 Qui

532 4180 658 4219 cum
686 4163 793 4221 nisi
841 4179 986 4236 agro
1018 4163 1205 4221 divelli
1256 4174 1465 4237 posset,
1520 4167 1725 4224 interea
1757 4178 2010 4225 sanctum
2061 4169 2118 4225 in

533 4272 756 4313 carcere
791 4257 995 4314 includi
1026 4258 1211 4329 jussit,
1250 4259 1370 4330 ejus
1427 4259 1598 4336 dilato
1639 4260 1924 4333 martyrio.
1972 4261 2121 4329 Quo.

532 4364 655 4404 rum
688 4363 788 4404 nos
820 4348 1139 4405 memoriam
1177 4350 1479 4423 quotannis
1520 4351 1864 4408 celebrantes
1897 4352 1971 4408 ibi
2019 4368 2119 4408 en~

2205 552 2419 624 καρπὸν
2447 549 2620 606 πολύν
2671 551 2762 607 διὰ
2826 549 2928 620 τὴν
2983 548 3251 622 ἀκαιρίαν
3315 546 3411 602 τοῦ
3463 546 3799 617 πτώματος.

2202 643 2353 698 Ἀλλ’
2382 642 2546 716 ἡνίκα
2584 643 2697 699 τῶν
2745 644 3035 714 συμϐόλων
3071 643 3298 697 εκείνων
3324 640 3444 712 τὴν
3497 638 3731 695 ἔκϐασιν
3766 638 3800 693 6

2205 735 2535 810 αὐτόχρημα
2568 736 2767 807 φθόνος
2817 733 2983 801 εἶδεν,
3014 734 3200 789 οὐκὶτι
3235 733 3426 805 φέρειν
3456 726 3568 795 οἷός
3598 747 3662 785 τε
3688 729 3808 798 ὢν,

2205 828 2457 899 ἑκμαίνει
2515 830 2658 884 κατά
2706 827 2799 882 τοῦ
2852 824 3157 883 ἀντιπάλου
3220 826 3323 893 τῆς
3388 821 3600 890 πλάνης
3661 819 3803 884 τοὺς

2205 917 2487 993 ὑπηρέτας
2536 923 2640 995 τῆς
2672 919 2910 991 πλάνης,
2940 917 3037 972 καὶ
3062 916 3139 987 τῷ
3173 912 3385 987 βασιλεί
3414 913 3517 982 τῆς
3546 911 3808 982 ἀπάτης,

2202 1012 2553 1083 Μαξιμιανδς
2590 1006 2751 1078 οὗτος
2794 1007 2885 1085 ἦν,
2947 1011 3335 1084 κρατήσαντες
3382 1008 3665 1075 ἀπάγουσι
3697 1010 3801 1059 τὸν

2204 1106 2305 1174 τῆς
2334 1105 2553 1176 ἀπάτης
2582 1105 2841 1173 διώκτην,
2872 1104 2966 1157 καὶ
2996 1101 3143 1156 οὐτω
3174 1099 3312 1171 πρὸς
3352 1099 3415 1153 τὸ
3450 1099 3545 1154 τοῦ
3574 1113 3801 1168 μαρτυ-

2209 1199 2329 1273 ρίου
2368 1198 2584 1254 στάδιον
2624 1198 2925 1251 ἀποδύεται
2960 1196 3295 1267 Δημήτριος,
3327 1196 3357 1249 6
3398 1193 3643 1264 χαρίτων
3689 1193 3802 1262 ἀῤ-

2209 1295 2392 1366 ρήτων
2437 1292 2503 1347 ἐκ
2562 1292 2753 1354 παιδὸς
2801 1288 3079 1359 ἔμπλεως,
3124 1289 3223 1342 καὶ
3261 1287 3329 1342 τὰ
3373 1291 3553 1343 πάντα
3603 1286 3797 1355 σοφὸς,

2208 1386 2305 1441 καὶ
2333 1385 2565 1451 δίκαιος,
2611 1383 2707 1437 καὶ
2746 1383 2915 1447 ὅσιος,
2960 1382 3054 1435 καὶ
3088 1380 3403 1442 ἀπόστολος,
3450 1379 3548 1433 καὶ
3583 1374 3800 1437 παρθέ-

2207 1494 2319 1545 νος,
2352 1474 2447 1531 καὶ
2477 1476 2773 1544 πάναγνος,
2807 1475 2870 1530 οὐ
2898 1474 3038 1529 πολύ
3071 1473 3129 1527 δὲ
3158 1474 3356 1541 εἰπεῖν,
3384 1473 3469 1526 ὅτι
3512 1472 3610 1526 καὶ
3650 1471 3799 1541 ἠγαο

2209 1573 2456 1645 τετιμένος
2505 1572 2584 1643 τῷ
2637 1570 2861 1643 Χριστῷ
2926 1570 3267 1642 μαθητὴς,ἦ
3329 1572 3482 1634 παῖς,
3539 1568 3573 1639 ἢ
3633 1569 3800 1637 φίλος

2211 1667 2380 1737 ἄκρος
2428 1665 2523 1721 καὶ
2559 1664 2913 1732 οίκειότατος,
2970 1660 3177 1727 μᾶλλον
3207 1661 3265 1717 δὲ
3315 1660 3481 1717 πάνθ’
3517 1660 3680 1732 ὁμοῦ,
3713 1660 3796 1725 ὡς

2211 1759 2310 1813 καὶ
2360 1757 2450 1812 διὰ
2490 1756 2709 1811 πάντων
2741 1754 2913 1810 ἐλθὼν
2953 1754 3064 1810 τῶν
3105 1753 3226 1825 Θεῷ
3270 1753 3467 1825 φίλων,
3496 1753 3592 1807 καὶ
3641 1752 3804 1822 λογι-

2217 1853 2395 1924 σμῶν,
2421 1851 2514 1905 καὶ
2538 1851 2737 1919 λόγων,
2767 1851 2861 1903 καὶ
2892 1847 3170 1919 πράξεων.

2286 1946 2512 2001 Ποθεῖτε
2570 1944 2796 2010 πάντες,
2838 1936 2898 1998 εὐ
2956 1939 3096 2011 οἶδα,
3153 1943 3252 1997 καὶ
3304 1941 3399 1995 τὸν
3440 1940 3649 2013 τρόπον
3692 1941 3802 2010 τῆς

2214 2039 2624 2108 κατασχέσεως,
2666 2037 2774 2107 δπη
2824 2053 2886 2091 τε
2927 2035 3020 2091 καὶ
3069 2036 3222 2101 ὅπως
3271 2034 3379 2088 ὐπδ
3424 2032 3534 2087 τῶν
3581 2031 3801 2102 δημίων

2215 2128 2331 2201 ἥλω
2364 2126 2721 2197 ζητούμενος.
2752 2124 2893 2179 Στοά
2924 2143 3005 2189 τις
3034 2125 3184 2180 iovis
3215 2124 3471 2191 ὑπόγειος
3491 2124 3552 2177 ἐν
3578 2120 3658 2192 τῷ
3681 2119 3809 2191 ναῷ

2219 2222 2319 2292 τῆς
2350 2218 2718 2290 ἀειπαροένου
2755 2215 2849 2272 καὶ
2872 2216 3243 2287 Θεομήτορος,
3292 2210 3364 2287 ἧς
3410 2211 3705 2283 καταφυγὴ
3738 2210 3801 2264 τὸ

2216 2312 2528 2381 ἐπώνυμον,
2554 2309 2679 2365 ὅθεν
2710 2308 2834 2372 ἔθος
2864 2307 2987 2361 ἔστι
3022 2306 3257 2361 παλαιδν
3292 2304 3394 2373 τῆς
3432 2302 3527 2357 τοῦ
3563 2303 3803 2373 μεγαλο-

2220 2405 2501 2481 μάρτυρος
2545 2400 2914 2474 πανηγύρεως
2949 2402 3052 2470 τὴν
3091 2398 3269 2472 ἀρχὴν
3316 2395 3385 2453 δι’
3419 2395 3573 2459 ἔτους
3617 2395 3801 2450 ποιεῖ-

2220 2497 2367 2563 σθαι,
2405 2495 2668 2551 κάκεῖθεν
2707 2493 2799 2548 διά
2832 2492 2930 2562 τῆς
2962 2491 3241 2564 λεωφόρου
3290 2490 3416 2564 μεθ’
3456 2490 3643 2562 ὐμνων
3687 2488 3807 2545 τῶν

2220 2590 2358 2662 πρὸς
2387 2590 2552 2644 αὐτὸν
2586 2590 2862 2658 ἀνιόντας,
2896 2589 3091 2645 ἐνθάδε
3127 2589 3334 2660 ταύτην
3362 2588 3548 2644 ἀνύειν
3588 2588 3685 2642 καὶ
3720 2588 3807 2653 είς

2216 2682 2368 2746 τέλος
2398 2683 2555 2753 ἄγειν
2578 2682 2678 2753 τὴν
2711 2681 2929 2753 ἑορτήν.
2969 2682 3082 2751 Τῆς
3112 2680 3207 2737 οὖν
3253 2680 3514 2744 ἀσεϐείας
3552 2681 3792 2749 lampa-

2218 2776 2441 2845 τούσης,
2488 2774 2611 2834 ἐπεὶ
2657 2774 2725 2829 τὰ
2760 2775 2857 2845 τῆς
2895 2774 3182 2841 εὐσεϐείας
3210 2774 3419 2847 ’χώραν
3468 2774 3569 2829 οὐκ
3621 2768 3795 2845 εἶχεν,

2217 2867 2612 2940 ὲμφιλοχωρῶν
2665 2869 2693 2921 6
2750 2868 2963 2939 μάρτυς
3018 2870 3135 2933 τοῖς
3187 2868 3469 2936 ὐπογείοις
3540 2869 3804 2923 ἰκτίνοις.

2222 2961 2502 3032 μετεδίδου
2542 2964 2655 3027 τοῖς
2719 2962 3012 3034 προσιοῦσι
3062 2961 3166 3032 τῆς
3212 2961 3475 3033 οὐρανίου
3533 2962 3801 3017 διδασκσ.

2219 3053 2359 3120 λίας,
2390 3055 2485 3109 καὶ
2516 3056 2630 3120 τοῖς
2657 3053 2765 3109 ἀπὸ
2795 3054 2898 3126 τῆς
2934 3055 3213 3123 ἀσεϐείας,
3245 3056 3415 3110 οίονεί
3452 3072 3597 3119 τινος
3628 3053 3803 3108 πολυ-

2221 3148 2502 3219 κυμάντου
2549 3147 2844 3217 κλύδωνος,
2884 3147 2975 3202 ἐπ’
3013 3148 3177 3203 αὐτὸν
3221 3149 3660 3220 καταφεύγουσι,
3702 3150 3806 3204 τὸν

2218 3242 2391 3305 ὅντως
2423 3240 2602 3295 εὐδιον
2628 3240 2830 3311 λιμένα
2865 3240 2968 3313 τῆς
2998 3240 3308 3309 εὐσεϐείας,
3352 3240 3471 3311 μετ’
3506 3242 3689 3301 ἀδείας
3732 3241 3805 3296 τά

2218 3332 2564 3404 Χριστιανῶν
2598 3332 2887 3388 ὑπετίθετο
2922 3329 3019 3387 καὶ
3071 3332 3271 3389 ιτὲλει.
3305 3334 3419 3388 Καὶ
3457 3332 3602 3386 οὕτω
3631 3350 3804 3387 κατα-

2218 3428 2369 3497 φυγὴ
2403 3426 2505 3497 μιν
2554 3429 2585 3481 6
2631 3426 2908 3489 Θειότατος
2940 3424 3157 3498 ὐπῆρχε
3224 3425 3530 3498 τηνικαῦτα
3582 3426 3803 3497 μάρτυς

2219 3517 2443 3573 πάντων
2474 3518 2582 3572 τῶν
2612 3518 2868 3572 εὐσεϐεῖν
2895 3518 3267 3590 αίρουμένων.
3290 3518 3600 3590 Καταφυγὴ
3620 3518 3676 3571 δὶ
3707 3518 3810 3571 sai.

2216 3608 2383 3673 τόπος
2434 3609 2687 3665 ἐντεῦθεν
2738 3610 2974 3681 δκλήθη.
3028 3609 3205 3664 Τοῦτο
3254 3610 3519 3681 μαθόντες
3554 3610 3606 3664 oi
3650 3610 3811 3681 παρὰ

2217 3701 2567 3773 Μαξιμιανοῦ
2596 3701 2693 3757 τοῦ
2730 3700 3056 3775 Ἐρκουλίου
3090 3704 3467 3765 καταστάντες
3493 3701 3810 3776 ῥινηλιτείν

2218 3796 2346 3860 τούς
2409 3796 2748 3867 συνηγόρους
2810 3796 2914 3868 τῆς
2970 3795 3300 3864 εὐσεϐείας,
3361 3796 3673 3853 διδάσκοντι
3725 3797 3810 3868 τῷ

2221 3889 2465 3961 μάρτυρι
2497 3889 2589 3943 τὸν
2619 3889 2750 3945 λαὸν
2780 3890 3113 3967 ἐπιστάντες
3165 3890 3305 3957 tui,
3335 3891 3433 3947 καὶ
3464 3890 3602 3945 πολύ
3635 3890 3809 3945 πλέον

2223 3981 2507 4053 μανέντες,
2537 3980 2634 4035 ἀτε
2674 3981 2737 4034 τδ
2776 3980 3197 4053 συνειλεγμένον
3230 3982 3439 4051 πλῆθος
3474 3982 3697 4049 ίδόντες,
3723 3980 3804 4047 ὥς

2218 4074 2354 4130 Θεοῦ
2390 4077 2616 4147 φωναῖς,
2660 4078 2775 4141 τοῖς
2806 4074 2902 4130 τοῦ
2933 4077 3257 4148 Δημητρίου
3288 4075 3473 4146 λόγοις
3505 4076 3808 4148 προσέχον-

2218 4188 2342 4235 τας,
2400 4169 2525 4226 κατ’
2558 4169 2725 4223 αὐτοῦ
2769 4169 3068 4241 χωροῦσιν,
3118 4170 3197 4235 ὡς
3251 4169 3695 4241 προεστηκότος,
3745 4167 3810 4222 τδ

2222 4262 2427 4333 πλῆθος
2456 4262 2938 4326 διασκεδάσαντες.
2996 4263 3391 4335 Κρατήσαντες
3440 4262 3520 4329 δὲ,
3560 4262 3651 4317 διά
3704 4263 3804 4331 τῆς

2219 4354 2504 4427 λεωφόρου
2532 4355 2730 4424 ἄγουσι
2762 4353 2992 4425 ταύτης,
3028 4355 3124 4410 καὶ
3162 4355 3241 4426 τῷ
3271 4353 3611 4426 Μαξιμιανῷ
3639 4370 3807 4423 παρι-

530 4444 711 4497 comia
753 4440 1074 4512 incipimus,
1115 4444 1203 4499 hic
1247 4454 1432 4499 autem
1478 4444 1836 4516 perfecimus.
1862 4443 2013 4502 Talis
2058 4461 2113 4502 se

2223 4448 2324 4501 στᾶ
2334 4462 2433 4510 σιν,
2458 4445 2697 4500 ἐνταῦθά
2714 4462 2805 4498 ποι
2828 4444 3186 4515 διατρίϐοντι,
3211 4445 3308 4500 καλ⁵
3329 4447 3453 4509 ταῖς
3470 4446 3568 4499 τοῦ
3591 4446 3803 4500 Λυαίου

531 4536 724 4592 habuit
758 4546 965 4609 martyr
1009 4546 1229 4608 propter
1280 4537 1563 4594 Christum
1608 4538 1812 4595 vadens
1845 4540 1912 4595 ad
1966 4540 2113 4596 occi-

2222 4538 2729 4610 ἀνθρωποκτονίαις
2784 4536 2904 4609 μεθ’
2937 4538 3135 4608 ἡδονῆς
3184 4538 3266 4591 ὅτι
3314 4536 3577 4608 πλείστης
3638 4552 3812 4605 προσ-

529 4626 764 4693 εἱίιιιεηι,
800 4636 1060 4698 tanquam
1084 4627 1151 4683 ad
1188 4627 1386 4684 festum
1437 4640 1490 4684 et
1515 4628 1825 4700 gratissima
1867 4630 2113 4685 convivia

2228 4633 2427 4704 ἑκόντι.
2472 4632 2533 4686 '0
2583 4630 2641 4686 δὲ
2691 4631 3169 4696 δυσαποσπάστως
3217 4631 3363 4703 ἔχων
3400 4630 3500 4699 τῆς
3536 4628 3808 4702 τίρψεως,

534 4721 821 4775 invitatus.
875 4719 1342 4777 Perversissimus
1411 4722 1535 4778 ideo
1588 4722 1802 4778 zelabat
1866 4722 2113 4779 diabolus

2226 4708 2467 4781 ἐνταῦθα
2533 4725 2932 4781 κατάκλειστον
2992 4724 3252 4794 γενίσθαι
3318 4723 3658 4798 προστάττει
3714 4724 3808 4779 τὸν

530 4831 694 4876 quam
726 4813 989 4869 citissime
1021 4816 1090 4869 ab
1122 4814 1438 4871 hominibus
1480 4815 1701 4871 auferre
1738 4815 2105 4872 Demetrium.

2223 4820 2401 4890 ἅγιον,
2423 4813 2498 4899 ὀὐ
2532 4820 2629 4873 καλ⁸
2653 4818 2713 4875 τὸ
2744 4819 3049 4891 μαρτύριον
3082 4818 3277 4890 ﬁrmas.
3311 4816 3484 4873 Ταῦθ’
3528 4818 3696 4889 ημεῐς
3729 4820 3808 4870 εί-

529 4906 649 4962 Νοη
681 4909 827 4963 enim
861 4908 1173 4978 patiebatur
1196 4909 1355 4963 talem
1388 4910 1569 4966 adhuc
1616 4911 1669 4965 in
1721 4918 1867 4965 terra
1919 4926 2113 4967 versar

2226 4912 2544 4978 κόνῐζοντες
2565 4911 2686 4966 κατ’
2712 4911 2833 4975 ἔτος
2861 4912 3114 4978 είκὸτως,
3141 4912 3261 4965 ἐκεί
3296 4910 3403 4982 μὲν
3427 4910 3528 4982 τῆς
3560 4916 3811 4980 πανηγυ-

530 5009 587 5054 et
612 5000 784 5055 videri
804 5009 857 5055 et
882 5000 1202 5058 hominibus
1226 5000 1375 5071 loqui
1398 5012 1453 5057 et
1476 5018 1699 5073 prorsus
1724 5002 1928 5061 audiri.
1967 5004 2113 5062 Deus

2234 5023 2376 5078 ρεως
2410 5003 2715 5074 ποιούμεθα
2748 5005 2847 5075 τὴν
2877 5004 3081 5075 ἀρχὴν,
3122 4995 3227 5056 ὧδε
3264 5003 3322 5056 δὲ
3352 5002 3455 5075 τὴν
3500 5001 3809 5068 τελείωσιν,

531 5100 717 5145 autem
748 5090 963 5147 volebat
999 5106 1161 5148 suum
1196 5093 1522 5163 pr0phetam
1553 5110 1679 5150 mox
1729 5112 1915 5151 coram
1941 5097 2113 5153 omni-

2228 5099 2354 5155 ἐπεὶ
2383 5099 2479 5152 καὶ
2500 5101 2526 5152 ό
2552 5098 2767 5169 μάρτυς
2793 5095 2967 5159 οὐτως
2990 5091 3157 5166 εἶχεν,
3183 5095 3476 5166 ἑλκόμενος
3493 5096 3573 5157 είς
3598 5093 3813 5166 σφαγὴν

532 5184 633 5241 bos
664 5185 930 5255 proferre,
968 5195 1021 5243 et
1050 5185 1179 5244 inde
1200 5187 1430 5245 illustris
1466 5188 1713 5261 martyrii
1750 5191 1987 5261 palmam
2010 5190 2113 5247 col-

2228 5189 2538 5261 τηνικαῦτα
2590 5186 2683 5242 διὰ
2720 5185 2973 5258 Χριστὸν,
3019 5185 3094 5250 ὡς
3130 5188 3213 5251 είς
3258 5185 3454 5259 ἑορτὴν
3485 5185 3582 5240 καὶ
3631 5185 3811 5257 θυμηο

532 5282 724 5350 ligere,
753 5281 850 5338 sed
882 5298 991 5337 non
1022 5298 1147 5338 eum
1185 5293 1397 5339 tantum
1436 5284 1686 5357 martyrii
1734 5285 1968 5353 gratiam
2023 5284 2113 5339 lia-

2225 5282 2350 5337 δίαν
2401 5282 2503 5351 τὴν
2566 5281 2840 5351 μεγίστην
2894 5278 3256 5350 καλούμενος.
3307 5278 3373 5333 Ἡ
3430 5278 3534 5350 μὶν
3574 5273 3675 5333 οὐν
3716 5276 3812 5331 τοῦ

529 5377 683 5444 bere,
703 5392 890 5433 verum
909 5378 1073 5433 etiam
1095 5379 1383 5435 habentem
1401 5378 1522 5435 aliis
1542 5379 1844 5449 impertire,
1858 5388 2113 5450 tanquam

2226 5375 2547 5445 ἀρχεκάκου
2574 5372 2828 5428 διαϐόλου
2864 5370 3097 5443 σπουδὴ,
3150 5373 3378 5443 τοτάχος
3404 5371 3464 5438 ἐξ
3500 5372 3812 5441 ἀνθρώπων

524 5484 592 5524 ex
628 5470 832 5525 eximia
868 5463 1134 5544 ai‘ctaque
1168 5488 1293 5527 cum
1334 5473 1451 5543 ipso
1492 5472 1756 5528 societate
1802 5471 1962 5543 quasi
1996 5468 2113 5526 fon-

2228 5468 2533 5539 τηνικαῦτα
2564 5466 2824 5537 γενέσθαι
2856 5466 3196 5537 Δημήτριον.
3231 5465 3305 5519 Οὐ
3340 5466 3449 5535 γάρ
3477 5464 3643 5535 ἔφερε
3684 5460 3814 5517 τοῦ⁹

528 5572 635 5617 tem
671 5564 938 5620 eximium
971 5565 1162 5637 gratiae
1185 5566 1385 5622 factus.

2229 5579 2323 5616 τον
2348 5560 2445 5615 ἐπὶ
2475 5559 2581 5630 γῆς
2624 5559 2698 5614 ἐτ’
2733 5554 2899 5621 εἶναι,
2938 5558 3034 5612 καὶ
3060 5555 3314 5629 ὁρᾶσθαι,
3355 5558 3449 5611 καὶ
3479 5554 3812 5627 προσλαλεῖν

525 5653 985 5722 άνθρῶποις,καὶ
1011 5657 1153 5724 δλως
1180 5657 1519 5713 ἀκούεσθαι·
1556 5660 1584 5713 6
1612 5658 1669 5713 δὲ
1702 5658 1835 5723 Θεὸς
1856 5655 2114 5712 ἐϐούλετο
2180 5656 2277 5712 καὶ
2329 5654 2623 5725 προφήτην
2672 5651 2804 5706 δντα
2866 5652 3223 5722 παραστῆσαι
3287 5651 3380 5704 τὸν
3428 5648 3569 5721 μετά
3618 5646 3817 5721 μικρὸν

527 5749 792 5818 εσόμενον
833 5754 975 5820 πρὸς
1006 5757 1119 5818 τοῖς
1148 5755 1332 5819 ἄλλοις
1375 5758 1510 5809 πᾶσι
1572 5758 1669 5810 καὶ
1704 5758 1908 5809 οἰκεῖον
1940 5754 2436 5826 μεγαλομάρτυρα,
2462 5750 2560 5804 καὶ
2592 5750 2667 5821 μὴ
2704 5750 2868 5819 μόνον
2922 5750 3134 5803 ἐνοικον
3195 5749 3390 5819 ἔχοντα
3441 5747 3543 5819 τὴν
3600 5763 3817 5818 μαρτυ-

536 5841 699 5913 ρικὴν
728 5845 913 5914 χάριν.
946 5847 1085 5903 ἀλλὰ
1114 5850 1351 5913 καὶτοῖς
1384 5850 1861 5920 άλλοις,παρέχειν
1896 5848 2113 5919 ἔχοντα,
2149 5848 2214 5904 ὲκ
2242 5848 2344 5919 τῆς
2372 5845 2510 5917 πρὸς
2546 5843 2711 5899 αὐτὸν
2745 5842 2925 5917 άκρας
2996 5843 3319 5915 ὑπερφυοῦς
3381 5841 3682 5921 συναφείας
3722 5833 3815 5895 οἷά

531 5950 658 5989 τινα
688 5939 872 6009 πηγὴν
902 5942 1157 6016 ὗπερφνᾶ
1182 5946 1443 6014 γεγονᾶτα
1476 5946 1577 6019 τῆς
1609 5946 1853 6018 χάριτος.
