4070 6210
264 274 375 342 545

1616 268 1782 329 ΗοΜ
1800 267 1949 329 ILIA
1981 265 2202 328 XLIII.

3426 265 3537 339 516

342 394 453 450 Καὶ
490 392 545 449 τί
569 392 649 449 δεῖ
676 391 883 461 λέγειν,
916 388 1014 443 τοῦ
1053 386 1255 458 καιροῦ
1302 386 1490 458 μακρά
1536 386 1720 456 λέγειν
1771 386 1847 457 μὴ

2019 382 2163 451 Quid
2220 381 2286 436 ad
2352 379 2467 435 haec
2506 377 2805 450 adjiciam?
2845 391 2974 435 cum
3032 386 3250 450 tempus
3296 382 3538 441 orationi

272 486 730 560 συγχωροῦντοςς
767 484 912 539 Ἵστε
963 483 1059 553 τὴν
1106 480 1374 552 ἀναϐολὴν
1424 478 1518 533 τοῦ
1557 480 1849 550 τυράννου,

272 584 369 638 καὶ
390 582 490 653 τὴν
523 578 806 655 κάθειρξιν
836 576 1176 648 Δημητρίου,
1208 576 1305 627 καὶ
1340 575 1431 628 τὸν
1474 571 1726 643 Νέστορα
1758 572 1851 625 ἐπὶ

271 673 509 740 τούτοις,
556 671 651 725 καὶ
695 670 796 739 τὴν
829 669 967 741 πρὸς
1000 667 1165 723 αὐτὸν
1211 664 1309 719 τοῦ
1354 664 1853 735 μεγαλομάρτυρος

274 764 639 837 προφητείαν,
668 762 757 817 καὶ
781 775 880 833 την
900 762 1021 816 κατ’
1046 759 1217 829 αὐτὴν
1244 759 1454 813 ἐκείνου
1483 757 1625 812 κατά
1652 756 1855 811 Δυαίου

272 859 460 927 νίκην.
493 855 677 912 καὶτὸ
714 854 1041 927 μαρτύριον.
1094 851 1238 904 ‘AD.’
1274 852 1348 915 ὡς
1381 844 1520 905 εἶδεν
1547 850 1575 903 ὁ
1616 851 1860 921 ἀρχέκαο

275 964 372 1011 κος
422 946 547 1016 δφις
576 944 1053 1017 παρατεινομένην
1096 941 1197 1010 τὴν
1240 938 1511 1010 ἀναϐολὴν
1536 938 1628 991 τοῦ
1657 938 1858 1007 τυράν-

276 1058 395 1105 νου,
451 1038 614 1103 αὐτὸς
666 1036 724 1091 δὲ
756 1036 860 1090 οὐκ
908 1034 1108 1105 ἔφερεν
1153 1034 1234 1087 ἐτι
1268 1032 1451 1098 ζῶντα
1481 1032 1707 1103 βλέπειν
1763 1028 1858 1084 ἐπὶ

276 1134 405 1204 γῆς,
439 1132 530 1187 τὸν
578 1130 676 1185 καὶ
730 1129 838 1199 πρὸ
870 1130 970 1197 τῆς
1023 1127 1363 1191 τελειώσεως
1406 1126 1501 1181 τοῦ
1552 1126 1859 1198 μαρτυρίου

282 1229 463 1299 μέγαν
491 1226 829 1297 Δημήτριον,
867 1220 1129 1291 σκορπίον
1156 1218 1380 1283 ὑποδὺς,
1417 1217 1747 1286 προσϐάλλει
1784 1216 1861 1289 τῷ

286 1320 556 1391 μάρτυρι,
607 1314 709 1385 οὐχ
764 1312 841 1377 ὡς
892 1312 1264 1383 ἀπατήσωνῆ
1321 1311 1548 1379 θέλξων,
1603 1311 1861 1383 καθάπερ

274 1412 422 1467 ποτὶ
451 1412 538 1465 διά
568 1409 663 1464 τοῦ
715 1407 891 1479 ὄφεως
922 1407 1024 1478 τῆς
1061 1404 1284 1477 πρώτης
1325 1406 1543 1476 ἐκείνης
1575 1406 1865 1477 ξυνωρίδος

284 1506 398 1560 τῶν
434 1502 803 1575 προπατόρων
851 1503 954 1571 τὴν
1006 1500 1106 1572 μὲν
1162 1498 1499 1571 ἐξηπάτησε,
1551 1498 1642 1551 τὸν
1689 1498 1747 1554 δέ
1794 1497 1863 1555 δι’

286 1599 503 1684 ἐκείνης
536 1596 773 1664 ἐθελξεν.
816 1595 975 1667 ’ῌδει
1022 1592 1132 1667 γάρ
1170 1593 1259 1651 διὰ
1293 1593 1490 1665 πείρας
1521 1592 1868 1662 ἀνεξαπάτη.

1954 474 2341 546 prolongamlze
2392 489 2501 527 non
2535 472 3026 543 suppetat.Nostis
3058 475 3275 547 tyranni
3310 476 3537 533 dilatio-

1954 585 2078 624 nem
2126 579 2181 623 et
2226 565 2485 623 Demetrii
2539 564 2596 620 in
2658 564 2966 622 custodiam
3016 566 3441 637 coniectionem,
3480 576 3537 625 et

1955 663 2042 717 liis
2070 661 2346 732 adiunctis
2366 660 2674 725 Nestorem,
2692 666 2747 711 et
2772 657 3033 729 martyris
3052 658 3226 714 nostri
3256 662 3323 715 ad
3353 660 3537 731 ipsum

1955 753 2329 825 prophetiam,
2358 751 2556 821 eteius
2586 751 2877 807 victoriam
2929 752 2985 806 in
3016 748 3261 823 Lyzeum,
3291 760 3347 806 et
3392 768 3539 809 mar-

1958 854 2185 925 tyrium.
2224 851 2330 906 Sed
2361 848 2817 921 perversissimus
2861 864 3089 919 serpens
3124 858 3415 920 conspecta
3453 860 3535 923 ty-

1956 946 2117 1001 ranni
2150 959 2303 999 mora
2346 960 2453 999 non
2503 943 2714 998 ferebat
2747 942 2931 998 adhuc
2962 943 3233 998 viventem
3288 943 3343 999 in
3387 954 3537 1001 terra

1962 1039 2298 1095 Demetrium
2353 1038 2579 1102 videre,
2635 1037 2788 1092 illum
2849 1037 3016 1093 etiam
3072 1045 3201 1093 ante
3256 1036 3536 1108 expletum

1958 1133 2283 1205 martyrium
2317 1131 2847 1197 execilentem,.sed
2895 1132 3245 1204 scorpionem
3292 1132 3558 1203 irrepens.

1961 1241 2089 1282 eum
2128 1224 2197 1280 ad
2231 1233 2524 1294 martyrem
2554 1222 2831 1290 admovet,
2870 1237 2981 1279 non
3026 1223 3250 1293 quidem
3299 1232 3359 1279 nt
3409 1239 3539 1280 eum

1963 1320 2173 1377 talleret
2210 1320 2295 1375 vel
2344 1320 2650 1375 incantaret
2696 1318 2924 1390 perinde
2979 1333 3044 1374 ae
3098 1320 3228 1373 olim
3276 1335 3373 1390 per
3416 1334 3537 1374 scr-

1964 1424 2179 1487 pentem
2216 1428 2283 1468 ex
2320 1414 2595 1484 primaevis
2635 1412 2958 1483 parentibus
2992 1411 3153 1467 aliam
3190 1413 3410 1483 quidem
3460 1412 3542 1469 fe-

1967 1506 2126 1571 fellit,
2169 1506 2339 1561 alium
2382 1521 2514 1561 vero
2563 1520 2659 1575 per
2702 1520 2823 1560 eam
2857 1505 3100 1561 seduxit.
3146 1506 3367 1561 Sciebat
3394 1507 3540 1562 enim

1969 1598 2307 1653 Demetrium
2371 1598 2671 1652 tentatioue
2726 1613 2838 1654 non
2889 1597 3259 1654 deludendum
3300 1607 3355 1654 et
3400 1599 3540 1654 mira

274 1709 381 1748 τον
442 1692 573 1745 ὄντα
625 1692 967 1761 Δημήτριον,
1023 1687 1119 1742 καὶ
1164 1688 1415 1756 γενναῖον
1458 1685 1741 1749 ἐπιεικῶς,
1769 1684 1865 1740 καλ⁵

1973 1691 2340 1761 generositate
2391 1691 2678 1759 praeditum
2728 1702 2781 1748 et
2810 1693 2877 1747 ad
2910 1691 3221 1763 eligendum
3253 1694 3397 1763 quod
3430 1708 3545 1749 me-

282 1786 745 1857 γεγυμνασμένον
789 1785 930 1854 πρὸς
965 1782 1231 1852 διαίρεσιν
1283 1779 1380 1835 τοῦ
1424 1780 1714 1851 βελτίονος.
1751 1781 1864 1849 Οὐχ

1973 1784 2078 1839 lius
2106 1793 2190 1839 est
2221 1786 2378 1840 valde
2402 1785 2729 1840 exercitum.
2762 1784 2884 1840 Non
2918 1761 3051 1857 ergo
3075 1784 3142 1839 ad
3174 1761 3543 1842 deludendum

275 1874 364 1938 ὡς
399 1874 703 1945 ἀπατήσων
732 1869 827 1927 οῦν
861 1872 948 1927 διὰ
978 1872 1242 1945 σκορπίου
1273 1870 1626 1944 προσϐάλλει,
1652 1870 1768 1926 ἀλλ’
1791 1870 1867 1935 ὡς

287 1965 514 2036 πλήξων
548 1966 804 2037 καιρίως,
840 1968 936 2022 καὶ
986 1966 1313 2023 θανατώσων
1355 1968 1433 2034 ὡς
1478 1968 1728 2039 τάχιστα,
1774 1970 1867 2022 καὶ

290 2056 626 2124 ἀπαλλάξων
664 2058 863 2112 ἐαυτδν
910 2059 1210 2115 ἀντιπάλου
1238 2060 1496 2114 τοσούτου
1528 2061 1626 2132 τὴν
1664 2060 1870 2133 ἀρετὴν

290 2156 392 2209 καὶ
431 2152 530 2224 τὴν
573 2151 827 2223 δύναμιν.
871 2150 1033 2207 Ἀλλά
1086 2152 1281 2222 φθάνει
1330 2152 1394 2207 τδ
1440 2154 1604 2224 τάχος
1652 2153 1865 2207 ἐκείνου

290 2248 391 2304 καὶ
430 2248 530 2319 τὴν
570 2246 809 2317 σπουδὴν
856 2246 1209 2319 ὴένοικοῦσα
1252 2247 1331 2319 τῷ
1380 2247 1677 2319 Δημητρίῳ
1706 2247 1866 2318 χάρις

284 2338 439 2412 αὕτη
489 2339 587 2393 καὶ
642 2339 894 2412 δύναμις.
949 2339 1273 2411 Ἐπικλήσει
1303 2338 1414 2412 γὰρ
1464 2339 1562 2394 καὶ
1607 2340 1866 2411 σφραγῖδι

274 2437 417 2507 ίθείᾳ
448 2436 537 2490 διὰ
584 2438 682 2507 τῆς
716 2437 924 2498 οίκείας
958 2436 1139 2507 χειρὸς
1172 2435 1201 2487 ὁ
1231 2437 1445 2506 μάρτυς
1496 2435 1862 2507 χρησάμενος,

276 2530 484 2601 ’νεκροί
511 2528 571 2583 τδ
603 2530 703 2599 τῆς
733 2528 1053 2599 νεκρὼσεως
1092 2524 1349 2598 ὄργανον,
1388 2528 1487 2581 καὶ
1514 2526 1867 2598 καταισχύνει

291 2624 390 2676 τὸν
424 2620 717 2686 ὑποδύντα,
747 2621 1103 2692 καταργήσας
1122 2619 1288 2673 αὑτοῦ
1320 2621 1420 2691 την
1446 2620 1749 2689 ἐνέργειαν,
1772 2618 1867 2672 καὶ

280 2713 572 2768 δείκνυσιν
601 2711 873 2777 ἐντεῦθεν,
902 2711 1000 2777 ὡς,
1025 2713 1074 2764 εί
1101 2711 1177 2784 μὴ
1208 2710 1369 2773 αὐτὸς
1398 2708 1539 2763 ἐκὼν
1569 2707 1779 2779 ὑπῆλθε
1804 2708 1869 2763 τὸ

290 2807 497 2872 πάθος,
531 2804 645 2861 οὐδ’
675 2807 741 2861 ἀν
776 2806 915 2871 ὅλως
951 2804 1144 2870 ἔπαθε,
1178 2802 1329 2875 παρά
1361 2803 1462 2872 τῆς
1493 2799 1589 2855 τοῦ
1623 2799 1865 2871 Χριστοῦ

287 2900 524 2975 χάριτος
572 2900 668 2954 καὶ
702 2898 989 2969 δυνάμεως
1032 2897 1437 2970 φρουρούμενός
1480 2913 1540 2949 τε
1586 2895 1683 2949 καὶ
1710 2894 1869 2948 δυνα-

284 2994 598 3063 ’μούμενος,
636 2990 807 3045 θέλων
836 2991 893 3045 δέ
926 2990 1306 3061 παραδίδοται,
1343 2990 1437 3043 καὶ
1470 2988 1865 3059 περικλείεται,

1970 1880 2322 1950 scorpionem
2372 1879 2655 1949 ingressus
2697 1878 2932 1947 accedit,
2974 1879 3069 1935 sed
3112 1889 3170 1935 ut
3205 1879 3392 1935 iethali
3427 1880 3544 1935 vul-

1972 1987 2105 2028 nere
2139 1972 2449 2027 sant-istum
2476 1986 2641 2041 quam
2674 1970 2941 2026 citissime
2968 1972 3243 2028 occideret
3267 1982 3321 2028 et
3349 1982 3547 2029 semct-

1970 2065 2150 2136 ipsum
2194 2075 2344 2121 tanto
2391 2077 2448 2121 et
2498 2066 2701 2121 virtute
2750 2077 2806 2121 et
2847 2064 3173 2121 fortitudine
3223 2065 3544 2121 adversario

1969 2159 2292 2225 expediret;
2344 2158 2437 2213 sed
2472 2158 2591 2229 ejus
2630 2159 3125 2230 promptitudinem
3173 2156 3548 2229 diligentiam-

1968 2267 2078 2321 que
2130 2252 2393 2322 praevcnit
2447 2252 2535 2306 illa
2597 2253 2776 2322 gratia
2830 2261 2887 2308 et
2941 2251 3211 2308 fortitudo
3268 2252 3546 2309 inhaerens

1974 2341 2269 2398 Demetrio.
2325 2341 2538 2397 Etenim
2584 2342 2773 2397 divino
2820 2344 3151 2413 precationis
3200 2344 3381 2414 gladio
3418 2358 3548 2413 pro-

1970 2432 2089 2502 pria
2142 2446 2308 2486 manu
2367 2440 2525 2487 utens
2580 2441 2786 2505 martyr
2835 2434 3038 2490 occidit
3086 2435 3279 2491 mortis
3336 2435 3547 2491 instru-

1970 2534 2257 2590 mentum,
2321 2532 2377 2580 et
2426 2525 2730 2594 ignominia
2796 2525 3065 2582 suﬂundit
3108 2527 3401 2599 illapsum,
3444 2530 3545 2585 de-

1972 2625 2182 2673 structa
2217 2617 2340 2688 ejus
2388 2618 2628 2689 potentia
2679 2629 2734 2675 et
2780 2619 2863 2677 sic
2889 2620 3230 2678 demonstrat
3258 2623 3541 2692 quoniam,

1970 2712 2081 2767 nisi
2129 2712 2303 2768 libens
2340 2728 2558 2782 pmuam
2610 2713 2894 2776 subiisset,
2925 2714 3075 2767 nullo
3124 2715 3289 2767 modo
3347 2727 3547 2783 passus

1972 2814 2121 2862 esset
2150 2804 2357 2861 Christi
2392 2806 2569 2876 gratia
2618 2816 2672 2861 et
2714 2806 2915 2861 virtute
2952 2806 3241 2862 accinctus
3283 2814 3339 2862 et
3377 2806 3549 2861 robo-

1976 2910 2154 2963 ratus,
2200 2898 2338 2953 bene
2369 2912 2497 2953 vero
2523 2908 2719 2968 sponte
2760 2900 3022 2962 traditur,
3049 2898 3268 2954 ducitur
3293 2909 3349 2953 et
3376 2897 3548 2969 impe-

1974 2992 2123 3047 riose
2159 2998 2429 3046 tractatur
2475 2991 2651 3061 plebis
2710 2992 2966 3045 manibus
3014 3000 3073 3045 et
3123 2992 3211 3063 ab.
3245 2992 3549 3050 artiﬁcibus

298 3084 397 3139 καὶ
429 3083 586 3155 χερσὶ
631 3083 922 3153 κρατεῖται
948 3081 1185 3154 δημίων,
1225 3081 1323 3135 καὶ
1356 3080 1459 3134 ὑπὸ
1496 3080 1606 3136 τῶν
1630 3082 1870 3154 κακούρ-

1978 3084 2110 3141 mali
2144 3099 2531 3155 perversurum
2564 3084 2835 3155 supplicia
2864 3085 3079 3156 recipit,
3113 3099 3211 3155 pro
3239 3084 3397 3141 nobis
3425 3101 3550 3157 pas-

290 3193 415 3249 των
462 3177 664 3248 πάσχει
720 3178 791 3231 τά
844 3176 952 3229 τῶν
1007 3175 1355 3250 κακούργων,
1400 3175 1494 3230 τὸν
1536 3176 1677 3249 ὑπὲρ
1711 3178 1870 3249 ημῶν

299 3272 546 3326 παθόντα
583 3268 940 3341 μιμούμενος.
970 3268 1070 3325 Διά
1098 3268 1257 3324 τοῦτο
1303 3269 1397 3324 καὶ
1441 3271 1556 3334 τοῖς
1605 3269 1873 3341 λογχοφόοο

295 3382 416 3439 per;
446 3365 703 3419 ἐπιστᾶσι
730 3363 987 3433 φονῶσιν,
1024 3363 1131 3417 ὑπὸ
1163 3365 1257 3417 τοῦ
1296 3362 1565 3433 τυράννου
1600 3363 1871 3434 πεμφθεῖ-

299 3473 412 3523 σιν,
466 3454 959 3524 ἀναπεπταμέναις
1005 3454 1292 3523 ἀγκάλαις,
1342 3453 1417 3518 ῶς
1452 3455 1684 3524 καιρίως
1734 3455 1875 3527 πλη-

298 3547 696 3619 χθησομέναις,
724 3548 939 3620 δεχεται
970 3547 1068 3620 τὴν
1106 3546 1427 3603 τελευταίαν
1460 3548 1702 3620 πληγὴν,
1739 3549 1877 3619 μᾶλ-

294 3639 395 3696 λον
431 3641 491 3694 δὲ
546 3639 645 3703 τὰς
701 3640 940 3711 πληγὰς,
994 3638 1084 3693 διά
1131 3638 1351 3693 πάντων
1407 3640 1615 3706 ίούσας,
1667 3640 1776 3693 τῶν
1812 3656 1873 3693 τε

299 3733 655 3804 σπλάγχνων,
696 3734 793 3787 καὶ
838 3732 1033 3798 ὀστῶν,
1060 3732 1156 3785 καὶ
1189 3732 1433 3805 σαρκῶν,
1482 3733 1560 3797 ὡς
1605 3734 1874 3804 ἑκατέραν

296 3825 411 3881 τῶν
443 3826 715 3897 πλευρῶν,
738 3826 837 3897 τὴν
872 3826 974 3897 μὲν
1001 3826 1207 3892 ἔξωθεν
1246 3826 1505 3890 δέξασθαι
1538 3828 1637 3893 τάς
1670 3831 1737 3882 ἐκ
1764 3828 1873 3881 τῶν

300 3917 522 3989 αίχμῶν
544 3920 880 3989 διατρησεις,
915 3918 1014 3989 τὴν
1039 3918 1116 3983 δὶ,
1146 3918 1378 3987 ἔνδοθεν,
1402 3919 1496 3973 καὶ
1520 3920 1664 3974 οὕτω
1682 3919 1875 3973 διπλα-

299 4013 507 4077 σιάζει,
545 4009 748 4081 μᾶλλον
778 4010 835 4063 δέ
880 4009 1334 4076 πολυπλασιάζει,
1381 4010 1443 4064 τὸ
1472 4013 1571 4083 τῆς
1602 4014 1873 4085 σωτηρίου

300 4106 476 4171 πάθος
504 4104 767 4179 πλευρᾶς,
817 4107 887 4160 τά
920 4106 1277 4178 ὑστερήματα
1320 4105 1460 4161 κατὰ
1508 4106 1719 4161 Παῦλον
1746 4110 1877 4161 ἁνα-

297 4200 529 4273 πληρῶν
556 4198 653 4253 τοῦ
684 4197 948 4271 Χριστοῦ,
984 4202 1079 4256 καὶ
1127 4198 1301 4262 οὕτως
1346 4200 1447 4273 ἐρᾷ
1490 4201 1591 4269 τῆς
1634 4200 1875 4270 σφαγῆς.

300 4297 399 4351 καὶ
448 4294 624 4361 οὕτως
668 4297 770 4367 ἐρᾷ
812 4299 908 4349 τοῦ
955 4297 1016 4348 τὸ
1064 4295 1199 4351 ῐδιον
1254 4290 1395 4365 αἷμα
1434 4297 1551 4367 χείν
1584 4296 1727 4365 ὑπὲρ
1775 4294 1879 4367 τῆς

297 4388 461 4460 δόξης
493 4387 587 4443 τοῦ
639 4388 903 4461 Χριστοῦ,
938 4390 1079 4461 πάνυ
1130 4390 1390 4453 πολλάκις
1440 4391 1536 4445 καὶ
1585 4390 1875 4460 διηνεκῶς,

1976 3194 2097 3235 sum
2160 3178 2427 3234 imitatus.
2486 3176 2615 3234 ideo
2674 3178 2965 3233 lanceariis
3027 3178 3472 3236 interfectoribus
3517 3196 3551 3237 ιι

1976 3282 2206 3344 tyranno
2256 3273 2443 3328 missis
2498 3272 2743 3328 occurrit
2789 3279 2845 3327 et
2906 3271 3218 3329 decussatis
3272 3273 3551 3331 bracchiis

1977 3377 2257 3436 tamquam
2319 3365 2505 3421 lethali
2566 3365 2800 3421 vulnere
2853 3365 3248 3436 percutiendis,
3297 3366 3551 3423 ultimam

1974 3460 2184 3531 accipit
2213 3459 2427 3530 plagam
2458 3473 2552 3515 seu
2586 3459 2769 3530 potius
2796 3458 2985 3529 plagas
3007 3460 3208 3529 quibus
3238 3475 3399 3517 omne
3432 3476 3557 3517 cor-

1974 3568 2077 3621 pus
2098 3562 2153 3608 et
2184 3553 2393 3608 viscera
2418 3560 2472 3607 et
2499 3566 2623 3607 ossa
2643 3560 2699 3607 et
2722 3566 2915 3607 carnes
2938 3554 3201 3609 transﬁxa
3234 3553 3551 3619 doluerunt,

1982 3649 2055 3703 ita
2087 3657 2142 3702 ut
2183 3661 2249 3702 ex
2278 3658 2509 3715 utroque
2544 3647 2716 3708 latere
2746 3646 2891 3701 aliud
2921 3646 3143 3716 quidem
3172 3646 3419 3701 exterius
3450 3661 3554 3701 en-

1976 3740 2118 3796 sium
2150 3738 2551 3810 periorationes
2574 3738 2863 3808 receperit,
2906 3739 3079 3794 altero
3117 3746 3303 3793 autem
3323 3738 3555 3794 interius

1976 3834 2287 3905 duplicatus
2316 3834 2399 3887 vel
2419 3834 2593 3903 magis
2624 3832 3211 3904 multiplicatusl‘uerit
3248 3832 3555 3889 Salvatoris

1978 3928 2168 3984 lateris
2212 3924 2407 3993 dolor;
2453 3925 2771 3995 adimplevit
2800 3925 2973 3990 enim,
3007 3926 3151 3981 sicut
3174 3932 3231 3979 et
3258 3923 3460 3980 Paulus
3482 3924 3555 3991 “,

1978 4040 2042 4082 ea
2074 4040 2196 4097 quae
2224 4025 2427 4079 desunt
2473 4020 2835 4091 passionibus'
2857 4020 3084 4085 Christi,
3128 4028 3180 4075 et
3210 4021 3291 4075 sic
3320 4020 3557 4076 occisio-

1980 4117 2068 4171 nis
2110 4130 2297 4172 amore
2360 4114 2539 4179 arsit,
2613 4113 2806 4183 sicque
2860 4127 3021 4168 suum
3082 4112 3405 4184 sanguinem
3459 4128 3559 4185 pro

1980 4208 2188 4265 Christi
2225 4207 2401 4279 gloria
2432 4220 2659 4262 manare
2695 4221 2802 4261 non
2839 4205 3048 4279 pluries
3082 4205 3245 4261 modo
3269 4205 3366 4261 sed
3391 4206 3558 4265 etiam

1977 4299 2204 4371 jugiter,
2230 4299 2275 4354 si
2303 4308 2517 4368 posset,
2548 4296 2905 4363 desideravit,
2961 4306 3021 4353 ut
3056 4296 3125 4351 ait
3155 4311 3222 4351 eo
3251 4313 3413 4368 (luem
3447 4312 3557 4354 non

1984 4393 2191 4447 latebat
2226 4392 2374 4447 illius
2404 4391 2612 4447 amoris
2640 4390 2863 4446 uberior
2912 4390 3261 4459 superﬂuitas
3296 4391 3562 4447 meruerit

300 4484 466 4555 είπερ
502 4480 606 4557 ἦν,
641 4482 713 4547 ὡς
748 4484 846 4537 καὶ
875 4484 1031 4555 παρά
1074 4483 1169 4537 τοῦ
1202 4482 1566 4552 γινώσκοντος
1598 4483 1658 4537 τὸ
1688 4482 1870 4553 περιὸν

1985 4483 2237 4555 accipere
2263 4487 2316 4539 in
2356 4499 2590 4555 corpore
2624 4494 3033 4554 unguentorum
3068 4484 3297 4551 fontem,
3340 4496 3395 4539 ut
3432 4499 3564 4541 san-

305 4580 463 4648 αὒτῷ
493 4580 589 4633 καὶ
635 4579 980 4652 ὑπερϐάλλον
1006 4577 1101 4632 τοῦ
1146 4578 1351 4649 ἔρωτος
1394 4578 1579 4651 πηγὴν
1604 4578 1791 4631 λαϐεῖν
1824 4578 1883 4634 ἐν

299 4676 382 4746 τῷ
418 4674 636 4744 σώματι
665 4677 879 4747 μύρων,
937 4676 1029 4730 ἵνα
1081 4675 1175 4729 τοῦ
1228 4674 1459 4746 ατματος
1512 4674 1880 4740 ἐπιλιπόντος,

302 4768 447 4838 αὕτη
486 4773 581 4824 καὶ
606 4772 689 4834 είς
731 4770 825 4824 τὸν
871 4769 1004 4839 ἐξῆς
1054 4771 1231 4825 πάντα
1267 4770 1461 4840 χρόνον
1499 4769 1618 4822 ἀντὶ
1648 4770 1883 4837 αἵματος

303 4865 370 4917 ἐκ
400 4862 497 4920 τοῦ
523 4862 777 4933 σώματος
805 4864 1000 4935 κέηται
1026 4865 1105 4927 είς
1138 4862 1299 4930 δόξαν
1337 4861 1601 4933 Χριστοῦ,
1637 4862 1695 4914 ὃν
1728 4853 1883 4924 οὗτος

304 4960 404 5013 καὶ
452 4959 539 5013 διά
577 4957 725 5029 ζωῆς
771 4960 869 5011 καὶ
905 4956 994 5013 διά
1044 4957 1303 5023 θανάτου,
1335 4958 1431 5011 καὶ
1476 4957 1617 5026 μετά
1653 4956 1884 5011 θάνατον

303 5055 408 5110 οὐκ
431 5052 653 5119 ἱδόξασε
689 5054 872 5125 μόνον,
901 5052 1040 5108 ἀλλά
1064 5054 1163 5106 καὶ⁸
1185 5052 1399 5119 δοξάζει
1421 5050 1685 5123 διηνεκῶς
1704 5066 1719 5083 ·
1752 5050 1884 5120 παρ’

304 5143 368 5205 οὗ
404 5150 500 5203 καὶ
531 5150 589 5201 ἐν
623 5150 696 5220 γῇ
740 5148 837 5202 καὶ
893 5147 953 5201 ἐν
984 5146 1202 5217 οὐρανῷ
1235 5146 1332 5203 καὶ
1368 5144 1756 5218 ἀντεδοξάσθη,
1791 5144 1888 5199 καὶ

304 5242 613 5309 δοξάζεται,
647 5243 743 5297 καὶ
778 5240 1175 5311 δοξασθήσεται
1200 5239 1384 5304 θείως.

388 5336 712 5407 Ἐπέρχεται
739 5334 794 5388 δέ
828 5352 919 5411 μοι
953 5333 1051 5390 νῦν
1078 5334 1259 5405 λέγειν
1310 5332 1437 5406 περὶ
1468 5330 1655 5401 αὐτοῦ,
1686 5332 1822 5403 ὅπερ
1856 5329 1886 5383 ὁ

308 5431 454 5494 θεῖος
489 5431 697 5495 Παῦλος
726 5430 862 5501 φησὶ
891 5432 1019 5501 περὶ
1048 5428 1142 5483 τοῦ
1163 5429 1420 5501 Χριστοῦ.
1452 5428 1743 5497 Συνίστησι
1774 5427 1885 5497 γὰρ

306 5527 408 5596 την
440 5526 518 5585 είς
548 5524 694 5596 ἡμᾶς
727 5527 943 5595 ἀγάπην
964 5527 1057 5579 καὶ
1083 5526 1110 5578 ὁ
1136 5524 1309 5593 μέγας
1337 5524 1669 5595 Δημήτριος,
1696 5522 1777 5575 ὅτι
1808 5520 1888 5575 ἔτι

308 5617 522 5674 ἀσεϐῶν
555 5619 712 5689 ἡμῶν
743 5618 934 5687 ὅντων,
965 5610 1125 5683 οῦτος
1174 5619 1314 5673 κατὰ
1344 5618 1537 5687 καιρὸν
1562 5617 1706 5687 ὑπὲρ
1754 5614 1884 5667 ἀσε-

309 5712 421 5766 6ῶν
453 5712 695 5767 ἀπέθανε
719 5729 732 5744 ·
769 5714 906 5769 κατά
941 5714 1102 5785 χάριν
1133 5714 1318 5785 μέντοι
1352 5711 1445 5767 τοῦ
1482 5712 1755 5765 Δεσπότου
1792 5711 1888 5763 καὶ

378 5900 425 5932 ⁸⁸
454 5896 670 5957 Coloss.
711 5899 766 5969 i,
815 5899 907 5956 94.

1986 4580 2151 4651 guine
2190 4579 2505 4645 deﬁciente,
2543 4576 2667 4634 fons
2712 4579 2802 4633 illa
2859 4593 2959 4649 per
2998 4592 3163 4633 omne
3212 4587 3428 4649 tempus
3459 4593 3563 4647 pro

1985 4674 2251 4745 sanguine
2303 4690 2337 4729 a
2392 4686 2622 4746 corpore
2670 4681 2922 4728 manaret
2972 4672 3025 4726 in
3062 4672 3307 4738 gloriam
3328 4673 3563 4740 Christi,

1985 4782 2147 4837 quem
2182 4766 2255 4821 ita
2292 4776 2500 4838 martyr
2533 4775 2723 4821 noster
2751 4774 2805 4820 et
2836 4780 2933 4833 per
2964 4766 3131 4819 vitam
3184 4774 3239 4820 et
3284 4779 3382 4835 per
3417 4780 3565 4821 mor-

1987 4872 2186 4939 temct
2235 4871 2362 4933 post
2393 4870 2626 4918 mortem
2670 4874 2780 4915 non
2831 4868 3041 4916 tantum
3080 4859 3428 4931 gloriﬁcavit,
3468 4842 3565 4915 scd

1988 4962 2042 5009 et
2069 4963 2336 5026 perpetuo
2366 4954 2663 5029 gloriﬁcat,
2693 4968 2721 5006 a
2754 4967 2863 5023 quo
2888 4952 2944 5005 in
2976 4950 3287 5007 mercedem
3325 4952 3377 5006 iu
3401 4952 3567 5008 terris

1987 5058 2041 5103 et
2077 5050 2130 5102 in
2175 5046 2334 5107 cretis
2379 5048 2613 5118 gloriam
2661 5045 2901 5116 accepit,
2949 5043 3175 5120 accipit,
3210 5053 3267 5097 et
3300 5044 3565 5100 divinitus

1988 5141 2242 5211 accipiet.

2063 5328 2328 5398 Superest
2359 5326 2491 5382 mihi
2540 5326 2607 5382 de
2654 5326 2751 5380 illo
2794 5326 2979 5381 dicere
3025 5338 3147 5395 qua:
3182 5322 3343 5378 divus
3365 5322 3568 5377 Paulus

1989 5423 2057 5480 de
2090 5423 2314 5478 Christo
2356 5420 2611 5491 protulit.
2660 5415 3082 5473 Commendavit
3110 5429 3268 5471 suam
3303 5428 3433 5491 erga
3471 5427 3571 5469 uos

1991 5516 2312 5575 charitatem
2347 5516 2465 5586 ipse
2506 5527 2735 5584 magnus
2785 5509 3096 5565 Demetrius
3132 5509 3393 5579 quoniam
3441 5520 3569 5560 cum

1990 5622 2309 5683 peccatores
2338 5624 2588 5665 essemus
2640 5607 2758 5677 ipse
2808 5606 2861 5660 in
2905 5613 3153 5672 tempore
3183 5616 3281 5672 pro
3314 5608 3573 5672 peccato-

1997 5709 2150 5765 ribus
2181 5714 2431 5763 mortuus
2459 5713 2563 5761 est.
2590 5702 2712 5771 Quo
2738 5710 2921 5760 tamen
2946 5716 3055 5757 non
3085 5697 3192 5763 nisi
3223 5712 3319 5770 per
3335 5695 3572 5769 gratiam
