4070 6210
566 284 674 352 ειν

1816 278 2207 342 GREGORII
2241 279 2564 342 ΡΑιΑΜΑι

3699 281 3802 344 548

563 397 783 454 Domini
833 397 900 451 ad
958 397 1078 466 ejus
1133 393 1499 458 imitationem
1546 391 1799 463 perfecit,
1838 402 1892 449 et
1944 391 2127 450 omnis

2241 397 2469 465 μίμησιν
2493 409 2510 428 ο
2543 392 2639 450 καὶ
2665 395 2813 450 πᾶσα
2843 395 2875 466 ή
2910 394 3066 459 πόλις
3096 393 3238 466 αὐτη
3270 395 3697 468 κατηλλάγημεν
3725 398 3815 469 τῷ

562 488 758 544 civitas
810 487 922 542 Deo
971 487 1322 543 reconciliata
1375 485 1481 540 fuit
1532 499 1632 556 per
1681 493 1912 540 mortem
1963 485 2128 542 illius.

565 577 670 635 Ubi
703 579 847 632 enim
876 578 966 632 illa
1000 577 1293 648 impietatis
1331 574 1658 631 redundatio
1693 575 1748 630 in
1789 591 1895 645 qua
1943 575 2128 645 plures

565 685 632 726 ex
661 668 866 724 nostris
892 670 1197 739 majoribus
1223 667 1464 736 jacnisse
1506 683 1615 723 non
1655 677 1742 723 est
1772 668 2136 723 incredibile?

463 754 468 758 ’
567 764 672 819 Ubi
709 774 886 818 metus
909 777 976 818 ex
1020 762 1244 832 pietate,
1279 771 1333 815 et
1359 760 1486 815 ideo
1513 761 1819 815 desiderata
1853 760 2137 832 perfugia?

567 857 672 913 Ubi
707 856 898 924 majori
926 871 1086 926 quam
1124 856 1425 909 bestiarum
1462 850 1680 914 feritate
1719 851 1989 909 adversus
2014 853 2136 923 pios

568 946 851 1000 lurentes?
881 943 1079 998 Omnia
1110 943 1288 998 soluta
1318 952 1445 998 sunt
1485 941 1712 997 adversa
1735 983 1750 1009 ,
1805 943 1990 996 omnia
2042 959 2137 998 suo

566 1045 940 1108 pervenerunt
983 1037 1296 1103 commoda,
1343 1034 1472 1089 dum
1523 1033 1832 1090 Demetrius
1877 1050 1997 1090 sese
2027 1035 2138 1106 pie-

568 1132 699 1188 tatis
754 1131 924 1202 gratia
984 1128 1242 1200 periculis
1283 1127 1594 1184 obiecisset.
1627 1126 1849 1195 Templa
1895 1126 2135 1198 ingentia

566 1235 622 1281 et
657 1223 984 1294 perpulchra
1014 1237 1246 1295 quorum
1285 1221 1405 1276 solo
1435 1229 1666 1290 aspectu
1701 1235 1893 1276 ornnes
1922 1221 1989 1276 ad
2021 1222 2136 1290 ipsa

569 1326 971 1372 comertuntur
999 1315 1228 1369 istorum
1279 1313 1402 1367 loco
1452 1311 1789 1382 refugiorum
1838 1319 2135 1379 steterunt;

568 1426 726 1478 reges
761 1411 962 1480 pietate
995 1409 1172 1477 magis
1209 1421 1372 1477 quam
1407 1413 1677 1475 potestate
1710 1405 1949 1460 illustres
1980 1405 2139 1460 nobis

570 1505 810 1566 adstant,
863 1511 917 1557 et
973 1501 1219 1555 unanimi
1261 1501 1453 1569 plausu
1513 1499 1823 1553 acclamaut
1880 1497 2139 1567 prmelara

569 1596 824 1666 martyris
889 1601 1072 1663 gesta;
1124 1593 1249 1646 urbs
1312 1602 1424 1645 tota
1482 1591 1659 1660 palam
1735 1591 1986 1660 pietatem
2022 1591 2142 1661 ejus

568 1689 829 1752 celebrat,
867 1702 1034 1756 super
1078 1687 1403 1755 martyrium
1468 1684 1648 1754 magni
1694 1682 1949 1737 Demetrii
1997 1684 2144 1738 exal-

508 1788 512 1792 '
566 1793 710 1835 tans.
736 1779 873 1835 Nam
899 1778 1118 1833 diﬂ‘udit
1143 1779 1471 1831 cbaritatem
1502 1792 1609 1829 non
1648 1776 1699 1828 in
1729 1775 1893 1831 corda
1928 1783 2136 1830 tantum
2173 1765 2214 1820 Β

566 1885 753 1929 nostra
784 1873 881 1928 sed
913 1883 964 1927 et
998 1874 1054 1926 in
1094 1885 1325 1940 corpora
1359 1884 1452 1938 per
1485 1877 1762 1937 unguenta
1798 1884 1919 1937 quae
1946 1884 2013 1922 ex
2038 1884 2138 1925 suo

567 1980 800 2036 corpore
837 1965 904 2020 ad
939 1979 1040 2018 nos
1075 1963 1421 2018 roborandus
1474 1961 1721 2016 dimittit.
1762 1961 2002 2026 Quorum
2031 1961 2139 2032 igi-

571 2066 660 2110 tur
713 2057 892 2110 bonus
931 2055 1070 2108 odor
1112 2070 1178 2109 ex
1226 2053 1374 2108 omni
1428 2062 1589 2120 parte
1623 2051 1773 2107 urbis
1805 2052 2137 2122 impietatem

566 2145 824 2211 extrusit,
861 2157 916 2200 et
960 2146 1240 2200 civitatem
1282 2143 1442 2199 istam
1490 2143 1603 2201 Deo
1639 2142 1832 2198 obtulit
1881 2152 2137 2214 tauquam

570 2236 737 2290 alium
796 2236 1136 2306 paradisum,
1180 2235 1287 2289 nisi
1341 2233 1474 2302 quid
1533 2233 1731 2303 majus,
1777 2231 1999 2286 ﬂumine
2033 2248 2139 2287 non

567 2346 836 2401 aquarum
890 2328 988 2384 sed
1045 2338 1449 2400 unguentorum
1518 2325 1764 2395 jucunde
1818 2325 2139 2396 irrigatam,

453 2418 456 2420 ’
566 2435 995 2497 unguentorum,
1049 2423 1296 2493 inquam,
1342 2423 1395 2476 in
1453 2423 1654 2492 quibus
1707 2431 1762 2475 et
1814 2436 1877 2492 ex
1941 2421 2143 2490 quibus

568 2532 798 2586 prorsus
827 2527 1078 2572 servatur
1110 2531 1207 2586 per
1247 2515 1511 2586 Spiritum
1546 2514 1720 2585 gratia
1765 2513 2137 2584 curationum,

566 2601 920 2680 operatioues
952 2607 1244 2675 virtutum,
1275 2607 1348 2662 ita
1373 2618 1427 2662 ut
1446 2608 1721 2676 possimus
1749 2617 1802 2662 et
1834 2622 1931 2661 nos
1961 2605 2141 2662 dicere

566 2704 640 2779 de,
674 2719 868 2773 magno
914 2701 1198 2757 Demetrio
1233 2703 1379 2771 quod
1407 2701 1476 2755 de
1516 2701 1698 2755 anima
1730 2709 1884 2754 casto
1923 2699 2142 2756 vinculo

569 2795 684 2850 Deo
708 2805 960 2864 spnnsata
994 2794 1049 2848 in
1074 2794 1302 2849 Cantico
1335 2792 1688 2848 canticorum
1722 2793 1986 2863 scriptum
2016 2802 2139 2849 est:

574 2906 593 2940 ι
633 2889 780 2943 Odor
808 2887 1258 2942 vestimentorum
1310 2895 1527 2943 tuorum
1567 2901 1735 2958 super
1781 2889 1959 2944 omnia
2013 2903 2140 2944 aro-

569 2991 712 3036 mata
741 2982 808 3034 ".
844 2999 863 3032 ι
919 2980 1315 3036 Vestimentum
1367 2981 1629 3051 martyris
1679 2980 1873 3037 anima:
1919 2982 2141 3053 putabis

2234 487 2353 559 Θεῷ
2411 487 2497 542 διὰ
2529 487 2623 542 τοῦ
2661 486 2898 545 θανάτου
2927 487 3116 543 αὐτοῦ.
3152 488 3265 542 Ποῦ
3293 488 3401 560 γὰρ
3433 489 3495 544 τὸ
3525 489 3808 560 πλήρωμα

2234 579 2410 633 ὲκενίνο
2445 582 2543 650 τῆς
2596 578 2872 643 ἀσεϐείας,
2909 581 2966 631 ὲν
3002 572 3047 646 ᾧ
3092 577 3186 632 καὶ
3235 577 3463 642 πολλοὺς
3499 571 3642 630 εῐναι
3692 575 3806 630 τῶν

2235 671 2521 742 ἡμετέρων
2550 671 2831 742 προγόνων
2869 670 2969 723 οὐκ
3017 669 3280 734 ἀπεικός;
3319 667 3427 722 Ποῦ
3469 671 3497 722 ό
3525 666 3615 721 ἐπ’
3651 667 3811 720 εὐσε-

2236 764 2356 835 ϐείᾳ
2382 762 2565 832 φόϐος,
2596 767 2690 817 καὶ
2720 763 2776 817 αἱ
2820 762 2908 817 διὰ
2938 761 3125 816 τοῦτον
3167 761 3418 815 ποθειναὶ
3445 760 3808 824 καταδύσειςς

2236 857 2347 910 Ποῦ
2377 857 2426 911 oi
2452 855 2550 927 τὴν
2573 857 2683 908 τῶν
2716 855 2922 928 θηρίων
2947 855 3362 925 παρελάσαντες
3391 854 3691 925 ἀγριότητα
3740 855 3810 922 τῇ

2237 949 2379 1002 κατά
2428 948 2536 1004 τῶν
2582 947 2949 1002 εὐσεϐούντων
3007 949 3211 1019 μανίᾳ;
3262 947 3449 1001 Πάντα
3479 946 3701 999 λέλυται
3736 943 3810 997 τὰ

2236 1040 2406 1104 δεινὰ,
2464 1040 2640 1094 πάντα
2693 1041 3058 1112 προσεγένετο
3107 1039 3174 1094 τά
3222 1040 3465 1111 χρηστά.
3490 1037 3811 1109 Δημητρίου

2237 1135 2338 1202 τῆς
2400 1133 2685 1198 εὐσεϐείας
2746 1132 3325 1203 προκινδυνεύσαντας.
3385 1132 3492 1187 Kal
3535 1132 3654 1185 ναοὶ
3713 1131 3813 1199 μὶν

2237 1227 2577 1297 εὐμεγέθεις,
2604 1228 2694 1280 καὶ
2720 1227 3084 1298 περικαλλείς,
3105 1227 3198 1281 καὶ
3229 1226 3366 1298 μόνῃ
3385 1227 3451 1298 τῇ
3476 1224 3575 1294 θέᾳ
3598 1223 3814 1286 πάντας

2239 1320 2376 1391 πρὸς
2407 1320 2633 1383 ἑαυτοὺς
2676 1321 3117 1392 ἐπιστρέφοντες,
3167 1322 3261 1374 ἐπὶ
3301 1320 3413 1372 τῶν
3460 1315 3814 1375 καταδύσειαν

2239 1415 2464 1470 ἐκείνων
2497 1415 2760 1482 ἑστήκασι
2787 1429 2800 1444 ο
2841 1413 3078 1484 βασιλεῖς
3107 1412 3164 1465 δὲ
3193 1412 3262 1482 τῇ
3294 1408 3542 1478 εύσ;ϐείᾳ
3581 1408 3810 1479 μᾶλλον,

2238 1508 2273 1578 ἢ
2295 1507 2617 1580 τῇβασιλείᾳ
2633 1507 3018 1578 κοσμούμενοι,
3054 1506 3502 1576 συμπαριστάσιν
3532 1504 3689 1572 ήμίν,
3717 1504 3814 1555 καὶ

2242 1600 2724 1672 συνεπικροτοῦσιν
2779 1598 3156 1670 εὐφημοῦντος
3216 1597 3315 1659 τὰς
3377 1594 3659 1666 ἀριστείας
3717 1591 3813 1646 τοῦ

2246 1693 2563 1764 μάρτυρος’
2613 1693 2763 1746 πᾶσα
2797 1691 2852 1744 δὲ
2899 1692 2932 1762 ή
2967 1691 3121 1754 πόλις
3177 1682 3673 1761 παρῤησιαζόμεσα
3711 1685 3815 1755 τὴν

2241 1788 2544 1850 εὐσέϐειαν,
2570 1785 2661 1840 ἐπὶ
2687 1785 2764 1858 τῷ
2795 1783 3076 1856 μαρτυρίῳ
3105 1782 3199 1836 τοῦ
3230 1780 3469 1852 μεγάλου
3493 1777 3811 1851 Δημητρίου

2241 1881 2610 1951 καυχώμενοι.
2653 1878 2761 1932 Καὶ
2812 1880 2918 1948 γὰρ
2958 1875 3139 1946 ἐξέχεε
3193 1874 3292 1944 τὴν
3344 1871 3538 1926 ἑαυτοῦ
3591 1869 3815 1940 ἀγάπην

2240 1974 2341 2027 οὐκ
2371 1974 2461 2025 ἐπὶ
2504 1971 2603 2033 τὰς
2635 1969 2862 2040 καρδίας
2895 1969 3054 2039 ήμῶν
3086 1967 3270 2038 μόνον,
3303 1965 3440 2019 ἀλλὰ
3491 1964 3584 2018 καὶ
3615 1963 3713 2016 ἐπὶ
3747 1962 3814 2014 τὰ

2242 2065 2491 2135 σώματα,
2508 2065 2596 2118 διὰ
2613 2065 2724 2118 τῶν
2749 2064 2959 2135 μύρων,
2979 2055 3054 2114 ὧν
3075 2061 3152 2124 εἰς
3167 2059 3324 2130 ήμῶν
3342 2057 3644 2130 εὐρωστίαν
3664 2053 3815 2125 ἀνίη·

2244 2177 2326 2214 σιν
2349 2162 2414 2213 ἐκ
2431 2158 2525 2213 τοῦ
2549 2158 2822 2229 σώματος’
2841 2151 2917 2212 ὧν
2938 2156 3096 2227 ἀραή
3124 2154 3321 2209 εὐωδία
3346 2152 3686 2223 πανταχόθεν
3716 2152 3810 2218 τῆς

2243 2252 2454 2314 πόλεως
2496 2251 2746 2318 ἀπήλασε
2779 2249 2875 2318 τὴν
2915 2248 3194 2311 ἀσέϐειαν,
3226 2247 3321 2299 καὶ
3365 2245 3522 2299 πόλιν
3568 2242 3811 2308 ἀνέδειξε

2242 2344 2446 2415 ταύτην
2497 2343 2655 2410 Θεοῦ,
2708 2342 3104 2415 ἢπαράδεισον
3147 2339 3323 2407 ἄλλον,
3377 2342 3425 2393 εί
3477 2339 3551 2409 μή
3615 2355 3672 2390 τι
3722 2337 3812 2389 καὶ

2242 2437 2430 2503 πλέον,
2467 2437 2772 2508 ἀρδομένην
2806 2440 2901 2489 καὶ
2939 2436 3284 2505 γαννυμένην
3335 2432 3566 2504 ποταμῷ
3600 2431 3810 2502 μύρων,

2241 2529 2354 2585 ἀλλ’
2379 2533 2475 2600 οὐχ
2507 2530 2713 2583 ὑδάτων
2736 2546 2751 2564 ·
2786 2530 2880 2582 καὶ
2911 2528 3120 2599 μύρων,
3165 2530 3220 2581 ὲν
3251 2521 3333 2591 οἷς
3365 2525 3463 2579 καὶ
3499 2525 3559 2590 ἐξ
3589 2520 3666 2578 ὧν
3694 2525 3810 2578 ἐστι

2243 2624 2460 2685 πάντως
2494 2623 2581 2675 διὰ
2614 2623 2706 2674 τοῦ
2742 2620 3057 2691 Πνεύματος
3095 2623 3128 2690 ἡ
3181 2621 3340 2691 χάρις
3387 2618 3496 2671 τῶν
3547 2618 3811 2688 ἰαμάτων,

2240 2714 2308 2768 τά
2335 2713 2683 2783 ἐνεργήματα
2711 2712 2819 2765 τῶν
2848 2710 3160 2781 Δυνάμεων,
3188 2711 3263 2772 ὡς
3293 2709 3437 2780 ἔχειν
3461 2710 3608 2782 ἡμᾶς
3635 2709 3813 2775 λέγειν

2243 2813 2379 2877 πρὸς
2411 2807 2502 2860 τὸν
2536 2805 2710 2876 μέγαν
2735 2806 3065 2876 Δημήτριον,
3102 2801 3130 2855 δ
3163 2802 3292 2873 περὶ
3321 2803 3418 2872 τῆς
3448 2803 3506 2855 ὲν
3534 2799 3815 2872 ἀφθαρσίᾳ

2243 2898 2648 2967 νυμφειϐείσῃς
2691 2897 2767 2966 τῷ
2795 2896 2916 2968 Θεῷ
2961 2893 3140 2966 ψυχῆς
3171 2895 3233 2968 ὲν
3261 2896 3372 2959 τοῖς
3404 2893 3512 2948 τῶν
3545 2892 3810 2965 ᾀσμάτων

2243 2989 2483 3058 ᾄσμασιν
2513 2987 2955 3056 ἀναγέγραπταιο
2986 2987 3060 3050 ὼς
3091 2983 3262 3054 Ὸσμὴ
3295 2985 3528 3056 ἱματίων
3561 3001 3656 3037 σου
3673 2982 3813 3054 ὑπὲρ

568 3089 770 3144 corpus
804 3072 962 3140 cujus
998 3087 1168 3143 gente,
1197 3080 1255 3125 ut
1284 3088 1475 3127 rursus
1506 3071 1805 3128 secundum
1834 3074 1977 3129 idem
2008 3090 2138 3130 can-

2248 3077 2425 3130 πάντα
2448 3077 2514 3129 τὰ
2538 3074 2826 3147 ἀρώματα.
2870 3075 3111 3146 Ἱμάτιον
3137 3075 3195 3128 δὲ
3223 3075 3324 3145 τῆς
3351 3075 3698 3146 μαρτυρικῆς
3713 3077 3817 3142 ψυ-

572 3167 738 3226 tictnu
780 3167 954 3220 dicam
1012 3183 1082 3220 τι
1126 3175 1384 3233 tanquam
1439 3167 1641 3220 areola:
1689 3177 2030 3233 aromatum,
2086 3181 2138 3225 et

2247 3167 2346 3239 χῆς
2398 3168 2610 3238 νοήσεις
2659 3167 2723 3219 τδ
2771 3166 2953 3236 σῶμα,
2993 3160 3055 3221 οὐ
3111 3166 3207 3219 καὶ
3257 3167 3314 3220 al
3365 3167 3634 3234 σιαγόνες,
3689 3165 3817 3220 κατ’

568 3257 724 3330 digiti
755 3260 896 3314 sicut
943 3257 1052 3312 lilia
1084 3258 1406 3313 distillantia
1429 3259 1703 3328 myrrham
1736 3263 1972 3331 primam
1996 3262 2064 3317 ".
2106 3280 2125 3314 ι

569 3349 739 3405 Multo
770 3349 943 3422 magis
970 3350 1140 3406 latera
1173 3363 1304 3405 ense
1348 3348 1626 3421 perforata
1665 3352 1808 3407 sicut
1836 3354 1975 3409 latus
2007 3353 2139 3409 illud

569 3443 762 3500 lancea
816 3444 1178 3511 transfixum,
1243 3433 1351 3498 non
1411 3454 1553 3501 sicut
1616 3439 2141 3520 areolazlunguenti

571 3539 734 3609 primi
771 3537 999 3594 odorem
1039 3538 1092 3591 in
1132 3551 1195 3594 se
1227 3537 1486 3604 retinent,
1522 3539 1616 3596 sed
1651 3540 1853 3596 fontem
1891 3557 2141 3613 exprom-

571 3629 1001 3700 pseruutjugem
1034 3636 1088 3684 et
1123 3628 1538 3696 inexhaustum,
1566 3632 1639 3686 ita
1672 3642 1733 3686 ut
1761 3649 1868 3688 non
1887 3634 1956 3689 sit
1981 3635 2140 3690 nobis

570 3737 696 3776 cum
750 3720 1040 3776 Psalmista
1082 3737 1281 3777 cauere
1329 3739 1343 3777 :
1382 3742 1398 3774 ι
1439 3721 1666 3780 Flumen
1719 3726 1812 3779 Dei
1865 3728 2132 3796 repletum

568 3824 653 3870 cst
689 3815 847 3885 aquis
880 3801 966 3882 ⁵⁹’;
999 3815 1092 3870 sed
1126 3813 1249 3871 fons
1288 3815 1380 3871 Dei
1420 3816 1542 3890 (hic
1585 3828 1669 3873 cst
1701 3821 1979 3891 martyris
2014 3836 2138 3874 cor-

571 3910 710 3975 pus)
745 3906 998 3961 diﬂlueus
1034 3909 1335 3977 unguentis
1387 3920 1441 3963 et
1479 3911 1760 3965 miraculis
1802 3921 1856 3966 et
1897 3915 2138 3968 curatio-

571 4002 754 4065 nibus,
785 4009 838 4055 et
877 3999 1023 4072 quod
1075 4013 1188 4056 erat
1218 4003 1473 4057 erunibus
1525 4003 1612 4059 bis
1659 4005 1986 4069 mirabilius,
2041 4024 2140 4076 per

569 4093 784 4147 annales
834 4092 1062 4147 cﬂluens
1101 4093 1236 4147 nihil
1286 4095 1352 4148 de
1397 4108 1494 4150 sua
1540 4095 2134 4166 amittitplenitudine:

572 4187 647 4239 ita
681 4197 739 4239 ιιι
772 4185 901 4239 mihi
942 4185 1194 4240 videatur
1227 4185 1411 4240 divina
1446 4187 1698 4258 martyris
1739 4190 1921 4243 anima
1951 4204 1981 4244 a
2015 4204 2139 4244 cor-

570 4293 701 4349 pore
727 4280 937 4334 exiens.
970 4278 1138 4333 Deu.n
1189 4278 1310 4334 istis
1348 4281 1696 4336 sermonibus
1728 4282 1948 4336 allatam
1991 4297 2138 4360 esse,

568 4387 708 4444 quos
732 4374 913 4428 anima
955 4371 1065 4427 Deo
1095 4384 1353 4442 sponsata
1385 4372 1440 4425 in
1479 4370 1584 4427 illis
1616 4374 1846 4441 promlit
1870 4375 2126 4431 canticis.

2242 3261 2420 3313 ἐκεῖνο
2454 3259 2618 3312 πάλιν
2641 3258 2816 3313 εἰπεῖν
2847 3261 2907 3314 τὸ
2941 3255 3112 3332 ᾆσμα,
3147 3259 3234 3320 Ὡς
3257 3257 3446 3328 φιάλαι
3481 3259 3690 3330 μύρων,
3721 3260 3818 3312 καὶ

2241 3352 2291 3405 οἱ
2337 3350 2589 3406 δάκτυλοι
2655 3350 2729 3414 ὡς
2794 3351 2956 3423 κρίνα
3007 3351 3274 3416 στάζοντα
3322 3351 3572 3406 εὐωδίαν.
3627 3352 3814 3423 [lout]:

2247 3443 2448 3518 μᾶλλον
2485 3445 2517 3516 ή
2554 3445 2913 3515 λογχευθείσα
2938 3443 3166 3516 πλευρὰ,
3188 3444 3311 3517 ητις
3347 3437 3462 3498 οἷον
3488 3445 3813 3515 ἀναστομο-

2243 3538 2398 3592 θείσα
2440 3540 2558 3601 ταῖς
2592 3538 2837 3608 λόγχαις,
2894 3538 3078 3593 οὐκέτι
3107 3538 3180 3601 ὡς
3213 3537 3382 3608 φιάλη
3411 3541 3632 3608 κατέχει
3683 3532 3813 3608 παρ’

2242 3631 2408 3701 ἑαυτῇ
2444 3631 2511 3683 τὰ
2540 3630 2707 3702 μύρα,
2735 3631 2856 3685 οὐδὲ
2891 3632 2965 3694 ὡς
3014 3629 3175 3701 κρίνα
3204 3629 3552 3700 σταλαγμοὺς
3591 3630 3812 3694 εὐώδεις

2241 3723 2486 3791 ἀφίησιν,
2512 3723 2645 3777 ἀλλὰ
2670 3724 2853 3794 πηγὴν
2873 3723 3192 3778 ἀναδίδωσιν
3207 3724 3432 3778 ἀὲνναον
3455 3724 3552 3778 καὶ
3567 3705 3810 3777 hiems

2243 3836 2397 3885 πτον,
2436 3819 2512 3883 ὡς
2561 3817 2698 3874 εἶναι
2735 3819 2808 3891 μὴ
2840 3821 2982 3890 κατὰ
3009 3819 3072 3874 τὸ
3100 3819 3372 3892 ψαλμικὶν
3422 3821 3570 3891 ἡμᾶς
3602 3820 3804 3888 λέγειν,

2241 3911 2397 3965 ὃτιὈ
2427 3911 2672 3982 ποταμὸς
2701 3912 2793 3965 τοῦ
2822 3912 2958 3966 Θεοῦ
2988 3913 3280 3983 ἐπληρώθη
3321 3911 3550 3976 ὑδάτων,
3583 3911 3698 3976 ἀλλ’
3728 3912 3808 3966 δτι

2241 4009 2272 4078 ή
2334 4006 2426 4060 τοῦ
2457 4008 2593 4059 Θεοῦ
2643 4009 2842 4078 κρήνη,
2901 4005 3038 4078 αὐτη
3093 4006 3148 4060 δέ
3201 4007 3317 4060 ἐστι
3357 4007 3420 4059 τὸ
3475 4008 3808 4078 μαρτυριιιδν

2241 4101 2424 4170 σῶμα,
2459 4101 2814 4172 πεπλήρωται
2853 4102 3041 4173 μύρων
3074 4102 3165 4154 καὶ
3193 4098 3488 4170 θαυμάτων
3525 4101 3618 4155 καὶ
3651 4103 3810 4174 ἰαμά-

2240 4213 2347 4248 των
2405 4196 2495 4247 καὶ
2523 4195 2585 4248 τὸ
2607 4194 2814 4247 τούτων
2837 4194 2917 4248 ἔτι
2947 4195 3520 4266 θαυμασιώτερον,ὅτι
3551 4203 3645 4262 καὶ
3673 4203 3809 4256 κατά
3885 4223 3887 4225 ί

2243 4287 2504 4358 κρουνοὺς
2541 4288 2737 4359 ῥέουσα
2766 4287 2826 4342 τὸ
2856 4289 3063 4360 πλῆρες
3087 4291 3188 4345 οὐκ
3216 4292 3552 4350 ἀποτίθεται.
3583 4288 3711 4362 Καὶ,
3734 4297 3808 4362 ὡς

2241 4381 2439 4445 ἔοικεν,
2468 4381 2712 4445 ἐκείνους
2740 4377 2863 4436 εἷπε
2894 4383 3021 4448 τοὺς
3059 4383 3252 4452 λόγους
3291 4387 3427 4455 πρὸς
3461 4387 3594 4442 Θεδν
3627 4393 3692 4443 ἐκ
3714 4390 3806 4444 τοῦ

569 4466 884 4534 Quasnam?
942 4485 960 4518 ι
994 4466 1186 4535 Surge,
1219 4465 1420 4536 aquilo,
1477 4474 1532 4520 et
1562 4467 1680 4520 Veni
1714 4476 1920 4532 auster,
1963 4469 2130 4537 pcrﬂa

2241 4472 2494 4541 σώματος
2539 4473 2764 4526 ἀνιοῦσα
2793 4474 2827 4544 ή
2864 4477 3180 4548 μαρτυρικὴ
3209 4478 3305 4532 καὶ
3353 4479 3472 4533 θεία
3501 4479 3650 4552 ψυχή
3673 4521 3688 4545 ,
3719 4484 3805 4544 οὒς

570 4565 790 4617 hortum
829 4577 1029 4628 meum,
1062 4569 1115 4614 et
1161 4559 1334 4614 ﬂuant
1379 4570 1623 4615 aromata
1653 4575 1773 4615 mea
1797 4561 1864 4615 '°.
1906 4581 1923 4614 ι
1958 4560 2024 4618 Ει
2057 4563 2139 4619 sic

568 4654 873 4724 spiritualis
909 4653 1184 4723 aquilonis
1211 4646 1432 4708 ﬂamine
1457 4653 1758 4724 usquedum
1789 4653 1841 4707 in
1870 4656 2002 4711 urbe
2035 4669 2139 4712 διε·

574 4751 832 4802 ι’ἱυιιιὶυιιι
892 4747 1193 4816 impietatis
1247 4747 1479 4801 hiemem
1547 4747 1708 4817 ejecit
1761 4757 1816 4801 et
1850 4747 2134 4814 dissolvit,

571 4841 696 4894 inde
743 4841 968 4894 adduxit
1018 4840 1178 4894 nobis
1219 4841 1556 4908 spiritualem
1625 4840 1842 4910 pietatis
1870 4842 2128 4908 calorem,

570 4950 731 5004 quem
765 4932 970 4987 invexit
1004 4934 1131 4987 lelix
1163 4931 1322 4986 ﬂatus
1358 4936 1529 4989 austri
1565 4935 1712 4989 illius
1756 4935 1849 5005 qui
1883 4950 2016 4988 aura
2057 4949 2140 4990 se-

569 5025 906 5083 cundissima
963 5029 1019 5080 in
1076 5028 1243 5082 altum
1301 5029 1528 5096 impellit
1575 5045 1768 5084 narem
1818 5046 2009 5085 eorum
2042 5030 2137 5099 qui

573 5135 722 5175 tnare
756 5120 1046 5176 intendunt
1081 5122 1482 5187 transmittere,
1514 5125 1723 5178 oriente
1751 5123 1866 5178 sole
1891 5125 2140 5193 justitiae,

567 5224 623 5268 et
664 5215 716 5268 in
774 5215 929 5268 horto
985 5222 1247 5268 Virtutum
1295 5213 1722 5284 gratiarumque.
1749 5213 1866 5269 lloc
1899 5230 2026 5270 vere
2057 5224 2142 5270 est

568 5322 771 5377 Corpus
835 5305 1094 5376 martyris
1121 5303 1267 5374 quod
1303 5304 1574 5360 seaturire
1620 5305 1750 5360 facit
1783 5316 2057 5375 unguenta
2090 5317 2144 5363 et

571 5400 1111 5478 mellicamenta.Qui
1139 5400 1361 5454 canales
1387 5411 1466 5455 tot
1513 5409 1642 5455 sunt
1675 5410 1806 5469 quot
1837 5402 1994 5455 facta!
2011 5411 2140 5456 sunt
2185 5405 2192 5408 ’

571 5515 599 5552 a
636 5497 928 5552 lanceariis
957 5496 1206 5566 corporis
1237 5493 1660 5564 perforationes.
1704 5493 1814 5549 Ora
1855 5495 2002 5548 enim
2052 5495 2137 5548 lu-

571 5603 767 5659 porum
805 5601 1038 5656 quorum
1073 5587 1126 5639 in
1176 5587 1382 5650 medio,
1439 5596 1497 5640 ut
1533 5587 1696 5641 docet
1739 5585 2091 5655 Evangelium
2120 5626 2136 5653 ,

643 5771 685 5803 ιτ
727 5770 885 5828 Cant.
924 5787 1000 5841 IV,
1039 5773 1126 5828 ll.
1218 5772 1262 5806 ιε
1307 5773 1464 5829 Cant.
1503 5788 1558 5843 ν,
1598 5772 1654 5827 5.

2241 4567 2336 4616 καὶ
2379 4563 2412 4632 ἡ
2446 4560 2525 4633 τῷ
2566 4561 2687 4633 Θεῷ
2718 4564 3091 4634 νυμφευθείσα
3141 4567 3308 4637 φησὶν
3337 4570 3394 4623 ὲν
3435 4571 3669 4635 ἐκείνοις
3699 4576 3804 4640 τοίς

2243 4655 2642 4728 ᾄσμασι.Τίνας
2671 4658 2889 4721 τούτους
2907 4676 2921 4726 ;
2945 4661 3282 4730 Ἐξεγείρου,
3305 4663 3495 4734 βορρᾶ,
3513 4668 3606 4720 καὶ
3623 4668 3806 4739 ἔρχου,

2246 4749 2385 4803 νότε.
2417 4750 2750 4804 Διάπνευσον
2791 4751 2964 4818 κῆπόν
3001 4770 3126 4821 μου,
3162 4759 3257 4812 καὶ
3289 4757 3644 4826 ρευσάτωσαν
3671 4763 3812 4832 ἀρῶ-

2249 4841 2395 4911 ματά
2435 4857 2556 4911 μου.
2587 4841 2689 4895 Καὶ
2717 4841 2860 4898 οὕτω
2889 4846 2980 4899 τὸν
3004 4846 3103 4916 μὲν
3129 4847 3236 4902 ἀπὸ
3273 4848 3374 4920 τῆς
3404 4851 3693 4919 ἐπιπνοίας
3716 4855 3807 4909 τοῦ

2248 4937 2439 5007 νοητοῦ
2475 4935 2666 5007 βορέου
2701 4937 2971 5010 τρύχοντα
3017 4941 3321 5010 τηνικαῦτα
3359 4944 3460 5015 τὴν
3509 4946 3667 5001 πόλιν
3701 4965 3812 5017 χει-

2250 5018 2404 5099 μῶνα
2452 5029 2549 5099 τῆς
2584 5029 2836 5093 ἀσεϐείας
2873 5032 3123 5100 ἀπήλασε
3167 5033 3263 5086 καὶ
3293 5034 3535 5089 διέλυσεν
3562 5055 3576 5069 ο
3607 5042 3804 5111 ὲπανήυ

2246 5137 2382 5190 γαγε
2417 5121 2473 5173 δὲ
2512 5121 2645 5190 ήμίν
2677 5119 2775 5189 τὴν
2805 5120 3002 5192 νοητὴν
3033 5121 3198 5176 ἀλέαν
3226 5123 3320 5193 τῆς
3351 5125 3650 5191 εὐσεϐείας,
3677 5129 3742 5200 ἢν
3774 5133 3804 5200 ἡ

2248 5214 2476 5269 εὐπνοια
2501 5215 2714 5267 δίδωσιν
2737 5216 2946 5270 ἐκείνου
2970 5215 3064 5268 τοῦ
3095 5215 3272 5283 νότου,
3303 5218 3362 5280 ὃς
3395 5221 3534 5274 κατὰ
3559 5222 3809 5294 πρύμναν

2248 5309 2500 5378 καθάπερ
2537 5309 2810 5362 εἰσϐάλλει
2838 5300 2952 5371 τοῖς
2985 5310 3252 5366 ἀναπλεῖν
3282 5313 3633 5384 αἱρουμένοις
3675 5317 3804 5386 πρὸς

2251 5403 2348 5468 τὴν
2385 5401 2649 5472 ἀνατολήν
2684 5403 2777 5456 τοῦ
2823 5407 2926 5474 τῆς
2981 5402 3328 5476 δικαιοσύνης
3386 5406 3560 5476 ήλίου,
3606 5410 3700 5463 καὶ
3733 5409 3806 5480 τῷ

2246 5496 2408 5564 κήπῳ
2438 5495 2545 5548 τῶν
2565 5495 2778 5565 ἀρετῶν
2800 5497 2892 5550 καὶ
2919 5496 3027 5550 τῶν
3043 5499 3304 5570 χαρίτων,
3337 5492 3492 5564 οὗτος
3521 5500 3580 5554 δέ
3610 5503 3726 5554 ἔστι
3749 5503 3807 5555 τὸ

2246 5590 2405 5658 σῶμα
2437 5588 2497 5642 τὸ
2533 5589 2896 5661 μαρτυρικδν,
2933 5591 3204 5661 πηγάζειν
3232 5593 3395 5648 ἔδωκε
3426 5595 3496 5648 τά
3531 5595 3682 5669 μύρα
3717 5599 3807 5651 καὶ

1731 5772 1778 5803 δ”
1816 5769 1961 5828 Psal.
1999 5787 2143 5838 Lam,
2197 5771 2279 5827 l0.
2356 5774 2401 5806 '°
2443 5771 2600 5833 Cant.
2639 5791 2711 5845 tv,
2755 5775 2841 5833 l6.
