4054 6214
289 399 391 461 637

1271 401 1692 470 ENCOMIUM
1733 403 1960 472 AUC'I’.
1988 403 2442 472 PBILOTHEO
2465 403 2580 475 ΕΡ.

3474 398 3582 469 638

287 523 470 593 ψυχὴν
499 523 599 578 καὶ
645 523 748 596 τὴν
793 522 1016 596 ἐκείνης
1062 528 1346 601 σωτηρίαν
1393 531 1733 596 άνεκαλειτο,
1781 536 1877 585 καὶ
1909 534 1952 589 Δ
1986 550 2089 587 σαν
2123 531 2195 586 δι’
2229 532 2398 588 αὐτοῦ
2451 529 2700 602 μεγάλην
2753 527 2869 582 τῶν
2914 523 3216 597 θαυμάτων
3263 526 3576 595 ἐνέργειαν.

285 616 597 681 ταλανίζων
625 618 819 672 ἐαυτδν
845 621 964 691 ἅμα
989 622 1090 691 τῆς
1110 638 1172 675 τε
1200 623 1586 694 παρελθούσης
1613 626 1878 693 ἀμελείας

284 710 380 763 τοῦ
409 709 529 782 βίου
553 713 650 767 καὶ
676 714 787 766 τῶν
814 717 1174 787 σφαλμάτων,
1206 719 1303 773 καὶ
1323 720 1407 774 ὅτι
1437 720 1570 792 μηδέ
1603 722 1877 778 τελευτῶν

287 803 404 872 ἔχει
433 809 526 858 τὸν
573 806 947 876 συναλγοῦντα
983 811 1080 863 καί¹
1112 811 1569 883 συμπονούμενον
1600 817 1731 883 περί
1779 815 1879 885 τὴν

285 897 523 963 δυνατὴν
569 901 708 963 τέως
737 902 838 970 τῆς
875 901 1058 974 ψυχῆς
1096 904 1437 976 θεραπείαν·
1479 903 1600 960 εἶτα
1650 909 1744 961 καὶ
1783 907 1879 962 τοῦ

291 993 539 1059 μεγάλου
597 995 865 1065 μνησθεὶς
897 998 991 1051 ἐπὶ
1035 999 1271 1065 τούτοις,
1304 1000 1400 1051 καὶ
1442 1002 1543 1067 τῆς
1591 1001 1880 1071 ἁγιότητος

287 1086 384 1142 καὶ
421 1090 526 1158 τῆς
558 1091 805 1160 μεγάλης
836 1094 1215 1163 ποιμαντικῆς
1247 1094 1346 1148 καὶ
1375 1096 1704 1160 ἐπιστασίας
1736 1097 1874 1150 ἐκεί-

288 1199 381 1240 νου
406 1197 418 1210 ·
450 1177 522 1253 ἦν
561 1182 676 1254 γάρ
722 1187 819 1241 καὶ
855 1185 968 1238 τῶν
999 1187 1302 1257 ,γνωρίμων
1352 1203 1414 1239 τε
1455 1188 1551 1242 καὶ
1592 1189 1839 1258 συνήθων
1861 1204 1876 1218 ο

289 1277 386 1328 καὶ
413 1276 498 1328 ὅτι
523 1277 662 1346 μηδέ
704 1279 806 1348 τὴν
841 1279 1164 1334 τελευταίαν
1210 1279 1348 1348 πρὸς
1375 1279 1510 1333 Θεὸν
1550 1279 1880 1350 ἐκδημοῦντι

288 1370 368 1440 τῷ
398 1371 659 1442 μακαρίῳ
687 1373 907 1443 παρῆνο
936 1369 975 1446 ἦ
1019 1373 1130 1444 γάρ
1166 1375 1256 1438 ἂν,
1305 1374 1465 1444 φησί,
1500 1374 1598 1428 καὶ
1627 1374 1736 1428 τῶν
1789 1373 1881 1440 ἐξ-

290 1465 450 1519 οδίων
501 1465 667 1520 αὐτοῦ
703 1468 974 1538 ῥημάτων
1007 1468 1102 1522 καὶ
1144 1469 1257 1523 τῶν
1306 1467 1469 1540 ίερῶν
1513 1468 1690 1539 εὐχῶν
1720 1485 1884 1540 μετα-

293 1557 439 1628 σχὼν
489 1559 637 1626 τότε,
685 1559 894 1625 ταύτας
952 1561 1075 1616 ἀντὶ
1135 1561 1510 1633 φυλακτηρίου
1547 1560 1751 1620 παντὸς
1785 1562 1883 1616 καὶ

293 1649 506 1722 άμυντη
518 1651 648 1719 ρίων
671 1653 856 1708 ὃπλων
883 1653 1004 1708 νυνὶ
1032 1655 1407 1726 προῖστάμην.
1445 1652 1616 1708 Ταῦτ’
1635 1653 1884 1709 ἐπειπὼν

291 1744 320 1794 ε
359 1745 779 1815 πρεσϐύτερος,
831 1747 930 1800 καὶ
980 1747 1176 1801 ἐαυτὸν
1222 1743 1334 1801 οἷον
1384 1748 1882 1819 άποκλαυσάμενος

297 1837 438 1903 ίπέρ
499 1837 734 1904 τούτων,
796 1839 858 1893 τὸ
915 1839 1232 1894 τελευταῖον
1288 1841 1588 1911 κατάγεται
1649 1842 1749 1896 καὶ
1801 1842 1883 1905 είς

1985 630 2082 685 καὶ
2118 631 2204 684 δτι
2243 629 2319 700 τῷ
2353 629 2568 682 ἐκείνου
2607 626 2796 680 πολλοὶ
2840 627 3164 697 προσιόντες
3197 623 3375 690 τάφῳ.
3415 623 3580 690 χαλε-

1988 724 2109 777 πῶν
2163 723 2629 794 ἀρρωστημάτων
2679 719 2776 772 καὶ
2833 718 3066 791 χρονίων
3139 715 3330 770 παθῶν
3375 714 3579 784 ἀθρόον

1986 813 2233 878 ἐξάντεις
2274 813 2539 882 ὁρῶνται.
2590 812 2688 864 καὶ
2720 811 2749 864 6
2799 812 3027 879 πάσχων
3076 810 3135 863 ἐν
3178 807 3431 876 αἰσθήσει
3465 806 3580 859 τῶν

1985 904 2337 975 λαλουμένων
2399 906 2598 958 αὐτίκα
2661 903 2978 974 γενόμενος,
3036 905 3133 956 καὶ
3191 901 3426 970 δάκρυσι
3481 901 3577 954 καὶ

1989 999 2233 1066 ῥήμασιν
2276 996 2534 1058 ἐλεεινοῖς
2569 995 2660 1048 τὸν
2693 997 2852 1063 ἅγιον
2891 996 2972 1058 εἰς
3000 993 3188 1049 οἶκτον
3227 991 3573 1059 ἐξεκαλεῖτοο

1999 1088 2253 1159 ’1σχύεις,
2312 1090 2570 1158 ἄνθρωπε
2620 1087 2714 1142 τοῦ
2767 1088 2928 1153 Θεοῦ,
2979 1087 3174 1155 λέγων,
3211 1087 3306 1141 ατε
3359 1087 3424 1155 δὴ
3480 1086 3572 1139 καὶ

1985 1182 2229 1250 Χριστοῦ
2269 1183 2515 1254 μιμητὴς
2555 1183 2980 1255 ἀκριϐέστατος,
3015 1182 3062 1235 εἰ
3093 1182 3190 1236 καὶ
3221 1181 3296 1252 μὴ
3339 1180 3574 1251 πάρειμι

1987 1275 2082 1328 καὶ
2129 1275 2262 1329 αὐτὸ
2292 1275 2388 1328 νῦν
2437 1275 2582 1329 κατὰ
2627 1277 2755 1340 τοὺς
2799 1276 2996 1339 ἄλλους
3026 1274 3104 1346 τῷ
3140 1273 3220 1345 σῷ
3266 1274 3444 1344 τάφῳ,
3480 1276 3576 1326 καὶ

1986 1369 2088 1438 τῆς
2115 1367 2280 1423 νόσου
2313 1369 2409 1422 καὶ
2438 1371 2537 1438 τῆς
2580 1368 2731 1440 ὧρας
2779 1369 3098 1439 είργούσης.
3141 1369 3240 1423 καὶ
3269 1366 3576 1438 ἐπισκέψα-

1989 1460 2114 1515 σθαι
2148 1462 2242 1514 καὶ
2275 1459 2618 1533 θεραπεῦσαι
2649 1462 2744 1514 καὶ
2789 1461 2894 1531 τῆς
2934 1463 3141 1532 πικρᾶς
3169 1459 3364 1530 ὀδύνης
3399 1461 3579 1514 ἀπαλ-

1986 1552 2150 1618 λάξαι
2188 1553 2282 1606 καὶ
2311 1552 2407 1606 τοῦ
2454 1555 2917 1624 προσδοκωμένου
2950 1553 3206 1608 θανάτου.
3259 1551 3448 1607 Ταῦτα
3480 1554 3579 1608 καὶ

1988 1644 2313 1699 τὰτοιαῦτα
2360 1643 2571 1713 μεταξὺ
2616 1645 2815 1713 λέγων,
2848 1645 2933 1709 εἰς
2979 1644 3150 1699 ὕπνον
3202 1645 3441 1716 ἐτράπη.
3480 1647 3580 1700 καὶ

1988 1739 2295 1809 Γρηγόριος
2351 1738 2514 1802 εὐθὺς
2544 1740 2574 1790 δ
2617 1740 2798 1809 μέγας
2829 1739 3016 1810 παρῆν
3065 1742 3125 1793 ἐν
3166 1744 3410 1810 σχήματι
3441 1755 3580 1810 πρε-

1992 1831 2254 1902 σϐυτέρου
2286 1831 2382 1886 καὶ
2412 1832 2653 1905 μοναχοῦ
2681 1851 2826 1898 τινος
2855 1833 2968 1886 τῶν
2995 1836 3238 1896 οἰκείων,
3259 1832 3575 1904 ὁμωνύμως

299 1927 489 1992 ὕπνον,
526 1929 670 1983 καὶό
718 1903 890 1992 ῦπνος
937 1929 1062 1999 δψιν
1121 1930 1286 1992 εὐθὺς
1347 1903 1600 2001 ἐπιφέρει
1646 1903 1878 1984 τοιάνδε.
1913 1903 1958 1958 Β
1985 1928 2190 2000 δηλαδὴ
2243 1903 2686 1999 Γρηγορίουνκαί
2732 1927 2902 1982 αὑτοῦ
2945 1929 3310 1998 καλουμένου.
3347 1929 3440 1982 καὶ
3466 1927 3579 1980 τῶν

307 2019 590 2084 Ἑδόκουν,
617 2023 779 2090 φησὶ,
804 2021 950 2075 κατὰ
974 2020 1066 2074 τὸν
1093 2020 1188 2074 τοῦ
1221 2019 1541 2090 θαυμαστοῦ
1561 2022 1879 2092 Δημητρίου

293 2111 454 2175 νεὼν,
493 2111 641 2164 ἔνδον
681 2111 931 2186 ἑστηκὼς
972 2111 1084 2166 τῶν
1136 2111 1374 2177 ἀδύτων,
1406 2114 1502 2166 τὸν
1551 2111 1728 2182 μέγαν
1765 2113 1885 2184 βλέ-

297 2219 420 2256 πειν
475 2202 764 2273 ἀρχιερέα,
798 2205 869 2274 τῇ
902 2201 1025 2275 θείᾳ
1057 2211 1132 2257 ’τε
1181 2207 1574 2275 παρεστηκότα
1605 2205 1880 2276 τραπέζῃ.

298 2293 392 2348 καὶ
427 2295 679 2364 συνήθως
715 2294 1112 2366 ἱερουργοῦντα
1163 2299 1230 2351 τὰ
1286 2299 1560 2368 μυστικά·
1611 2291 1656 2366 ᾧ
1697 2298 1762 2368 δὴ
1788 2300 1882 2352 καὶ

301 2396 632 2458 προσπεσὼν
665 2390 832 2461 εὐχῆς
862 2391 1018 2462 ίερᾶς
1037 2389 1340 2463 ἀξιωθῆναι
1371 2394 1502 2462 παρ’
1531 2391 1699 2446 αὐτοῦ
1727 2407 1884 2462 περιο

299 2482 492 2547 παθῶς
543 2483 869 2554 ἐπεζήτουν.
921 2484 982 2539 Ὀ
1010 2485 1067 2539 δὲ
1099 2485 1298 2556 πρῶτα
1345 2487 1443 2555 μὲν
1475 2485 1587 2540 οὐδ’
1615 2487 1886 2555 ἐπεστρά-

297 2577 428 2644 φθαι
455 2580 597 2648 πρὸς
634 2578 736 2649 τὴν
783 2578 1006 2646 αίτησιν
1037 2579 1178 2642 ὅλως
1217 2579 1415 2646 ἐδόκει,
1462 2579 1602 2633 ἀλλὰ
1642 2580 1750 2632 τῶν
1789 2597 1884 2650 μυ-

296 2668 537 2741 στηρίων
577 2669 782 2740 μᾶλλον
810 2671 907 2724 καί
941 2671 1041 2741 τῆς
1093 2670 1250 2740 ἱερᾶς
1291 2671 1632 2742 ἐξηρτῆσθαι
1666 2671 1884 2742 τραπέ-

293 2761 396 2832 ζης
456 2763 736 2827 κάκείνοις
792 2764 1090 2835 προσέχειν
1141 2762 1236 2817 τδν
1290 2763 1448 2816 νοῦν·
1506 2765 1702 2836 μικρὸν
1727 2763 1786 2818 δέ
1832 2781 1884 2818 τι

291 2859 580 2924 διαλιπὼν,
611 2861 934 2931 ἐπιστρέφει
984 2858 1123 2930 πρός
1162 2878 1252 2932 με,
1312 2861 1409 2927 καὶ
1450 2861 1528 2931 τῷ
1579 2861 1885 2933 ἐπισκηνίῳ

292 2954 395 3023 τὴν
425 2952 610 3018 δεξιάν
638 2951 872 3016 ἐπιθεὶς,
907 2951 1036 3007 ἔνθα
1069 2951 1136 3024 δὴ
1167 2953 1262 3007 καὶ
1290 2955 1350 3007 τὸ
1393 2954 1504 3009 πᾶν
1529 2954 1710 3008 ἐδόκει
1757 2955 1885 3010 τότε

291 3048 630 3118 συνδραμεῖν
657 3048 758 3118 τῆς
781 3047 1001 3120 ὀδύνης,
1039 3048 1134 3102 τὸν
1157 3046 1255 3101 τοῦ
1280 3047 1425 3102 θείου
1450 3047 1690 3119 σταυροῦ
1712 3047 1886 3101 τύπον

289 3141 626 3211 ἐγχαράττει
665 3159 756 3208 μοι
793 3143 907 3206 τοῖς
936 3141 1229 3205 δακτύλοις
1248 3158 1264 3174 ο
1302 3142 1412 3196 τῶν
1441 3142 1487 3196 δ’
1519 3143 1684 3209 εὐθὺς
1703 3143 1886 3196 ελαιόν

1985 2024 2259 2076 συνόντων
2288 2023 2441 2094 αύτῴ
2469 2023 2637 2078 πάλαι
2672 2023 2907 2093 μοναχόν
2939 2041 2998 2078 τε
3055 2022 3151 2077 καὶ
3198 2023 3448 2078 διάκονον
3477 2021 3577 2075 ἱνα

1983 2117 2108 2171 τινὰ
2144 2117 2534 2186 παρεπόμενον
2567 2117 2709 2187 ἔχων
2730 2134 2743 2150 ο
2776 2116 2827 2172 οἳ
2854 2117 2917 2186 δὴ
2949 2119 3045 2172 καὶ
3079 2116 3249 2187 αὐτῷ.
3281 2117 3450 2187 φημὶ,
3498 2115 3579 2184 τῷ

1984 2209 2254 2280 πάσχοντι
2314 2209 2570 2279 συνήθεις
2632 2209 2934 2281 ἐτύγχανον
2984 2211 3160 2272 ὀντες.
3219 2207 3327 2263 Τοῦ
3390 2211 3577 2263 τοίνυν

1984 2303 2292 2374 Γρηγορίου
2323 2303 2554 2372 φιλικῶς
2592 2304 2759 2356 αὑτὸν
2783 2302 3066 2372 ἐρομένου,
3111 2303 3176 2355 Ti
3211 2319 3341 2356 ποτε
3376 2303 3486 2371 ἄρα
3513 2301 3577 2354 τὸ

1987 2396 2231 2462 λυποῦν,
2285 2397 2381 2448 καὶ
2425 2396 2510 2454 τίς
2545 2398 2578 2466 ἡ
2619 2397 2714 2448 τοῦ
2761 2395 2993 2466 θορύϐου
3046 2396 3144 2448 καὶ
3194 2394 3293 2466 τῆς
3340 2393 3572 2464 τοσῆσδε

1986 2489 2234 2558 ταραχῆς
2285 2487 2382 2542 καὶ
2441 2490 2538 2560 τῆς
2585 2489 2835 2558 ἀνάγκης
2889 2488 3071 2552 αἰτίας
3107 2488 3221 2558 Οὐχ
3281 2489 3415 2559 ὁρᾷς
3471 2506 3568 2558 με,

1987 2582 2156 2651 φησιν
2181 2583 2212 2634 6
2239 2583 2488 2651 πάσχων,
2516 2582 2677 2654 ὀδύνῃ
2708 2580 3067 2652 συνεχόμενον
3105 2581 3451 2655 πικρατάτης
3482 2581 3578 2636 καὶ

1985 2677 2090 2747 τῆς
2129 2677 2227 2746 μέν
2261 2677 2412 2746 ζωῆς
2443 2677 2854 2749 ἀφαιρούμενον
2883 2679 2991 2732 ὑπὸ
3019 2676 3225 2749 ταύτης
3259 2678 3479 2748 ἀθρόον,
3509 2677 3579 2731 τὰ

1984 2768 2042 2822 δέ
2109 2769 2385 2837 φίλτατα,
2453 2768 2587 2839 φεῦί
2671 2769 2857 2840 ἔρημα
2923 2768 3334 2825 καταλείποντα
3390 2772 3576 2838 πάσης

1986 2861 2314 2930 ἡστινοσοῦν
2373 2863 2740 2931 προστασίας;
2786 2862 2947 2917 Ἀλλὰ
3005 2863 3080 2933 μὴ
3139 2863 3328 2929 δέδιθι,
3380 2867 3575 2933 φησὶν,

1986 2945 2032 3009 ὦ
2055 2945 2230 3018 οὗτος,
2258 2957 2323 3007 τά
2347 2953 2569 3008 τοιαῦτα
2602 2955 2662 3006 τό
2696 2972 2758 3020 γε
2816 2955 2911 3008 νῦν
2958 2949 3100 3009 εἶναι
3121 2972 3156 3020 ·,
3175 2954 3289 3022 ἐξει
3337 2957 3435 3011 καὶ
3464 2955 3576 3026 γάρ

1989 3061 2072 3100 σοι
2100 3047 2283 3110 καλῶς
2316 3047 2412 3100 καὶ
2443 3046 2566 3100 κατ’
2596 3047 2764 3116 εὐχὴν
2797 3049 2934 3117 μετὰ
2980 3048 3182 3119 μικρὸν
3223 3049 3428 3110 πάντα,
3460 3053 3575 3113 τοῖς

1989 3139 2359 3210 ὀδυνωμένοις
2414 3141 2622 3210 μορίοις
2676 3140 2770 3192 τοῦ
2831 3141 3101 3210 παρόντος
3151 3140 3575 3211 ἐπιϐληθέντος,

289 3251 344 3286 τι
380 3233 587 3297 καινῶς
619 3235 840 3304 ἐκρυέν,
895 3235 960 3287 τὰ
999 3236 1269 3303 πρόσωπα
1316 3237 1636 3305 καταχρίειν
1684 3236 1881 3290 ἐδόκει.
1917 3257 1968 3315 ς
1993 3231 2136 3297 είπε,
2176 3234 2271 3286 καὶ
2306 3234 2502 3303 τμῆμά
2541 3252 2589 3286 τι
2631 3234 2732 3302 τῆς
2765 3234 2914 3304 αύτῷ
2958 3234 3128 3288 πάλαι
3155 3234 3578 3304 καινουργηθεί-

293 3329 404 3384 Καὶ
440 3327 616 3380 ταῦτα
643 3330 743 3397 μὲν
775 3330 801 3381 ὃ
824 3347 882 3382 τε
934 3328 1123 3393 ὕπνος,
1171 3330 1264 3382 καὶ
1293 3331 1325 3397 ὴ
1363 3330 1483 3400 ίερά
1521 3329 1642 3397 δψις
1676 3330 1884 3400 ἐκείνη.

301 3421 364 3472 Ὀ
411 3419 458 3471 δ’
493 3419 698 3484 εὐθέως
733 3420 1056 3486 ἐξαναστὰς,
1097 3422 1192 3474 καὶ
1235 3420 1330 3476 τοῦ
1367 3421 1600 3476 θανάτου
1649 3421 1743 3473 καὶ
1786 3422 1886 3490 τῆς

291 3511 489 3581 ὀδύνης
543 3513 642 3566 καὶ
695 3513 807 3568 τῶν
866 3513 1132 3586 λυπηρῶν
1193 3515 1425 3568 ἐκείνοιν
1485 3513 1625 3584 ὁμοῦ
1666 3514 1885 3567 πάντων

294 3605 499 3676 ἀθρόον
548 3608 642 3661 καὶ
691 3607 838 3678 ὑπὲρ
900 3609 1082 3672 πάσας
1137 3608 1362 3670 ἐλπίδας
1411 3608 1770 3676 ἀπαλλαγεὶς,
1809 3607 1886 3669 ὡς

297 3698 433 3768 μηδὲ
473 3699 623 3767 τινος
649 3699 876 3753 ἐκείνων
908 3701 1198 3771 μηδοτιοῦν
1230 3701 1597 3770 ἐλλελεῖφθαι,
1632 3701 1752 3771 Θεῷ
1780 3701 1879 3762 καὶ

293 3791 371 3856 τῷ
395 3789 611 3844 ἐκείνου
635 3791 932 3863 θεράποντι
963 3793 1212 3864 μεγάλας
1235 3794 1579 3866 άνωμολόγει
1600 3794 1700 3858 τὰς
1722 3795 1885 3865 χάριν

291 3905 415 3947 τας.

369 3979 567 4045 ’Δλλος
615 3997 700 4044 τις
754 3980 867 4036 τῶν
918 3981 1021 4053 τῆς
1078 3983 1291 4049 πόλεως
1324 3985 1627 4056 οἰκητόρων
1665 3987 1727 4039 ού
1773 3985 1886 4040 τῶν

292 4074 548 4142 ἀσήμων,
599 4071 740 4127 ἀλλά
774 4075 870 4127 καὶ
916 4075 1028 4128 τῶν
1087 4076 1434 4148 εὐπατριδῶν
1458 4095 1518 4132 τε
1559 4081 1652 4134 καὶ
1688 4079 1884 4149 ἐπισήο

298 4185 418 4237 μων
466 4167 544 4228 ὡς
585 4168 847 4237 μάλιστα.
885 4169 1108 4236 γυναικί
1156 4188 1215 4224 τε
1257 4172 1352 4226 καὶ
1405 4170 1622 4231 τέκνοις
1681 4172 1882 4239 συζῶν,

293 4261 389 4313 καὶ
420 4259 602 4321 οἰκίας
625 4257 1270 4334 ἐπιμελούμενος,-ὀδύνῃ
1302 4262 1494 4334 χρονίᾳ
1524 4261 1754 4333 κάτοχος
1777 4259 1846 4332 ἦν
1866 4279 1880 4296 ο

293 4355 538 4419 κωλικήν
562 4371 694 4422 φασι
719 4355 925 4423 ταύτην
958 4355 1161 4427 ἰατρῶν
1189 4359 1400 4421 παῖδες.
1437 4357 1584 4428 Δῦτη
1608 4359 1686 4426 τῷ
1709 4359 1884 4429 χρόνῳ

294 4445 724 4513 συναυξηθεῖσα,
778 4447 1026 4516 μεθόδοις
1068 4451 1341 4519 ἰατρικαῖς
1383 4451 1480 4503 καὶ
1512 4453 1885 4524 φαρμακείαις

287 4541 480 4593 οὐκέτι
527 4540 587 4592 τὸ
611 4541 878 4611 παράπαν
915 4541 1132 4605 ὑπεῖκε,
1167 4543 1314 4596 καθά
1353 4542 1416 4614 δὴ
1466 4546 1561 4597 καὶ
1605 4545 1878 4614 πρόσθεν·

1993 3346 2094 3398 σης
2146 3330 2302 3394 ἰερᾶς
2361 3329 2575 3395 στολῆς,
2633 3323 2778 3402 ᾗπερ
2816 3328 2976 3398 ἔφην,
3023 3329 3120 3383 τοῦ
3173 3330 3378 3382 κόλπου
3413 3329 3575 3395 δόξας
3682 3335 3684 3337 ’

1991 3423 2318 3490 ἐξενεγκεῖν,
2352 3426 2601 3488 σταυροῖς
2636 3424 2799 3476 ἐννέα
2834 3424 3058 3494 χρυσοῖς
3102 3424 3572 3494 ἐντετυπωμένον,

1989 3515 2272 3584 ἐπιτίθησι
2302 3515 2380 3582 τῷ
2411 3515 2677 3584 πάσχοντι
2728 3516 2886 3584 μέρει
2910 3533 2922 3545 ⁸
2959 3519 2988 3570 6
3036 3517 3082 3570 δ’
3130 3519 3238 3586 ἄρα
3263 3517 3514 3580 διάκονος
3543 3521 3572 3571 6

1988 3608 2372 3678 παρεπόμενος
2401 3607 2595 3676 τούτῳ,
2629 3608 2867 3676 σταυρὸν
2910 3610 3006 3662 καὶ
3051 3609 3217 3670 αύτδς
3259 3609 3368 3662 άπὸ
3399 3609 3571 3677 κηροῦ

1985 3699 2148 3768 δόξας
2197 3700 2404 3772 φέρειν,
2447 3703 2562 3764 τοῖς
2611 3699 2706 3753 τοῦ
2758 3703 3060 3772 πάσχοντος
3109 3702 3423 3765 ἐπιτίθησιν
3451 3704 3577 3756 ὀπι-

1990 3793 2188 3860 σθίοις,
2223 3793 2301 3863 τῷ
2326 3791 2711 3865 ύπερκειμένῳ
2736 3793 2836 3862 τῆς
2862 3793 3025 3862 ἕδρας
3049 3793 3192 3864 ὀστῷ
3229 3792 3574 3864 προσφύσας,

1990 3887 2138 3957 ίερδν
2175 3887 2336 3942 τοῦτό
2367 3904 2532 3956 φασιν
2566 3885 2769 3956 ἰατρῶν
2805 3888 3020 3951 παῖδες.
3073 3888 3182 3940 Καὶ
3219 3889 3246 3940 6
3286 3887 3388 3958 μὲν
3419 3887 3580 3940 ταῦθ’

1987 3980 2134 4036 οὕτω
2163 3980 2490 4051 θαυμαστῶς
2521 3980 2827 4054 ἐνεργήσας
2864 3979 3144 4049 Πνεύματι
3175 3978 3306 4045 θείῳ
3336 3981 3430 4034 τοῦ
3464 3982 3572 4033 πά-

1989 4086 2211 4140 σχοντος
2245 4070 2304 4134 ἐξ
2346 4068 2649 4136 ὀφθαλμῶν
2705 4064 2773 4140 ἦν
2794 4085 2809 4100 '
2849 4070 2878 4123 6
2915 4067 2963 4122 δ’
2993 4069 3218 4134 αὐτίκα,
3252 4070 3358 4125 τῶν
3391 4071 3580 4126 ὕπνων

1987 4159 2153 4214 αὐτὸν
2197 4160 2537 4222 ύπανέντων,
2589 4158 2842 4213 νύττεται
2880 4159 2980 4230 τὴν
3017 4161 3285 4234 γαστέρα,
3330 4162 3428 4216 καὶ
3478 4163 3580 4232 τῆς

1985 4252 2274 4306 νοσοποιοῦ
2309 4253 2645 4324 θαυμαστῶς
2668 4254 3002 4324 κενωθείσης
3036 4253 3193 4324 ῦλης,
3228 4257 3305 4320 ὡς
3328 4259 3423 4311 καὶ
3450 4257 3580 4318 τοὺς

1986 4346 2260 4417 παρόντας
2294 4347 2704 4418 καταπλήττειν
2737 4347 2946 4410 πάντας
2974 4351 3042 4421 τῇ
3071 4349 3197 4420 θέᾳ,
3230 4351 3289 4402 τό
3311 4367 3368 4402 τε
3403 4349 3579 4411 πάθος

1985 4438 2154 4502 εὐθὺς
2181 4437 2534 4510 δραπετεύει,
2573 4440 2668 4493 καὶ
2715 4442 2743 4492 6
2792 4442 3024 4510 πάσχων
3070 4441 3357 4512 ἐλεύθερος
3392 4445 3455 4496 ού
3481 4441 3577 4496 τοῦ

1990 4531 2457 4601 προσδοκηθέντος
2520 4535 2684 4602 μόνον
2735 4533 2970 4587 θανάτου
3027 4535 3124 4587 καὶ
3189 4537 3288 4606 τῆς
3351 4538 3577 4606 χρονίας

289 4634 410 4689 ἀλλ’
445 4633 712 4703 ἠλέγχετο
757 4634 920 4688 πάνθ’
975 4635 1111 4706 ὁμοῦ
1145 4635 1227 4705 τῷ
1269 4637 1481 4707 σφοδρῷ
1517 4639 1617 4706 τῆς
1660 4639 1878 4709 ὀδύνης,
1908 4615 1960 4674 Ῑ)
1985 4623 2204 4692 ἐκείνης
2233 4621 2430 4692 ὀδύνης
2455 4625 2733 4691 καθάπαξ,
2759 4626 2898 4679 ἀλλὰ
2941 4627 3038 4680 καὶ
3063 4627 3328 4698 εύσθενής
3357 4647 3440 4692 τις
3479 4632 3574 4683 καὶ

285 4726 402 4779 τῶν
433 4726 680 4796 φυσικῶν
738 4729 1141 4800 ἐμφραγέντων
1206 4732 1396 4800 πόρων
1444 4733 1726 4801 καθάπαξ,
1791 4734 1887 4787 καὶ

287 4821 407 4880 τοῖς
447 4818 832 4889 περιττώμασι
862 4822 964 4891 τῆς
990 4823 1230 4894 γαστρὸς
1249 4826 1502 4902 μηδεμιᾷ
1531 4843 1642 4879 τινι
1668 4830 1884 4898 μηχανῇ

286 4913 392 4983 τὴν
417 4911 600 4978 ἔξοδον
637 4917 1093 4986 συγχωρούντων.
1132 4919 1208 4982 ὡς
1240 4920 1338 4974 καὶ
1376 4921 1485 4973 τῶν
1530 4922 1733 4990 ἰατρῶν
1757 4925 1887 4988 τοὺς

284 5005 556 5072 δοκίμους
590 5005 711 5058 τότε
743 5007 1024 5076 παρόντας
1053 5007 1186 5079 ὕλην
1215 5009 1336 5063 τινὰ
1372 5012 1654 5081 μοχθηρὰν
1702 5013 1885 5079 λέγειν

286 5101 374 5162 εἰς
418 5095 621 5168 ἑαυτὴν
657 5101 970 5162 συστᾶσαν,
1027 5104 1122 5154 καὶ
1178 5107 1565 5173 συμπαγεῖσαν
1619 5107 1699 5167 εἰς
1733 5107 1883 5160 λίθου

290 5191 631 5262 μεταὸαλεῖν
686 5192 872 5260 φύσιν,
916 5194 1172 5248 κάκεῖνον
1227 5198 1318 5248 τὸν
1375 5197 1476 5265 τῆς
1511 5198 1746 5266 φυσικῆς
1795 5204 1885 5252 ὲκ-

285 5284 531 5354 κρέσεως
579 5284 956 5352 ἀποφράττειν
1014 5287 1207 5355 πόρον.
1241 5288 1415 5360 Ἕκτη
1481 5293 1585 5357 μὲν
1633 5286 1728 5344 οὖν
1781 5292 1881 5363 ἤδη

283 5374 499 5446 παρῄει
531 5376 724 5448 τάνδρὶ
755 5377 951 5441 δεινῶς
987 5379 1092 5432 ὑπὸ
1121 5381 1222 5449 τῆς
1267 5381 1464 5451 ὀδύνης
1499 5384 1884 5453 στροδουμένῳ

279 5471 360 5524 τὰ
391 5469 562 5534 ἔιδον,
593 5473 689 5524 καὶ
722 5475 852 5525 αὑτό
887 5490 949 5541 γε
980 5476 1041 5526 τὸ
1087 5475 1188 5544 ζῇν
1232 5476 1365 5543 πρὶς
1397 5477 1638 5546 ἑσπέραν
1675 5478 1883 5550 ταύτης

285 5567 722 5632 ἀπαγορεύοντι.
757 5567 879 5619 Τῶν
908 5569 964 5620 δέ
1000 5569 1390 5637 προσηκόντων
1430 5573 1550 5624 καθ’
1583 5571 1746 5644 αἷμα,
1790 5578 1883 5628 καὶ

281 5659 402 5712 τῶν
436 5657 614 5720 ἄλλως
662 5659 785 5712 καθ’
814 5661 1095 5732 ἑταιρείαν
1141 5663 1363 5714 οἰκείων
1394 5681 1452 5716 τε
1493 5668 1588 5719 καὶ
1623 5667 1879 5739 συνήθων

285 5749 786 5818 παρακαθημένων
823 5768 880 5802 τε
927 5753 1022 5806 καὶ
1061 5752 1517 5821 συμπασχόντων,
1550 5755 1625 5815 ὠς
1653 5754 1794 5818 ἔθος,
1823 5759 1879 5807 ἐν

282 5845 401 5902 τοῖς
429 5841 718 5908 τοιούτοις,
769 5841 986 5895 καὶτὸν
1028 5842 1172 5896 θεῖον
1219 5844 1276 5894 ἐν
1328 5842 1540 5907 τούτοις
1586 5846 1668 5908 εἰς
1715 5848 1880 5916 μέσον

286 5935 361 6006 rp
383 5935 596 6003 ‘yo'pzov
626 5936 1020 6006 παρηχούντων
1054 5937 1131 6007 τῷ
1161 5937 1324 6009 λόγῳ,
1363 5939 1454 5992 καὶ
1487 5937 1587 6010 τὴν
1621 5940 1877 6010 ἐνεργοῦ-

1992 4718 2274 4787 ρωμαλέος
2313 4720 2406 4773 ἐπὶ
2451 4719 2542 4774 τὸν
2574 4721 2747 4790 τάφον
2785 4721 2882 4774 ἰὼν
2924 4721 3019 4774 τοῦ
3056 4724 3316 4792 μεγάλου,
3349 4724 3416 4776 δι’
3443 4725 3574 4776 ἐαυ-

1988 4809 2082 4861 τοῦ
2119 4827 2177 4861 τε
2204 4810 2435 4882 λαμπρᾷ
2467 4805 2532 4882 τῇ
2567 4816 2719 4884 φωνῇ
2745 4811 2806 4866 τὸ
2840 4814 2935 4869 τοῦ
2974 4815 3255 4885 θαύματος
3294 4817 3574 4887 ὑπερφυὲς

1991 4908 2156 4958 πᾶσιν
2190 4906 2607 4979 ἀνακηρύττων,
2636 4911 2729 4962 καὶ
2752 4909 2872 4981 Θεῷ
2916 4912 3012 4964 καὶ
3046 4913 3122 4982 τῷ
3155 4913 3367 4966 ἐκείνου
3403 4913 3575 4984 θερά-

1988 5018 2144 5053 ποντι
2181 5003 2325 5054 θύων
2350 5004 2417 5056 τὰ
2450 5005 2814 5074 χαριστήρια.

2074 5094 2132 5146 '0
2163 5096 2262 5163 τῆς
2303 5097 2444 5147 κατά
2474 5098 2882 5169 Θεσσαλονίκην
2930 5100 3234 5170 ἐκκλησίας
3265 5103 3376 5155 τῶν
3411 5102 3574 5172 ίερῶν

1989 5187 2252 5258 ᾀσμάτων
2280 5203 2339 5239 τε
2371 5191 2466 5240 καὶ
2507 5190 2692 5258 μελῶν
2722 5190 2975 5262 ἔξαρχος,
3019 5195 3112 5245 καὶ
3143 5193 3238 5244 τοῦ
3266 5195 3431 5264 χοροῦ
3467 5195 3574 5248 τῶν

1985 5283 2226 5352 ᾀδόντων
2273 5283 2516 5352 ἀρχηγός
2547 5301 2604 5336 τε
2649 5286 2744 5337 καὶ
2796 5289 3118 5356 κορυφαῖος,
3171 5290 3570 5361 Δομέστικονή

1987 5377 2247 5444 συνήθεια
2273 5377 2465 5430 τοῦτόν
2498 5395 2688 5448 φησιν,
2737 5381 3010 5450 ἐπίσημος
3049 5381 3096 5434 δ’
3127 5383 3187 5435 ἐν
3228 5385 3342 5445 τοίς
3386 5384 3570 5437 τοιού-

1984 5490 2096 5534 τοις
2137 5474 2368 5536 ὲκεῖνος,
2403 5475 2498 5525 καὶ
2547 5475 2725 5544 χρόνῳ
2760 5479 2855 5528 καί
2898 5476 3064 5549 πείρᾳ
3116 5479 3210 5530 καὶ
3261 5477 3423 5548 φύσει
3474 5477 3570 5531 καὶ

1983 5567 2148 5636 τέχνῃ
2197 5568 2288 5618 καὶ
2342 5567 2502 5620 παντὶ
2533 5567 2613 5638 τῷ
2661 5569 3006 5624 συντελοῦντι
3056 5572 3195 5640 πρὸς
3228 5573 3427 5635 ταῦτα,
3474 5571 3572 5624 καὶ

1981 5661 2304 5725 διδάσκαλος
2334 5663 2694 5734 χρηματίζων
2739 5644 2852 5716 τῶν
2899 5665 3088 5732 ὀντων,
3135 5668 3230 5720 καὶ
3261 5669 3406 5722 κατὰ
3438 5668 3575 5722 πάν-

1980 5773 2092 5808 των
2119 5757 2180 5809 τὸ
2204 5761 2493 5827 πρεσϐεῖον
2535 5754 2874 5829 φερόμενος·
2913 5761 3072 5826 οὗτος
3108 5763 3402 5833 τοιγαροῦν
3427 5765 3572 5832 νόσῳ

1980 5850 2086 5903 τινὶ
2114 5851 2422 5920 συσχεθεὶς,
2448 5851 2507 5917 ἐξ
2539 5852 2671 5925 ὕλης
2695 5855 2979 5925 μοχθηρᾶς
3016 5875 3161 5922 τινος
3189 5859 3284 5913 καὶ
3313 5857 3572 5929 δριμείας

1981 5944 2182 6018 ἐχούσῃ
2215 5947 2309 6010 τὰς
2345 5948 2624 6016 ἀφορμὰς,
2651 5949 2899 6002 ἐνιαυτὸν
2929 5949 3052 6004 ὅλον
3085 5953 3272 6026 σχεδὸν
3306 5953 3573 6026 ἀκίνητος
