4030 6226
494 286 600 353 871

482 415 576 462 τες
596 413 656 450 τε
686 393 780 448 καὶ
806 389 1072 454 εἰπόντες,
1101 385 1176 452 ὡς
1203 382 1498 440 κάντεῦθεν
1529 384 1691 446 μόνον
1724 383 2044 455 Χριστανοϊς
2077 387 2126 448 Α
2150 387 2493 455 ικιρήναντις

1490 265 1908 338 ΡΗΙιΟΤΗΕΙ
1932 272 2047 336 CP.
2090 273 2531 363 PATRIABCH
2553 273 2620 334 Ε

3634 280 3741 343 872

2582 385 2931 455 ἐνεργείας,.
2961 383 3199 455 οὐσιώδη
3255 382 3352 440 καὶ
3413 386 3528 458 γὰρ
3574 388 3746 461 αὐτὴν

486 489 690 545 ἅπασιν
712 483 850 541 εἶναι
878 485 1026 554 δῆλοι
1075 479 1170 537 τοῦ
1213 478 1324 533 τῶν
1379 478 1590 532 πιστῶν
1619 478 1920 546 καταλόγου
1952 477 2070 530 δια-
2169 479 2490 546 προσεῖπον,
2555 478 2652 531 καλ⁸
2688 479 2952 548 φυσικὴν,
3000 480 3094 533 καὶ
3143 480 3208 532 ἐκ
3245 480 3348 550 τῆς
3381 481 3533 544 θείας
3557 482 3746 545 οὐσίας

485 579 796 653 γράψαντες
830 577 968 646 σφᾶς
999 573 1217 636 αὐτοὺς.
1263 568 1359 626 καὶ
1389 569 1582 642 πόρρω
1631 586 1737 623 που
1781 571 2068 640 γεγονότες

487 674 703 738 ἑκόντες
730 672 831 740 τῆς
872 669 970 723 τοῦ
1014 667 1251 739 Χριστοῦ
1309 664 1536 734 μοίραςο
1587 665 1750 732 ἡμεῖς
1798 662 1854 717 δέ
1881 664 1933 716 οί
1967 665 2064 734 τῆς

485 765 649 820 αὐτοῦ
683 764 888 832 σεπτῆς
933 763 1282 833 Ἐκκλησίας,
1308 766 1358 816 οἱ
1387 761 1526 831 μετά
1558 761 1666 816 τῶν
1698 760 1861 832 ῖερῶν
1886 760 2067 831 Εὐαγ-

485 857 686 928 γελίων
709 858 972 920 κάκείνας
1002 856 1313 926 αἰδούμενοι
1338 856 1434 919 τὰς
1455 857 1658 918 σεπτάς
1674 856 1783 908 τῶν
1802 855 1945 908 Πατέ
1954 872 2066 926 ρων

485 949 759 1012 συνόδους,
813 949 907 1001 καὶ
936 949 1084 1018 ὅρον,
1119 948 1210 1000 καὶ
1243 946 1470 1010 κανόνα,
1505 952 1600 1000 καὶ
1650 946 1908 1016 στάθμην
1962 947 2065 1016 τῆς

484 1038 742 1100 εὐσεϐοῦς
769 1038 925 1108 ἡμῶν
960 1037 1127 1103 αὑτάς
1176 1036 1471 1108 ἡγούμενοι
1508 1038 1766 1100 πίστεως,
1805 1039 1937 1107 φέρε
1967 1036 2063 1090 καὶ

482 1136 552 1186 τά
577 1137 642 1204 τῇ
669 1133 800 1203 ἁγίᾳ
830 1132 1004 1204 ταύτῃ
1037 1131 1238 1202 συνόδῳ
1277 1131 1406 1201 περὶ
1436 1129 1532 1199 τῆς
1565 1131 1624 1181 ἐν
1659 1131 1880 1201 Χριστῷ
1911 1130 2065 1194 θείας

483 1225 763 1295 ἐνεργείας
787 1224 1214 1293 δογματισθέντα
1240 1221 1423 1285 καλῶς
1453 1222 1559 1274 ἀπὶ)
1591 1222 1792 1292 μέρους
1829 1222 2066 1276 κατίδω-

488 1332 609 1383 μεν.
640 1314 761 1367 Τῶν
789 1314 897 1383 γάρ
923 1331 1003 1366 τοι
1033 1314 1100 1366 τά
1130 1314 1382 1382 Σεργίου,
1417 1313 1511 1368 καὶ
1544 1314 1786 1386 Πύρρου,
1827 1313 1920 1366 καὶ
1948 1313 2054 1366 Κύ-

489 1423 605 1477 ρου.
629 1405 720 1458 καὶ
748 1404 1024 1474 Θεοδώρου
1053 1404 1354 1475 τηνικαῦτα
1382 1404 1746 1473 φρονούντων,
1768 1409 1880 1468 τοῖς
1908 1406 2066 1473 ὀρθο-

483 1498 656 1562 6650:;
701 1496 1233 1563 ἀντικαθισταμένων
1293 1498 1385 1550 καὶ
1439 1497 1619 1565 λόγοις
1653 1538 1669 1561 ,
1733 1497 1826 1550 καὶ
1876 1497 2060 1568 γράμ-

486 1605 641 1660 μασι,
675 1589 770 1642 καὶ
811 1588 902 1640 τὸν
949 1586 1296 1658 θεάνθρωπον
1347 1588 1519 1655 Λόγον
1551 1589 1640 1639 τὸν
1674 1588 1874 1658 Κύριον
1903 1587 2060 1659 ἡμῶν

495 1682 701 1750 Ἰησοῦν
730 1680 964 1751 Χριστὸν
989 1681 1117 1750 μίαν
1152 1678 1295 1751 ἔχειν
1323 1679 1589 1748 λεγόντων
1624 1679 1933 1749 ἐνέργειαν,
1962 1679 2060 1750 τὴν

480 1775 649 1844 αὐτὴν
693 1773 832 1842 ὁμοῦ
874 1773 970 1842 τῆς
994 1774 1196 1843 σαρκός
1244 1790 1302 1825 τε
1335 1774 1429 1826 καὶ
1476 1773 1573 1843 τῆς
1608 1771 1886 1840 θεότητος,
1921 1765 2059 1828 ἄλλα

479 1885 537 1920 τε
554 1866 783 1921 πλεῖστα
813 1867 905 1921 καὶ
937 1867 1168 1937 μέγιστα
1190 1866 1470 1934 Πνεῦματι
1499 1865 1628 1935 θείῳ
1659 1867 1795 1934 πρὸς
1816 1866 2060 1929 ἐκείνους

480 1961 514 2029 ἡ
542 1959 661 2012 Θεία
695 1959 807 2011 τῶν
841 1961 1098 2031 Πατέρων
1130 1957 1360 2025 διεξίασι
1386 1957 1625 2023 σύνοδος,
1655 1959 1748 2011 καὶ⁵
1785 1957 1918 2028 πρὸς
1947 1959 2059 2024 τοῖς

481 2051 663 2116 ἄλλοις
703 2053 953 2106 κάκεῖνα.

553 2143 664 2215 Τὴν
687 2144 950 2213 ἑκατέρας
965 2144 1181 2210 φύσεως
1212 2142 1506 2214 ἑκατέραν,
1529 2142 1886 2214 φησὶν,ῐσμεν
1910 2141 2060 2213 ἐνέρ-

484 2253 660 2305 γειαν,
683 2237 783 2306 τὴν
811 2224 1070 2306 ούσιώδη,
1117 2237 1210 2289 καὶ
1258 2236 1514 2307 φυσικὴν,
1556 2239 1651 2289 καὶ
1697 2236 2057 2306 κατάλληλον,

481 2331 806 2396 ἀδιαιρέτως
859 2329 1157 2397 προϊοῦσαν
1207 2327 1266 2394 ἐξ
1299 2329 1570 2397 ἑκατέρας
1599 2329 1790 2392 οὐσίας
1837 2330 1931 2382 καὶ
1960 2325 2060 2398 φύ-

481 2439 641 2487 σεως,
670 2421 814 2475 κατὰ
833 2421 932 2490 τὴν
963 2420 1349 2490 ἐμπεφυκυῖαν
1374 2423 1510 2493 αὐτῇ
1542 2423 1779 2492 φυσικὴν
1829 2422 1920 2475 καὶ
1955 2421 2059 2474 .06-

481 2514 650 2580 οιώδη
723 2515 1031 2584 ποιότητα,
1103 2513 1201 2567 καὶ
1259 2515 1358 2583 τὴν
1425 2516 1720 2586 ἀμέριστον
1777 2514 1912 2584 ὁμοῦ
1965 2516 2057 2567 καὶ

479 2607 782 2677 ἀσύγχυτον
802 2608 1034 2677 θατέρας
1060 2606 1251 2669 οὐσίας
1277 2608 1723 2677 συνεπαγομένην
1748 2607 2051 2676 ἐνέργειαν.

479 2699 651 2753 Τοῦτο
695 2700 801 2769 γὰρ
834 2699 928 2752 καὶ
981 2699 1089 2751 τῶν
1130 2699 1422 2768 ἐνεργειῶν
1474 2699 1568 2752 ἐπὶ
1618 2697 1858 2768 Χριστοῦ
1912 2700 2058 2752 ποιεῖ

478 2793 538 2847 τὸ
561 2793 838 2862 διάφορον,
889 2790 1081 2862 ὥσπερ
1136 2792 1231 2843 καὶ
1283 2791 1343 2843 16
1394 2786 1535 2845 εἶναι
1585 2791 1681 2853 τὰς
1731 2792 1918 2861 φύσεις
1945 2791 2056 2845 τῶν

479 2889 714 2954 φύσεων.
755 2888 862 2941 Καὶ
919 2886 1120 2939 πάλινο
1161 2887 1296 2939 Κατ’
1332 2886 1461 2940 ἀλλο
1509 2888 1619 2958 γὰρ
1668 2886 1910 2956 δηλονότι
1963 2887 2055 2940 καὶ

479 2980 611 3034 ἄλλο
646 2980 951 3048 ἐνήργησεν
982 2981 1008 3030 6
1043 2976 1300 3048 Χριστὸς,
1359 2978 1448 3030 ῖνα
1482 2978 1624 3032 κατά
1666 2979 1765 3046 τὴν
1798 2979 2049 3049 θεότητα,

2167 568 2340 641 αὐτὴν
2363 570 2639 642 προϊέναι,
2689 572 2787 626 καὶ
2817 571 3128 643 ἀδιαίρετον
3160 573 3330 640 αὐτῆς
3377 569 3545 636 εῖναι,
3599 575 3746 646 ᾇπερ

2167 661 2262 715 ἐπὶ
2313 665 2634 733 κτισμάτων
2663 664 2763 717 οὐκ
2801 664 2866 719 ἀν
2901 683 3032 718 ποτε
3085 665 3300 737 ῥηθείη,
3355 666 3477 720 οὐδὲ
3506 666 3617 735 γὰρ
3650 670 3749 722 πέρ

2166 768 2361 817 φυκιν,
2402 753 2463 806 οῦ
2495 754 2697 823 μᾶλλον
2727 753 2758 824 ἢ
2791 755 2852 808 τὸ
2883 757 2947 807 ἐκ
2975 755 3154 825 χιόνος
3194 755 3515 827 ἐξέρχεσθαι
3545 757 3746 827 φλόγα,

2164 843 2357 898 ἔπειτα
2411 848 2505 899 καὶ
2560 845 2735 916 ῥητῶς
2789 847 2885 901 καὶ
2941 846 3158 913 λέξεσιν
3187 849 3384 912 αὑταῖς
3433 849 3751 919 ἐπήνεγκαν

2164 936 2344 1001 τοῦτο,
2394 938 2451 992 Ὀ
2482 939 2738 1010 Χριστὸς,
2769 940 3038 1002 είπόντες,
3092 933 3172 1000 εἷς
3224 938 3321 1005 ὢν,
3367 938 3482 1009 ἔχει
3509 939 3750 1010 φυσικὰς

2163 1030 2467 1101 ἐνεργείας,
2516 1029 2614 1101 τὴν
2640 1030 2799 1090 ,θείαν
2832 1029 3036 1100 δηλαδὴ
3088 1031 3180 1084 καὶ
3217 1032 3318 1100 τὴν
3367 1031 3744 1103 ἀνθρωπίνην,

2164 1124 2265 1194 τὴν
2295 1125 2549 1177 ἀκτιστον
2595 1125 2692 1177 καὶ
2740 1124 2838 1192 τὴν
2859 1127 3111 1194 κτιστήν.
3146 1123 3238 1178 Διὸ
3266 1125 3414 1195 καὶὴ
3452 1125 3592 1196 μετά
3642 1126 3744 1196 τὴν

2163 1216 2428 1285 δευτέραν
2455 1217 2841 1286 είκονομαχίαν
2883 1216 2953 1270 τὰ
2997 1217 3096 1289 τῆς
3125 1217 3393 1288 αἱρέσεως
3434 1219 3743 1274 καθελοῦσα

2168 1311 2366 1380 μερικὴ
2402 1309 2518 1362 θεία
2545 1309 2782 1374 σύνοδος,
2819 1310 2913 1363 καὶ
2938 1309 3119 1379 λόγοις
3155 1313 3249 1364 καὶ
3277 1311 3571 1381 πράγμασι
3607 1329 3748 1381 κρα-

2163 1399 2376 1455 τύνασα
2406 1401 2508 1470 τὴν
2545 1399 2858 1469 όρθοδοξίαν
2879 1441 2894 1466 ,
2937 1398 3113 1464 οὕτως
3165 1401 3252 1454 ἐπ’
3285 1386 3584 1471 ἐκκλησίας
3613 1404 3746 1471 ἐτη-

2166 1496 2298 1556 σίως
2351 1493 2832 1564 ἀνακηρύττεσθαι
2863 1493 2999 1564 πρός
3048 1510 3115 1562 γε
3143 1496 3261 1556 τοῖς
3295 1495 3476 1558 ἀλλοις
3523 1495 3742 1562 καὶτὰς

2161 1586 2262 1654 τῆς
2290 1583 2682 1652 οἰκουμενικῆς
2719 1584 2942 1637 συνόδου
2975 1582 3181 1654 ταύτης
3202 1585 3449 1640 ἐτύπωσε
3482 1586 3737 1659 πράξεις’

2164 1677 2292 1740 Τοῖς
2319 1659 2779 1745 ἀποϐαλλομένοις
2809 1676 2908 1740 τάς
2938 1676 3049 1729 τῶν
3071 1676 3242 1745 ἁγίων
3277 1677 3534 1749 Πατέρων
3556 1680 3738 1750 φωνάς

2160 1771 2258 1834 τὰς
2291 1768 2384 1823 ἐπὶ
2410 1769 2672 1824 συστάσει
2701 1769 2811 1823 τῶν
2837 1768 3014 1839 ὀρθῶν
3033 1770 3324 1839 δογμάτων
3347 1772 3447 1842 τῆς
3472 1770 3570 1825 τοῦ
3599 1771 3737 1825 Θεοῦ

2173 1862 2504 1930 Ἐκκλησίας
2575 1861 2901 1918 ’Δθανασίου
2928 1903 2944 1926 ,
3008 1863 3303 1932 Κυρίλλου,
3382 1864 3737 1937 Ἀμϐροσία),

2170 1953 2526 2024 ’Λμφιλοχίου
2577 1954 2672 2008 τοῦ
2705 1954 2969 2026 θεηγόρου
2989 1997 3004 2020 ,
3041 1957 3273 2020 Λέοντος
3299 1957 3394 2012 τοῦ
3424 1959 3737 2026 ἀγιιυτάτου

2158 2044 2597 2116 ἀρχιεπισκόπου
2625 2043 2722 2115 τῆς
2757 2042 3139 2116 πρεσϐυτέρας
3178 2045 3418 2117 Ῥώμης,
3451 2048 3532 2100 ἐτι
3559 2063 3618 2099 τε
3647 2046 3741 2101 καὶ

2158 2137 2226 2191 τά
2250 2136 2361 2190 τῶν
2393 2135 2792 2206 οῖκουμενικῶν
2823 2137 3059 2191 συνόδων
3082 2140 3387 2209 Πρακτικά,
3409 2140 3511 2208 τῆς
3543 2138 3742 2210 τετάρ-

2157 2246 2256 2302 της
2286 2229 2348 2283 τέ
2401 2245 2570 2300 φημι,
2616 2228 2837 2298 καὶτῆς
2870 2227 3059 2300 ἕκτης,
3096 2230 3172 2303 μὴ
3205 2231 3734 2302 κατασπαζομένοις.

2158 2321 2323 2378 ἁνάθε
2332 2339 2432 2392 μα.

2230 2416 2448 2471 Τούτων
2475 2417 2519 2470 δ’
2551 2417 2722 2482 οὕτως
2746 2419 2999 2489 ἐχόντων,
3024 2419 3117 2472 καὶ
3138 2416 3281 2472 οὕτω
3305 2418 3403 2488 μέν
3422 2416 3531 2472 τῶν
3555 2419 3738 2472 οἰκου-

2161 2511 2396 2582 μενικῶν
2454 2512 2686 2567 συνόδων
2748 2512 3152 2584 συνδεδεμένων
3188 2513 3354 2567 οἱονεὶ
3397 2513 3493 2567 καὶ
3525 2529 3737 2583 συμπεο

2156 2603 2404 2674 φυκυιῶν
2421 2605 2715 2676 ἀρρήκτως
2742 2605 3018 2675 ἀλλὴλαις,
3041 2607 3138 2661 καὶ
3155 2604 3225 2659 τὰ
3255 2605 3392 2659 αὺτά
3422 2622 3735 2674 συμπνεού-

2157 2697 2266 2752 σῶν
2300 2698 2522 2763 ἑαυταῖς
2568 2715 2627 2751 τε
2661 2700 2756 2752 καὶ
2793 2698 2870 2770 τῷ
2906 2697 3145 2754 κινοῦντι
3187 2699 3584 2770 παντοδυνάμῳ
3641 2699 3734 2754 τοῦ

2155 2789 2291 2845 Θεοῦ
2345 2791 2650 2862 Πνεύματι,
2705 2791 2800 2845 καὶ
2834 2791 2897 2862 δὴ
2936 2792 3035 2844 ’καὶ
3069 2791 3178 2845 τῶν
3211 2790 3331 2862 μετ’
3350 2793 3569 2857 ἐκείνας
3600 2795 3736 2860 ὁμο-

2156 2885 2311 2955 φυῶν
2339 2900 2398 2939 τε
2425 2886 2520 2938 καὶ
2571 2883 2837 2954 σύμπνων
2880 2884 3111 2938 τουτωνὶ
3163 2884 3420 2954 Πατέρων
3452 2885 3545 2939 καὶ
3593 2885 3735 2939 διδα·

2156 2976 2396 3041 σκάλων,
2423 2974 2568 3029 οὕτω
2625 2973 3006 3038 θεοπνεύστως
3051 2992 3112 3029 τε
3145 2975 3241 3031 καὶ
3270 2976 3517 3049 φρικτῶς
3546 2979 3644 3040 τάς
3673 2995 3730 3031 τε

476 3073 513 3127 ἀ
544 3073 689 3124 ποιεῖ
709 3075 734 3123 6
771 3072 982 3140 Πατὴρ,
1004 3070 1178 3122 ταῦτα
1209 3071 1300 3122 καὶ
1329 3070 1357 3122 6
1381 3070 1506 3134 Υίδς
1539 3071 1736 3139 ὁμοίως
1771 3072 1917 3141 ποιῇ,
1951 3071 2045 3124 καὶ
2073 3079 2116 3142 c
2149 3071 2377 3143 πράξεις
2435 3071 2925 3143 ἀνακηρυττόντων
3008 3072 3242 3142 ἐτησίως
3293 3071 3378 3124 ἐπ’
3439 3070 3730 3142 ἐκκλησίας

479 3164 621 3218 κατὰ
649 3163 748 3232 τὴν
797 3162 1215 3233 ἀνθρωπότητα,
1250 3161 1286 3215 ἃ.
1315 3164 1423 3215 εἱσι
1467 3162 1560 3215 τοῦ
1597 3160 1884 3233 ἀνθρώπου
1923 3164 2048 3230 ῖδια,

478 3257 510 3311 ὁ
531 3256 688 3318 αὐτὸς
714 3249 866 3316 οὗτος
898 3254 1120 3323 ἐνήργει
1156 3254 1229 3318 ὼς
1262 3253 1546 3324 ἅνθρωπος
1567 3271 1585 3287 ο
1627 3256 1815 3324 ἐπειδὴ
1849 3256 2052 3327 ἀληθής

479 3352 597 3402 ἐστι
625 3347 718 3400 καὶ
740 3345 891 3412 Θεὸς,
929 3347 1019 3398 καὶ
1055 3345 1358 3417 ἄνθρωπος.
1398 3346 1564 3399 Ὅθεν
1595 3348 1694 3401 καὶ
1728 3347 1942 3416 ἀληθῶς
1967 3367 2056 3400 πι-

483 3441 755 3503 στ-ύεται,
808 3441 891 3491 ὅτι
925 3439 952 3491 6
999 3438 1160 3501 αὐτὸς
1215 3433 1368 3503 οὗτος
1400 3435 1480 3502 είς
1513 3437 1611 3505 ὢν,
1667 3438 1784 3510 ἔχει
1818 3440 2054 3508 φυσικὰς

478 3529 880 3600 ἐνεργείας,τὴν
908 3527 1056 3581 θείαν
1086 3528 1286 3598 δηλαδὴ
1310 3531 1405 3584 καὶ
1433 3530 1532 3602 τὴν
1553 3530 1921 3602 ἀνθρωπίνην,
1955 3532 2054 3602 τὴν

481 3622 739 3676 ἄκτιστον
801 3623 896 3676 καὶ
951 3622 1048 3691 τὴν
1107 3623 1352 3691 κτιστὴν,
1409 3623 1484 3686 ώς
1532 3623 1782 3695 ἀληθινὸς
1841 3626 1934 3678 καὶ
1963 3624 2053 3676 τέ-

477 3715 620 3775 λειος
649 3713 801 3777 Θεὸς,
860 3711 1112 3778 ἀληθινὸς
1166 3714 1259 3765 καὶ
1313 3711 1517 3775 τέλειος
1548 3712 1858 3782 ἄνθρωπος,
1893 3706 1974 3776 εἷς
2027 3714 2055 3766 6

482 3806 645 3869 αὐτὸς
675 3805 898 3876 μεσίτης
935 3804 1067 3858 Θεοῦ
1103 3805 1196 3859 καὶ
1241 3805 1565 3875 ἀνθρώπων,
1599 3805 1803 3877 Κύριος
1845 3805 2055 3876 Ἰησοῦς

481 3898 736 3971 Χριστός.

565 3991 692 4044 ἰδοῦ
722 3992 816 4044 καὶ
846 3990 906 4044 τὸ
931 3989 1008 4055 ἓν,
1039 3989 1132 4043 καὶ
1159 3989 1220 4042 τὸ
1251 3989 1508 4060 διάφορον
1539 3988 1640 4058 τῆς
1664 3989 1819 4053 θείας
1838 3989 2056 4057 φύσεως

482 4085 618 4156 πρὸς
642 4084 744 4155 τὴν
790 4083 942 4138 θείαν
991 4084 1292 4154 ἐνέργειαν,
1332 4083 1426 4136 καὶ
1481 4083 1541 4135 τὸ
1572 4083 1825 4151 φυσικὸν,
1871 4082 2058 4136 καὶτὸ

483 4178 810 4246 ἁσύγχυτον,
865 4176 960 4229 καὶ
1002 4179 1062 4228 τὸ
1119 4175 1428 4244 ἀδιαίρετον
1479 4176 1596 4244 ἃμα
1625 4174 1810 4245 ήάγία
1842 4174 2060 4237 σύνοδος

482 4268 618 4338 όμοῦ
638 4267 726 4322 διὰ
759 4268 866 4319 τῶν
892 4267 1088 4336 ὀλίγων
1116 4266 1323 4321 τούτων
1354 4269 1622 4340 ῥημάτων
1664 4266 1901 4334 ἐδίδαξεν
1935 4267 2058 4337 ἀρι-

484 4379 606 4425 στα,
636 4364 728 4414 καὶ
757 4362 838 4412 δτι
868 4360 928 4412 τὸ
960 4359 1095 4430 πρὸς
1119 4360 1357 4430 ἀλλήλας
1378 4376 1438 4412 τε
1461 4362 1554 4412 καὶ
1583 4361 1719 4430 πρὸς
1742 4359 1838 4422 τὰς
1868 4359 2059 4430 φύσεις

2153 3163 2399 3229 ἐκείνων,
2433 3163 2533 3217 καὶ
2559 3164 2685 3226 τοὺς
2722 3164 2939 3229 ἐκείνας
2963 3166 3037 3236 μὴ
3067 3162 3577 3234 κατασπαξομένους
3599 3164 3705 3218 ἀπο

2155 3255 2498 3325 ϐαλλομένων
2524 3274 2583 3310 τε
2611 3258 2708 3311 καὶ
2735 3255 2811 3327 τῷ
2842 3259 3150 3327 ἀναθέματι
3186 3257 3726 3320 καθυποεαλλόντων,

2154 3346 2234 3401 ἐτι
2263 3349 2570 3418 Γρηγορᾶς,
2607 3350 2732 3402 εἰπέ
2767 3368 2878 3421 μοι,
2913 3349 3010 3403 καὶ
3038 3351 3086 3404 Ν
3094 3351 3254 3418 ίφων,
3283 3349 3380 3404 καὶ
3410 3350 3615 3416 Δεξιδς,
3640 3353 3732 3404 καὶ

2154 3441 2208 3495 εί
2237 3459 2318 3506 τις
2350 3444 2536 3511 ἕτερος
2571 3445 2693 3498 κατ’
2730 3444 2996 3511 ἐκείνους,
3036 3444 3129 3498 τὸν
3163 3444 3436 3499 συνοδικὸν
3463 3447 3734 3501 αίτιάσονο

2153 3549 2243 3587 ται
2277 3535 2467 3603 τόμον,
2523 3535 2555 3605 ἢ
2590 3537 2682 3589 τὸν
2711 3536 2862 3590 δεῖνά
2891 3555 2949 3590 τε
2983 3539 3202 3592 καὶτὸν
3236 3539 3434 3604 δεῖνα,”
3462 3541 3590 3603 τοὺς
3633 3541 3733 3610 τῆς

2156 3627 2375 3687 συνόδου
2401 3643 2460 3679 τε
2492 3627 2589 3682 καὶ
2617 3628 2714 3698 τῆς
2757 3631 2912 3698 ίερᾶς
2956 3629 3282 3701 Ἐκκλησίας
3305 3635 3728 3703 προεστηκότας,

2154 3720 2344 3789 ἐπειδὴ
2376 3719 2515 3788 μετᾶ
2542 3720 2639 3783 τάς
2673 3721 2875 3784 πολλὰς
2915 3723 3190 3787 συνόδους,
3238 3727 3332 3778 καὶ
3363 3725 3464 3786 τάς
3517 3727 3734 3797 μακράς

2155 3814 2251 3864 καὶ
2281 3815 2525 3882 συνεχεῖς
2558 3813 2850 3879 διαλέξεις,
2879 3815 2974 3871 καὶ
3003 3817 3129 3879 τοὺς
3157 3817 3385 3886 πολλοῦς
3414 3821 3508 3874 καὶ
3537 3820 3738 3884 καλοὺς

2154 3903 2368 3972 λόγους.
2421 3906 2517 3958 καὶ⁵
2546 3905 2638 3958 τδν
2681 3906 2894 3978 χρόνον,
2953 3908 3048 3962 καὶ
3093 3909 3192 3981 τὴν
3239 3911 3330 3966 διά
3355 3912 3527 3981 λόγων
3555 3914 3740 3968 τεκαὶ

2157 3995 2502 4066 πραγμάτων
2555 3998 2870 4069 διάπειραν,
2913 3999 3181 4071 Βαρλαάμ
3209 4019 3268 4056 τε
3304 4007 3400 4058 καὶ
3446 4005 3740 4078 Ἀκινδύνῳ

2155 4089 2270 4148 τοῖς
2296 4086 2533 4158 πρώτοις
2566 4094 2953 4159 μυσταγωγοῖς
2985 4093 3167 4146 αὐτῶν
3201 4096 3295 4148 καὶ
3336 4097 3738 4167 αίρεσιάρχαις,

2157 4179 2252 4231 καλ⁵
2282 4181 2757 4251 συναπεκήρυξαν,
2789 4183 2884 4236 καὶ
2913 4183 2989 4254 τῷ
3019 4185 3324 4254 ἀναθέματι
3355 4188 3738 4245 καθυπέόαλον

2159 4271 2286 4330 τοὺς
2334 4271 2700 4336 ἀπειθοῦντας
2761 4273 2849 4328 διά
2902 4275 3092 4339 τέλους
3137 4279 3233 4331 καὶ
3267 4279 3639 4347 πολεμοῦντας
3670 4287 3736 4354 τῇ

2159 4360 2282 4413 κατ’
2315 4361 2600 4414 εὐσέϐειαν
2633 4363 2861 4435 ἀληθεία
2893 4367 3007 4429 τοῖς
3058 4365 3226 4430 θείοις
3255 4369 3484 4432 ἐκείνοις
3509 4370 3740 4424 ἀκολου·

481 4454 737 4522 διάφορον
767 4451 878 4505 τῶν
912 4451 1204 4523 ἐνεργειῶν
1254 4452 1350 4505 τοῦ
1400 4452 1660 4522 Χριστοῦ,
1699 4453 1833 4523 ὅπερ
1859 4455 1920 4506 ἐκ
1948 4453 2058 4506 τῶν
2083 4446 2128 4510 C
2161 4452 2381 4516 θοῦντες
2410 4455 2692 4525 Πατράσις
2722 4458 2834 4510 Καὶ
2883 4458 3000 4522 πῶς
3029 4459 3090 4512 οὐ
3124 4461 3399 4515 κάνταῦθα
3430 4465 3523 4517 καὶ
3574 4464 3740 4518 συκο-

483 4543 938 4611 ἀποτελεσμάτων
976 4542 1254 4596 δείκνυται
1281 4541 1504 4613 δηλαδὴ,
1529 4542 1687 4596 τοῦτο
1721 4548 1812 4596 καὶ
1843 4543 1936 4596 δύο
1959 4545 2059 4596 τὰς

485 4635 765 4705 ἐνεργείας
787 4633 931 4703 ἔχειν
962 4635 1055 4687 τὸν
1093 4633 1188 4686 ἕνα
1224 4633 1459 4703 Χριστὸν
1489 4635 1786 4701 δείκνυσιν,
1812 4629 1899 4687 οἷα
1926 4633 2060 4687 Θεὸν

483 4726 688 4779 τέλειον
712 4725 805 4778 καὶ
834 4723 1038 4778 τέλειον
1065 4725 1375 4796 ἄνθρωπον,
1426 4724 1638 4796 ὥσπερ,
1671 4726 1827 4794 φησὶ,
1872 4727 1967 4778 καὶ

485 4819 717 4886 διαφορὰ
751 4818 858 4871 τῶν
889 4818 1102 4885 φύσεων
1131 4818 1370 4871 δείκνυσι
1425 4819 1488 4869 τὸ
1517 4817 1611 4870 δύο
1640 4818 1739 4880 τὰς
1785 4817 1875 4870 τοῦ
1921 4819 2058 4887 Χρι-

490 4910 615 4962 στοῦ
641 4913 831 4979 φύσεις
866 4907 1027 4964 εἶναι.
1083 4911 1357 4979 Διαφοράν
1383 4910 1438 4963 δὲ
1468 4909 1670 4978 γνῶναι
1703 4908 1811 4961 τῶν
1843 4910 2060 4977 φύσεων

488 5000 658 5059 ἄλλως
690 5001 788 5051 οὐκ
838 5000 986 5051 ἐστιν
1013 5001 1106 5053 ἐπὶ
1157 4999 1394 5070 Χριστοῦ
1431 5001 1478 5052 εί
1512 4999 1587 5070 μὴ
1617 5003 1682 5053 ἐκ
1711 4999 1819 5053 τῶν
1847 5000 2057 5053 ἐκείνου

489 5089 762 5157 φυσικῶν,
795 5092 935 5142 κατὰ
990 5090 1115 5152 τοὺς
1155 5089 1354 5152 αὐτοὺς
1405 5089 1712 5157 θεολόγουςο
1748 5088 1936 5158 ὥσπερ
1967 5090 2058 5142 καὶ

487 5182 594 5248 γὰρ
621 5182 690 5232 τά
741 5179 1081 5232 ὑποστατικά
1141 5180 1624 5248 χαρακτηριστικά
1681 5180 2056 5244 ὑποστάσεως,

487 5271 632 5324 οῦτω
681 5271 775 5326 καὶ
803 5273 869 5325 τὰ
906 5273 1113 5340 φυσικά
1165 5272 1651 5342 χαρακτηριστικὰ
1690 5271 1930 5343 φύσεως.
1957 5273 2055 5338 τῆς

487 5380 544 5415 τε
585 5362 731 5425 θείας
765 5365 859 5416 καὶ
892 5363 992 5432 τῆς
1027 5362 1374 5435 ἀνθρωπείας
1425 5363 1709 5426 ὡσαύτως.
1745 5363 1956 5416 Φυσικὰ
2000 5361 2056 5414 δέ

488 5472 668 5523 φαμεν
709 5456 773 5507 τὰ
795 5455 1097 5525 θελήματα,
1125 5459 1218 5509 καὶ
1241 5456 1336 5518 τάς
1376 5446 1678 5525 ἐνεργείας,
1709 5458 1758 5509 οἱ
1781 5456 1940 5508 αὐτοὶ
1963 5455 2060 5509 καὶ

487 5546 643 5599 τοῦτό
674 5565 824 5614 φασι.
857 5547 1042 5601 Ταῦτά
1089 5566 1148 5601 τε
1205 5549 1500 5618 τοιγαροῦν
1529 5550 1617 5602 διὰ
1659 5549 1766 5600 τῶν
1804 5550 2056 5617 προρῤη-

489 5639 686 5692 θέντων
715 5641 965 5708 ἀσφαλῶς
1001 5642 1426 5712 θεολογήσαντες

486 5732 663 5800 τέρες,
718 5734 810 5786 καὶ
857 5734 919 5803 δὴ
955 5736 1048 5790 καὶ
1078 5739 1136 5787 τὸ
1166 5737 1420 5790 ἀκτιστον
1460 5734 1594 5803 ὁμοῦ
1623 5735 1719 5804 τῆς
1750 5735 1900 5796 θείας
1931 5751 2056 5787 συν-

1472 5645 1519 5694 οἱ
1553 5643 1651 5713 τῆς
1685 5641 1922 5699 συνόδου,
1944 5645 2052 5694 lla-

2163 4545 2512 4612 φαντοῦντες,
2546 4549 2639 4600 καὶ
2668 4549 2984 4614 ἀδικοῦντες
3013 4551 3165 4620 ἡμᾶς
3205 4551 3443 4618 ἔσονται,
3475 4558 3618 4610 καθὰ
3647 4558 3738 4628 δή-

2160 4652 2263 4688 που
2293 4637 2395 4689 κάν
2427 4637 2500 4707 τῷ
2559 4639 2658 4707 τῆς
2693 4639 2929 4702 πίστεως
2965 4641 3142 4712 λόγιρς
3195 4643 3331 4697 Οὖδέ
3372 4643 3484 4715 γάρ
3526 4647 3655 4716 ὅρον
3678 4648 3738 4714 ἐξ

2160 4727 2368 4780 ἐαυτῶν
2401 4729 2771 4793 ἐκτεθεικότες
2803 4731 3041 4795 πίστεως
3072 4732 3124 4785 οί
3155 4733 3255 4803 τῆς
3283 4735 3405 4788 καθ’
3430 4737 3580 4805 ἡμᾶς
3612 4754 3737 4792 συν-

2160 4818 2280 4873 όδου
2310 4820 2570 4889 Πατέρες,
2605 4821 2795 4874 ἔπειτα
2842 4821 2968 4886 τοὺς
3017 4821 3091 4893 μὴ
3131 4824 3489 4895 πειθομένους
3543 4829 3733 4899 ἐκείνῳ

2159 4915 2226 4981 τῇ
2285 4913 2552 4984 καταδίκῃ
2607 4914 2703 4966 καὶ
2744 4916 2865 4989 ταῖς
2929 4916 3258 4986 φρικώδεσιν
3304 4921 3542 4984 ἐκείναις
3576 4926 3734 4993 ἀραῖς

2160 5003 2452 5065 ὑπέϐαλον,
2491 5003 2687 5057 πολλοῦ
2713 5021 2776 5073 γε
2821 5008 2916 5059 καὶ
2943 5006 3024 5060 δεῖ
3043 5024 3060 5039 ο
3102 5009 3235 5063 ἀλλά
3256 5010 3347 5063 τὸν
3371 5010 3472 5081 τῆς
3501 5014 3733 5078 πίστεως

2158 5094 2284 5162 ὅρον
2315 5094 2754 5164 προτεθεικότες,
2789 5097 2882 5149 καὶ
2935 5099 3062 5160 τοὺς
3115 5104 3327 5164 κοινοὺς
3361 5103 3459 5170 τῆς
3499 5104 3732 5174 Ἐκκλη-

2162 5185 2280 5246 σίας
2345 5185 2600 5248 κανόνας,
2655 5190 2798 5255 φημὶ
2829 5187 2892 5258 δὴ
2930 5188 3026 5252 τὰς
3063 5190 3213 5261 ἱερὰς
3243 5192 3459 5255 ὲκείνας
3489 5194 3598 5248 τῶν
3627 5197 3733 5248 Παι-

2157 5276 2332 5345 τέρων
2367 5277 2641 5342 συνόδους,
2665 5282 2790 5343 τοὺς
2818 5280 3176 5347 ἀπειθοῦντας
3195 5284 3437 5346 ἐκείναις
3460 5287 3539 5348 είς
3562 5287 3729 5350 τέλος,

2156 5369 2260 5438 οὐχ
2303 5370 2485 5439 ἡμεῖς,
2522 5371 2634 5422 ἀλλ’
2663 5372 2867 5424 ἐκεῖναι
2907 5375 3130 5441 μᾶλλον,
3162 5376 3414 5448 καθάπερ
3456 5379 3618 5432 πάλαι
3642 5379 3731 5431 καὶ

2157 5458 2253 5512 νῦν
2289 5460 2735 5530 ἀποκηρύξασαι,
2777 5461 2854 5530 τῷ
2887 5463 3192 5534 ἀναθέματι
3221 5465 3625 5520 καθυπέϐαλον.
3663 5467 3726 5519 ’Δ

2156 5551 2220 5621 δὴ
2256 5551 2350 5604 καὶ
2385 5555 2416 5622 ἡ
2461 5555 2580 5604 καθ’
2611 5555 2758 5622 ἡμᾶς
2787 5555 2892 5607 τῶν
2927 5556 3186 5626 Πατέρων
3217 5559 3544 5631 συνεξέφηνε
3581 5560 3724 5614 σύνο-

2156 5644 2263 5706 δος,
2299 5643 2490 5711 ἱερέων
2522 5660 2581 5695 τε
2614 5645 2707 5696 καὶ
2730 5645 2976 5711 ἀγγέλων
3006 5647 3141 5699 Θεοῦ
3169 5653 3528 5721 πεποιηκότες
3552 5653 3722 5721 ἔργον,

2157 5735 2250 5788 καὶ
2271 5734 2368 5804 τὴν
2396 5737 2601 5788 οἰκείαν
2635 5738 2996 5807 τετηρηκότες
3025 5738 3179 5804 τάξιν
3226 5758 3280 5793 τε
3320 5743 3412 5796 καὶ
3437 5745 3496 5796 τὸ
3526 5749 3721 5814 σχῆμα.
