4024 6220
448 245 555 329 927

1514 255 1948 319 PIIILOTIIEI
1987 258 2102 324 (ΖΡ.
2144 259 2660 325 ΡΑΤΗΙΑΒΟΗΞ

3593 273 3692 340 928

450 367 604 440 λημα
642 337 739 424 καλ
775 369 906 441 μίαν
943 367 1247 441 ἐνέργειαν,
1283 369 1417 425 ἀλλά
1455 373 1703 442 κτιστὴν,
1736 374 1833 446 τὴν
1863 373 2022 428 ἀκτι-
2055 376 2096 432 Δ
2129 371 2389 441 φλὼττων
2421 377 2551 447 περέ
2579 377 2639 432 τδ
2670 378 2808 448 φῶς,
2843 380 2941 436 καὶ
2970 383 3195 441 ἐδύνατο
3234 389 3328 443 καὶ
3357 386 3540 459 ἧθελε,

454 477 582 515 στον
614 461 867 533 φανερῶς
897 460 971 533 μὴ
1001 463 1302 532 δεχόμενοι.
1339 463 1500 519 Ἀλλὰ
1532 465 1626 519 καὶ
1657 465 1751 520 τοῦ
1781 467 2022 537 μεγάλου

445 553 733 611 Βασιλείου
767 557 826 611 ἐν
861 558 976 618 τοῖς
1012 557 1147 628 πρὸς
1182 558 1533 628 Ἀμφιλόχιον
1580 563 1904 630 γράφοντος,
1939 563 2025 618 Τὰ

451 650 552 717 μὲν
582 650 824 721 ὀνόματα⁴
852 649 945 704 τοῦ
990 651 1313 721 Πνεύματος
1355 654 1581 707 τοιαῦτα
1631 656 1880 725 ὑπερφυῆ
1931 657 2025 709 καὶ

448 739 685 807 μεγάλα,
715 737 983 809 οὗμενουν
1013 742 1209 810 ἔχοντά
1243 762 1366 798 τινα
1393 747 1473 808 εἰς
1499 744 1657 812 δόξαν
1689 747 2020 820 ὑπερϐολὴν,

448 833 504 884 αί
539 830 597 885 δέ
622 832 902 903 ἐνέργειαι
933 834 1112 900 τίνες;
1150 838 1414 911 Ἀρῤητοι
1441 838 1541 907 μέν
1564 840 1650 893 διὰ
1677 841 1736 893 τὸ
1772 842 2021 911 μέγεθος,

443 923 876 998 ἀνεξαρίθμητοι
906 928 962 982 δέ
996 928 1086 984 διὰ
1113 931 1173 984 τό
1207 931 1432 1002 πλῆθος,
1466 934 1584 996 πῶς
1613 935 1721 1004 γὰρ
1758 937 2024 1005 νοήσομεν

445 1017 515 1070 τὰ
539 1021 647 1071 τῶν
669 1019 884 1076 αίὼνων
915 1022 1172 1078 ἐπέκεινα
1196 1041 1210 1090 ;
1237 1025 1379 1090 τίνες
1405 1021 1543 1097 ἦσαν
1569 1028 1673 1097 πρὸ
1705 1032 1804 1099 τῆς
1827 1031 2024 1101 νοητῆς

447 1111 682 1175 κτίσεως
709 1113 873 1167 αὑτοῦ
901 1114 956 1168 αῖ
990 1116 1262 1187 ἐνέργειαι
1290 1134 1305 1182 ;
1333 1120 1383 1185 οξ
1404 1118 1648 1188 λέγοντες
1676 1123 1902 1186 κτιστάς
1925 1124 2025 1190 τὰς

448 1202 601 1270 θείας
631 1206 916 1276 ἐνεργείας
945 1211 1200 1282 φανερῶς
1231 1209 1548 1278 δοξάζουσιν
1579 1210 1716 1269 εῖναι
1749 1217 2025 1288 κτίσματα

446 1298 513 1351 τὶ
544 1299 654 1352 τῶν
681 1300 897 1354 αἰώνων
929 1303 1209 1360 ἐπέκεινα.
1252 1303 1496 1376 Ἐδείχθη
1523 1306 1579 1360 δὲ
1611 1309 1704 1361 καὶ
1733 1309 1912 1373 τοῦτο,
1942 1314 2024 1368 ὅτι

445 1389 696 1446 ἅκτιστοι
727 1395 782 1446 αί
825 1395 1003 1448 κοιναὶ
1045 1396 1142 1450 καὶ
1175 1401 1405 1466 φυσικαὶ
1449 1399 1549 1464 τῆς
1583 1405 2024 1472 τρισυποστάτου

446 1487 665 1554 φύσεως
704 1487 846 1541 θεῖαι
880 1488 1176 1561 ἐνέργειαι,
1210 1490 1270 1545 οὐ
1301 1490 1391 1546 διὰ
1418 1491 1512 1546 δύο
1547 1492 1578 1565 ἦ
1614 1495 1785 1564 τριῶν
1817 1513 2026 1568 μαρτυ-

447 1583 607 1652 ριῶν,
639 1584 778 1637 ἀλλά
805 1584 897 1638 διὰ
927 1587 1113 1656 πάσης
1145 1585 1332 1657 σχεδὸν
1362 1589 1460 1658 τῆς
1491 1587 1859 1644 θεοπνεύστου
1885 1591 2029 1664 Γρα-

444 1678 575 1748 φῆς.
608 1678 718 1731 Καὶ
746 1676 922 1732 ταῦτα
965 1677 1065 1748 μέν
1095 1681 1122 1732 ό
1147 1679 1292 1749 ἱερὸς
1323 1680 1491 1748 τόμος
1530 1681 1591 1734 τό
1623 1699 1685 1750 γε
1720 1681 1814 1736 νῦν
1848 1680 2020 1738 εἶναι.

444 1773 820 1844 σκοπήσωμεν
860 1773 917 1826 δέ
963 1773 1064 1842 ἠδη
1099 1773 1196 1826 καὶ
1235 1773 1304 1826 τὰ
1336 1775 1719 1846 προρρηθέντα
1751 1775 1829 1846 τῷ
1870 1776 2024 1846 φιλοο

446 1865 598 1936 σόφῳ
621 1863 718 1918 καὶ
750 1866 876 1927 τοὺς
900 1865 1031 1932 περὶ
1076 1863 1361 1936 ἐνεργείας
1392 1862 1530 1917 Θεοῦ
1558 1864 1771 1934 λόγους,
1802 1867 1898 1920 καὶ
1926 1867 2026 1932 τὰς

443 1961 768 2033 ὑπολήψεις,
799 1961 894 2014 καὶ
933 1961 1035 2030 τὴν
1082 1959 1240 2026 δόξαν
1282 1959 1449 2015 αὑτοῦ
1477 1960 1843 2030 ἐξετάσωμεν.
1884 1963 2028 2034 Σαρ-

445 2053 744 2118 κωθέντος,
773 2052 928 2121 φησὶ,
953 2051 1044 2106 τοῦ
1077 2051 1221 2106 θείου
1247 2053 1446 2121 Λόγου,
1477 2054 1668 2124 ῶσπερ
1689 2053 1782 2108 δύο
1809 2053 2026 2123 φύσεις,

443 2148 588 2204 οὓτω
622 2149 716 2203 καὶ
756 2145 853 2201 δύο
886 2146 1144 2214 λέγονται
1191 2147 1488 2215 ἐνέργειαι.
1533 2145 1676 2202 Ἀλλ’
1715 2150 1748 2219 ἡ
1785 2145 1885 2217 μὲν
1924 2146 2027 2214 τῆς

442 2243 703 2314 θεότητος
732 2235 824 2312 ἦν,
852 2241 950 2295 καὶ
971 2241 1166 2312 προῆν,
1191 2243 1289 2298 καὶ
1315 2241 1682 2306 ἀναλλοίωτος
1703 2239 1838 2296 οὐσα
1864 2240 2031 2295 ἀναλε-

441 2337 676 2390 λοίωτον
703 2331 818 2405 εἶχε
855 2335 949 2388 καὶ
995 2335 1095 2405 τὴν
1123 2333 1218 2388 τοῦ
1271 2337 1517 2406 ἐνεργεῖν
1561 2335 1796 2408 δύναμίν
1840 2352 1899 2388 τε
1930 2336 2030 2390 καὶ

442 2430 689 2501 θέλησιν.
727 2430 824 2486 καλ
848 2428 1055 2500 ἁπλῆν.

513 2526 626 2581 Καὶ
663 2524 828 2594 μέχρι
875 2523 975 2594 μὲν
1009 2522 1202 2578 τούτου
1246 2523 1398 2578 δοκεῖ
1425 2543 1544 2588 πως
1581 2524 1950 2596 εὐγνωμονεῖν
1998 2526 2027 2581 ό

445 2618 760 2687 φιλόσοφος,
792 2617 888 2670 καὶ
922 2617 1052 2687 περὶ
1079 2615 1170 2670 τὸν
1204 2615 1334 2685 ὑγιᾶ
1367 2615 1527 2686 λόγον
1559 2616 1828 2687 ὑγιαίνειν
1855 2618 2027 2683 τέωςο

444 2713 508 2766 τὸ
529 2713 585 2764 δὲ
613 2711 750 2781 πρὸς
778 2710 1044 2780 ἀλήθειαν
1077 2710 1174 2781 οὐχ
1204 2708 1382 2773 οὕτως
1411 2710 1533 2783 έχον
1565 2713 1734 2777 ἐστὶν,
1760 2713 1896 2769 ἀλλὰ
1929 2715 2028 2781 μέ-

444 2819 540 2873 χρι
578 2803 678 2871 μὲν
713 2801 996 2856 συλλαϐῶν
1023 2819 1082 2856 τε
1116 2801 1209 2857 καὶ
1243 2802 1444 2868 λέξεων
1470 2801 1628 2875 τοῦτο
1657 2804 1840 2858 δοκεῖ⁸
1871 2806 2030 2874 ἐγκέ-

443 2911 690 2966 κρυπται
725 2895 783 2948 δὲ
817 2897 941 2958 ταῖς
969 2893 1183 2959 λέξεσιν
1223 2896 1251 2949 ό
1276 2894 1423 2958 δόλος
1460 2897 1810 2968 κακούργως,
1838 2897 2028 2970 ῶσπερ

445 2992 475 3042 ό
498 2988 698 3060 χαλκδς
722 2987 801 3059 τῷ
833 2987 1073 3043 δελέατι.
1119 2987 1342 3058 Ἐπειδὴ
1370 2989 1462 3041 καὶ
1492 2991 1600 3062 γὰρ
1628 2991 1655 3043 ό
1687 2992 1889 3055 σκοπός
1912 2994 2029 3048 ἐστι

2127 464 2408 534 δυνάμεως
2433 474 2525 524 καὶ
2551 470 2842 542 θελήσεως.
2865 473 3055 550 ὥσπερ
3086 478 3150 533 ἂν
3176 478 3232 533 εί
3255 496 3338 544 τις
3363 480 3544 548 ἔλεγε,
3569 481 3700 549 μάλα

2127 557 2218 610 λον
2249 558 2304 611 δὲ
2356 560 2522 627 αὐτὸς
2551 555 2706 629 οὗτος
2755 567 2988 623 κάκεῖνα
3042 571 3136 624 καὶ
3178 573 3380 642 γράφει
3408 573 3506 626 καὶ
3550 572 3704 639 λέγει

2127 652 2270 705 κατὰ
2300 652 2393 707 τὸν
2444 655 2560 709 ῐσον
2591 657 2790 730 τρόπον
2836 659 2931 713 καὶ
2971 659 3153 730 λόγον,
3181 663 3243 715 τὸ
3285 663 3388 734 ζῇν
3421 681 3570 734 φημι
3611 662 3706 716 τὸν

2129 742 2311 807 ζῶντα
2337 744 2460 816 δίχα
2485 744 2654 818 ζωῆς,
2686 754 2782 804 καὶ
2805 749 2895 806 τόν
2923 751 3153 822 λέγοντα
3185 755 3370 824 λέγειν
3396 755 3561 824 λόγου
3592 773 3706 825 χω-

2129 839 2234 908 ρίς.
2270 839 2379 892 Καὶ
2421 840 2521 911 ὅρα
2566 843 2666 910 τὴν
2696 845 3142 917 περικεχυμένην
3188 847 3358 918 ἀχλὺν
3393 849 3561 929 αὑτοῦ
3591 851 3706 914 τοῖς

2127 931 2224 997 τῆς
2259 931 2499 997 διανοίας
2534 933 2772 1005 ὄμμασι.
2806 936 3001 1005 Λόγοις
3029 939 3260 1012 καὶγὰρ
3295 942 3582 1012 ὁμολογῶν
3606 943 3705 1013 τὴν

2125 1023 2219 1079 τοῦ
2250 1024 2384 1079 Θεοῦ
2423 1026 2656 1099 φυσικὴν
2696 1028 2951 1099 δάναμιν,
2983 1031 3103 1105 ἥτις
3159 1033 3308 1087 ἐστὶν
3347 1032 3491 1105 αὑτὴ
3542 1036 3577 1106 ἠ
3605 1052 3705 1104 φυ-

2128 1116 2254 1187 σικὴ
2283 1118 2376 1170 καὶ
2404 1118 2673 1191 οὑσιὼδης
2706 1120 2983 1189 ἐνέργεια,
3035 1124 3166 1193 περὶ
3205 1119 3273 1195 ἧς
3299 1124 3334 1176 ό
3357 1122 3517 1194 λόγος
3559 1124 3704 1178 κατά

2125 1211 2194 1264 τὰ
2219 1211 2607 1282 προρρηθέντα
2637 1215 2750 1279 τοῖς
2797 1211 3069 1285 θεολόγοις
3103 1216 3406 1287 Πατράσιν,
3439 1211 3510 1288 ἦς
3541 1218 3702 1290 μόνον

2127 1305 2414 1375 ἐστέρηται
2438 1305 2498 1357 τὸ
2530 1307 2609 1375 μὴ
2629 1305 2713 1373 δν,
2731 1308 2896 1377 φασὶν
2923 1309 3142 1375 ἐκεῖνοι,
3162 1311 3455 1382 γράμμασι
3476 1327 3702 1382 τοιγαρ-

2127 1397 2222 1452 οῦν
2270 1399 2365 1451 καὶ
2405 1398 2570 1461 αὐτὸς
2598 1399 2992 1471 ἀνακηρύττων
3021 1401 3238 1473 ἐκείνην
3265 1404 3359 1458 καλ⁵
3382 1405 3554 1468 άκων,
3584 1403 3703 1458 οὑδέ

2127 1494 2237 1564 γὰρ
2265 1494 2412 1547 ἐστιν
2443 1492 2622 1559 άλλως
2659 1494 2940 1550 διαθέσθαι
2974 1496 3066 1550 τόν
3094 1497 3273 1566 λόγον,
3311 1499 3401 1552 τδν
3447 1497 3582 1567 περὶ
3611 1514 3706 1568 τη-

2126 1585 2395 1639 λικούτων
2446 1585 2737 1653 διεξιόντα,
2789 1588 3117 1658 πράγμασιν
3152 1590 3400 1659 ἀρνεῖται
3429 1588 3497 1643 τὰ
3551 1588 3707 1656 λεγό-

2133 1698 2268 1750 μενα
2309 1680 2439 1752 παρ’
2491 1681 2682 1746 αὑτοῦ,
2716 1682 2850 1754 μηδὲ
2895 1683 2992 1738 τοῦ
3033 1681 3176 1737 θείου
3211 1683 3425 1756 Πατρὸς
3467 1681 3708 1748 ἀκούσας

2127 1773 2384 1842 Μαξίμου
2411 1771 2711 1845 διαρρήδην
2738 1773 2938 1828 οὑτωσὶ
2964 1773 3215 1843 λέγοντος
3239 1788 3257 1806 ο
3295 1775 3385 1838 Ὠς
3410 1774 3514 1828 οὑκ
3559 1773 3710 1827 ἐστιν

2130 1865 2399 1936 ὑπάρχειν
2435 1867 2607 1936 χωρὶς
2632 1866 2942 1938 ὑπάρξεως,
2972 1866 3144 1933 οὑτως
3171 1866 3292 1922 οὐδέ
3317 1868 3566 1939 ἐνεργεῖν
3591 1865 3708 1922 ἐστι

2128 1956 2300 2028 χωρὶς
2327 1960 2630 2030 ἐνεργείας.
2669 1960 2890 2016 Μᾶλλον
2919 1960 2975 2014 δέ
3024 1961 3245 2016 ἀκούειν
3286 1962 3388 2032 μὲν
3420 1960 3574 2014 δοκεῖ
3616 1960 3711 2016 καὶ

2129 2051 2292 2117 αὐτὸς
2324 2052 2436 2107 τῶν
2483 2055 2764 2121 τοιούτων,
2811 2056 3121 2126 παρακούει
3176 2055 3235 2109 δέ
3274 2057 3370 2109 καὶ
3428 2055 3711 2126 ἐξηγεῖται

2127 2147 2314 2213 κακῶς
2343 2149 2416 2204 τά
2451 2150 2632 2224 καλῶς
2663 2153 2935 2224 είρημένα
2964 2150 3119 2222 παρά
3148 2152 3256 2206 τῶν
3283 2149 3590 2222 θεοφόρων,
3613 2151 3714 2223 τὴν

2127 2242 2320 2296 οὐσίαν
2373 2241 2516 2298 εῖναι
2550 2245 2724 2314 λέγων
2753 2245 2924 2317 αὐτὴν
2966 2245 3058 2301 τοῦ
3091 2245 3252 2310 Θεοῦ,
3290 2246 3360 2318 ἢν
3403 2246 3504 2301 καὶ
3558 2246 3716 2318 ἐνέρ-

2127 2350 2286 2401 γειαν
2323 2337 2522 2390 ἐκεῖνοί
2555 2354 2712 2406 φασι.
2745 2337 2941 2392 Καίτοι
2978 2353 3045 2406 γε
3077 2336 3271 2392 διεῖλεν
3298 2340 3328 2391 ό
3374 2336 3626 2406 θεολόγος
3657 2337 3715 2389 ἐν

2127 2444 2187 2482 τε
2215 2427 2294 2499 τῷ
2331 2430 2532 2500 βραχεῖ
2559 2428 2734 2497 τούτῳ
2762 2429 2950 2502 χωρίῳ
2977 2429 3184 2502 μεταξὺ
3213 2427 3326 2484 τῶν
3355 2429 3712 2500 ἀμφοτέρων,

2127 2523 2318 2587 οὐσίας
2345 2523 2490 2589 λέγω
2510 2523 2607 2578 καὶ
2630 2524 2934 2593 ἐνεργείας,
2968 2525 3061 2577 καὶ
3088 2523 3179 2578 διὰ
3207 2522 3306 2578 τοῦ
3341 2523 3716 2594 όμολογουμέυ

2129 2634 2222 2673 νου
2257 2619 2352 2672 καὶ
2380 2617 2532 2691 παρὰ
2554 2617 2666 2672 τῶν
2689 2617 2986 2688 αἱρετικῶν
3017 2618 3102 2672 ὅτι
3132 2617 3232 2672 οὑκ
3262 2616 3412 2672 ἐστιν
3439 2617 3716 2690 ὑπάρχειν

2128 2712 2254 2782 δίχα
2293 2709 2607 2782 ὑπάρξεως,
2641 2712 2778 2782 ὅπερ
2809 2711 2964 2766 οὐδέν
2996 2712 3148 2764 ἐστιν
3172 2711 3303 2766 ἄλλο
3340 2711 3568 2775 πάντως
3592 2709 3630 2784 ἦ
3653 2710 3715 2767 τδ

2130 2802 2272 2859 εἶναι
2303 2804 2394 2859 καὶ
2425 2804 2563 2877 αὐτὴ
2587 2806 2619 2876 ἡ
2648 2806 2805 2858 οὐσία
2837 2804 2931 2858 τοῦ
2959 2805 3136 2871 δντος,
3168 2803 3472 2872 ὑπέδειξεν,
3498 2804 3585 2858 ὅτι
3612 2805 3716 2860 οὐκ

2130 2904 2280 2957 ἐστιν
2333 2904 2545 2967 ἐκεῖνο,
2595 2901 2769 2966 οὕτως
2822 2902 2941 2955 οὐδὲ
2995 2901 3055 2956 τὸ
3101 2899 3524 2970 ἀντιλεγόμενον
3581 2896 3717 2969 παρ’

2131 2996 2362 3058 ἐκείνοις
2405 2995 2542 3058 ἐστὶ.
2585 2996 2646 3049 τὺ
2674 2995 2921 3064 ἐνεργεῖν
2962 2994 3248 3064 ἐνεργείας
3283 2994 3432 3065 δίχα,
3465 2994 3610 3066 ὅπερ
3651 2993 3718 3065 δὴ

448 3081 529 3152 τῷ
562 3079 657 3150 τοῦ
687 3080 847 3148 λόγου
885 3083 1083 3151 πατρὶ,
1117 3081 1217 3153 τὴν
1256 3083 1446 3136 οὐσίαν
1477 3082 1650 3146 αὐτὴν
1683 3081 1826 3140 εῖναι
1856 3086 2030 3153 δεῖξαι
2057 3098 2101 3158 c
2132 3088 2226 3142 καὶ
2256 3086 2460 3148 σκοπὸς
2490 3081 2558 3157 ἦν
2590 3085 2799 3141 ἄνωθεν
2823 3083 3018 3154 ἐκείνῳ
3043 3084 3124 3156 τῷ
3151 3084 3410 3156 θεολόγῳ,
3445 3089 3543 3140 καὶ
3577 3085 3718 3156 ὑπὲρ

451 3177 548 3230 τοῦ
588 3175 749 3242 Θεοῦ,
774 3177 871 3230 καὶ
916 3176 1017 3248 τὴν
1046 3176 1215 3230 αὐτοῦ
1254 3177 1562 3248 ἐνέργειαν,
1609 3180 1702 3232 καὶ
1723 3180 1824 3234 οὐκ
1875 3181 2027 3250 ἄλλο,

447 3270 588 3325 ἀλλά
627 3268 758 3340 μίαν
792 3270 886 3323 καὶ
914 3269 1012 3339 τὴν
1039 3269 1212 3340 αὐτὴν
1243 3268 1433 3332 οὖσαν,
1464 3271 1540 3332 ὡς
1566 3272 1599 3343 ἡ
1647 3271 1861 3343 αἵρεσις
1909 3273 2031 3344 βού-

450 3359 626 3427 λεται,
658 3360 752 3415 καὶ
777 3361 940 3415 τοῦτο
963 3362 1189 3414 κάκεῖνο
1218 3360 1498 3428 λέγεσθαι,
1524 3362 1777 3433 καθάπερ
1804 3365 1896 3417 ἐπὶ
1921 3365 2032 3418 τῶν

450 3455 546 3507 πολ
561 3454 852 3522 υωνύμων,
888 3455 1025 3525 ὅπερ
1055 3455 1119 3522 δὴ
1155 3454 1252 3508 καὶ
1281 3453 1570 3517 meum;
1609 3455 1700 3508 ἐπὶ
1722 3457 1820 3527 τῆς
1840 3455 2029 3521 οὐσίας

447 3543 573 3601 εἷπε
609 3549 703 3601 τοῦ
728 3548 886 3609 Θεοῦ,
915 3549 1011 3602 καὶ
1045 3548 1154 3601 τῶν
1185 3547 1352 3617 τριῶν
1381 3547 1754 3613 ὑποστάσεων,
1790 3549 2030 3619 ὀνόματα

453 3640 590 3709 μόνα
621 3641 849 3705 δοξάσας
876 3640 1092 3702 ἐκείνας
1120 3639 1243 3694 καθ’
1272 3640 1392 3703 ἐνὸς
1421 3641 1787 3711 ὑποκειμένου
1815 3643 1908 3696 καὶ
1933 3641 2030 3696 τοῦ

449 3734 615 3788 αὑτοῦ
644 3735 749 3805 τῆς
769 3733 958 3796 οὐσίας
990 3733 1289 3803 λεγόμενα,
1316 3733 1829 3802 προκατασάλλεται
1861 3735 1915 3789 δὲ
1941 3735 2034 3791 διὰ

451 3827 704 3898 βραχέων
734 3825 899 3879 τινῶν
950 3825 1154 3891 λέξεων
1185 3824 1280 3880 καὶ
1326 3826 1701 3896 παρασπείρει
1726 3825 1796 3880 τά
1831 3825 1928 3881 τοῦ
1958 3829 2036 3882 οί-

455 3919 611 3974 κείου
635 3917 797 3986 λόγου
832 3935 889 3971 τε
923 3916 1020 3970 καὶ
1047 3916 1252 3970 σκοποῦ
1295 3918 1617 3988 σπέρματα,
1649 3917 1711 3972 όν
1747 3920 1844 3972 καὶ
1873 3921 2034 3974 κατό-

457 4030 552 4064 πιν
583 4009 747 4073 εὐθὺς
791 4009 956 4072 αὐτὸς
983 4009 1356 4064 ἀνακαλύπτει
1387 4013 1733 4082 τρανότερον.
1765 4013 1900 4067 Οὑδέ
1924 4016 2034 4085 γὰρ

453 4099 630 4168 εἶπεν,
666 4104 880 4172 Ὠσπερ
918 4105 1016 4157 δύο
1048 4105 1242 4174 φύσεις
1275 4104 1383 4158 είσὶ
1431 4102 1527 4158 τοῦ
1559 4105 1736 4174 Λόγου
1773 4107 1911 4176 μετά
1938 4107 2036 4178 τὴν

455 4199 757 4268 σάρκωσιν,
791 4198 936 4252 οὑτω
977 4200 1074 4253 καὶ
1099 4199 1193 4253 δύο
1224 4198 1454 4265 φυσικαί
1476 4199 1615 4252 εἰσιν
1638 4199 1910 4269 ἐνέργειαι
1939 4198 2033 4253 τοῦ

452 4292 644 4352 αὐτοῦ,
678 4294 745 4362 τῇ
788 4291 908 4363 θείᾳ
960 4291 1053 4346 καὶ
1103 4293 1420 4364 ἀνθρωπεία
1471 4293 1635 4362 φύσει
1677 4293 2034 4364 κατάλληλον

452 4385 595 4442 ἀλλὰ
622 4385 737 4447 πῶς
759 4403 777 4451 ;
811 4383 991 4449 (ιῦτω,
1026 4383 1185 4452 φησὶ,
1212 4385 1302 4436 καὶ
1324 4383 1417 4436 δύο
1442 4382 1694 4452 λέγονται
1724 4385 1997 4453 ἐνέργειαι
2018 4398 2035 4414 ⁸

2132 3174 2197 3235 οῦ
2215 3179 2314 3253 τὴν
2356 3178 2652 3248 ὁμολογίαν
2675 3195 2734 3231 τε
2769 3177 2866 3230 καὶ
2894 3178 2985 3231 τδν
3027 3176 3369 3247 μαρτυρικὺν
3392 3177 3650 3247 διήνυσεν
3691 3180 3719 3233 ό

2132 3276 2382 3344 γενναῖος
2413 3269 2596 3328 ἆθλον.
2644 3269 2790 3326 ⁹Ἀλλ’
2815 3271 2845 3323 ό
2875 3269 3183 3339 φιλόσοφος,
3227 3269 3356 3340 μηδ’
3395 3270 3532 3325 αὐτὸ
3562 3269 3720 3326 τοῦτο

2135 3366 2370 3422 συνιδεῖν
2401 3365 2533 3436 μηδέ
2566 3363 2930 3434 φιλοσοφῆσαι
2959 3362 3280 3432 δυνάμενος,
3317 3359 3500 3415 καίτοι
3527 3378 3589 3430 γε
3625 3363 3721 3416 καὶ

2134 3457 2430 3527 πρόχειρον
2453 3454 2511 3509 δν
2537 3454 2632 3508 καὶ⁹
2651 3453 2786 3523 μηδέ
2819 3452 3042 3522 βαθείας
3063 3454 3208 3514 τινος
3223 3452 3479 3520 δεόμενον
3501 3453 3718 3524 φρενὸς,

2135 3551 2209 3612 ὡς
2237 3549 2297 3602 οὑ
2315 3548 2510 3602 ταυτὸν
2529 3548 2593 3600 ἂν
2617 3546 2828 3614 γένοιτο
2846 3545 2989 3600 κατά
3009 3545 3188 3600 πάντα
3211 3546 3285 3614 τῷ
3303 3545 3489 3599 δεικνυ
3498 3545 3649 3616 μένῳ
3664 3545 3722 3598 τὸ

2136 3640 2404 3704 δεικνύον,
2433 3640 2525 3692 καὶ
2545 3637 3175 3710 τῷςχαρακτηριζομένῳ
3196 3637 3258 3690 τὸ
3288 3635 3717 3708 χαρακτηρτον,

2138 3732 2213 3794 ὼς
2229 3732 2396 3801 οὑδὲὴ
2423 3731 2684 3800 ἁλουργὶς
2715 3730 2808 3784 καὶ
2827 3729 2886 3784 τὸ
2914 3730 3201 3800 σκῆπτρον
3227 3733 3292 3801 τῇ
3315 3729 3564 3800 βασιλείᾳ⁵
3587 3748 3720 3784 ταυ-

2137 3826 2250 3884 τὸν,
2279 3824 2453 3896 οὐδέή
2487 3823 2699 3893 πρωῖνὴ
2727 3821 2870 3889 αὐγὴ
2897 3822 2974 3890 τῷ
2994 3822 3152 3892 ἡλίῳ,
3188 3821 3308 3875 οὐδὲ
3349 3823 3380 3890 ἠ
3409 3822 3614 3894 νεφέλη
3646 3822 3721 3892 τῷ

2141 3917 2306 3986 ὑετῷ,
2330 3915 2390 3968 ἓν
2427 3917 2521 3969 καὶ
2551 3916 2721 3968 ταυτδ
2743 3915 2885 3968 κατά
2907 3918 3087 3967 πάντα
3104 3916 3238 3986 φησὶ
3264 3916 3366 3985 τὴν
3398 3915 3590 3969 οὐσίαν
3629 3915 3723 3968 καὶ

2139 4003 2240 4073 τὴν
2252 4003 2537 4071 ἐνέργειαν
2547 4001 2640 4056 τοῦ
2664 4002 2824 4064 Θεοῦ.
2842 4005 2916 4073 μὴ
2940 4005 3229 4057 συνάπτων
3243 4004 3386 4059 κατά
3399 4006 3527 4068 τοὺς
3543 4004 3723 4060 θεολό-

2139 4115 2269 4162 γους
2302 4096 2543 4160 εὐσεϐῶς
2567 4096 2629 4149 τὸ
2655 4095 3076 4166 διακεκριμένον
3125 4097 3204 4167 τῷ
3231 4098 3527 4169 ήνωμένῳ,
3576 4101 3723 4170 μᾶλ-

2139 4190 2232 4244 λον
2258 4189 2316 4242 δέ
2347 4191 2442 4244 καὶ
2463 4189 2630 4258 άμφω
2655 4189 2826 4244 ταῦτα
2853 4190 3041 4252 κακῶς
3065 4190 3305 4260 ἀναιρῶν
3327 4193 3423 4245 καὶ
3448 4191 3719 4263 συγχέων,

2141 4284 2239 4338 καὶ
2271 4281 2537 4352 σύγχυσιν
2579 4281 2776 4350 ἐτέραν
2824 4282 3140 4350 ἐπεισάγων
3179 4285 3292 4344 τοῖς
3338 4284 3506 4352 ίεροῖς
3541 4284 3724 4352 λόγοις

2144 4375 2238 4427 καὶ
2267 4374 2505 4441 δόγμασι
2532 4372 2618 4427 διὰ
2649 4373 2753 4442 τῆς
2791 4372 3009 4441 φύσεώς
3042 4391 3184 4444 φημι
3215 4375 3309 4427 καὶ
3340 4375 3448 4429 τῶν
3476 4378 3726 4445 φυσικῶν

454 4479 637 4531 ἐκεῖνο
663 4444 1349 4545 αἰνιττόμενοςάντικρυς,
1379 4477 1462 4530 ὅτι
1487 4444 1742 4545 λέγονται
1776 4444 1898 4546 μέν,
1923 4474 2040 4529 ἀλλ’
2073 4444 2114 4498 D
2144 4469 2238 4521 τοῦ
2269 4467 2432 4531 Θεοῦ,
2464 4467 2721 4536 οὐδαμῶς
2763 4467 3022 4520 ἐλάττονα
3053 4468 3153 4536 τῆς
3194 4468 3300 4520 τῶν
3332 4444 3726 4538 Μονοφυσιτῶν

451 4571 554 4625 οὐκ
579 4569 740 4636 είσὶν,
771 4568 848 4632 ὡς
885 4569 1054 4623 ταυτὸ
1085 4569 1180 4623 καὶ
1215 4568 1514 4639 ἀδιάφορον
1538 4568 1705 4639 οὑσης
1732 4571 1856 4623 κατ’
1883 4569 2034 4622 ἐκεῖ-

453 4681 545 4716 νον
575 4662 767 4724 οὐσίας
817 4679 878 4716 τε
909 4662 1003 4716 καλ⁵
1037 4662 1342 4734 ἐνεργείας,
1385 4663 1482 4715 καὶ
1526 4661 1764 4731 μάλιστα
1813 4662 1904 4714 ἐπὶ
1939 4660 2034 4714 τοῦ

449 4757 610 4814 Θεοῦ.
645 4758 757 4812 Καὶ
787 4756 980 4823 πάλιν,
1034 4756 1442 4819 Ἀναλλοίωτος,
1488 4756 1672 4825 φησὶν,
1713 4757 1744 4823 ἡ
1777 4755 1869 4808 τοῦ
1895 4755 2032 4807 Θεοῦ

452 4853 618 4922 φύσις
647 4851 804 4918 οὐσα,
852 4851 1217 4905 ἀναλλοίωτον
1252 4847 1364 4918 εἶχε
1402 4849 1496 4902 καὶ
1524 4849 1623 4918 τὴν
1665 4849 1760 4901 τοῦ
1789 4850 2037 4918 ἐνεργεῖν

452 4943 687 5014 δύναμίν
727 4961 786 4996 τε
819 4942 916 4996 καὶ
942 4942 1187 5012 θέλησιν,
1218 4945 1312 4995 καὶ
1338 4942 1539 5010 ἁπλῆν.
1573 4941 1744 4996 Τοῦτο
1773 4941 1832 4994 δὲ
1865 4939 2040 4992 καθα-

458 5025 566 5108 ρῶς
601 5038 700 5107 μέν
732 5039 850 5090 ἐστι
899 5037 1042 5100 κατὰ
1073 5034 1167 5088 τοῦ
1197 5035 1381 5102 λόγου,
1411 5034 1503 5086 καὶ
1543 5037 1642 5100 τῆς
1676 5032 1837 5103 δόξης
1868 5030 2037 5085 αὐτοῦ

453 5129 548 5184 τοῦ
573 5131 846 5197 λέγοντος.
893 5128 954 5182 '0
984 5128 1038 5181 δέ
1069 5128 1143 5198 μὴ
1181 5127 1336 5189 εἰδὼς
1382 5125 1528 5194 ἅπερ
1563 5125 1687 5178 κατ’
1731 5124 1896 5187 αὐτὸς
1936 5125 2038 5177 αὐ-

452 5222 550 5275 τοῦ
585 5223 759 5287 λέγει,
810 5221 874 5273 τὸ
908 5221 1010 5290 μὲν
1056 5221 1233 5273 εἰπεῖν
1276 5221 1357 5273 ὅτι
1398 5219 1760 5273 ἀναλλοίωτον
1792 5215 1905 5287 εἶχε
1938 5219 2038 5284 τὴν

403 5367 408 5370 .
454 5315 695 5384 φυσικὴν
730 5314 826 5367 καὶ
875 5313 1215 5382 κατάλληλον
1262 5313 1545 5382 ἐνέργειαν
1585 5312 1726 5365 κατὰ
1766 5312 1892 5372 τοὺς
1923 5310 2038 5362 θεο-

453 5410 648 5477 λόγους
703 5408 952 5477 Πατέρας
1006 5406 1293 5475 ἐκφεύγει,
1354 5407 1440 5460 ἵνα
1496 5405 1569 5477 μὴ
1599 5405 1868 5474 διαφορὰν
1914 5405 2038 5474 δόξῃ

451 5503 578 5556 τινά
632 5503 814 5570 λέγειν
861 5502 1046 5563 οὐσίας
1097 5499 1248 5562 θείας
1291 5500 1386 5552 καὶ
1430 5499 1737 5570 ἐνεργείας,
1773 5493 1918 5572 ᾗπερ
1975 5498 2039 5568 δὴ

455 5597 551 5648 καὶ
586 5595 848 5663 πολεμεῖν
876 5594 1026 5663 αὐτῷ
1060 5595 1261 5657 σκοπὸς
1294 5593 1528 5662 μάλιστα
1555 5611 1568 5622 ·
1605 5590 1718 5662 εἶχε
1747 5593 1823 5653 δέ.
1853 5592 2042 5660 φησὶν,

455 5690 489 5756 ἡ
525 5688 719 5758 θεότης
752 5690 849 5758 τὴν
877 5689 970 5744 τοῦ
1003 5689 1254 5757 ἐνεργεῖν
1291 5687 1523 5756 δύναμίν
1554 5703 1610 5739 τε
1648 5686 1738 5740 καὶ
1779 5685 1999 5754 θέλησιν
2025 5701 2040 5715 ο

461 5777 623 5830 οἱονεὶ
654 5780 870 5850 ἐνήργει
903 5780 1026 5850 δίχα
1077 5781 1381 5851 ἐνεργείας,
1414 5779 1488 5844 ὡς
1517 5781 1679 5845 αὐτὸς
1723 5781 1916 5845 οἴεται,
1951 5797 2044 5832 τυ-

2141 4577 2198 4613 τε
2234 4560 2330 4612 καὶ
2357 4557 2747 4628 Μονοθελητῶν
2784 4557 3032 4613 ἐκείνων.
3071 4557 3132 4614 Ὀ
3166 4559 3276 4631 γὰρ
3310 4560 3554 4629 μηδόλως
3578 4563 3730 4631 ἐνέρο

2141 4667 2299 4718 γειαν
2329 4648 2613 4719 θεοπρεπῆ
2651 4649 2742 4702 τὸν
2772 4650 2905 4703 Θεὸν
2949 4648 3127 4718 λέγων
3175 4650 3343 4721 ἔχειν,
3376 4650 3494 4704 ἀλλ’
3537 4654 3731 4709 οὐσίαν

2144 4745 2310 4800 αὐτὸν
2339 4744 2639 4813 πεφυκέναι
2673 4742 2795 4795 κατ’
2823 4741 3087 4812 Εὐνόμιον
3119 4741 3310 4812 μόνην,
3340 4742 3464 4812 δίχα
3489 4743 3603 4796 τῶν
3629 4745 3731 4798 αὐε-

2143 4840 2241 4908 τῆς
2275 4838 2542 4908 φυσικῶν,
2569 4833 2723 4896 οὗτος
2747 4837 2806 4889 οὐ
2830 4835 2893 4888 τὸ
2926 4835 3348 4904 διακεκριμένον
3378 4837 3600 4907 ἀναιρεῖ
3633 4840 3730 4908 μό-

2144 4947 2256 4992 νον,
2289 4929 2425 4982 ἀλλὰ
2457 4930 2553 4982 καὶ
2583 4929 2642 4980 τὸ
2669 4929 2957 4997 ἡνωμένον
2987 4927 3085 4996 τῆς
3114 4926 3388 4995 θεολογίας
3426 4931 3526 4982 σὺν
3554 4930 3727 4999 αὐτῷ.

2145 5024 2321 5077 Τίνων
2351 5024 2459 5094 γάρ
2490 5023 2554 5076 ἂν
2585 5023 2678 5075 καὶ
2710 5022 2794 5092 είη
2836 5023 2869 5092 ὴ
2917 5022 3132 5084 ἓνωσις,
3166 5019 3274 5074 τῶν
3302 5022 3559 5074 ἐνοῦσθαι
3594 5023 3729 5093 μελο

2145 5117 2346 5168 λόντων
2374 5114 2890 5187 προαναιρεθέντων
2919 5113 3042 5167 κατ’
3071 5113 3262 5179 αὑτόνς
3295 5115 3513 5167 Μᾶλλον
3547 5115 3602 5167 δέ
3633 5119 3730 5188 οὐχ

2148 5210 2181 5278 ἡ
2229 5208 2426 5270 ἓνωσις
2485 5209 2646 5277 μόνον
2683 5205 2826 5258 κατά
2874 5205 3064 5257 τοῦτον
3104 5203 3406 5270 τὸνλόγον,
3459 5205 3599 5259 ἀλλά
3641 5208 3730 5259 καὶ

2147 5301 2279 5354 αὐτὸ
2314 5300 2374 5353 τὸ
2405 5299 2460 5352 ἓν
2510 5301 2842 5368 ἁναιρεῖτειι,
2880 5301 2912 5364 ἢ
2949 5299 3106 5349 οῧπία
3147 5297 3368 5366 δηλαδὴ,
3422 5299 3566 5351 κατά
3605 5299 3729 5362 τοὺς

2148 5396 2436 5462 θεολόγους
2489 5395 2766 5463 Ιιαῖέρας.
2813 5391 2922 5460 Τῆς
2954 5390 3248 5452 οὐσιώδους
3300 5391 3394 5441 καὶ
3437 5393 3548 5460 γὰρ
3573 5393 3729 5461 ἐνερο

2153 5495 2307 5562 γείας
2355 5491 2786 5562 ἀναιρουμένης,
2832 5491 2858 5542 ό
2906 5487 3248 5560 προρῤηθείς
3303 5505 3436 5557 φησι
3473 5487 3730 5559 θεοφόρος

2148 5586 2495 5650 διδασκαλος,
2528 5583 2652 5637 οὐτε
2684 5583 2817 5645 Θεὸς
2849 5582 3004 5636 ἐσται
3046 5579 3170 5634 οὐτε
3217 5579 3526 5650 ἄνθρωπος,
3555 5583 3622 5650 τῇ
3671 5577 3727 5631 δέ

2151 5683 2379 5751 δυνάμει
2410 5680 2501 5733 τοῦ
2538 5680 2784 5749 ἐνεργεῖν
2821 5677 2914 5729 καὶ
2952 5679 3016 5746 τῇ
3052 5675 3269 5744 θελήσει
3309 5676 3402 5728 καὶ
3432 5675 3492 5726 τὸ
3521 5672 3729 5738 ἁπλῆν

2155 5782 2496 5851 προσξθηκεν
2529 5778 2556 5829 ό
2601 5775 2914 5846 φιλόσοφος,
2951 5773 3048 5843 οὐχ
3101 5771 3170 5836 ὡς
3223 5768 3428 5824 ἁπλοῦν
3461 5769 3552 5824 τὸν
3598 5767 3727 5822 Θεὸν
