4074 6232
441 252 578 316 1065

1177 255 1478 318 CONTRA
1511 254 1945 319 GREGORAM
1976 255 2787 319 ANTHIRRHETICORUM
2828 255 2932 317 Χῐ.

3535 249 3674 320 ίθθθ

427 370 656 438 Γραφῶν
686 370 912 438 ἄγνοιαν
937 374 1029 424 καὶ
1061 372 1158 442 τὴν
1190 372 1435 443 ἀμαθίαν
1464 376 1646 428 πυκνά
1702 377 1995 446 προφέρων
2027 390 2065 440 Α
2100 377 2282 429 καλῶν
2312 376 2489 443 λόγων
2529 375 2628 442 τὴν
2653 373 2874 427 ἐκείνων
2923 371 3242 426 δυσσέϐειαν
3291 368 3674 439 ἐξελέγχοντα,

427 463 575 529 ἡμῖν.

499 551 700 621 Πρώην
735 551 833 620 μὲν
860 552 950 606 οῦν
981 553 1134 607 οὕτω
1162 559 1274 618 τοῖς
1319 557 1650 626 γράμμασιν
1708 560 2000 626 ἐντετύχη-

426 645 581 706 κότες
623 646 790 699 αὐτοῦ
834 648 1115 713 περιόντες
1163 649 1242 702 ἐτι
1277 651 1352 721 τῷ
1401 651 1519 719 βίῳ,
1571 651 1782 703 πολλῶν
1832 667 1996 702 τινων

426 738 532 790 τῶν
575 738 940 808 ὡμιληκότων
1001 743 1197 811 ἐκείνῳ
1258 743 1529 811 λεγόντων
1588 745 1886 814 ⁴ἠκούομεν.
1920 743 1996 804 ὡς

425 831 534 898 ἀρα
564 831 804 885 διδάσκει
831 835 1120 906 Γρηγορᾶς
1162 839 1290 905 περὶ
1329 837 1424 889 τοῦ
1484 837 1584 906 τῆς
1636 835 1997 905 μεταμορφῶο

426 941 562 986 σεως
591 924 736 977 θείου
797 929 996 992 φωτὸς,
1039 929 1121 981 ὅτι
1155 930 1201 981 εί
1241 930 1339 998 μὲν
1355 930 1453 998 οὐχ
1481 930 1702 1000 ἑωράθη
1727 932 1837 990 τοῖς
1867 931 1996 981 ἀπο-

425 1017 633 1078 στόλοις
665 1020 863 1082 ἐκεῖνο,
897 1020 1042 1071 θεῖον
1075 1021 1169 1072 καί⁵
1200 1019 1453 1073 ἀκτιστόν
1489 1021 1655 1087 ἐστιν,
1694 1023 1742 1072 εί
1790 1021 1834 1072 δ’
1867 1021 1996 1087 ὁρα-

421 1111 515 1161 τὸν
551 1112 777 1174 ἐκείνοις
805 1111 1160 1182 ὁπωσδήποτε
1207 1114 1448 1180 γέγονεν,
1481 1113 1543 1177 ἐξ
1589 1113 1833 1180 ἀνάγκης
1899 1113 1994 1165 καλ⁸

421 1201 533 1261 τοῖς
565 1199 859 1268 κτίσμασιν
883 1203 1058 1255 ἐκεῖνο
1088 1203 1589 1272 συναριθμήσομεν,
1650 1205 1994 1274 ἑκατέρωθεν

424 1291 723 1358 ἀντιλέγων
745 1293 825 1362 τῷ
857 1293 1176 1365 Εὑαγγελίῳ
1198 1295 1457 1361 Χριστοῦ,
1485 1299 1579 1348 καὶ
1595 1297 1857 1368 ὁραθῆναι
1883 1298 1994 1358 τοῖς

419 1382 744 1446 ἀποστόλοις
774 1382 894 1456 θείᾳ
926 1385 1175 1454 δηλονότι
1228 1387 1456 1456 δυνάμει
1508 1388 1840 1452 διδάσκοντι,
1898 1391 1994 1442 καὶ

421 1473 701 1541 βασιλείαν
731 1477 1098 1532 ἀποκαλοῦντι
1129 1477 1285 1542 Θεοῦ,
1317 1481 1386 1549 ἢν
1414 1480 1475 1533 οὐ
1497 1479 1654 1550 θέμις
1678 1483 1862 1548 λέγειν
1887 1483 1993 1534 ὑπδ

421 1566 630 1633 χρόνων
658 1584 716 1620 τε
749 1570 844 1622 καὶ
881 1567 1094 1622 αίὼνων
1130 1569 1450 1637 φθάνεσθαι.
1509 1573 1652 1626 κατά
1680 1573 1778 1635 τὰς
1841 1574 1991 1644 ίεράς

419 1657 530 1708 τῶν
576 1659 837 1730 θεολόγων
862 1662 1068 1727 φωνάς.
1109 1660 1283 1732 ’Υπὲρ
1313 1656 1387 1716 ὧν
1418 1665 1510 1716 καὶ
1542 1664 1700 1732 λόγος
1741 1668 1874 1734 ἡμῖν
1931 1667 1992 1719 ἐν

419 1751 542 1805 δυσὶ
581 1751 808 1820 βιϐλίοις
837 1758 980 1808 κατά
1025 1754 1255 1824 δύναμιν
1318 1756 1538 1827 ἐξεδόθη
1594 1757 1988 1826 τοτηνικαῦτα.

418 1843 534 1896 Νῦν
563 1846 620 1898 δὲ
645 1847 737 1898 καὶ
761 1849 871 1909 τοῖς
890 1849 1293 1917 συγγράμμασι
1321 1849 1534 1912 τούτοις
1562 1851 1990 1920 ἐντετυχηκότες

419 1937 658 2001 ἐκείνου,
693 1939 826 2008 μηδέ
855 1939 954 2010 τὴν
975 1939 1150 2010 ἀρχὴν
1175 1941 1510 2010 γεγενῆσθαι
1555 1943 1654 2012 τὴν
1695 1942 1792 1996 τοῦ
1848 1943 1987 2012 Χρι-

421 2030 550 2082 στοῦ
581 2031 1012 2102 μεταμόρφωσιν
1045 2034 1133 2088 διά
1166 2034 1548 2104 συλλογισμῶν
1598 2051 1658 2088 τε
1717 2037 1812 2090 καὶ
1849 2036 1992 2090 διαι-

424 2122 652 2192 ρέσεων,
679 2125 755 2188 ὠς
780 2124 856 2194 μὴ
885 2124 1117 2193 ὤφελεν,
1140 2127 1360 2197 δρῶμεν
1391 2127 1561 2181 αὐτὸν
1588 2128 1769 2191 ἀθέως
1817 2146 1991 2182 κατα-

423 2215 784 2279 σκευάζοντα,
840 2216 1001 2271 Ἀλλά
1034 2219 1169 2287 πρὸς
1192 2219 1402 2273 ἐκεῖνον
1451 2219 1844 2289 ἐπανέλθωμεν
1898 2220 1996 2274 αῦ-

423 2309 530 2373 θις,
602 2309 828 2362 καὶτὸν
887 2311 1018 2381 περὶ
1081 2310 1297 2381 μορφῆς
1346 2311 1442 2364 καὶ
1507 2313 1993 2382 μεταμορφώσεως

423 2401 640 2454 ἐκείνου
675 2401 1052 2473 συλλογισμόν.
1091 2403 1441 2471 ῐΙροῦπέθετο
1477 2405 1661 2457 τοίνυν
1710 2407 1738 2457 6
1777 2405 1994 2473 φιλόσο-

423 2509 548 2559 φος,
586 2493 837 2562 καθάπερ
883 2491 1202 2565 ἠκούσαμεν
1235 2495 1337 2565 ἥδη
1397 2495 1496 2565 τὴν
1551 2497 1769 2566 μορφὴν
1824 2498 1991 2550 αὐτοῦ

424 2584 522 2638 καὶ
553 2585 616 2638 τὸ
637 2586 842 2655 ταύτης
869 2587 1213 2652 ἐξετάζοντες
1252 2592 1431 2656 γένος,
1464 2587 1539 2652 ὡς
1573 2591 1666 2643 ἐπὶ
1701 2573 1824 2658 μὲν
1853 2590 1991 2643 Θεοῦ

423 2677 694 2750 λεγομένη
727 2681 919 2734 ταυτὸν
951 2681 1172 2737 δύναται
1195 2687 1259 2754 τῇ
1294 2683 1485 2755 οὐσίᾳ’
1515 2685 1606 2736 ἐπὶ
1641 2685 1697 2738 δὲ
1752 2685 1862 2737 τῶν
1911 2686 2002 2738 αί-

427 2772 644 2839 σθητῶν
677 2776 857 2844 μορφή
889 2776 1004 2828 ἐστι
1035 2777 1096 2828 16
1124 2779 1254 2846 περὶ
1300 2778 1402 2848 τὴν
1457 2778 1785 2846 ἐπιφάνειαν
1838 2779 1993 2830 ποιὸν

422 2867 686 2935 τύπωμα.
727 2867 859 2918 Δέον
890 2864 984 2920 οὑν
1018 2869 1122 2930 τὰς
1149 2867 1356 2932 οίκείας
1385 2869 1551 2921 αὑτὸν
1581 2870 1813 2922 λαϐόντα
1856 2888 1990 2941 προ-

420 2957 634 3025 τάσεις,
658 2958 802 3010 καθά
817 2959 987 3026 δήπου
1019 2961 1115 3013 καὶ
1149 2960 1491 3028 προῦπέθετο
1524 3002 1541 3028 ,
1573 2965 1667 3017 καὶ
1701 2963 1793 3016 τὸν
1825 2963 1991 3032 μέσον

2103 468 2197 518 καὶ
2233 467 2517 519 δεικνύντα
2543 467 2643 534 τὴν
2686 464 3031 535 ἀνθρωπείαν
3079 464 3173 517 τοῦ
3221 460 3462 532 Χριστοῦ
3507 464 3672 529 φύσιν

2101 558 2278 610 πάντα
2303 559 2401 628 μὲν
2434 559 2500 610 τὰ
2537 557 2742 624 φυσικὰ
2771 557 2869 625 τῆς
2918 555 3170 623 θεότητος
3222 554 3673 623 πεπλουτηκυῖαν

2099 649 2397 716 αὐχήματα
2425 647 2513 700 διὰ
2536 647 2634 716 τὴν
2663 645 2785 701 καθ’
2806 647 3105 698 ὑπόστασιν
3129 644 3226 713 τῆς
3246 644 3496 712 θεότητος
3526 643 3675 712 ἀχώ-

2103 759 2286 812 ριστον
2313 741 2528 800 ἕνωσιν,
2565 740 2666 792 οὐκ
2712 740 2988 792 ἐκστᾶσαν
3029 739 3085 791 δὲ
3147 738 3368 808 ἑαυτῆς,
3422 735 3534 788 οὐδ’
3587 736 3672 797 είς

2099 834 2330 902 θεότητα
2363 831 2851 901 μεταποιηθεῖσαν,
2889 830 3012 884 οὔτε
3052 830 3152 900 τὴν
3179 829 3330 883 θείαν
3367 830 3510 898 φημὶ
3568 827 3673 896 φύ-

2099 944 2203 992 σιν,
2235 925 2359 978 οῠτε
2413 925 2539 977 τινὰ
2594 926 2797 994 ταύτης
2822 923 3018 992 ἑτέραν
3074 923 3170 975 καὶ
3221 918 3670 991 κεχωρισμὶνην,

2097 1019 2179 1081 τίς
2209 1019 2320 1088 γὰρ
2348 1018 2415 1072 ἂν
2437 1019 2532 1070 καὶ
2559 1018 2644 1086 εἴη
2672 1019 2855 1088 ἐκείνη
2881 1034 2896 1081 ;
2929 1016 3064 1070 ἀλλὰ
3103 1016 3197 1068 καὶ
3250 1015 3390 1082 μετά
3421 1013 3521 1083 τὴν
3570 1015 3672 1082 τῆς

2098 1108 2354 1176 θεότητος
2379 1109 2563 1180 χρίσιν
2591 1110 2687 1162 καὶ
2713 1109 2773 1161 16
2821 1109 3050 1178 ὁμόθεον
3081 1094 3368 1177 ἀνθρώπου
3402 1107 3671 1175 μένουσαν

2097 1200 2282 1268 φύσιν.
2319 1202 2411 1254 Διὸ
2445 1202 2542 1254 καὶ
2593 1204 2732 1272 πρὸς
2781 1203 2874 1254 τδν
2921 1201 3022 1270 τῆς
3082 1199 3401 1261 δυσσεϐείας
3455 1197 3674 1265 ἐκείνης

2097 1293 2473 1364 προεστηκότα
2498 1294 2591 1347 τὸν
2617 1295 2758 1363 ὑπὲρ
2796 1295 2984 1347 τοῦτον
3010 1295 3037 1344 6
3069 1295 3314 1358 γενναῖος
3343 1289 3672 1358 ποιούμενος

2096 1387 2277 1452 λόγον,
2341 1387 2485 1440 καθά
2540 1387 2638 1442 καὶ
2687 1389 2976 1456 Γρηγορᾱὶς
3024 1388 3188 1448 αὐτὸς
3224 1387 3282 1437 ἐν
3304 1387 3417 1446 τοῖς
3447 1385 3671 1444 οἰκείοις

2094 1481 2652 1552 διέξεισιγράμμασι,
2681 1482 2778 1534 καὶ
2803 1479 3319 1550 κατακομψεύεται,
3363 1479 3529 1546 φησὶν
3568 1477 3671 1530 Εὑ-

2097 1573 2296 1635 σέϐιος,
2324 1574 2416 1624 ἐπὶ
2443 1573 2556 1641 φῶς
2586 1572 2827 1643 ἄρρητον
2855 1574 2950 1625 καὶ
2977 1572 3396 1640 ἀνεκδιήγητον,
3453 1570 3547 1620 καὶ
3589 1567 3670 1636 τῷ

2094 1662 2214 1732 Θεῷ
2240 1664 2402 1733 Λόγῳ
2456 1665 2685 1734 πρέπον,
2726 1662 2826 1734 τὴν
2876 1663 2970 1715 τοῦ
2999 1661 3187 1715 δούλου
3233 1657 3669 1730 μεταϐεϐλῆσθαι.

2101 1755 2317 1826 μορφὴν
2341 1761 2399 1808 ἐν
2435 1756 2514 1824 τῷ
2538 1755 2682 1826 ὄρει.

2143 1851 2202 1901 Ἀ
2211 1849 2410 1914 κούεις,
2430 1851 2704 1920 Γρηγορᾶ,
2719 1849 2816 1920 τὴν
2832 1848 2925 1901 τοῦ
2938 1848 3309 1917 Είκονομάχου
3327 1845 3664 1906 δυσσέϐειαν,

2095 1943 2296 2011 μᾶλλον
2310 1941 2367 1995 δὲ
2379 1942 2474 2005 τὰς
2487 1942 2806 2004 δυσσεϐείας
2824 1959 2838 2007 ;
2861 1943 2971 1997 Καὶ
2990 1931 3425 2010 μεταϐεϐλῆσθαι
3442 1937 3550 2006 γάρ
3566 1954 3671 2004 φη-

2094 2050 2179 2086 σιν
2195 2034 2252 2086 ἐν
2264 2033 2342 2103 τῷ
2364 2031 2478 2102 ϐρει
2503 2033 2602 2103 τὴν
2625 2031 2971 2101 ἀνθρωπείαν
2995 2034 3088 2084 τοῦ
3113 2029 3348 2102 Χριστοῦ
3371 2027 3555 2095 φύσιν.
3575 2026 3671 2078 καὶ

2093 2126 2185 2178 ἐπὶ
2205 2126 2322 2195 φῶς
2338 2126 2743 2180 ίδιοῦπόστατόν
2763 2143 2814 2178 τι
2835 2121 3270 2194 μεταϐεϐλῆσθαι
3291 2119 3492 2188 ταύτην
3513 2119 3666 2187 φησι,

2093 2218 2235 2270 καθά
2262 2218 2325 2285 δὴ
2355 2220 2448 2271 καὶ
2476 2219 2682 2287 προῖὼν
2699 2221 2727 2269 6
2755 2219 2854 2287 τῆς
2880 2217 3172 2288 ὁμολογίας
3205 2213 3488 2275 ἐπώνυμος
3505 2209 3668 2272 δείξει

2094 2309 2457 2380 πλατύτερον·
2512 2308 2548 2363 ἀ
2597 2310 2758 2362 ποίαν
2807 2311 2906 2379 οὐχ
2948 2310 3326 2376 ὑπερϐέϐηκεν
3363 2304 3664 2364 ἀσέϐειανς

2103 2402 2640 2471 Ἑπάγειτοιγαροῦν
2671 2418 2684 2432 ·
2717 2402 2871 2454 Καὶὸ
2899 2402 2996 2471 μὲν
3014 2401 3275 2453 Εὐσεϐίου
3301 2400 3458 2465 λόγος
3492 2394 3669 2448 τοιοῦ-

2094 2511 2204 2557 τος,
2223 2495 2314 2546 καὶ
2334 2493 2505 2556 οὕτως
2524 2493 2684 2563 ἔχων,
2707 2495 2800 2546 καὶ
2815 2494 2876 2545 16
2893 2495 3000 2546 πᾶν
3015 2491 3163 2561 αὐτῷ
3183 2489 3412 2544 ἐνταῦθα
3429 2486 3526 2559 τῆς
3540 2489 3668 2538 ἀσε-

2095 2585 2245 2648 ϐείας
2277 2586 2605 2654 ἐξήρτηται·
2636 2586 2758 2638 ὅποι
2792 2584 2836 2636 δ’
2867 2584 3014 2651 αὐτῷ
3039 2584 3194 2654 φέρει
3224 2583 3294 2634 τά
3339 2585 3437 2650 τῆς
3471 2577 3669 2644 καινῆς

2094 2676 2296 2745 ταύτης
2328 2673 2684 2737 διδασκαλίας
2723 2674 2819 2728 καὶ
2847 2672 2942 2726 τοῦ
2973 2673 3266 2744 δόγματος,
3325 2668 3400 2732 ὼς
3451 2668 3531 2719 ἐνι
3565 2667 3669 2736 μά-

2094 2769 2252 2821 λιστα
2287 2768 2680 2836 συντομώτατα
2709 2767 3040 2835 σκεψώμεθα
3069 2784 3084 2801 ο
3114 2769 3205 2820 καὶ
3229 2768 3411 2828 ὁποῖος
3453 2764 3539 2833 δὴ,
3568 2767 3666 2821 καὶ

2093 2861 2249 2921 ὅστις
2278 2861 2307 2912 6
2335 2860 2433 2929 τῆς
2467 2857 2773 2929 μεταϐολῆς
2822 2861 3045 2926 τρόπος,
3079 2858 3480 2927 ἐπισκέψασθαι
3542 2876 3667 2911 πει-

2098 2952 2418 3025 ρασώμεθα.

422 3052 550 3121 ὅρον
587 3051 779 3114 αὐταῖς
800 3051 1072 3106 δεδωκότα
1099 3052 1284 3107 κοινὸν
1312 3055 1456 3108 κατά
1489 3057 1616 3119 τοὺς
1651 3055 1990 3125 συλλογιστι-
2017 3073 2062 3130 c
2165 3050 2281 3104 Πᾶν
2309 3051 2368 3104 τὸ
2401 3051 2873 3122 μεταϐαλλόμενον
2910 3050 2943 3120 ἢ
2977 3051 3100 3104 κατ’
3141 3051 3330 3104 οὐσίαν
3389 3049 3653 3119 μεταϐἀιλ⁸

423 3145 558 3207 κοὺς
592 3145 759 3198 αὐτοῦ
789 3147 1008 3216 νόμους,
1041 3144 1213 3209 οὕτως
1238 3147 1539 3216 ἐπαγαγεῖν
1570 3148 1769 3220 ἀληθὲς
1792 3151 1889 3203 καὶ
1930 3148 1995 3202 16

422 3234 636 3288 ἐκεῖθεν
665 3237 1065 3308 συμπέρασμα,
1097 3237 1182 3290 ὅτι
1209 3239 1238 3290 ό
1270 3241 1702 3308 μεταμόρφωσιν
1732 3240 1827 3294 τοῦ
1857 3239 1966 3314 Χρι
1989 3233 2014 3278 α’

423 3327 556 3383 στοῦ
591 3327 768 3398 λέγων
795 3329 853 3394 ἐξ
891 3330 1139 3400 ἀνάγκης
1169 3329 1270 3399 τῆς
1315 3331 1659 3401 ἀνθρωπείας
1708 3333 1995 3387 ἀλλοίωσιν

422 3424 576 3494 λέγει
606 3426 845 3495 μορφῆς,
873 3425 1076 3494 ταύτης
1098 3426 1194 3479 καὶ
1217 3425 1322 3496 γὰρ
1364 3426 1425 3477 16
1459 3427 1693 3494 τρεπτδν
1725 3429 1866 3482 κατά
1887 3428 1996 3497 φύο

422 3535 537 3583 σιν,
590 3516 708 3569 ἀλλ’
770 3517 872 3570 οὐκ
932 3517 1169 3586 ἐκείνης,
1197 3519 1224 3570 6
1251 3516 1299 3568 δ’
1341 3515 1466 3569 ἐπεὶ
1507 3517 1570 3570 16
1621 3518 1996 3587 συμπέρασμα

421 3609 582 3664 τοῦτο
614 3609 750 3680 πρὸς
773 3608 950 3680 ἡμῶν,
987 3608 1103 3661 ἀλλ’
1127 3609 1190 3661 οὐ
1210 3607 1334 3662 καθ’
1365 3609 1524 3677 ἡμῶν
1555 3609 1804 3662 ἐκϐαῖνον
1862 3625 1994 3662 κατ-

424 3705 554 3765 εῖδε,
595 3701 692 3756 τοῦ
726 3706 964 3772 γέλωτος
1000 3703 1092 3756 καὶ
1127 3702 1226 3770 τῆς
1259 3702 1468 3755 ἐκεῖθεν
1521 3701 1784 3774 αἰσχύνης
1836 3705 1996 3773 ὀλίγα

423 3797 743 3866 φροντίσας,
799 3796 886 3850 ἵνα
945 3797 1340 3865 συκοφαντήσῃ
1409 3795 1572 3864 μόνον
1643 3796 1741 3848 καὶ
1793 3795 1996 3870 ὑϐρίσῃ

425 3889 694 3958 συνήθως,
746 3888 848 3956 δρα
892 3887 1012 3949 πῶς
1069 3885 1405 3956 αίσχρότατα
1467 3887 1560 3940 καὶ
1611 3889 1995 3952 καταγέλαστα

425 3981 828 4048 συλλογίζεται.
864 3978 1089 4050 Μορφὴ,
1136 3979 1322 4046 φησιν,
1368 3978 1460 4030 ἐπὶ
1493 3979 1591 4047 μὲν
1619 3979 1716 4046 τῆς
1741 3980 1996 4049 θεότητος

421 4075 520 4127 τοῦ
549 4071 785 4142 Χριστοῦ
816 4072 913 4140 τὴν
939 4073 1128 4124 οὐσίαν
1158 4070 1434 4140 σημαίνει,
1468 4071 1558 4123 ἐπὶ
1590 4070 1645 4123 δὲ
1667 4071 1766 4140 τῆς
1787 4072 1996 4140 ἀνθρω-

421 4171 662 4235 πότητος
674 4169 732 4219 16
748 4168 877 4233 περὶ
898 4165 996 4232 τὴν
1012 4164 1135 4232 δψιν
1154 4163 1309 4214 ποιὸν
1335 4163 1592 4233 τύπωμα.
1610 4163 1669 4217 ’0
1691 4165 1798 4233 ἀρα
1822 4165 1996 4232 λέγων

424 4263 850 4330 μεταμόρφωσιν
868 4260 960 4312 ἐπὶ
987 4259 1082 4311 τοῦ
1106 4258 1348 4329 Χριστοῦ
1377 4258 1475 4327 τῆς
1499 4257 1683 4320 οὐσίας
1712 4257 1877 4310 αὐτοῦ
1909 4258 1997 4309 λέ-

421 4371 509 4424 γει
532 4355 742 4425 τροπην
770 4353 871 4405 καὶ
890 4351 1201 4414 ἀλλοίωσιν,
1215 4349 1323 4403 είτε
1342 4350 1440 4421 τῆς
1468 4349 1638 4411 θείας,
1652 4345 1765 4403 εῐτε
1781 4350 1878 4419 τῆς
1896 4339 1992 4402 ἀν-

2097 3144 2271 3208 λεται,
2304 3145 2333 3199 δ
2363 3145 2425 3215 δὴ
2467 3147 2596 3215 περὶ
2615 3146 2832 3213 γένεσιν
2881 3146 2975 3198 καὶ
3027 3145 3238 3217 φθορὰν
3263 3146 3575 3215 θεωρεῖται,
3629 3147 3660 3214 ἢ

2097 3237 2239 3288 κατά
2267 3253 2318 3288 τι
2345 3238 2454 3289 τῶν
2482 3239 2538 3289 ἐν
2557 3237 2707 3307 αὐτῷ
2731 3253 2748 3268 ο
2775 3239 2870 3291 καὶ
2897 3236 3058 3292 τοῦτο
3083 3238 3247 3308 διχῶς
3274 3256 3287 3270 ο
3316 3240 3349 3307 ἢ
3384 3243 3492 3310 γὰρ
3525 3257 3664 3293 κατι

2097 3329 2262 3381 ποσὸν
2299 3329 2724 3399 μεταϐάλλεται,
2769 3331 2894 3384 καθ’
2923 3332 2952 3384 δ
2995 3334 3029 3401 η
3067 3331 3296 3402 αὐξησις
3317 3334 3413 3385 καὶ
3441 3335 3471 3402 ἠ
3499 3336 3667 3401 μείω.

2095 3439 2229 3484 ωσις
2252 3423 2544 3487 δείκνυται,
2581 3423 2616 3492 ἢ
2657 3424 2799 3476 κατά
2831 3423 2891 3476 16
2936 3426 3114 3486 ποιὸν,
3161 3425 3218 3489 ἐξ
3251 3418 3311 3477 οὐ
3341 3427 3666 3495 ἐμφαίνεται

2097 3495 2464 3583 ήάλλοίωσις.
2503 3517 2566 3568 Εί
2606 3515 2706 3584 μέν
2740 3513 2835 3569 οὖν
2865 3517 3006 3570 κατὰ
3035 3519 3094 3569 16
3119 3521 3271 3571 ποιὸν
3323 3521 3666 3590 μεταϐέϐλη-

2095 3623 2206 3672 ται,
2240 3607 2520 3677 κεκίνηται
2544 3611 2643 3677 μὲν
2672 3610 2812 3680 πρὸς
2833 3610 3145 3675 ἀλλοίωσιν,
3195 3613 3228 3681 ἡ
3271 3612 3326 3663 δέ
3382 3613 3498 3663 ἐστι
3571 3630 3666 3681 με-

2096 3701 2548 3770 τασχηματισμὸς
2598 3702 2945 3772 χαρακτῆρός
2980 3719 3148 3767 τινος,
3191 3705 3222 3775 ἢ
3270 3709 3412 3758 κατὰ
3447 3723 3497 3756 τι
3557 3706 3665 3758 τῶν

2095 3792 2191 3846 τοῦ
2239 3793 2602 3864 ὑποκειμένου
2649 3795 2978 3865 πράγματος
3023 3795 3316 3866 ἐξαλλαγὴ,
3359 3799 3664 3868 χωριστῶς.

2095 3886 2130 3955 ῆ
2163 3885 2485 3955 ἀχωρίστως
2533 3885 2928 3954 συμϐαίνουσα,
2977 3888 3122 3958 ἆπερ
3169 3890 3379 3942 ἀλλοῖον
3430 3892 3528 3958 μὲν
3574 3894 3670 3945 καὶ

2096 3976 2357 4047 διάφορον
2382 3979 2478 4029 τοῦ
2510 3978 2779 4048 προτέρου
2805 3978 3098 4041 δείκνυσιν,
3127 3981 3188 4033 οὐ
3225 3982 3332 4050 μὴν
3363 3982 3419 4036 δὲ
3459 3983 3586 4038 ἄλλο
3612 4003 3665 4036 τι

2097 4071 2158 4122 16
2204 4069 2589 4141 ἀλλοιούμενον
2641 4072 3056 4140 ἀπεργάζεταν
3106 4073 3167 4124 οὑ
3224 4073 3334 4144 γάρ
3392 4075 3668 4141 οὐσιωδῶς

2102 4161 2420 4232 μετέϐαλεν,
2455 4162 2570 4215 ἀλλ’
2603 4163 2666 4214 ἐκ
2695 4163 2902 4215 τοιοῦδε
2930 4164 3023 4217 16v
3068 4164 3229 4217 αὐτὸν
3270 4167 3474 4220 τοιόνδε
3525 4171 3667 4222 κατά

2097 4256 2158 4310 16
2188 4257 2338 4308 ποιὸν
2368 4254 2625 4322 γενέσθαι
2661 4256 2932 4324 πεποίηκε
2965 4272 2979 4287 ·
3011 4258 3166 4310 τοῦτο
3191 4259 3240 4310 δ’
3275 4261 3376 4312 οὐκ
3407 4262 3553 4313 ἐστιν
3609 4266 3665 4329 ἐξ

2098 4348 2236 4400 ὅλων
2270 4346 2393 4400 ὅλον
2425 4345 2891 4417 μεταϐεϐλῆσθαι,
2917 4331 2978 4400 16
3008 4348 3116 4416 γὰρ
3149 4349 3510 4420 ὑποκείμενον
3531 4355 3666 4406 παν-

423 4449 723 4520 θρωπείας.
753 4443 826 4500 Οὐ
863 4446 918 4498 τί
963 4445 1053 4509 ἂν,
1103 4444 1293 4512 φησὶν,
1317 4442 1691 4511 ξάσεϐέστερον
1730 4444 1942 4509 γένοιτο
1974 4461 1988 4507 ;
2025 4440 2068 4494 D
2096 4454 2204 4499 τως
2253 4437 2513 4505 ὑπομένει
2560 4436 2864 4505 σωζόμενον
2885 4451 2904 4469 ο
2934 4438 2982 4489 εί
3009 4438 3066 4491 δέ
3091 4439 3229 4492 κατὰ
3260 4441 3320 4492 16
3346 4443 3534 4506 ποσὸν,
3569 4445 3666 4496 αὐο

420 4543 608 4604 Οὕτως
633 4542 732 4592 οὐκ
753 4537 1154 4606 εὑαγγελιστῶν
1177 4552 1238 4588 τε
1263 4535 1358 4588 καὶ
1379 4534 1688 4587 ἀποστόλων
1715 4534 1874 4603 μόνον
1903 4535 1996 4587 καὶ

422 4632 594 4688 αὑτοῦ
634 4630 1032 4699 καταψεύδεται
1079 4627 1374 4696 Γρηγορςᾶ
1417 4625 1513 4678 τοῦ
1576 4624 1833 4696 Χριστοῦ,
1900 4625 1996 4678 καὶ

421 4727 608 4779 πᾶσαν
637 4722 773 4793 ὁμοῦ
834 4720 1193 4787 συκοφαντῶν
1231 4718 1444 4787 ὑϐρίζει
1495 4717 1595 4789 τὴν
1666 4717 1993 4788 Ἐκκλησίαν

421 4817 613 4879 αὐτοῦ,
645 4815 781 4870 ἀλλά
815 4815 909 4868 καὶ
935 4813 1035 4881 τῆς
1078 4812 1230 4866 κάτω
1256 4809 1463 4879 ταύτης
1512 4814 1608 4862 καὶ
1651 4809 1846 4877 δούλης
1905 4827 1996 4862 σο-

424 4914 578 4981 φίας,
609 4912 695 4978 ἐφ’
738 4903 939 4982 ᾖμέγα
971 4908 1182 4975 φρονεῖ,
1227 4903 1482 4972 φανερῶς
1541 4901 1686 4955 οὕτω
1732 4904 1825 4955 καὶ
1874 4901 1997 4970 δίχα

423 5005 627 5066 παντὸς
658 5001 1008 5072 ἐρυθήματος
1033 4994 1452 5066 καταψεύδεται,
1486 4996 1589 5048 οὐκ
1644 4995 1874 5064 ἀμαθῶς
1931 4995 1996 5047 ἂν

423 5100 639 5165 εἴποιμι
701 5094 922 5164 μᾶλλον,
984 5093 1018 5164 ἦ
1071 5090 1270 5160 φθόνου
1319 5090 1414 5143 καὶ
1439 5091 1640 5158 μανίας
1697 5087 1994 5158 ὑπερϐολῇ,

424 5191 519 5257 ὐφ’
561 5183 638 5239 ὢν
679 5187 787 5254 ἀρα
821 5183 918 5236 καὶ
977 5180 1073 5234 τοῦ
1130 5179 1484 5249 λογιζομένου
1532 5180 1628 5231 καλ⁵
1687 5178 1998 5244 πεφυκότος

424 5282 612 5342 κακῶς
642 5279 957 5347 ἐκτραπεὶς,
987 5271 1055 5326 δι’
1109 5270 1419 5340 ὑπερϐολὴν
1453 5270 1736 5332 ἀπονοίας,
1782 5271 1851 5321 τά
1900 5286 2001 5323 κα-

423 5375 738 5443 ταγέλαστα
770 5368 929 5422 ταυτὶ
977 5368 1076 5437 τῆς
1107 5365 1294 5426 ἀνοίας
1353 5363 1758 5430 ἀποφθέγγεται
1813 5363 1998 5432 ῥήμα-

426 5483 519 5520 τα.
562 5463 700 5518 Ma
731 5463 904 5533 δήπου
943 5460 1040 5512 καὶ
1092 5459 1216 5520 τοὺς
1255 5457 1665 5526 Είκονομὰχους
1713 5457 1869 5523 ἡμῖν,
1904 5458 1998 5510 καὶ

426 5562 528 5632 τὴν
559 5559 785 5613 ἐκείνων
822 5553 1205 5625 Χριστομάχον
1240 5550 1454 5618 αἵρεσιν
1485 5549 1744 5610 ἐπισείει,
1786 5549 1880 5600 καὶ
1907 5549 1999 5600 τὸν

430 5649 746 5722 θαυμαστὸν
777 5648 1138 5717 όμολογητῆν,
1172 5644 1264 5697 καὶ
1299 5643 1554 5714 μάρτυρα
1585 5644 1688 5711 τῆς
1737 5641 2000 5708 ἀληθείας

429 5744 714 5812 ἐπεισάγει
755 5742 834 5809 τῷ
874 5739 1018 5808 λόγῳ
1061 5737 1356 5804 Θεόδωρον,
1405 5735 1492 5788 διὰ
1529 5731 1741 5786 πολλῶν
1786 5747 1845 5783 τε
1905 5734 1999 5784 καὶ

754 5838 1023 5898 Ρλτιιοι..
1071 5836 1190 5894 Gn.
1223 5828 1348 5889 CLI

2100 4527 2255 4594 ξησίν
2285 4545 2408 4579 τινα
2435 4528 2464 4594 ἦ
2495 4528 2725 4595 μείωσιν
2743 4527 2977 4622 ἐδέξατο.
3030 4529 3170 4581 Ἀλλ’
3196 4532 3320 4584 οὐδὲ
3345 4533 3518 4588 ταῦτα
3540 4537 3667 4590 ἄλλο

2097 4634 2150 4669 τι
2182 4618 2333 4687 παρά
2359 4620 2416 4668 τὸ
2447 4619 2499 4680 ἐξ
2549 4619 2710 4686 ξοχῆς
2745 4618 2998 4689 ὑπάρξαν
3035 4625 3198 4685 ποιεῖ,
3231 4624 3346 4676 ἀλλ’
3377 4629 3440 4677 ἐκ
3480 4629 3667 4680 τοσοῦ-

2097 4708 2152 4760 δε
2179 4710 2270 4762 16v
2297 4710 2459 4761 αὐτὸν
2502 4694 2705 4760 ,οσόνδε
2759 4712 2898 4762 κατά
2937 4715 2998 4764 16
3033 4714 3258 4781 πηλίκον
3283 4718 3534 4782 γενέσθαι
3568 4738 3667 4772 πε-

2101 4802 2348 4870 ποίηκεν.
2399 4803 2607 4855 Οὐκοῦν
2657 4803 2778 4854 οὐδὲ
2829 4805 2971 4856 κατά
3027 4804 3215 4857 τοῦτον
3265 4807 3358 4859 τὸν
3384 4813 3580 4878 τρόπον
3610 4814 3670 4875 ἐξ

2099 4897 2236 4949 ὅλων
2260 4895 2354 4962 ὅλη
2395 4894 2796 4964 μεταϐέϐληται
2835 4897 2869 4966 ἡ
2907 4898 3112 4968 μορφή.
3153 4899 3417 4955 Δείπεται
3457 4905 3548 4958 οῦν
3580 4909 3669 4962 λέ-

2099 5005 2238 5055 γειν,
2269 4988 2390 5040 καθ’
2417 4988 2587 5056 αὐτὴν
2619 4989 3055 5058 μεταϐεϐλῆσθαι
3078 4993 3206 5061 περὶ
3232 4994 3330 5062 τὴν
3355 4998 3542 5050 οὐσίαν
3572 5003 3666 5069 δη-

2100 5079 2252 5148 λαδὴ,
2269 5080 2342 5141 ὡς
2362 5080 2607 5148 ἀνάγκην
2629 5076 2767 5132 εἶναι
2790 5083 2968 5133 πᾶσαν
2984 5084 3044 5132 ἐκ
3065 5083 3330 5149 γενέσεως
3347 5088 3422 5150 είς
3443 5090 3667 5160 φοορᾶν,

2099 5174 2206 5224 κάκ
2234 5171 2325 5223 τοῦ
2357 5172 2510 5235 ὄντος
2537 5175 2615 5233 είς
2638 5174 2698 5225 16
2731 5175 2993 5243 μηδαμῶς
3020 5171 3157 5227 εἶναι
3193 5184 3591 5247 κεχωρηκέναι.

2185 5264 2403 5333 Ἐξῐσης
2437 5267 2464 5316 ὁ
2491 5265 2589 5332 τῆς
2621 5265 2904 5328 εὐσεϐείας
2928 5267 3266 5341 ὁμολογητὴς
3292 5272 3382 5321 τόν
3419 5290 3475 5324 τε
3537 5292 3671 5343 προ-

2102 5358 2376 5428 εστηκότα·
2395 5356 2493 5424 τῆς
2543 5356 2650 5407 τῶν
2687 5356 3070 5424 Εἰκονομάχων
3104 5359 3365 5423 αἱρέσεως
3414 5359 3670 5416 Εὑσὲϐιον

2102 5450 2402 5519 ἐξελέγχει,
2428 5451 2520 5499 καὶ
2543 5447 2830 5515 Γρηγορᾶν
2855 5449 3084 5510 τουτονὶ,
3111 5449 3199 5500 τὸν
3226 5449 3342 5517 μὲν,
3370 5451 3454 5502 διὰ
3477 5455 3570 5521 τῆς
3591 5457 3672 5516 εἰς

2104 5547 2304 5598 ἄτοπον
2328 5542 2654 5610 ἀπαγωγῆς,
2689 5541 2748 5592 οὑ
2778 5543 3232 5608 μεταμόρφωσιν,
3269 5541 3387 5592 οῦδὲ
3436 5546 3561 5609 περὶ
3609 5547 3670 5596 τὸ

2103 5637 2257 5688 ποιὸν
2285 5635 2573 5686 ἀλλοίωσιν
2600 5631 2748 5685 θείαν
2779 5631 2959 5696 δείξας
2992 5633 3154 5684 αὐτὸν
3191 5634 3411 5684 εἰπόντι
3445 5638 3541 5704 τὴν
3572 5636 3671 5703 τῆς

2109 5728 2454 5800 ἀνθρωπείας
2484 5726 2578 5779 τοῦ
2609 5725 2848 5796 Χριστοῦ
2878 5725 3091 5794 φύσεως
3124 5724 3340 5787 θέωσιν,
3394 5727 3523 5782 ἀλλὰ
3566 5728 3668 5797 τῆς

3243 5816 3321 5877 Βία»
