  <div class='ocr_page' id='page_1' title='image "/cluster/home/n/w/nwhite01/storage/ocr_20150623/151/hvd.32044073498685/602.png"; bbox 0 0 4086 6228; ppageno 0'>
   <div class='ocr_carea' id='block_1_1' title="bbox 304 334 3543 414">
    <p class='ocr_par' dir='ltr' id='par_1_1' title="bbox 304 334 3543 414">
     <span class='ocr_line' id='line_1_1' title="bbox 304 334 3543 414; baseline 0.001 -5"><span class='ocrx_word' id='word_1_1' title='bbox 304 340 440 409; x_wconf 77' lang='lat'><strong>1189</strong></span> <span class='ocrx_word' id='word_1_2' title='bbox 1300 342 1401 410; x_wconf 83' lang='lat' dir='ltr'><strong>DE</strong></span> <span class='ocrx_word' id='word_1_3' title='bbox 1436 344 1814 409; x_wconf 83' lang='lat' dir='ltr'><strong>ESSENTIA</strong></span> <span class='ocrx_word' id='word_1_4' title='bbox 1860 344 1956 407; x_wconf 85' lang='lat' dir='ltr'>ET</span> <span class='ocrx_word' id='word_1_5' title='bbox 2019 334 2534 407; x_wconf 81' lang='lat' dir='ltr'><strong>OPERATIONE.</strong></span> <span class='ocrx_word' id='word_1_6' title='bbox 3405 340 3543 414; x_wconf 81' lang='grc'><strong>1190</strong></span> 
     </span>
    </p>
   </div>
   <div class='ocr_carea' id='block_1_2' title="bbox 332 484 3536 525">
    <p class='ocr_par' dir='ltr' id='par_1_2' title="bbox 332 497 3536 525">
     <span class='ocr_line' id='line_1_2' title="bbox 332 497 3536 525; baseline 0.001 -7"><span class='ocrx_word' id='word_1_7' title='bbox 332 497 3536 525; x_wconf 40' lang='lat' dir='ltr'><strong>&quot;mm—mn.“</strong></span> 
     </span>
    </p>
   </div>
   <div class='ocr_carea' id='block_1_3' title="bbox 927 670 2909 830">
    <p class='ocr_par' dir='ltr' id='par_1_3' title="bbox 927 670 2909 830">
     <span class='ocr_line' id='line_1_3' title="bbox 927 670 2909 830; baseline -0.001 -3"><span class='ocrx_word' id='word_1_8' title='bbox 927 671 1853 830; x_wconf 78' lang='lat' dir='ltr'><strong>GREGORII</strong></span> <span class='ocrx_word' id='word_1_9' title='bbox 1971 670 2414 828; x_wconf 84' lang='lat' dir='ltr'><strong>ACIN</strong></span> <span class='ocrx_word' id='word_1_10' title='bbox 2425 674 2836 828; x_wconf 88' lang='lat' dir='ltr'><strong>DYN</strong></span> <span class='ocrx_word' id='word_1_11' title='bbox 2842 677 2909 825; x_wconf 95' lang='grc' dir='ltr'><strong>Ι</strong></span> 
     </span>
    </p>
   </div>
   <div class='ocr_carea' id='block_1_4' title="bbox 1712 994 2129 1058">
    <p class='ocr_par' dir='ltr' id='par_1_4' title="bbox 1712 994 2129 1058">
     <span class='ocr_line' id='line_1_4' title="bbox 1712 994 2129 1058; baseline -0.007 0"><span class='ocrx_word' id='word_1_12' title='bbox 1712 994 1931 1058; x_wconf 83' lang='lat' dir='ltr'><strong>LIBRI</strong></span> <span class='ocrx_word' id='word_1_13' title='bbox 1976 995 2129 1058; x_wconf 85' lang='lat' dir='ltr'><strong>DUl)</strong></span> 
     </span>
    </p>
   </div>
   <div class='ocr_carea' id='block_1_5' title="bbox 775 1219 3049 1314">
    <p class='ocr_par' dir='ltr' id='par_1_5' title="bbox 775 1219 3049 1314">
     <span class='ocr_line' id='line_1_5' title="bbox 775 1219 3049 1314; baseline 0 -2"><span class='ocrx_word' id='word_1_14' title='bbox 775 1220 921 1312; x_wconf 88' lang='lat' dir='ltr'><strong>DE</strong></span> <span class='ocrx_word' id='word_1_15' title='bbox 1031 1222 1604 1314; x_wconf 87' lang='lat' dir='ltr'><strong>ESSENTIA</strong></span> <span class='ocrx_word' id='word_1_16' title='bbox 1741 1220 1892 1311; x_wconf 84' lang='lat' dir='ltr'><strong>ET</strong></span> <span class='ocrx_word' id='word_1_17' title='bbox 2009 1219 2796 1314; x_wconf 79' lang='lat' dir='ltr'><strong>OPEBATIONE</strong></span> <span class='ocrx_word' id='word_1_18' title='bbox 2852 1224 3049 1312; x_wconf 76' lang='lat' dir='ltr'><strong>DEI</strong></span> 
     </span>
    </p>
   </div>
   <div class='ocr_carea' id='block_1_6' title="bbox 617 1445 3228 1530">
    <p class='ocr_par' dir='ltr' id='par_1_6' title="bbox 617 1445 3228 1530">
     <span class='ocr_line' id='line_1_6' title="bbox 617 1445 3228 1530; baseline 0.001 -17"><span class='ocrx_word' id='word_1_19' title='bbox 617 1452 788 1513; x_wconf 86' lang='lat' dir='ltr'><strong>Olim</strong></span> <span class='ocrx_word' id='word_1_20' title='bbox 820 1451 1133 1513; x_wconf 85' lang='lat' dir='ltr'><strong>adversus</strong></span> <span class='ocrx_word' id='word_1_21' title='bbox 1180 1447 1500 1511; x_wconf 80' lang='lat' dir='ltr'><strong>inscitiam</strong></span> <span class='ocrx_word' id='word_1_22' title='bbox 1554 1447 1986 1527; x_wconf 85' lang='lat' dir='ltr'><strong>quorumdam</strong></span> <span class='ocrx_word' id='word_1_23' title='bbox 2051 1445 2418 1512; x_wconf 72' lang='lat' dir='ltr'><strong>Grtecorum</strong></span> <span class='ocrx_word' id='word_1_24' title='bbox 2474 1449 2847 1529; x_wconf 77' lang='lat' dir='ltr'><strong>conscripti,</strong></span> <span class='ocrx_word' id='word_1_25' title='bbox 2891 1449 3016 1530; x_wconf 80' lang='lat' dir='ltr'><strong>jam</strong></span> <span class='ocrx_word' id='word_1_26' title='bbox 3077 1470 3228 1516; x_wconf 84' lang='lat' dir='ltr'><strong>vero</strong></span> 
     </span>
    </p>
   </div>
   <div class='ocr_carea' id='block_1_7' title="bbox 1205 1574 2632 1653">
    <p class='ocr_par' dir='ltr' id='par_1_7' title="bbox 1205 1574 2632 1653">
     <span class='ocr_line' id='line_1_7' title="bbox 1205 1574 2632 1653; baseline 0.004 -16"><span class='ocrx_word' id='word_1_27' title='bbox 1205 1585 1421 1639; x_wconf 83' lang='lat' dir='ltr'><strong>contra</strong></span> <span class='ocrx_word' id='word_1_28' title='bbox 1457 1574 1891 1638; x_wconf 87' lang='lat' dir='ltr'><strong>Calvinianam</strong></span> <span class='ocrx_word' id='word_1_29' title='bbox 1930 1577 2316 1653; x_wconf 77' lang='lat' dir='ltr'><strong>imperitiam</strong></span> <span class='ocrx_word' id='word_1_30' title='bbox 2359 1579 2632 1642; x_wconf 86' lang='lat' dir='ltr'><strong>Conradi</strong></span> 
     </span>
    </p>
   </div>
   <div class='ocr_carea' id='block_1_8' title="bbox 700 1706 3145 1786">
    <p class='ocr_par' dir='ltr' id='par_1_8' title="bbox 700 1706 3145 1786">
     <span class='ocr_line' id='line_1_8' title="bbox 700 1706 3145 1786; baseline 0.002 -19"><span class='ocrx_word' id='word_1_31' title='bbox 700 1706 926 1769; x_wconf 80' lang='lat' dir='ltr'><strong>Vorstii</strong></span> <span class='ocrx_word' id='word_1_32' title='bbox 963 1707 1539 1770; x_wconf 74' lang='lat' dir='ltr'><strong>etV’orstianorum</strong></span> <span class='ocrx_word' id='word_1_33' title='bbox 1588 1711 1798 1770; x_wconf 66' lang='lat' dir='ltr'><strong>Graece</strong></span> <span class='ocrx_word' id='word_1_34' title='bbox 1851 1707 2186 1786; x_wconf 84' lang='lat' dir='ltr'><strong>publicati.</strong></span> <span class='ocrx_word' id='word_1_35' title='bbox 2235 1706 2495 1770; x_wconf 78' lang='lat' dir='ltr'><strong>Editors</strong></span> <span class='ocrx_word' id='word_1_36' title='bbox 2525 1707 2761 1772; x_wconf 79' lang='lat' dir='ltr'><strong>Jacobo</strong></span> <span class='ocrx_word' id='word_1_37' title='bbox 2805 1709 3145 1772; x_wconf 70' lang='lat' dir='ltr'><strong>Gnerseno</strong></span> 
     </span>
    </p>
   </div>
   <div class='ocr_carea' id='block_1_9' title="bbox 1486 1837 2359 1920">
    <p class='ocr_par' dir='ltr' id='par_1_9' title="bbox 1486 1837 2359 1920">
     <span class='ocr_line' id='line_1_9' title="bbox 1486 1837 2359 1920; baseline 0 -20"><span class='ocrx_word' id='word_1_38' title='bbox 1486 1837 1819 1900; x_wconf 86' lang='lat' dir='ltr'><strong>Societatis</strong></span> <span class='ocrx_word' id='word_1_39' title='bbox 1852 1839 2008 1902; x_wconf 84' lang='lat' dir='ltr'><strong>Jesu</strong></span> <span class='ocrx_word' id='word_1_40' title='bbox 2039 1837 2359 1920; x_wconf 81' lang='lat' dir='ltr'><strong>theologo.</strong></span> 
     </span>
    </p>
   </div>
   <div class='ocr_carea' id='block_1_10' title="bbox 1267 2209 2569 2276">
    <p class='ocr_par' dir='ltr' id='par_1_10' title="bbox 1267 2209 2569 2276">
     <span class='ocr_line' id='line_1_10' title="bbox 1267 2209 2569 2276; baseline 0 -3"><span class='ocrx_word' id='word_1_41' title='bbox 1267 2211 1572 2276; x_wconf 80' lang='lat' dir='ltr'><strong><em>JACOBI</em></strong></span> <span class='ocrx_word' id='word_1_42' title='bbox 1625 2212 2048 2276; x_wconf 85' lang='lat' dir='ltr'><strong>GRETSERI</strong></span> <span class='ocrx_word' id='word_1_43' title='bbox 2094 2209 2569 2275; x_wconf 53' lang='lat' dir='ltr'><strong>PRIEFATIO.</strong></span> 
     </span>
    </p>
   </div>
   <div class='ocr_carea' id='block_1_11' title="bbox 373 2350 3550 2436">
    <p class='ocr_par' dir='ltr' id='par_1_11' title="bbox 373 2350 3550 2436">
     <span class='ocr_line' id='line_1_11' title="bbox 373 2350 3550 2436; baseline -0.002 -12"><span class='ocrx_word' id='word_1_44' title='bbox 373 2359 493 2436; x_wconf 81' lang='lat' dir='ltr'><strong>Quo</strong></span> <span class='ocrx_word' id='word_1_45' title='bbox 519 2373 766 2436; x_wconf 88' lang='lat' dir='ltr'><strong>tempore</strong></span> <span class='ocrx_word' id='word_1_46' title='bbox 791 2350 1029 2419; x_wconf 68' lang='lat' dir='ltr'><strong>Joannes</strong></span> <span class='ocrx_word' id='word_1_47' title='bbox 1053 2359 1468 2418; x_wconf 80' lang='lat' dir='ltr'><strong>Cantaeuzenns</strong></span> <span class='ocrx_word' id='word_1_48' title='bbox 1498 2363 2166 2432; x_wconf 85' lang='lat' dir='ltr'><strong>Constantinopolitanum</strong></span> <span class='ocrx_word' id='word_1_49' title='bbox 2202 2361 2488 2432; x_wconf 85' lang='lat' dir='ltr'><strong>imperium</strong></span> <span class='ocrx_word' id='word_1_50' title='bbox 2518 2361 2758 2424; x_wconf 87' lang='lat' dir='ltr'><strong>tenebat,</strong></span> <span class='ocrx_word' id='word_1_51' title='bbox 2787 2361 3127 2428; x_wconf 64' lang='lat' dir='ltr'><strong>gravissima:</strong></span> <span class='ocrx_word' id='word_1_52' title='bbox 3156 2364 3550 2419; x_wconf 71' lang='lat' dir='ltr'><strong>CODll‘OVL‘I&#39;Si&#39;B</strong></span> 
     </span>
    </p>
   </div>
   <div class='ocr_carea' id='block_1_12' title="bbox 300 2457 3550 2531">
    <p class='ocr_par' dir='ltr' id='par_1_12' title="bbox 300 2457 3550 2531">
     <span class='ocr_line' id='line_1_12' title="bbox 300 2457 3550 2531; baseline -0.002 -12"><span class='ocrx_word' id='word_1_53' title='bbox 300 2464 627 2520; x_wconf 77' lang='lat' dir='ltr'><strong>exstiterunt</strong></span> <span class='ocrx_word' id='word_1_54' title='bbox 659 2463 725 2517; x_wconf 83' lang='lat' dir='ltr'><strong>de</strong></span> <span class='ocrx_word' id='word_1_55' title='bbox 748 2461 988 2518; x_wconf 81' lang='lat' dir='ltr'><strong>essentia</strong></span> <span class='ocrx_word' id='word_1_56' title='bbox 1021 2471 1069 2513; x_wconf 69' lang='lat' dir='ltr'><strong>et</strong></span> <span class='ocrx_word' id='word_1_57' title='bbox 1104 2472 1422 2528; x_wconf 80' lang='lat' dir='ltr'><strong>operatione</strong></span> <span class='ocrx_word' id='word_1_58' title='bbox 1477 2461 1592 2525; x_wconf 84' lang='lat' dir='ltr'><strong>Dei,</strong></span> <span class='ocrx_word' id='word_1_59' title='bbox 1625 2459 1954 2531; x_wconf 86' lang='lat' dir='ltr'><strong>quihusdam</strong></span> <span class='ocrx_word' id='word_1_60' title='bbox 1997 2457 2420 2526; x_wconf 74' lang='lat' dir='ltr'><strong>afﬁrmantibus,</strong></span> <span class='ocrx_word' id='word_1_61' title='bbox 2448 2459 2744 2513; x_wconf 85' lang='lat' dir='ltr'><strong>essentiam</strong></span> <span class='ocrx_word' id='word_1_62' title='bbox 2800 2468 2854 2512; x_wconf 83' lang='lat' dir='ltr'><strong>et</strong></span> <span class='ocrx_word' id='word_1_63' title='bbox 2878 2460 3248 2527; x_wconf 83' lang='lat' dir='ltr'><strong>operationem</strong></span> <span class='ocrx_word' id='word_1_64' title='bbox 3303 2461 3550 2530; x_wconf 83' lang='lat' dir='ltr'><strong>aliasque</strong></span> 
     </span>
    </p>
   </div>
   <div class='ocr_carea' id='block_1_13' title="bbox 301 2552 3550 2628">
    <p class='ocr_par' dir='ltr' id='par_1_13' title="bbox 301 2552 3550 2628">
     <span class='ocr_line' id='line_1_13' title="bbox 301 2552 3550 2628; baseline -0.001 -19"><span class='ocrx_word' id='word_1_65' title='bbox 301 2556 660 2628; x_wconf 73' lang='lat' dir='ltr'><strong>proprietates</strong></span> <span class='ocrx_word' id='word_1_66' title='bbox 695 2555 786 2610; x_wconf 84' lang='lat' dir='ltr'><strong>Dei</strong></span> <span class='ocrx_word' id='word_1_67' title='bbox 826 2555 898 2609; x_wconf 86' lang='lat' dir='ltr'><strong>ita</strong></span> <span class='ocrx_word' id='word_1_68' title='bbox 933 2553 1218 2624; x_wconf 64' lang='lat' dir='ltr'><strong>distingui,</strong></span> <span class='ocrx_word' id='word_1_69' title='bbox 1262 2555 1724 2624; x_wconf 79' lang='lat' dir='ltr'><strong>quemadmodum</strong></span> <span class='ocrx_word' id='word_1_70' title='bbox 1759 2554 2120 2622; x_wconf 79' lang='lat' dir='ltr'><strong>distinguitur</strong></span> <span class='ocrx_word' id='word_1_71' title='bbox 2154 2553 2242 2606; x_wconf 81' lang='lat' dir='ltr'><strong>lux</strong></span> <span class='ocrx_word' id='word_1_72' title='bbox 2273 2554 2403 2607; x_wconf 90' lang='lat' dir='ltr'><strong>solis</strong></span> <span class='ocrx_word' id='word_1_73' title='bbox 2437 2571 2464 2606; x_wconf 85' lang='lat' dir='ltr'><strong>a</strong></span> <span class='ocrx_word' id='word_1_74' title='bbox 2521 2554 2825 2606; x_wconf 74' lang='lat' dir='ltr'><strong>substantia</strong></span> <span class='ocrx_word' id='word_1_75' title='bbox 2859 2553 3012 2615; x_wconf 80' lang='lat' dir='ltr'><strong>solis,</strong></span> <span class='ocrx_word' id='word_1_76' title='bbox 3055 2552 3199 2607; x_wconf 82' lang='lat' dir='ltr'><strong>inter</strong></span> <span class='ocrx_word' id='word_1_77' title='bbox 3219 2569 3359 2623; x_wconf 86' lang='lat' dir='ltr'><strong>quos</strong></span> <span class='ocrx_word' id='word_1_78' title='bbox 3392 2553 3550 2608; x_wconf 75' lang='lat' dir='ltr'><strong>facile</strong></span> 
     </span>
    </p>
   </div>
   <div class='ocr_carea' id='block_1_14' title="bbox 303 2649 3550 2726">
    <p class='ocr_par' dir='ltr' id='par_1_14' title="bbox 303 2649 3550 2726">
     <span class='ocr_line' id='line_1_14' title="bbox 303 2649 3550 2726; baseline -0.002 -18"><span class='ocrx_word' id='word_1_79' title='bbox 303 2655 509 2726; x_wconf 83' lang='lat' dir='ltr'><strong>primas</strong></span> <span class='ocrx_word' id='word_1_80' title='bbox 544 2652 800 2710; x_wconf 86' lang='lat' dir='ltr'><strong>tenebant</strong></span> <span class='ocrx_word' id='word_1_81' title='bbox 827 2651 1144 2708; x_wconf 83' lang='lat' dir='ltr'><strong>Philothens</strong></span> <span class='ocrx_word' id='word_1_82' title='bbox 1175 2652 1406 2721; x_wconf 80' lang='lat' dir='ltr'><strong>primum</strong></span> <span class='ocrx_word' id='word_1_83' title='bbox 1438 2651 1640 2707; x_wconf 87' lang='lat' dir='ltr'><strong>montis</strong></span> <span class='ocrx_word' id='word_1_84' title='bbox 1670 2651 1810 2706; x_wconf 73' lang='lat' dir='ltr'><strong>Atho</strong></span> <span class='ocrx_word' id='word_1_85' title='bbox 1837 2653 2162 2713; x_wconf 81' lang='lat' dir='ltr'><strong>monachus.</strong></span> <span class='ocrx_word' id='word_1_86' title='bbox 2195 2660 2383 2720; x_wconf 88' lang='lat' dir='ltr'><strong>postea</strong></span> <span class='ocrx_word' id='word_1_87' title='bbox 2424 2652 2720 2722; x_wconf 62' lang='lat' dir='ltr'><strong>episcoims</strong></span> <span class='ocrx_word' id='word_1_88' title='bbox 2774 2649 3174 2716; x_wconf 81' lang='lat' dir='ltr'><strong>Heracleensis,</strong></span> <span class='ocrx_word' id='word_1_89' title='bbox 3217 2661 3270 2704; x_wconf 88' lang='lat' dir='ltr'><strong>et</strong></span> <span class='ocrx_word' id='word_1_90' title='bbox 3331 2653 3550 2705; x_wconf 85' lang='lat' dir='ltr'><strong>tandem</strong></span> 
     </span>
    </p>
   </div>
   <div class='ocr_carea' id='block_1_15' title="bbox 301 2743 3544 2818">
    <p class='ocr_par' dir='ltr' id='par_1_15' title="bbox 301 2743 3544 2818">
     <span class='ocr_line' id='line_1_15' title="bbox 301 2743 3544 2818; baseline -0.003 -15"><span class='ocrx_word' id='word_1_91' title='bbox 301 2747 615 2818; x_wconf 78' lang='lat' dir='ltr'><strong>patriarcha</strong></span> <span class='ocrx_word' id='word_1_92' title='bbox 647 2745 1312 2815; x_wconf 82' lang='lat' dir='ltr'><strong>Constantinopolitanns,</strong></span> <span class='ocrx_word' id='word_1_93' title='bbox 1339 2758 1391 2799; x_wconf 90' lang='lat' dir='ltr'><strong>et</strong></span> <span class='ocrx_word' id='word_1_94' title='bbox 1417 2746 1719 2814; x_wconf 75' lang='lat' dir='ltr'><strong>Gregorius</strong></span> <span class='ocrx_word' id='word_1_95' title='bbox 1754 2744 2003 2800; x_wconf 83' lang='lat' dir='ltr'><strong>Palamas</strong></span> <span class='ocrx_word' id='word_1_96' title='bbox 2041 2746 2488 2816; x_wconf 82' lang='lat' dir='ltr'><strong>archiepiscOpus</strong></span> <span class='ocrx_word' id='word_1_97' title='bbox 2524 2743 3064 2804; x_wconf 78' lang='lat' dir='ltr'><strong>Thessalonicensis.</strong></span> <span class='ocrx_word' id='word_1_98' title='bbox 3100 2745 3193 2814; x_wconf 87' lang='lat' dir='ltr'><strong>qui</strong></span> <span class='ocrx_word' id='word_1_99' title='bbox 3251 2759 3376 2797; x_wconf 90' lang='lat' dir='ltr'><strong>enm</strong></span> <span class='ocrx_word' id='word_1_100' title='bbox 3407 2744 3544 2796; x_wconf 67' lang='lat' dir='ltr'><strong>alios</strong></span> 
     </span>
    </p>
   </div>
   <div class='ocr_carea' id='block_1_16' title="bbox 303 2838 3550 2912">
    <p class='ocr_par' dir='ltr' id='par_1_16' title="bbox 303 2838 3550 2912">
     <span class='ocr_line' id='line_1_16' title="bbox 303 2838 3550 2912; baseline -0.002 -14"><span class='ocrx_word' id='word_1_101' title='bbox 303 2844 528 2906; x_wconf 72' lang='lat' dir='ltr'><strong>tattltos,</strong></span> <span class='ocrx_word' id='word_1_102' title='bbox 565 2853 676 2897; x_wconf 92' lang='lat' dir='ltr'><strong>tum</strong></span> <span class='ocrx_word' id='word_1_103' title='bbox 705 2843 882 2910; x_wconf 87' lang='lat' dir='ltr'><strong>ipsum</strong></span> <span class='ocrx_word' id='word_1_104' title='bbox 913 2855 1131 2912; x_wconf 87' lang='lat' dir='ltr'><strong>quoque</strong></span> <span class='ocrx_word' id='word_1_105' title='bbox 1156 2842 1602 2896; x_wconf 82' lang='lat' dir='ltr'><strong>Cantacnzenum</strong></span> <span class='ocrx_word' id='word_1_106' title='bbox 1641 2857 1794 2896; x_wconf 88' lang='lat' dir='ltr'><strong>suam</strong></span> <span class='ocrx_word' id='word_1_107' title='bbox 1847 2842 1901 2895; x_wconf 92' lang='lat' dir='ltr'><strong>in</strong></span> <span class='ocrx_word' id='word_1_108' title='bbox 1947 2841 2262 2910; x_wconf 87' lang='lat' dir='ltr'><strong>opinionem</strong></span> <span class='ocrx_word' id='word_1_109' title='bbox 2333 2842 2714 2897; x_wconf 64' lang='lat' dir='ltr'><strong>traduxerunt.</strong></span> <span class='ocrx_word' id='word_1_110' title='bbox 2748 2838 2887 2898; x_wconf 76' lang='lat' dir='ltr'><strong>Hinc</strong></span> <span class='ocrx_word' id='word_1_111' title='bbox 2932 2842 3036 2897; x_wconf 65' lang='lat' dir='ltr'><strong>illae</strong></span> <span class='ocrx_word' id='word_1_112' title='bbox 3073 2841 3282 2905; x_wconf 80' lang='lat' dir='ltr'><strong>laudes,</strong></span> <span class='ocrx_word' id='word_1_113' title='bbox 3354 2839 3550 2911; x_wconf 83' lang='lat' dir='ltr'><strong>quibus</strong></span> 
     </span>
    </p>
   </div>
   <div class='ocr_carea' id='block_1_17' title="bbox 300 2933 3549 3007">
    <p class='ocr_par' dir='ltr' id='par_1_17' title="bbox 300 2933 3549 3007">
     <span class='ocr_line' id='line_1_17' title="bbox 300 2933 3549 3007; baseline -0.001 -15"><span class='ocrx_word' id='word_1_114' title='bbox 300 2934 716 2992; x_wconf 70' lang='lat' dir='ltr'><strong>Cautacuzenus</strong></span> <span class='ocrx_word' id='word_1_115' title='bbox 751 2938 806 2991; x_wconf 91' lang='lat' dir='ltr'><strong>in</strong></span> <span class='ocrx_word' id='word_1_116' title='bbox 835 2936 1077 2991; x_wconf 76' lang='lat' dir='ltr'><strong>Historia</strong></span> <span class='ocrx_word' id='word_1_117' title='bbox 1103 2952 1198 2990; x_wconf 87' lang='lat' dir='ltr'><strong>sua</strong></span> <span class='ocrx_word' id='word_1_118' title='bbox 1230 2936 1574 2991; x_wconf 86' lang='lat' dir='ltr'><strong>Philothenm</strong></span> <span class='ocrx_word' id='word_1_119' title='bbox 1608 2946 1664 2991; x_wconf 89' lang='lat' dir='ltr'><strong>et</strong></span> <span class='ocrx_word' id='word_1_120' title='bbox 1695 2936 1972 2990; x_wconf 69' lang='lat' dir='ltr'><strong>l‘alamam</strong></span> <span class='ocrx_word' id='word_1_121' title='bbox 2007 2937 2223 2991; x_wconf 81' lang='lat' dir='ltr'><strong>extollit</strong></span> <span class='ocrx_word' id='word_1_122' title='bbox 2253 2948 2306 2990; x_wconf 90' lang='lat' dir='ltr'><strong>et</strong></span> <span class='ocrx_word' id='word_1_123' title='bbox 2340 2947 2598 3007; x_wconf 79' lang='lat' dir='ltr'><strong>tanquam</strong></span> <span class='ocrx_word' id='word_1_124' title='bbox 2633 2937 2975 2991; x_wconf 75' lang='lat' dir='ltr'><strong>orthodoxia:</strong></span> <span class='ocrx_word' id='word_1_125' title='bbox 3018 2937 3266 2992; x_wconf 84' lang='lat' dir='ltr'><strong>sinceros</strong></span> <span class='ocrx_word' id='word_1_126' title='bbox 3294 2944 3349 2990; x_wconf 88' lang='lat' dir='ltr'><strong>et</strong></span> <span class='ocrx_word' id='word_1_127' title='bbox 3409 2933 3549 2989; x_wconf 13' lang='lat' dir='ltr'><strong>invita</strong></span> 
     </span>
    </p>
   </div>
   <div class='ocr_carea' id='block_1_18' title="bbox 303 3028 3552 3102">
    <p class='ocr_par' dir='ltr' id='par_1_18' title="bbox 303 3028 3552 3102">
     <span class='ocr_line' id='line_1_18' title="bbox 303 3028 3552 3102; baseline -0.001 -17"><span class='ocrx_word' id='word_1_128' title='bbox 303 3039 422 3085; x_wconf 84' lang='lat' dir='ltr'><strong>ctus</strong></span> <span class='ocrx_word' id='word_1_129' title='bbox 453 3040 885 3101; x_wconf 79' lang='lat' dir='ltr'><strong>propugnatores</strong></span> <span class='ocrx_word' id='word_1_130' title='bbox 915 3032 1190 3094; x_wconf 83' lang='lat' dir='ltr'><strong>decantat,</strong></span> <span class='ocrx_word' id='word_1_131' title='bbox 1226 3028 1517 3083; x_wconf 86' lang='lat' dir='ltr'><strong>Barlaamo</strong></span> <span class='ocrx_word' id='word_1_132' title='bbox 1551 3042 1606 3083; x_wconf 90' lang='lat' dir='ltr'><strong>et</strong></span> <span class='ocrx_word' id='word_1_133' title='bbox 1640 3029 1901 3100; x_wconf 82' lang='lat' dir='ltr'><strong>Gregorio</strong></span> <span class='ocrx_word' id='word_1_134' title='bbox 1940 3032 2224 3102; x_wconf 75' lang='lat' dir='ltr'><strong>Acinilyno</strong></span> <span class='ocrx_word' id='word_1_135' title='bbox 2255 3031 2321 3084; x_wconf 90' lang='lat' dir='ltr'><strong>ad</strong></span> <span class='ocrx_word' id='word_1_136' title='bbox 2377 3031 2546 3084; x_wconf 88' lang='lat' dir='ltr'><strong>imum</strong></span> <span class='ocrx_word' id='word_1_137' title='bbox 2575 3046 2750 3100; x_wconf 89' lang='lat' dir='ltr'><strong>usque</strong></span> <span class='ocrx_word' id='word_1_138' title='bbox 2773 3031 2951 3087; x_wconf 83' lang='lat' dir='ltr'><strong>solum</strong></span> <span class='ocrx_word' id='word_1_139' title='bbox 3002 3030 3302 3102; x_wconf 86' lang='lat' dir='ltr'><strong>depressis,</strong></span> <span class='ocrx_word' id='word_1_140' title='bbox 3349 3039 3402 3083; x_wconf 91' lang='lat' dir='ltr'><strong>et</strong></span> <span class='ocrx_word' id='word_1_141' title='bbox 3450 3044 3552 3082; x_wconf 86' lang='lat' dir='ltr'><strong>ceu</strong></span> 
     </span>
    </p>
   </div>
   <div class='ocr_carea' id='block_1_19' title="bbox 306 3124 3551 3195">
    <p class='ocr_par' dir='ltr' id='par_1_19' title="bbox 306 3124 3551 3195">
     <span class='ocr_line' id='line_1_19' title="bbox 306 3124 3551 3195; baseline 0 -18"><span class='ocrx_word' id='word_1_142' title='bbox 306 3125 598 3191; x_wconf 68' lang='lat' dir='ltr'><strong>haereticis,</strong></span> <span class='ocrx_word' id='word_1_143' title='bbox 624 3124 970 3194; x_wconf 87' lang='lat' dir='ltr'><strong>quadruplici</strong></span> <span class='ocrx_word' id='word_1_144' title='bbox 1009 3125 1268 3195; x_wconf 83' lang='lat' dir='ltr'><strong>syncdrio</strong></span> <span class='ocrx_word' id='word_1_145' title='bbox 1296 3124 1589 3189; x_wconf 76' lang='lat' dir='ltr'><strong>damnatis,</strong></span> <span class='ocrx_word' id='word_1_146' title='bbox 1622 3139 1730 3177; x_wconf 88' lang='lat' dir='ltr'><strong>una</strong></span> <span class='ocrx_word' id='word_1_147' title='bbox 1760 3139 1884 3178; x_wconf 90' lang='lat' dir='ltr'><strong>cum</strong></span> <span class='ocrx_word' id='word_1_148' title='bbox 1914 3125 2172 3179; x_wconf 87' lang='lat' dir='ltr'><strong>omnibus</strong></span> <span class='ocrx_word' id='word_1_149' title='bbox 2217 3125 2606 3189; x_wconf 77' lang='lat' dir='ltr'><strong>sectatoribus,</strong></span> <span class='ocrx_word' id='word_1_150' title='bbox 2634 3141 2699 3179; x_wconf 81' lang='lat' dir='ltr'><strong>ex</strong></span> <span class='ocrx_word' id='word_1_151' title='bbox 2741 3139 2979 3194; x_wconf 86' lang='lat' dir='ltr'><strong>quorum</strong></span> <span class='ocrx_word' id='word_1_152' title='bbox 3037 3139 3268 3179; x_wconf 73' lang='lat' dir='ltr'><strong>numero</strong></span> <span class='ocrx_word' id='word_1_153' title='bbox 3332 3124 3551 3178; x_wconf 78' lang='lat' dir='ltr'><strong>tandem</strong></span> 
     </span>
    </p>
   </div>
   <div class='ocr_carea' id='block_1_20' title="bbox 304 3215 3554 3289">
    <p class='ocr_par' dir='ltr' id='par_1_20' title="bbox 304 3215 3554 3289">
     <span class='ocr_line' id='line_1_20' title="bbox 304 3215 3554 3289; baseline -0.001 -16"><span class='ocrx_word' id='word_1_154' title='bbox 304 3219 414 3273; x_wconf 92' lang='lat' dir='ltr'><strong>fuit</strong></span> <span class='ocrx_word' id='word_1_155' title='bbox 451 3222 616 3274; x_wconf 86' lang='lat' dir='ltr'><strong>etiam</strong></span> <span class='ocrx_word' id='word_1_156' title='bbox 648 3217 1316 3289; x_wconf 72' lang='lat' dir='ltr'><strong>NicephorusGregoras.</strong></span> <span class='ocrx_word' id='word_1_157' title='bbox 1350 3218 1404 3272; x_wconf 91' lang='lat' dir='ltr'><strong>in</strong></span> <span class='ocrx_word' id='word_1_158' title='bbox 1433 3233 1596 3286; x_wconf 86' lang='lat' dir='ltr'><strong>quem</strong></span> <span class='ocrx_word' id='word_1_159' title='bbox 1627 3217 2050 3275; x_wconf 79' lang='lat' dir='ltr'><strong>Cantacuzenus</strong></span> <span class='ocrx_word' id='word_1_160' title='bbox 2091 3234 2197 3272; x_wconf 92' lang='lat' dir='ltr'><strong>non</strong></span> <span class='ocrx_word' id='word_1_161' title='bbox 2231 3219 2399 3274; x_wconf 90' lang='lat' dir='ltr'><strong>semel</strong></span> <span class='ocrx_word' id='word_1_162' title='bbox 2422 3219 2622 3274; x_wconf 90' lang='lat' dir='ltr'><strong>acriter</strong></span> <span class='ocrx_word' id='word_1_163' title='bbox 2652 3221 2908 3288; x_wconf 72' lang='lat' dir='ltr'><strong>insurgit,</strong></span> <span class='ocrx_word' id='word_1_164' title='bbox 2943 3225 2997 3272; x_wconf 87' lang='lat' dir='ltr'><strong>et</strong></span> <span class='ocrx_word' id='word_1_165' title='bbox 3027 3216 3214 3271; x_wconf 86' lang='lat' dir='ltr'><strong>acrius</strong></span> <span class='ocrx_word' id='word_1_166' title='bbox 3244 3215 3554 3286; x_wconf 70' lang='lat' dir='ltr'><strong>patriarcha</strong></span> 
     </span>
    </p>
   </div>
   <div class='ocr_carea' id='block_1_21' title="bbox 303 3316 640 3373">
    <p class='ocr_par' dir='ltr' id='par_1_21' title="bbox 303 3316 640 3373">
     <span class='ocr_line' id='line_1_21' title="bbox 303 3316 640 3373; baseline 0.003 -2"><span class='ocrx_word' id='word_1_167' title='bbox 303 3316 640 3373; x_wconf 80' lang='lat' dir='ltr'><strong>Philollleus.</strong></span> 
     </span>
    </p>
   </div>
   <div class='ocr_carea' id='block_1_22' title="bbox 377 3409 3557 3480">
    <p class='ocr_par' dir='ltr' id='par_1_22' title="bbox 377 3409 3557 3480">
     <span class='ocr_line' id='line_1_22' title="bbox 377 3409 3557 3480; baseline -0.002 -13"><span class='ocrx_word' id='word_1_168' title='bbox 377 3412 576 3467; x_wconf 75' lang='lat' dir='ltr'><strong>Verum</strong></span> <span class='ocrx_word' id='word_1_169' title='bbox 599 3411 666 3466; x_wconf 83' lang='lat' dir='ltr'><strong>de</strong></span> <span class='ocrx_word' id='word_1_170' title='bbox 699 3418 809 3464; x_wconf 87' lang='lat' dir='ltr'><strong>tota</strong></span> <span class='ocrx_word' id='word_1_171' title='bbox 836 3410 939 3464; x_wconf 85' lang='lat' dir='ltr'><strong>ista</strong></span> <span class='ocrx_word' id='word_1_172' title='bbox 975 3409 1344 3464; x_wconf 78' lang='lat' dir='ltr'><strong>controversia</strong></span> <span class='ocrx_word' id='word_1_173' title='bbox 1370 3411 1414 3465; x_wconf 92' lang='lat' dir='ltr'><strong>si</strong></span> <span class='ocrx_word' id='word_1_174' title='bbox 1441 3409 1564 3480; x_wconf 85' lang='lat' dir='ltr'><strong>quis</strong></span> <span class='ocrx_word' id='word_1_175' title='bbox 1616 3409 1767 3479; x_wconf 89' lang='lat' dir='ltr'><strong>plura</strong></span> <span class='ocrx_word' id='word_1_176' title='bbox 1802 3409 2096 3474; x_wconf 84' lang='lat' dir='ltr'><strong>desiderat,</strong></span> <span class='ocrx_word' id='word_1_177' title='bbox 2138 3409 2186 3463; x_wconf 86' lang='lat' dir='ltr'><strong>is</strong></span> <span class='ocrx_word' id='word_1_178' title='bbox 2223 3410 2387 3463; x_wconf 85' lang='lat' dir='ltr'><strong>adeat</strong></span> <span class='ocrx_word' id='word_1_179' title='bbox 2435 3424 2521 3472; x_wconf 64' lang='lat' dir='ltr'><strong>ea,</strong></span> <span class='ocrx_word' id='word_1_180' title='bbox 2561 3425 2680 3478; x_wconf 72' lang='lat' dir='ltr'><strong>qua:</strong></span> <span class='ocrx_word' id='word_1_181' title='bbox 2705 3426 2771 3466; x_wconf 81' lang='lat' dir='ltr'><strong>ex</strong></span> <span class='ocrx_word' id='word_1_182' title='bbox 2799 3409 3021 3465; x_wconf 88' lang='lat' dir='ltr'><strong>ineditis</strong></span> <span class='ocrx_word' id='word_1_183' title='bbox 3050 3409 3160 3463; x_wconf 85' lang='lat' dir='ltr'><strong>fere</strong></span> <span class='ocrx_word' id='word_1_184' title='bbox 3196 3410 3557 3478; x_wconf 81' lang='lat' dir='ltr'><strong>scriptoribus</strong></span> 
     </span>
    </p>
   </div>
   <div class='ocr_carea' id='block_1_23' title="bbox 307 3501 3553 3573">
    <p class='ocr_par' dir='ltr' id='par_1_23' title="bbox 307 3501 3553 3573">
     <span class='ocr_line' id='line_1_23' title="bbox 307 3501 3553 3573; baseline -0.001 -15"><span class='ocrx_word' id='word_1_185' title='bbox 307 3504 618 3558; x_wconf 76' lang='lat' dir='ltr'><strong>notavimus</strong></span> <span class='ocrx_word' id='word_1_186' title='bbox 649 3503 714 3557; x_wconf 86' lang='lat' dir='ltr'><strong>ad</strong></span> <span class='ocrx_word' id='word_1_187' title='bbox 746 3513 906 3572; x_wconf 83' lang='lat' dir='ltr'><strong>caput</strong></span> <span class='ocrx_word' id='word_1_188' title='bbox 939 3504 1192 3558; x_wconf 90' lang='lat' dir='ltr'><strong>ultimum</strong></span> <span class='ocrx_word' id='word_1_189' title='bbox 1230 3503 1355 3557; x_wconf 89' lang='lat' dir='ltr'><strong>libri</strong></span> <span class='ocrx_word' id='word_1_190' title='bbox 1390 3503 1616 3558; x_wconf 87' lang='lat' dir='ltr'><strong>secundi</strong></span> <span class='ocrx_word' id='word_1_191' title='bbox 1660 3503 1914 3558; x_wconf 75' lang='lat' dir='ltr'><strong>Historia:</strong></span> <span class='ocrx_word' id='word_1_192' title='bbox 1944 3502 2391 3564; x_wconf 75' lang='lat' dir='ltr'><strong>Cantacuzenica:</strong></span> <span class='ocrx_word' id='word_1_193' title='bbox 2415 3505 2492 3573; x_wconf 75' lang='grc' dir='ltr'><strong>(α)</strong></span> <span class='ocrx_word' id='word_1_194' title='bbox 2549 3501 2650 3558; x_wconf 87' lang='lat' dir='ltr'><strong>Ubi</strong></span> <span class='ocrx_word' id='word_1_195' title='bbox 2679 3505 2843 3557; x_wconf 88' lang='lat' dir='ltr'><strong>etiam</strong></span> <span class='ocrx_word' id='word_1_196' title='bbox 2878 3504 2946 3557; x_wconf 89' lang='lat' dir='ltr'><strong>de</strong></span> <span class='ocrx_word' id='word_1_197' title='bbox 3001 3504 3207 3556; x_wconf 83' lang='lat' dir='ltr'><strong>lumine</strong></span> <span class='ocrx_word' id='word_1_198' title='bbox 3245 3502 3553 3564; x_wconf 85' lang='lat' dir='ltr'><strong>Thahorio,</strong></span> 
     </span>
    </p>
   </div>
   <div class='ocr_carea' id='block_1_24' title="bbox 305 3593 3558 3667">
    <p class='ocr_par' dir='ltr' id='par_1_24' title="bbox 305 3593 3558 3667">
     <span class='ocr_line' id='line_1_24' title="bbox 305 3593 3558 3667; baseline -0.001 -16"><span class='ocrx_word' id='word_1_199' title='bbox 305 3597 450 3666; x_wconf 89' lang='lat' dir='ltr'><strong>quod</strong></span> <span class='ocrx_word' id='word_1_200' title='bbox 484 3594 807 3652; x_wconf 81' lang='lat' dir='ltr'><strong>Philotheus</strong></span> <span class='ocrx_word' id='word_1_201' title='bbox 834 3593 1152 3651; x_wconf 82' lang='lat' dir='ltr'><strong>etPalamas</strong></span> <span class='ocrx_word' id='word_1_202' title='bbox 1189 3597 1498 3651; x_wconf 83' lang='lat' dir='ltr'><strong>increatmn</strong></span> <span class='ocrx_word' id='word_1_203' title='bbox 1533 3595 1872 3662; x_wconf 78' lang='lat' dir='ltr'><strong>statuebant,</strong></span> <span class='ocrx_word' id='word_1_204' title='bbox 1906 3597 2298 3661; x_wconf 87' lang='lat' dir='ltr'><strong>disseruimus,</strong></span> <span class='ocrx_word' id='word_1_205' title='bbox 2329 3595 2616 3650; x_wconf 82' lang='lat' dir='ltr'><strong>Barlaamo</strong></span> <span class='ocrx_word' id='word_1_206' title='bbox 2643 3604 2699 3650; x_wconf 86' lang='lat' dir='ltr'><strong>et</strong></span> <span class='ocrx_word' id='word_1_207' title='bbox 2722 3597 3009 3667; x_wconf 80' lang='lat' dir='ltr'><strong>Aeindyno</strong></span> <span class='ocrx_word' id='word_1_208' title='bbox 3037 3604 3230 3649; x_wconf 80' lang='lat' dir='ltr'><strong>contra</strong></span> <span class='ocrx_word' id='word_1_209' title='bbox 3257 3595 3558 3649; x_wconf 76' lang='lat' dir='ltr'><strong>nitentibus</strong></span> 
     </span>
    </p>
   </div>
   <div class='ocr_carea' id='block_1_25' title="bbox 304 3691 1385 3763">
    <p class='ocr_par' dir='ltr' id='par_1_25' title="bbox 304 3691 1385 3763">
     <span class='ocr_line' id='line_1_25' title="bbox 304 3691 1385 3763; baseline -0.003 -14"><span class='ocrx_word' id='word_1_210' title='bbox 304 3705 357 3750; x_wconf 81' lang='lat' dir='ltr'><strong>et</strong></span> <span class='ocrx_word' id='word_1_211' title='bbox 399 3691 615 3748; x_wconf 81' lang='lat' dir='ltr'><strong>veritati</strong></span> <span class='ocrx_word' id='word_1_212' title='bbox 654 3692 864 3748; x_wconf 85' lang='lat' dir='ltr'><strong>fortiter</strong></span> <span class='ocrx_word' id='word_1_213' title='bbox 896 3695 1385 3763; x_wconf 86' lang='lat' dir='ltr'><strong>patrocinantibus.</strong></span> 
     </span>
    </p>
   </div>
   <div class='ocr_carea' id='block_1_26' title="bbox 376 3787 3559 3859">
    <p class='ocr_par' dir='ltr' id='par_1_26' title="bbox 376 3787 3559 3859">
     <span class='ocr_line' id='line_1_26' title="bbox 376 3787 3559 3859; baseline -0.001 -18"><span class='ocrx_word' id='word_1_214' title='bbox 376 3787 495 3841; x_wconf 74' lang='lat' dir='ltr'><strong>Non</strong></span> <span class='ocrx_word' id='word_1_215' title='bbox 528 3787 717 3842; x_wconf 84' lang='lat' dir='ltr'><strong>dubito</strong></span> <span class='ocrx_word' id='word_1_216' title='bbox 750 3799 951 3852; x_wconf 87' lang='lat' dir='ltr'><strong>autem,</strong></span> <span class='ocrx_word' id='word_1_217' title='bbox 985 3789 1128 3841; x_wconf 90' lang='lat' dir='ltr'><strong>hunc</strong></span> <span class='ocrx_word' id='word_1_218' title='bbox 1155 3792 1499 3842; x_wconf 73' lang='lat' dir='ltr'><strong>Barlaamum</strong></span> <span class='ocrx_word' id='word_1_219' title='bbox 1531 3802 1652 3843; x_wconf 82' lang='lat' dir='ltr'><strong>esse</strong></span> <span class='ocrx_word' id='word_1_220' title='bbox 1680 3788 1832 3843; x_wconf 89' lang='lat' dir='ltr'><strong>illum</strong></span> <span class='ocrx_word' id='word_1_221' title='bbox 1866 3789 2071 3859; x_wconf 79' lang='lat' dir='ltr'><strong>ipsum.</strong></span> <span class='ocrx_word' id='word_1_222' title='bbox 2102 3788 2264 3858; x_wconf 79' lang='lat' dir='ltr'><strong>cujus</strong></span> <span class='ocrx_word' id='word_1_223' title='bbox 2315 3787 2576 3858; x_wconf 80' lang='lat' dir='ltr'><strong>epistolas</strong></span> <span class='ocrx_word' id='word_1_224' title='bbox 2604 3788 2670 3842; x_wconf 85' lang='lat' dir='ltr'><strong>ad</strong></span> <span class='ocrx_word' id='word_1_225' title='bbox 2705 3787 2924 3843; x_wconf 12' lang='lat' dir='ltr'><strong>Grauios</strong></span> <span class='ocrx_word' id='word_1_226' title='bbox 2961 3797 3110 3840; x_wconf 88' lang='lat' dir='ltr'><strong>tomo</strong></span> <span class='ocrx_word' id='word_1_227' title='bbox 3144 3787 3338 3856; x_wconf 86' lang='lat' dir='ltr'><strong>quinto</strong></span> <span class='ocrx_word' id='word_1_228' title='bbox 3406 3787 3559 3839; x_wconf 73' lang='lat' dir='ltr'><strong>Anti-</strong></span> 
     </span>
    </p>
   </div>
   <div class='ocr_carea' id='block_1_27' title="bbox 307 3879 3560 3952">
    <p class='ocr_par' dir='ltr' id='par_1_27' title="bbox 307 3879 3560 3952">
     <span class='ocr_line' id='line_1_27' title="bbox 307 3879 3560 3952; baseline 0.001 -20"><span class='ocrx_word' id='word_1_229' title='bbox 307 3897 424 3952; x_wconf 76' lang='lat' dir='ltr'><strong>qua:</strong></span> <span class='ocrx_word' id='word_1_230' title='bbox 455 3881 692 3934; x_wconf 77' lang='lat' dir='ltr'><strong>lectionis</strong></span> <span class='ocrx_word' id='word_1_231' title='bbox 724 3880 997 3950; x_wconf 82' lang='lat' dir='ltr'><strong>evnlgavit</strong></span> <span class='ocrx_word' id='word_1_232' title='bbox 1031 3879 1092 3934; x_wconf 85' lang='lat' dir='ltr'><strong>Il.</strong></span> <span class='ocrx_word' id='word_1_233' title='bbox 1122 3879 1391 3936; x_wconf 77' lang='lat' dir='ltr'><strong>Henricus</strong></span> <span class='ocrx_word' id='word_1_234' title='bbox 1419 3880 1703 3947; x_wconf 83' lang='lat' dir='ltr'><strong>Canisius,</strong></span> <span class='ocrx_word' id='word_1_235' title='bbox 1731 3880 1797 3936; x_wconf 84' lang='lat' dir='ltr'><strong>V.</strong></span> <span class='ocrx_word' id='word_1_236' title='bbox 1828 3883 1894 3938; x_wconf 74' lang='grc' dir='ltr'><strong>ϐ.</strong></span> <span class='ocrx_word' id='word_1_237' title='bbox 1919 3883 1992 3937; x_wconf 79' lang='lat' dir='ltr'><strong>Ex</strong></span> <span class='ocrx_word' id='word_1_238' title='bbox 2025 3883 2237 3938; x_wconf 67' lang='lat' dir='ltr'><strong>Graecia</strong></span> <span class='ocrx_word' id='word_1_239' title='bbox 2273 3883 2419 3936; x_wconf 89' lang='lat' dir='ltr'><strong>enim</strong></span> <span class='ocrx_word' id='word_1_240' title='bbox 2451 3881 2506 3935; x_wconf 88' lang='lat' dir='ltr'><strong>in</strong></span> <span class='ocrx_word' id='word_1_241' title='bbox 2530 3881 2739 3935; x_wconf 81' lang='lat' dir='ltr'><strong>italiam</strong></span> <span class='ocrx_word' id='word_1_242' title='bbox 2767 3882 2926 3936; x_wconf 82' lang='lat' dir='ltr'><strong>rediit</strong></span> <span class='ocrx_word' id='word_1_243' title='bbox 2990 3891 3042 3936; x_wconf 85' lang='lat' dir='ltr'><strong>et</strong></span> <span class='ocrx_word' id='word_1_244' title='bbox 3079 3880 3325 3936; x_wconf 83' lang='lat' dir='ltr'><strong>Hieracis</strong></span> <span class='ocrx_word' id='word_1_245' title='bbox 3348 3879 3560 3948; x_wconf 85' lang='lat' dir='ltr'><strong>cpisco-</strong></span> 
     </span>
    </p>
   </div>
   <div class='ocr_carea' id='block_1_28' title="bbox 306 3973 2667 4045">
    <p class='ocr_par' dir='ltr' id='par_1_28' title="bbox 306 3973 2667 4045">
     <span class='ocr_line' id='line_1_28' title="bbox 306 3973 2667 4045; baseline 0.002 -21"><span class='ocrx_word' id='word_1_246' title='bbox 306 3988 409 4044; x_wconf 72' lang='lat' dir='ltr'><strong>pus</strong></span> <span class='ocrx_word' id='word_1_247' title='bbox 437 3976 766 4030; x_wconf 87' lang='lat' dir='ltr'><strong>constitutus</strong></span> <span class='ocrx_word' id='word_1_248' title='bbox 791 3981 908 4040; x_wconf 84' lang='lat' dir='ltr'><strong>est,</strong></span> <span class='ocrx_word' id='word_1_249' title='bbox 938 3984 994 4028; x_wconf 91' lang='lat' dir='ltr'><strong>ut</strong></span> <span class='ocrx_word' id='word_1_250' title='bbox 1022 3981 1255 4028; x_wconf 89' lang='lat' dir='ltr'><strong>testatur</strong></span> <span class='ocrx_word' id='word_1_251' title='bbox 1281 3973 1510 4044; x_wconf 83' lang='lat' dir='ltr'><strong>ipsemet</strong></span> <span class='ocrx_word' id='word_1_252' title='bbox 1539 3973 1961 4031; x_wconf 81' lang='lat' dir='ltr'><strong>Cantacuzenus</strong></span> <span class='ocrx_word' id='word_1_253' title='bbox 2013 3976 2107 4029; x_wconf 84' lang='lat' dir='ltr'><strong>lih.</strong></span> <span class='ocrx_word' id='word_1_254' title='bbox 2145 3993 2206 4042; x_wconf 83' lang='grc' dir='ltr'><strong>ιι,</strong></span> <span class='ocrx_word' id='word_1_255' title='bbox 2238 3977 2417 4045; x_wconf 87' lang='lat' dir='ltr'><strong>capite</strong></span> <span class='ocrx_word' id='word_1_256' title='bbox 2452 3975 2667 4030; x_wconf 88' lang='lat' dir='ltr'><strong>ultimo.</strong></span> 
     </span>
    </p>
   </div>
   <div class='ocr_carea' id='block_1_29' title="bbox 376 4066 3562 4141">
    <p class='ocr_par' dir='ltr' id='par_1_29' title="bbox 376 4066 3562 4141">
     <span class='ocr_line' id='line_1_29' title="bbox 376 4066 3562 4141; baseline 0.001 -20"><span class='ocrx_word' id='word_1_257' title='bbox 376 4066 646 4122; x_wconf 65' lang='grc' dir='ltr'><strong>ϐείω-11η)</strong></span> <span class='ocrx_word' id='word_1_258' title='bbox 682 4067 977 4122; x_wconf 76' lang='lat' dir='ltr'><strong>tolerabilia</strong></span> <span class='ocrx_word' id='word_1_259' title='bbox 1011 4067 1183 4122; x_wconf 82' lang='lat' dir='ltr'><strong>videri</strong></span> <span class='ocrx_word' id='word_1_260' title='bbox 1209 4079 1438 4136; x_wconf 91' lang='lat' dir='ltr'><strong>possunt</strong></span> <span class='ocrx_word' id='word_1_261' title='bbox 1468 4084 1589 4139; x_wconf 77' lang='lat' dir='ltr'><strong>qua:</strong></span> <span class='ocrx_word' id='word_1_262' title='bbox 1623 4069 1799 4125; x_wconf 59' lang='grc' dir='ltr'><strong>ϐττιρί</strong></span> <span class='ocrx_word' id='word_1_263' title='bbox 1834 4070 2114 4140; x_wconf 81' lang='lat' dir='ltr'><strong>quondam</strong></span> <span class='ocrx_word' id='word_1_264' title='bbox 2175 4071 2519 4124; x_wconf 81' lang='lat' dir='ltr'><strong>sotnniarunt</strong></span> <span class='ocrx_word' id='word_1_265' title='bbox 2551 4079 2604 4124; x_wconf 93' lang='lat' dir='ltr'><strong>et</strong></span> <span class='ocrx_word' id='word_1_266' title='bbox 2636 4069 2963 4135; x_wconf 87' lang='lat' dir='ltr'><strong>delirarunt,</strong></span> <span class='ocrx_word' id='word_1_267' title='bbox 3011 4086 3122 4140; x_wconf 70' lang='lat' dir='ltr'><strong>prae</strong></span> <span class='ocrx_word' id='word_1_268' title='bbox 3163 4071 3347 4141; x_wconf 87' lang='lat' dir='ltr'><strong>impiis</strong></span> <span class='ocrx_word' id='word_1_269' title='bbox 3379 4080 3432 4125; x_wconf 91' lang='lat' dir='ltr'><strong>et</strong></span> <span class='ocrx_word' id='word_1_270' title='bbox 3458 4081 3562 4124; x_wconf 79' lang='lat' dir='ltr'><strong>ter-</strong></span> 
     </span>
    </p>
   </div>
   <div class='ocr_carea' id='block_1_30' title="bbox 306 4164 3561 4236">
    <p class='ocr_par' dir='ltr' id='par_1_30' title="bbox 306 4164 3561 4236">
     <span class='ocr_line' id='line_1_30' title="bbox 306 4164 3561 4236; baseline 0 -19"><span class='ocrx_word' id='word_1_271' title='bbox 306 4179 416 4234; x_wconf 87' lang='lat' dir='ltr'><strong>que</strong></span> <span class='ocrx_word' id='word_1_272' title='bbox 446 4172 750 4234; x_wconf 87' lang='lat' dir='ltr'><strong>quaterque</strong></span> <span class='ocrx_word' id='word_1_273' title='bbox 787 4164 1141 4220; x_wconf 80' lang='lat' dir='ltr'><strong>exsecrandis</strong></span> <span class='ocrx_word' id='word_1_274' title='bbox 1175 4165 1574 4220; x_wconf 84' lang='lat' dir='ltr'><strong>assertionibus</strong></span> <span class='ocrx_word' id='word_1_275' title='bbox 1615 4182 1751 4232; x_wconf 88' lang='lat' dir='ltr'><strong>quas</strong></span> <span class='ocrx_word' id='word_1_276' title='bbox 1776 4168 1829 4220; x_wconf 93' lang='lat' dir='ltr'><strong>in</strong></span> <span class='ocrx_word' id='word_1_277' title='bbox 1864 4165 2004 4220; x_wconf 89' lang='lat' dir='ltr'><strong>libro</strong></span> <span class='ocrx_word' id='word_1_278' title='bbox 2042 4181 2144 4221; x_wconf 89' lang='lat' dir='ltr'><strong>suo</strong></span> <span class='ocrx_word' id='word_1_279' title='bbox 2181 4166 2255 4220; x_wconf 80' lang='lat' dir='ltr'><strong>lle</strong></span> <span class='ocrx_word' id='word_1_280' title='bbox 2306 4167 2580 4221; x_wconf 67' lang='lat' dir='ltr'><strong>attributi:</strong></span> <span class='ocrx_word' id='word_1_281' title='bbox 2613 4166 2707 4220; x_wconf 82' lang='lat' dir='ltr'><strong>Dei</strong></span> <span class='ocrx_word' id='word_1_282' title='bbox 2742 4183 2804 4220; x_wconf 77' lang='lat' dir='ltr'><strong>cx</strong></span> <span class='ocrx_word' id='word_1_283' title='bbox 2844 4165 3234 4236; x_wconf 82' lang='lat' dir='ltr'><strong>impurissimis</strong></span> <span class='ocrx_word' id='word_1_284' title='bbox 3286 4167 3399 4220; x_wconf 64' lang='lat' dir='ltr'><strong>suis</strong></span> <span class='ocrx_word' id='word_1_285' title='bbox 3435 4165 3561 4217; x_wconf 79' lang='lat' dir='ltr'><strong>fau-</strong></span> 
     </span>
    </p>
   </div>
   <div class='ocr_carea' id='block_1_31' title="bbox 308 4262 3560 4334">
    <p class='ocr_par' dir='ltr' id='par_1_31' title="bbox 308 4262 3560 4334">
     <span class='ocr_line' id='line_1_31' title="bbox 308 4262 3560 4334; baseline -0.001 -18"><span class='ocrx_word' id='word_1_286' title='bbox 308 4262 465 4317; x_wconf 85' lang='lat' dir='ltr'><strong>cibus</strong></span> <span class='ocrx_word' id='word_1_287' title='bbox 503 4263 791 4327; x_wconf 83' lang='lat' dir='ltr'><strong>Conradus</strong></span> <span class='ocrx_word' id='word_1_288' title='bbox 815 4262 1060 4318; x_wconf 77' lang='lat' dir='ltr'><strong>Vorstins</strong></span> <span class='ocrx_word' id='word_1_289' title='bbox 1090 4263 1388 4316; x_wconf 79' lang='lat' dir='ltr'><strong>Cnlvinisla</strong></span> <span class='ocrx_word' id='word_1_290' title='bbox 1417 4263 1663 4317; x_wconf 77' lang='lat' dir='ltr'><strong>evomuit</strong></span> <span class='ocrx_word' id='word_1_291' title='bbox 1693 4279 1708 4328; x_wconf 90' lang='lat'><strong>;</strong></span> <span class='ocrx_word' id='word_1_292' title='bbox 1741 4264 1834 4332; x_wconf 91' lang='lat' dir='ltr'><strong>qui</strong></span> <span class='ocrx_word' id='word_1_293' title='bbox 1869 4263 2129 4332; x_wconf 86' lang='lat' dir='ltr'><strong>perfricta</strong></span> <span class='ocrx_word' id='word_1_294' title='bbox 2164 4263 2341 4318; x_wconf 87' lang='lat' dir='ltr'><strong>fronte</strong></span> <span class='ocrx_word' id='word_1_295' title='bbox 2371 4272 2424 4319; x_wconf 88' lang='lat' dir='ltr'><strong>et</strong></span> <span class='ocrx_word' id='word_1_296' title='bbox 2456 4271 2637 4318; x_wconf 86' lang='lat' dir='ltr'><strong>mente</strong></span> <span class='ocrx_word' id='word_1_297' title='bbox 2661 4274 2842 4334; x_wconf 77' lang='lat' dir='ltr'><strong>negat,</strong></span> <span class='ocrx_word' id='word_1_298' title='bbox 2878 4264 3044 4318; x_wconf 87' lang='lat' dir='ltr'><strong>Deum</strong></span> <span class='ocrx_word' id='word_1_299' title='bbox 3070 4278 3193 4318; x_wconf 84' lang='lat' dir='ltr'><strong>esse</strong></span> <span class='ocrx_word' id='word_1_300' title='bbox 3217 4263 3560 4324; x_wconf 69' lang='lat' dir='ltr'><strong>immenumi,</strong></span> 
     </span>
    </p>
   </div>
   <div class='ocr_carea' id='block_1_32' title="bbox 316 4355 3551 4426">
    <p class='ocr_par' dir='ltr' id='par_1_32' title="bbox 316 4355 3551 4426">
     <span class='ocr_line' id='line_1_32' title="bbox 316 4355 3551 4426; baseline -0 -18"><span class='ocrx_word' id='word_1_301' title='bbox 316 4357 608 4423; x_wconf 80' lang='lat' dir='ltr'><strong>inﬁnitum,</strong></span> <span class='ocrx_word' id='word_1_302' title='bbox 637 4355 1023 4424; x_wconf 81' lang='lat' dir='ltr'><strong>incorporeum,</strong></span> <span class='ocrx_word' id='word_1_303' title='bbox 1056 4366 1105 4410; x_wconf 85' lang='lat' dir='ltr'><strong>et</strong></span> <span class='ocrx_word' id='word_1_304' title='bbox 1133 4358 1197 4408; x_wconf 79' lang='lat' dir='ltr'><strong>ab</strong></span> <span class='ocrx_word' id='word_1_305' title='bbox 1222 4363 1363 4409; x_wconf 79' lang='lat' dir='ltr'><strong>omni</strong></span> <span class='ocrx_word' id='word_1_306' title='bbox 1392 4359 1766 4424; x_wconf 79' lang='lat' dir='ltr'><strong>compositione</strong></span> <span class='ocrx_word' id='word_1_307' title='bbox 1789 4366 1946 4426; x_wconf 80' lang='lat' dir='ltr'><strong>atque</strong></span> <span class='ocrx_word' id='word_1_308' title='bbox 1973 4359 2267 4410; x_wconf 80' lang='lat' dir='ltr'><strong>mutatione</strong></span> <span class='ocrx_word' id='word_1_309' title='bbox 2287 4356 2535 4410; x_wconf 79' lang='lat' dir='ltr'><strong>liberant.</strong></span> <span class='ocrx_word' id='word_1_310' title='bbox 2590 4357 2693 4424; x_wconf 86' lang='lat' dir='ltr'><strong>Qui</strong></span> <span class='ocrx_word' id='word_1_311' title='bbox 2731 4372 2886 4424; x_wconf 65' lang='lat' dir='ltr'><strong>teque</strong></span> <span class='ocrx_word' id='word_1_312' title='bbox 2919 4356 3182 4424; x_wconf 67' lang='lat' dir='ltr'><strong>sacrilege</strong></span> <span class='ocrx_word' id='word_1_313' title='bbox 3213 4355 3360 4408; x_wconf 82' lang='lat' dir='ltr'><strong>addit</strong></span> <span class='ocrx_word' id='word_1_314' title='bbox 3395 4373 3408 4408; x_wconf 89' lang='lat'>:</span> <span class='ocrx_word' id='word_1_315' title='bbox 3449 4355 3551 4408; x_wconf 82' lang='lat' dir='ltr'><strong>De-</strong></span> 
     </span>
    </p>
   </div>
   <div class='ocr_carea' id='block_1_33' title="bbox 308 4453 3562 4519">
    <p class='ocr_par' dir='ltr' id='par_1_33' title="bbox 308 4453 3562 4519">
     <span class='ocr_line' id='line_1_33' title="bbox 308 4453 3562 4519; baseline -0 -14"><span class='ocrx_word' id='word_1_316' title='bbox 308 4463 451 4507; x_wconf 84' lang='lat' dir='ltr'><strong>creta</strong></span> <span class='ocrx_word' id='word_1_317' title='bbox 476 4453 571 4507; x_wconf 80' lang='lat' dir='ltr'><strong>Dei</strong></span> <span class='ocrx_word' id='word_1_318' title='bbox 599 4470 706 4508; x_wconf 78' lang='lat' dir='ltr'><strong>esse</strong></span> <span class='ocrx_word' id='word_1_319' title='bbox 742 4470 864 4508; x_wconf 66' lang='lat' dir='ltr'><strong>vera</strong></span> <span class='ocrx_word' id='word_1_320' title='bbox 897 4455 1217 4518; x_wconf 81' lang='lat' dir='ltr'><strong>accidentia,</strong></span> <span class='ocrx_word' id='word_1_321' title='bbox 1257 4454 1508 4508; x_wconf 74' lang='lat' dir='ltr'><strong>distincta</strong></span> <span class='ocrx_word' id='word_1_322' title='bbox 1536 4473 1563 4504; x_wconf 79' lang='grc' dir='ltr'><strong>ιι</strong></span> <span class='ocrx_word' id='word_1_323' title='bbox 1632 4453 2075 4519; x_wconf 76' lang='lat' dir='ltr'><strong>Dcisnbstautia;</strong></span> <span class='ocrx_word' id='word_1_324' title='bbox 2127 4456 2473 4510; x_wconf 60' lang='lat' dir='ltr'><strong>mter-nitatem</strong></span> <span class='ocrx_word' id='word_1_325' title='bbox 2508 4454 2604 4509; x_wconf 83' lang='lat' dir='ltr'><strong>Dei</strong></span> <span class='ocrx_word' id='word_1_326' title='bbox 2623 4472 2722 4509; x_wconf 82' lang='lat' dir='ltr'><strong>non</strong></span> <span class='ocrx_word' id='word_1_327' title='bbox 2759 4470 2872 4509; x_wconf 74' lang='lat' dir='ltr'><strong>esse</strong></span> <span class='ocrx_word' id='word_1_328' title='bbox 2898 4453 3266 4507; x_wconf 74' lang='lat' dir='ltr'><strong>indivisibilem</strong></span> <span class='ocrx_word' id='word_1_329' title='bbox 3300 4467 3365 4504; x_wconf 82' lang='lat' dir='ltr'><strong>ac</strong></span> <span class='ocrx_word' id='word_1_330' title='bbox 3397 4461 3562 4504; x_wconf 78' lang='lat' dir='ltr'><strong>totam</strong></span> 
     </span>
    </p>
   </div>
   <div class='ocr_carea' id='block_1_34' title="bbox 311 4550 3560 4623">
    <p class='ocr_par' dir='ltr' id='par_1_34' title="bbox 311 4550 3560 4623">
     <span class='ocr_line' id='line_1_34' title="bbox 311 4550 3560 4623; baseline -0.001 -18"><span class='ocrx_word' id='word_1_331' title='bbox 311 4551 494 4615; x_wconf 72' lang='lat' dir='ltr'><strong>simul,</strong></span> <span class='ocrx_word' id='word_1_332' title='bbox 520 4551 610 4605; x_wconf 70' lang='lat' dir='ltr'><strong>sed</strong></span> <span class='ocrx_word' id='word_1_333' title='bbox 644 4553 1017 4605; x_wconf 75' lang='lat' dir='ltr'><strong>successivam.</strong></span> <span class='ocrx_word' id='word_1_334' title='bbox 1059 4550 1223 4605; x_wconf 84' lang='lat' dir='ltr'><strong>Deum</strong></span> <span class='ocrx_word' id='word_1_335' title='bbox 1259 4565 1361 4601; x_wconf 81' lang='lat' dir='ltr'><strong>non</strong></span> <span class='ocrx_word' id='word_1_336' title='bbox 1389 4566 1502 4600; x_wconf 67' lang='lat' dir='ltr'><strong>ene</strong></span> <span class='ocrx_word' id='word_1_337' title='bbox 1545 4561 1712 4602; x_wconf 69' lang='lat' dir='ltr'><strong>totum</strong></span> <span class='ocrx_word' id='word_1_338' title='bbox 1742 4553 1796 4605; x_wconf 82' lang='lat' dir='ltr'><strong>in</strong></span> <span class='ocrx_word' id='word_1_339' title='bbox 1827 4552 2060 4621; x_wconf 81' lang='lat' dir='ltr'><strong>qualibet</strong></span> <span class='ocrx_word' id='word_1_340' title='bbox 2087 4567 2162 4616; x_wconf 86' lang='lat' dir='ltr'><strong>re,</strong></span> <span class='ocrx_word' id='word_1_341' title='bbox 2195 4553 2247 4604; x_wconf 80' lang='lat' dir='ltr'><strong>iu</strong></span> <span class='ocrx_word' id='word_1_342' title='bbox 2274 4569 2378 4622; x_wconf 87' lang='lat' dir='ltr'><strong>qua</strong></span> <span class='ocrx_word' id='word_1_343' title='bbox 2401 4561 2499 4614; x_wconf 66' lang='lat' dir='ltr'><strong>est,</strong></span> <span class='ocrx_word' id='word_1_344' title='bbox 2527 4563 2576 4606; x_wconf 91' lang='lat' dir='ltr'><strong>et</strong></span> <span class='ocrx_word' id='word_1_345' title='bbox 2603 4552 2655 4606; x_wconf 90' lang='lat' dir='ltr'><strong>id</strong></span> <span class='ocrx_word' id='word_1_346' title='bbox 2683 4567 2855 4623; x_wconf 75' lang='lat' dir='ltr'><strong>genus</strong></span> <span class='ocrx_word' id='word_1_347' title='bbox 2889 4552 2990 4605; x_wconf 83' lang='lat' dir='ltr'><strong>alia</strong></span> <span class='ocrx_word' id='word_1_348' title='bbox 3024 4565 3130 4605; x_wconf 91' lang='lat' dir='ltr'><strong>non</strong></span> <span class='ocrx_word' id='word_1_349' title='bbox 3164 4559 3370 4602; x_wconf 89' lang='lat' dir='ltr'><strong>tantum</strong></span> <span class='ocrx_word' id='word_1_350' title='bbox 3404 4551 3560 4602; x_wconf 79' lang='lat' dir='ltr'><strong>then-</strong></span> 
     </span>
    </p>
   </div>
   <div class='ocr_carea' id='block_1_35' title="bbox 317 4644 2664 4716">
    <p class='ocr_par' dir='ltr' id='par_1_35' title="bbox 317 4644 2664 4716">
     <span class='ocr_line' id='line_1_35' title="bbox 317 4644 2664 4716; baseline 0.001 -19"><span class='ocrx_word' id='word_1_351' title='bbox 317 4644 501 4714; x_wconf 64' lang='lat' dir='ltr'><strong>logia’,</strong></span> <span class='ocrx_word' id='word_1_352' title='bbox 535 4645 629 4701; x_wconf 88' lang='lat' dir='ltr'><strong>sed</strong></span> <span class='ocrx_word' id='word_1_353' title='bbox 660 4651 715 4698; x_wconf 90' lang='lat' dir='ltr'><strong>et</strong></span> <span class='ocrx_word' id='word_1_354' title='bbox 742 4644 1102 4714; x_wconf 75' lang='lat' dir='ltr'><strong>phitosophiae</strong></span> <span class='ocrx_word' id='word_1_355' title='bbox 1143 4644 1353 4713; x_wconf 88' lang='lat' dir='ltr'><strong>ipsique</strong></span> <span class='ocrx_word' id='word_1_356' title='bbox 1385 4645 1522 4697; x_wconf 87' lang='lat' dir='ltr'><strong>adeo</strong></span> <span class='ocrx_word' id='word_1_357' title='bbox 1549 4648 1789 4699; x_wconf 73' lang='lat' dir='ltr'><strong>naturali</strong></span> <span class='ocrx_word' id='word_1_358' title='bbox 1819 4645 2016 4699; x_wconf 85' lang='lat' dir='ltr'><strong>rationi</strong></span> <span class='ocrx_word' id='word_1_359' title='bbox 2046 4647 2263 4716; x_wconf 73' lang='lat' dir='ltr'><strong>penitus</strong></span> <span class='ocrx_word' id='word_1_360' title='bbox 2297 4645 2664 4700; x_wconf 79' lang='lat' dir='ltr'><strong>adversantia.</strong></span> 
     </span>
    </p>
   </div>
   <div class='ocr_carea' id='block_1_36' title="bbox 384 4737 3564 4810">
    <p class='ocr_par' dir='ltr' id='par_1_36' title="bbox 384 4737 3564 4810">
     <span class='ocr_line' id='line_1_36' title="bbox 384 4737 3564 4810; baseline -0 -20"><span class='ocrx_word' id='word_1_361' title='bbox 384 4739 453 4790; x_wconf 80' lang='lat' dir='ltr'><strong>At</strong></span> <span class='ocrx_word' id='word_1_362' title='bbox 484 4752 711 4793; x_wconf 77' lang='lat' dir='ltr'><strong>nemone</strong></span> <span class='ocrx_word' id='word_1_363' title='bbox 748 4752 815 4791; x_wconf 80' lang='lat' dir='ltr'><strong>ex</strong></span> <span class='ocrx_word' id='word_1_364' title='bbox 839 4737 1062 4792; x_wconf 78' lang='lat' dir='ltr'><strong>Lutheri</strong></span> <span class='ocrx_word' id='word_1_365' title='bbox 1086 4748 1141 4794; x_wconf 92' lang='lat' dir='ltr'><strong>et</strong></span> <span class='ocrx_word' id='word_1_366' title='bbox 1164 4737 1378 4794; x_wconf 79' lang='lat' dir='ltr'><strong>Calvini</strong></span> <span class='ocrx_word' id='word_1_367' title='bbox 1412 4739 1608 4794; x_wconf 81' lang='lat' dir='ltr'><strong>castris</strong></span> <span class='ocrx_word' id='word_1_368' title='bbox 1645 4749 1897 4810; x_wconf 83' lang='lat' dir='ltr'><strong>repertus</strong></span> <span class='ocrx_word' id='word_1_369' title='bbox 1920 4747 2001 4795; x_wconf 87' lang='lat' dir='ltr'><strong>cst</strong></span> <span class='ocrx_word' id='word_1_370' title='bbox 2030 4741 2122 4808; x_wconf 87' lang='lat' dir='ltr'><strong>qui</strong></span> <span class='ocrx_word' id='word_1_371' title='bbox 2150 4757 2210 4794; x_wconf 90' lang='lat' dir='ltr'><strong>se</strong></span> <span class='ocrx_word' id='word_1_372' title='bbox 2238 4743 2363 4795; x_wconf 86' lang='lat' dir='ltr'><strong>huic</strong></span> <span class='ocrx_word' id='word_1_373' title='bbox 2385 4744 2681 4796; x_wconf 81' lang='lat' dir='ltr'><strong>teterrima:</strong></span> <span class='ocrx_word' id='word_1_374' title='bbox 2739 4739 3004 4809; x_wconf 74' lang='lat' dir='ltr'><strong>impietati</strong></span> <span class='ocrx_word' id='word_1_375' title='bbox 3052 4740 3397 4809; x_wconf 82' lang='lat' dir='ltr'><strong>opponeret?</strong></span> <span class='ocrx_word' id='word_1_376' title='bbox 3451 4738 3564 4790; x_wconf 87' lang='lat' dir='ltr'><strong>ln.o</strong></span> 
     </span>
    </p>
   </div>
   <div class='ocr_carea' id='block_1_37' title="bbox 311 4829 3565 4907">
    <p class='ocr_par' dir='ltr' id='par_1_37' title="bbox 311 4829 3565 4907">
     <span class='ocr_line' id='line_1_37' title="bbox 311 4829 3565 4907; baseline -0.001 -18"><span class='ocrx_word' id='word_1_377' title='bbox 311 4851 420 4891; x_wconf 89' lang='lat' dir='ltr'><strong>non</strong></span> <span class='ocrx_word' id='word_1_378' title='bbox 462 4850 625 4892; x_wconf 88' lang='lat' dir='ltr'><strong>unus.</strong></span> <span class='ocrx_word' id='word_1_379' title='bbox 659 4832 794 4889; x_wconf 83' lang='lat' dir='ltr'><strong>Nam</strong></span> <span class='ocrx_word' id='word_1_380' title='bbox 823 4849 888 4890; x_wconf 77' lang='lat' dir='ltr'><strong>ex</strong></span> <span class='ocrx_word' id='word_1_381' title='bbox 919 4829 1095 4890; x_wconf 85' lang='lat' dir='ltr'><strong>Frisia</strong></span> <span class='ocrx_word' id='word_1_382' title='bbox 1130 4835 1488 4906; x_wconf 87' lang='lat' dir='ltr'><strong>prosilierunt</strong></span> <span class='ocrx_word' id='word_1_383' title='bbox 1512 4835 1818 4893; x_wconf 82' lang='lat' dir='ltr'><strong>Sibrandus</strong></span> <span class='ocrx_word' id='word_1_384' title='bbox 1849 4835 2153 4902; x_wconf 87' lang='lat' dir='ltr'><strong>Lubertus,</strong></span> <span class='ocrx_word' id='word_1_385' title='bbox 2184 4836 2429 4893; x_wconf 81' lang='lat' dir='ltr'><strong>Joannes</strong></span> <span class='ocrx_word' id='word_1_386' title='bbox 2457 4837 2874 4907; x_wconf 76' lang='lat' dir='ltr'><strong>Bogcrmannus</strong></span> <span class='ocrx_word' id='word_1_387' title='bbox 2892 4847 2945 4890; x_wconf 89' lang='lat' dir='ltr'><strong>et</strong></span> <span class='ocrx_word' id='word_1_388' title='bbox 3004 4835 3282 4890; x_wconf 85' lang='lat' dir='ltr'><strong>communi</strong></span> <span class='ocrx_word' id='word_1_389' title='bbox 3343 4835 3565 4888; x_wconf 83' lang='lat' dir='ltr'><strong>nomine</strong></span> 
     </span>
    </p>
   </div>
   <div class='ocr_carea' id='block_1_38' title="bbox 309 4927 3562 5000">
    <p class='ocr_par' dir='ltr' id='par_1_38' title="bbox 309 4927 3562 5000">
     <span class='ocr_line' id='line_1_38' title="bbox 309 4927 3562 5000; baseline -0.002 -17"><span class='ocrx_word' id='word_1_390' title='bbox 309 4930 548 4984; x_wconf 85' lang='lat' dir='ltr'><strong>ministri</strong></span> <span class='ocrx_word' id='word_1_391' title='bbox 571 4927 1029 4995; x_wconf 83' lang='lat' dir='ltr'><strong>Leovardienses,</strong></span> <span class='ocrx_word' id='word_1_392' title='bbox 1062 4938 1114 4982; x_wconf 86' lang='lat' dir='ltr'><strong>et</strong></span> <span class='ocrx_word' id='word_1_393' title='bbox 1141 4929 1230 4984; x_wconf 90' lang='lat' dir='ltr'><strong>alii</strong></span> <span class='ocrx_word' id='word_1_394' title='bbox 1259 4929 1501 4993; x_wconf 88' lang='lat' dir='ltr'><strong>aliunde,</strong></span> <span class='ocrx_word' id='word_1_395' title='bbox 1545 4939 1603 4983; x_wconf 90' lang='lat' dir='ltr'><strong>ut</strong></span> <span class='ocrx_word' id='word_1_396' title='bbox 1640 4932 1936 4997; x_wconf 80' lang='lat' dir='ltr'><strong>AcrOnius,</strong></span> <span class='ocrx_word' id='word_1_397' title='bbox 1970 4929 2264 4997; x_wconf 77' lang='lat' dir='ltr'><strong>Fraxinus,</strong></span> <span class='ocrx_word' id='word_1_398' title='bbox 2298 4931 2558 5000; x_wconf 84' lang='lat' dir='ltr'><strong>Bogacrt,</strong></span> <span class='ocrx_word' id='word_1_399' title='bbox 2588 4930 2862 4992; x_wconf 76' lang='lat' dir='ltr'><strong>Plancius,</strong></span> <span class='ocrx_word' id='word_1_400' title='bbox 2900 4927 3094 4982; x_wconf 83' lang='lat' dir='ltr'><strong>Becins</strong></span> <span class='ocrx_word' id='word_1_401' title='bbox 3130 4939 3184 4983; x_wconf 88' lang='lat' dir='ltr'><strong>et</strong></span> <span class='ocrx_word' id='word_1_402' title='bbox 3223 4927 3437 4987; x_wconf 60' lang='lat' dir='ltr'><strong>FGslHS,</strong></span> <span class='ocrx_word' id='word_1_403' title='bbox 3468 4927 3562 4994; x_wconf 89' lang='lat' dir='ltr'><strong>qui</strong></span> 
     </span>
    </p>
   </div>
   <div class='ocr_carea' id='block_1_39' title="bbox 309 5018 3564 5096">
    <p class='ocr_par' dir='ltr' id='par_1_39' title="bbox 309 5018 3564 5096">
     <span class='ocr_line' id='line_1_39' title="bbox 309 5018 3564 5096; baseline -0 -20"><span class='ocrx_word' id='word_1_404' title='bbox 309 5026 362 5077; x_wconf 93' lang='lat' dir='ltr'><strong>in</strong></span> <span class='ocrx_word' id='word_1_405' title='bbox 409 5019 681 5078; x_wconf 82' lang='lat' dir='ltr'><strong>Vorstium</strong></span> <span class='ocrx_word' id='word_1_406' title='bbox 705 5024 930 5093; x_wconf 85' lang='lat' dir='ltr'><strong>ejusque</strong></span> <span class='ocrx_word' id='word_1_407' title='bbox 952 5024 1253 5092; x_wconf 82' lang='lat' dir='ltr'><strong>discipulos</strong></span> <span class='ocrx_word' id='word_1_408' title='bbox 1283 5037 1387 5077; x_wconf 87' lang='lat' dir='ltr'><strong>non</strong></span> <span class='ocrx_word' id='word_1_409' title='bbox 1433 5025 1696 5082; x_wconf 73' lang='lat' dir='ltr'><strong>minorem</strong></span> <span class='ocrx_word' id='word_1_410' title='bbox 1729 5025 2290 5094; x_wconf 81' lang='lat' dir='ltr'><strong>impetnmdedcrunt</strong></span> <span class='ocrx_word' id='word_1_411' title='bbox 2350 5041 2514 5096; x_wconf 87' lang='lat' dir='ltr'><strong>quam</strong></span> <span class='ocrx_word' id='word_1_412' title='bbox 2564 5024 2808 5095; x_wconf 63' lang='lat' dir='ltr'><strong>Lapithas</strong></span> <span class='ocrx_word' id='word_1_413' title='bbox 2833 5024 2886 5078; x_wconf 92' lang='lat' dir='ltr'><strong>in</strong></span> <span class='ocrx_word' id='word_1_414' title='bbox 2943 5023 3284 5088; x_wconf 80' lang='lat' dir='ltr'><strong>Centauros;</strong></span> <span class='ocrx_word' id='word_1_415' title='bbox 3347 5018 3564 5075; x_wconf 81' lang='lat' dir='ltr'><strong>tametsi</strong></span> 
     </span>
    </p>
   </div>
   <div class='ocr_carea' id='block_1_40' title="bbox 308 5117 3562 5191">
    <p class='ocr_par' dir='ltr' id='par_1_40' title="bbox 308 5117 3562 5191">
     <span class='ocr_line' id='line_1_40' title="bbox 308 5117 3562 5191; baseline -0.001 -17"><span class='ocrx_word' id='word_1_416' title='bbox 308 5136 485 5190; x_wconf 88' lang='lat' dir='ltr'><strong>neque</strong></span> <span class='ocrx_word' id='word_1_417' title='bbox 514 5117 800 5181; x_wconf 59' lang='lat' dir='ltr'><strong>Centauri,</strong></span> <span class='ocrx_word' id='word_1_418' title='bbox 829 5125 933 5175; x_wconf 85' lang='lat' dir='ltr'><strong>hoc</strong></span> <span class='ocrx_word' id='word_1_419' title='bbox 960 5133 1038 5175; x_wconf 75' lang='lat' dir='ltr'><strong>est</strong></span> <span class='ocrx_word' id='word_1_420' title='bbox 1071 5120 1366 5179; x_wconf 71' lang='lat' dir='ltr'><strong>Vorsliuni.</strong></span> <span class='ocrx_word' id='word_1_421' title='bbox 1393 5135 1451 5174; x_wconf 89' lang='lat' dir='ltr'><strong>se</strong></span> <span class='ocrx_word' id='word_1_422' title='bbox 1473 5123 1863 5176; x_wconf 82' lang='lat' dir='ltr'><strong>deseruerunt.</strong></span> <span class='ocrx_word' id='word_1_423' title='bbox 1887 5119 2023 5175; x_wconf 78' lang='lat' dir='ltr'><strong>Nam</strong></span> <span class='ocrx_word' id='word_1_424' title='bbox 2073 5131 2270 5191; x_wconf 81' lang='lat' dir='ltr'><strong>pra-ter</strong></span> <span class='ocrx_word' id='word_1_425' title='bbox 2299 5123 2477 5191; x_wconf 86' lang='lat' dir='ltr'><strong>ipsum</strong></span> <span class='ocrx_word' id='word_1_426' title='bbox 2529 5120 2851 5190; x_wconf 72' lang='lat' dir='ltr'><strong>signiferum</strong></span> <span class='ocrx_word' id='word_1_427' title='bbox 2889 5121 3164 5176; x_wconf 75' lang='lat' dir='ltr'><strong>Vol-stium</strong></span> <span class='ocrx_word' id='word_1_428' title='bbox 3225 5135 3374 5173; x_wconf 88' lang='lat' dir='ltr'><strong>arma</strong></span> <span class='ocrx_word' id='word_1_429' title='bbox 3423 5134 3562 5186; x_wconf 83' lang='lat' dir='ltr'><strong>quo-</strong></span> 
     </span>
    </p>
   </div>
   <div class='ocr_carea' id='block_1_41' title="bbox 307 5212 3566 5283">
    <p class='ocr_par' dir='ltr' id='par_1_41' title="bbox 307 5212 3566 5283">
     <span class='ocr_line' id='line_1_41' title="bbox 307 5212 3566 5283; baseline -0 -16"><span class='ocrx_word' id='word_1_430' title='bbox 307 5228 418 5282; x_wconf 85' lang='lat' dir='ltr'><strong>que</strong></span> <span class='ocrx_word' id='word_1_431' title='bbox 455 5213 690 5282; x_wconf 76' lang='lat' dir='ltr'><strong>sumpsit</strong></span> <span class='ocrx_word' id='word_1_432' title='bbox 718 5224 770 5268; x_wconf 90' lang='lat' dir='ltr'><strong>et</strong></span> <span class='ocrx_word' id='word_1_433' title='bbox 795 5214 969 5268; x_wconf 82' lang='lat' dir='ltr'><strong>induit</strong></span> <span class='ocrx_word' id='word_1_434' title='bbox 1001 5214 1156 5283; x_wconf 80' lang='lat' dir='ltr'><strong>liugo</strong></span> <span class='ocrx_word' id='word_1_435' title='bbox 1194 5215 1418 5269; x_wconf 74' lang='lat' dir='ltr'><strong>Grotius</strong></span> <span class='ocrx_word' id='word_1_436' title='bbox 1461 5213 1765 5268; x_wconf 79' lang='lat' dir='ltr'><strong>llollundici</strong></span> <span class='ocrx_word' id='word_1_437' title='bbox 1804 5215 1920 5269; x_wconf 86' lang='lat' dir='ltr'><strong>fisci</strong></span> <span class='ocrx_word' id='word_1_438' title='bbox 1977 5216 2298 5279; x_wconf 84' lang='lat' dir='ltr'><strong>advocatus,</strong></span> <span class='ocrx_word' id='word_1_439' title='bbox 2328 5215 2583 5283; x_wconf 78' lang='lat' dir='ltr'><strong>evulgato</strong></span> <span class='ocrx_word' id='word_1_440' title='bbox 2629 5215 2771 5269; x_wconf 92' lang='lat' dir='ltr'><strong>libro</strong></span> <span class='ocrx_word' id='word_1_441' title='bbox 2795 5215 2880 5268; x_wconf 91' lang='lat' dir='ltr'><strong>cui</strong></span> <span class='ocrx_word' id='word_1_442' title='bbox 2907 5217 3123 5270; x_wconf 86' lang='lat' dir='ltr'><strong>titulum</strong></span> <span class='ocrx_word' id='word_1_443' title='bbox 3176 5217 3370 5268; x_wconf 81' lang='lat' dir='ltr'><strong>indidit</strong></span> <span class='ocrx_word' id='word_1_444' title='bbox 3409 5232 3421 5266; x_wconf 91' lang='lat'>:</span> <span class='ocrx_word' id='word_1_445' title='bbox 3459 5212 3566 5266; x_wconf 88' lang='lat' dir='ltr'><strong>0r-</strong></span> 
     </span>
    </p>
   </div>
   <div class='ocr_carea' id='block_1_42' title="bbox 305 5302 3564 5378">
    <p class='ocr_par' dir='ltr' id='par_1_42' title="bbox 305 5302 3564 5378">
     <span class='ocr_line' id='line_1_42' title="bbox 305 5302 3564 5378; baseline -0 -18"><span class='ocrx_word' id='word_1_446' title='bbox 305 5307 496 5361; x_wconf 79' lang='lat' dir='ltr'><strong>dinum</strong></span> <span class='ocrx_word' id='word_1_447' title='bbox 517 5304 822 5360; x_wconf 82' lang='lat' dir='ltr'><strong>llollandia:</strong></span> <span class='ocrx_word' id='word_1_448' title='bbox 854 5323 917 5360; x_wconf 85' lang='lat' dir='ltr'><strong>ac</strong></span> <span class='ocrx_word' id='word_1_449' title='bbox 942 5305 1260 5376; x_wconf 70' lang='lat' dir='ltr'><strong>Westfrisic</strong></span> <span class='ocrx_word' id='word_1_450' title='bbox 1287 5305 1487 5361; x_wconf 79' lang='lat' dir='ltr'><strong>Pietas.</strong></span> <span class='ocrx_word' id='word_1_451' title='bbox 1519 5302 1629 5364; x_wconf 77' lang='lat' dir='ltr'><strong>Sed</strong></span> <span class='ocrx_word' id='word_1_452' title='bbox 1666 5321 1807 5362; x_wconf 78' lang='lat' dir='ltr'><strong>nunc</strong></span> <span class='ocrx_word' id='word_1_453' title='bbox 1850 5307 2109 5362; x_wconf 73' lang='lat' dir='ltr'><strong>Pietatem</strong></span> <span class='ocrx_word' id='word_1_454' title='bbox 2144 5308 2307 5378; x_wconf 87' lang='lat' dir='ltr'><strong>paulo</strong></span> <span class='ocrx_word' id='word_1_455' title='bbox 2340 5319 2462 5378; x_wconf 88' lang='lat' dir='ltr'><strong>post</strong></span> <span class='ocrx_word' id='word_1_456' title='bbox 2491 5309 2806 5371; x_wconf 78' lang='lat' dir='ltr'><strong>admodum,</strong></span> <span class='ocrx_word' id='word_1_457' title='bbox 2837 5309 2920 5362; x_wconf 89' lang='lat' dir='ltr'><strong>vel</strong></span> <span class='ocrx_word' id='word_1_458' title='bbox 2945 5310 3125 5377; x_wconf 79' lang='lat' dir='ltr'><strong>potius</strong></span> <span class='ocrx_word' id='word_1_459' title='bbox 3156 5324 3319 5376; x_wconf 83' lang='lat' dir='ltr'><strong>supra</strong></span> <span class='ocrx_word' id='word_1_460' title='bbox 3346 5310 3564 5363; x_wconf 84' lang='lat' dir='ltr'><strong>modum</strong></span> 
     </span>
    </p>
   </div>
   <div class='ocr_carea' id='block_1_43' title="bbox 308 5403 3570 5476">
    <p class='ocr_par' dir='ltr' id='par_1_43' title="bbox 308 5403 3570 5476">
     <span class='ocr_line' id='line_1_43' title="bbox 308 5403 3570 5476; baseline 0 -20"><span class='ocrx_word' id='word_1_461' title='bbox 308 5404 397 5473; x_wconf 85' lang='lat' dir='ltr'><strong>pie</strong></span> <span class='ocrx_word' id='word_1_462' title='bbox 423 5414 757 5470; x_wconf 84' lang='lat' dir='ltr'><strong>exceperunt</strong></span> <span class='ocrx_word' id='word_1_463' title='bbox 786 5403 1092 5457; x_wconf 81' lang='lat' dir='ltr'><strong>Sibrandus</strong></span> <span class='ocrx_word' id='word_1_464' title='bbox 1131 5413 1184 5458; x_wconf 91' lang='lat' dir='ltr'><strong>et</strong></span> <span class='ocrx_word' id='word_1_465' title='bbox 1217 5403 1650 5469; x_wconf 72' lang='lat' dir='ltr'><strong>Bogermannus,</strong></span> <span class='ocrx_word' id='word_1_466' title='bbox 1685 5413 1744 5458; x_wconf 91' lang='lat' dir='ltr'><strong>ut</strong></span> <span class='ocrx_word' id='word_1_467' title='bbox 1770 5404 1999 5460; x_wconf 76' lang='lat' dir='ltr'><strong>forsitan</strong></span> <span class='ocrx_word' id='word_1_468' title='bbox 2034 5403 2287 5460; x_wconf 83' lang='lat' dir='ltr'><strong>Grotium</strong></span> <span class='ocrx_word' id='word_1_469' title='bbox 2315 5421 2425 5460; x_wconf 63' lang='lat' dir='ltr'><strong>sua:</strong></span> <span class='ocrx_word' id='word_1_470' title='bbox 2451 5407 2672 5476; x_wconf 87' lang='lat' dir='ltr'><strong>pietatis</strong></span> <span class='ocrx_word' id='word_1_471' title='bbox 2697 5406 2808 5476; x_wconf 83' lang='lat' dir='ltr'><strong>jam</strong></span> <span class='ocrx_word' id='word_1_472' title='bbox 2840 5408 3123 5473; x_wconf 71' lang='lat' dir='ltr'><strong>pmniteat,</strong></span> <span class='ocrx_word' id='word_1_473' title='bbox 3148 5412 3406 5474; x_wconf 75' lang='lat' dir='ltr'><strong>optetun</strong></span> <span class='ocrx_word' id='word_1_474' title='bbox 3433 5419 3570 5458; x_wconf 83' lang='lat' dir='ltr'><strong>tem-</strong></span> 
     </span>
    </p>
   </div>
   <div class='ocr_carea' id='block_1_44' title="bbox 308 5498 3570 5571">
    <p class='ocr_par' dir='ltr' id='par_1_44' title="bbox 308 5498 3570 5571">
     <span class='ocr_line' id='line_1_44' title="bbox 308 5498 3570 5571; baseline 0.002 -24"><span class='ocrx_word' id='word_1_475' title='bbox 308 5512 434 5564; x_wconf 81' lang='lat' dir='ltr'><strong>pus,</strong></span> <span class='ocrx_word' id='word_1_476' title='bbox 466 5499 610 5561; x_wconf 88' lang='lat' dir='ltr'><strong>quod</strong></span> <span class='ocrx_word' id='word_1_477' title='bbox 644 5499 770 5552; x_wconf 89' lang='lat' dir='ltr'><strong>huic</strong></span> <span class='ocrx_word' id='word_1_478' title='bbox 798 5498 988 5552; x_wconf 71' lang='lat' dir='ltr'><strong>Pzetun</strong></span> <span class='ocrx_word' id='word_1_479' title='bbox 1027 5500 1315 5568; x_wconf 80' lang='lat' dir='ltr'><strong>impendit,</strong></span> <span class='ocrx_word' id='word_1_480' title='bbox 1356 5499 1408 5552; x_wconf 92' lang='lat' dir='ltr'><strong>in</strong></span> <span class='ocrx_word' id='word_1_481' title='bbox 1443 5498 1633 5554; x_wconf 81' lang='lat' dir='ltr'><strong>aerarii</strong></span> <span class='ocrx_word' id='word_1_482' title='bbox 1659 5499 1968 5556; x_wconf 86' lang='lat' dir='ltr'><strong>rationibus</strong></span> <span class='ocrx_word' id='word_1_483' title='bbox 2011 5499 2392 5569; x_wconf 84' lang='lat' dir='ltr'><strong>conliciendis,</strong></span> <span class='ocrx_word' id='word_1_484' title='bbox 2441 5511 2536 5555; x_wconf 88' lang='lat' dir='ltr'><strong>aut</strong></span> <span class='ocrx_word' id='word_1_485' title='bbox 2589 5501 2643 5555; x_wconf 90' lang='lat' dir='ltr'><strong>in</strong></span> <span class='ocrx_word' id='word_1_486' title='bbox 2673 5510 2832 5571; x_wconf 85' lang='lat' dir='ltr'><strong>poeta</strong></span> <span class='ocrx_word' id='word_1_487' title='bbox 2892 5501 3151 5570; x_wconf 80' lang='lat' dir='ltr'><strong>quopiam</strong></span> <span class='ocrx_word' id='word_1_488' title='bbox 3206 5500 3570 5555; x_wconf 77' lang='lat' dir='ltr'><strong>etnaculaudo</strong></span> 
     </span>
    </p>
   </div>
   <div class='ocr_carea' id='block_1_45' title="bbox 306 5603 872 5660">
    <p class='ocr_par' dir='ltr' id='par_1_45' title="bbox 306 5603 872 5660">
     <span class='ocr_line' id='line_1_45' title="bbox 306 5603 872 5660; baseline 0.007 -17"><span class='ocrx_word' id='word_1_489' title='bbox 306 5603 694 5660; x_wconf 81' lang='lat' dir='ltr'><strong>consumptum</strong></span> <span class='ocrx_word' id='word_1_490' title='bbox 730 5606 872 5648; x_wconf 82' lang='lat' dir='ltr'><strong>esse.</strong></span> 
     </span>
    </p>
   </div>
   <div class='ocr_carea' id='block_1_46' title="bbox 374 5777 1472 5846">
    <p class='ocr_par' dir='ltr' id='par_1_46' title="bbox 374 5777 1472 5846">
     <span class='ocr_line' id='line_1_46' title="bbox 374 5777 1472 5846; baseline -0.006 -11"><span class='ocrx_word' id='word_1_491' title='bbox 374 5785 446 5846; x_wconf 72' lang='grc' dir='ltr'><strong>(η)</strong></span> <span class='ocrx_word' id='word_1_492' title='bbox 494 5782 543 5834; x_wconf 82' lang='lat' dir='ltr'><strong>In</strong></span> <span class='ocrx_word' id='word_1_493' title='bbox 576 5787 706 5834; x_wconf 79' lang='lat' dir='ltr'><strong>torno</strong></span> <span class='ocrx_word' id='word_1_494' title='bbox 732 5785 897 5829; x_wconf 90' lang='lat' dir='ltr'><strong>nostro</strong></span> <span class='ocrx_word' id='word_1_495' title='bbox 917 5777 1078 5836; x_wconf 81' lang='lat' dir='ltr'><strong>CLlll,</strong></span> <span class='ocrx_word' id='word_1_496' title='bbox 1101 5777 1194 5829; x_wconf 90' lang='lat' dir='ltr'><strong>col.</strong></span> <span class='ocrx_word' id='word_1_497' title='bbox 1216 5777 1308 5827; x_wconf 81' lang='lat'><strong>679</strong></span> <span class='ocrx_word' id='word_1_498' title='bbox 1333 5777 1472 5829; x_wconf 75' lang='lat' dir='ltr'><strong>Eutr.</strong></span> 
     </span>
    </p>
   </div>
  </div>
