4074 6232
365 334 498 402 ’11θῖ

1281 337 1379 398 DE
1415 331 1795 397 ESSENTIA
1840 333 1935 394 ET
1975 330 2467 394 ΟΡΕΗᾹΤΙΟΝΕ
2510 333 2658 394 DEI.

3478 327 3614 394 1198

362 447 462 520 μὲν
485 451 596 524 γὰρ
630 451 724 506 τοῦ
783 451 859 526 μὴ
907 448 1044 510 εἶναι
1089 452 1322 524 δύναμιν
1376 445 1581 523 ἑαυτῷί
1613 455 1923 522 παθητικὴν

2059 451 2383 506 monstrando
2415 451 2635 521 propria
2665 451 2770 506 erit
2806 451 3074 520 quaestio:
3105 465 3228 504 nam
3263 466 3325 504 ex
3373 465 3435 504 ea
3471 453 3616 519 quod

354 542 696 612 δειχθήσεται
734 545 927 599 ταυτὸν
972 540 1117 599 εἶναι
1149 546 1251 614 τὴν
1295 546 1481 598 οὖσίξιν
1527 543 1638 598 τοῦ-
1673 543 1809 597 Θεοῦ
1849 544 1926 614 τῷ

353 630 496 698 εἶναι
525 635 726 688 αὑτοῦ·
760 638 868 690 ἀπὸ
893 637 954 690 δὲ
978 636 1071 691 τοῦ
1106 638 1179 710 μὴ
1218 634 1357 692 εἶναι
1394 638 1528 707 ὓλην
1557 638 1617 692 ἐν
1650 635 1820 707 αὐτῷ,
1851 637 1928 707 μὴ

353 724 498 781 εἶναι
526 729 625 801 τὴν
656 729 936 800 ἐνέργειαν
959 731 1128 784 αὐτοῦ
1155 732 1272 800 ἦτοι
1301 729 1396 802 τὴν
1435 730 1798 802 ἐντελέχειαν,
1835 732 1930 785 καὶ

353 818 419 871 τὸ
448 815 608 887 εἶδος,
655 821 818 892 μέρος
861 820 962 890 τῆς
993 820 1202 890 οὐσίας,
1253 822 1348 875 καὶ
1377 819 1524 875 οὕτω
1552 823 1750 876 ταυτὸν
1788 816 1930 876 εἶναι

355 910 457 983 τὴν
486 913 769 983 ἐνέργειαν
799 912 889 966 τοῦ
918 913 1054 968 Θεοῦ
1108 917 1174 984 τῇ
1229 915 1388 988 οὐσίᾳ
1418 913 1622 981 αὐτοῦ..
1661 916 1799 988 ὅπερ
1835 913 1933 968 νῦν

355 1002 441 1065 είς
473 1003 699 1075 ζήτησιν
729 1006 1040 1076 πρόκειται.

431 1121 642 1190 Κεφάλ.
680 1122 756 1176 l".
792 1123 922 1176 Ὀτι
962 1124 1075 1177 οὐκ
1103 1124 1276 1178 ἔστιν
1307 1125 1377 1178 ἐν
1407 1121 1485 1191 τῷ
1518 1121 1642 1186 Θεῷ
1673 1122 1931 1192 δύναμις

989 1198 1147 1263 παθη
1156 1195 1286 1261 tuo-ri
1297 1234 1308 1249 .

433 1289 504 1339 α’.
528 1286 649 1338 Ὀτι
678 1283 858 1338 τοίνυν
875 1282 957 1356 (ὁ)
987 1285 1250 1339 ἀδύνατον
1275 1281 1416 1341 εἶναι
1447 1285 1503 1338 ὲν
1529 1286 1608 1357 τῷ
1632 1285 1751 1354 Θεῷ
1774 1284 1934 1337 δύνα-

358 1393 456 1442 μιν
491 1374 828 1445 παθητικὴν,
873 1376 1126 1430 ἐντεῦθεν
1151 1376 1344 1446 δῆλον⁸
1379 1379 1488 1430 πᾶν
1517 1378 1624 1448 γὰρ
1654 1373 1716 1444 οὗ
1745 1379 1812 1448 τῇ
1843 1378 1937 1430 οὐ·

362 1468 749 1540 οίᾳμέμικται
780 1469 1036 1540 δύναμις,
1155 1471 1315 1522 τοῦτο
1345 1471 1478 1524 αὐτὸ
1505 1472 1730 1524 δύναται
1774 1467 1935 1533 εἶναι,

361 1561 459 1612 καὶ
492 1560 566 1629 μὴ
587 1559 750 1614 εἶναι.
801 1561 878 1614 Τὸ
923 1563 1033 1630 γὰρ
1066 1561 1294 1616 δυνατὸν
1344 1559 1508 1634 εἶναι,
1558 1566 1652 1616 καὶ
1691 1564 1763 1636 μὴ
1797 1559 1938 1617 εἶναι

362 1652 607 1708 δυνατόν.
638 1653 696 1707 ’0
721 1654 777 1706 δὲ
811 1655 942 1717 Θεὸς
974 1654 1098 1709 καθ’
1128 1656 1291 1709 αὑτὸν
1314 1656 1388 1727 μὴ
1421 1653 1560 1710 εἶναι
1585 1658 1687 1728 (5),
1721 1658 1938 1720 αἰώνιος

366 1745 497 1816 γάρ.
549 1746 664 1800 Οὐκ
716 1749 826 1818 ἄρα
879 1751 1026 1802 ἐστιν
1052 1751 1110 1800 ὲν
1142 1747 1218 1818 τῷ
1248 1749 1367 1820 Θεῷ
1420 1750 1653 1822 δύναμις
1704 1752 1846 1822 πρὸς
1881 1751 1939 1804 τὸ

360 1832 528 1890 εἶναι.

438 1929 506 2000 β’.
544 1930 665 1985 Ἔτι
700 1935 795 1988 καὶ
831 1936 941 1988 πᾶν
983 1939 1045 1991 τὸ
1077 1940 1205 1993 ποτὲ
1238 1941 1334 2010 μὲν
1362 1940 1423 1993 δν
1447 1940 1706 2010 δυνάμει,
1737 1941 1868 1994 ποτὲ
1888 1941 1944 1994 δὲ

365 2023 624 2094 ἐνεργείᾳ
649 2028 911 2096 πρότερ-ῖν
935 2031 1085 2083 ἐστιν
1108 2031 1334 2100 δυνάμει
1363 2031 1393 2102 ἢ
1421 2033 1692 2104 ἐνεργείᾳ.
1729 2033 1947 2098 ’ἁπλῶς

371 2117 557 2185 μέντοι
589 2135 650 2187 γε
681 2121 714 2190 ἡ
743 2119 1000 2192 ἐνέργεια
1048 2125 1292 2196 προτέρα
1323 2126 1437 2181 tati.
1483 2127 1582 2196 τῆς
1620 2126 1909 2196 δυνάμεως
1928 2145 1946 2162 ο

368 2211 402 2280 ἡ
439 2209 546 2279 γὰρ
579 2211 808 2282 δύναμις
856 2216 956 2268 οὐκ
1008 2219 1448 2287 αὐτεπάγγελτος
1493 2219 1854 2290 πρόεισινείς
1886 2222 1948 2275 τὸ

371 2303 641 2371 ἐνεργεῖν.
675 2306 897 2359 Ποοεισι
931 2309 984 2359 δὲ
1021 2309 1111 2361 διά
1145 2327 1291 2374 τινος
1343 2313 1652 2382 ἐνεργείας.
1689 2313 1802 2366 Πᾶν
1837 2313 1948 2383 ἄρα

363 2393 431 2446 τὸ
490 2393 720 2464 δυνάμει
748 2396 861 2465 ἔχει
895 2415 948 2451 τι
983 2399 1353 2472 πρεσϐύτερον
1383 2402 1605 2455 ἑαυτοῦ.
1650 2401 1708 2456 '0
1735 2402 1791 2455 δὲ
1815 2402 1948 2465 Θεὸς

368 2486 473 2539 οὐκ
502 2485 618 2556 ἔχει
644 2488 703 2540 τὸ
720 2490 1096 2561 πρεσϐύτερον
1129 2492 1343 2546 ἑαυτοῦ·
1367 2492 1483 2548 εστι
1507 2495 1618 2566 γὰρ
1643 2495 1702 2548 τὸ
1729 2495 1948 2564 πρῶτον

367 2577 454 2639 ὃν,
490 2581 586 2632 καὶ
607 2582 799 2654 πρώτη
829 2584 1049 2637 πάντων
1098 2584 1269 2641 αἰτία.
1312 2585 1428 2642 Οὐκ
1460 2586 1609 2640 ἐστιν
1643 2588 1751 2657 ἄρα
1783 2590 1944 2644 δύνα-

375 2686 472 2738 μις
502 2677 559 2722 ὲν
583 2674 734 2742 αὐτῴ
768 2676 1068 2746 παθητικὴ.

447 2769 518 2830 γ’.
557 2766 679 2818 Ἔτι
731 2764 790 2818 τὸ
835 2767 958 2832 καθ’
1006 2757 1140 2821 αὐτὸ
1188 2769 1485 2836 ἀναγκαῖον
1544 2771 1719 2826 οὐδενὶ
1744 2772 1947 2844 ,τρόπῳ

368 2859 598 2912 δυνατὸν
630 2855 774 2913 εἶναι
797 2876 810 2893 ·
854 2863 916 2914 τὸ
947 2863 1058 2934 γὰρ
1096 2862 1218 2918 καθ’
1251 2865 1383 2918 αὐτὸ
1422 2865 1722 2927 ἀναγκαῖον
1766 2867 1947 2921 αἰτίαν

365 2953 476 3006 οὐκ
507 2953 638 3023 ἔχει.
680 2956 797 3008 Πᾶν
822 2955 879 3008 δὲ
909 2957 968 3009 τὸ
1012 2945 1234 3010 δυνατὸν
1263 2954 1402 3010 εἶναι
1449 2958 1624 3012 αἰτίαν
1664 2958 1799 3030 ἔχει.
1836 2962 1947 3015 Καὶ

366 3044 425 3098 σί
457 3045 558 3114 μὲν
591 3043 752 3098 ἑαυτὸ
793 3035 975 3100 αἰτίαν
1004 3047 1138 3118 ἔχει,
1174 3048 1321 3102 ἔστιν
1357 3050 1438 3102 ὅτι
1473 3049 1603 3103 αὐτὸ
1629 3051 1833 3105 ἑαυτοῦ
1859 3053 1945 3108 αί-

371 3138 486 3202 τία,
523 3138 660 3211 ὅπερ
683 3138 944 3194 ἀδύνατον
969 3157 984 3173 ·
1028 3142 1078 3195 εἰ
1107 3141 1164 3195 δὲ
1193 3141 1345 3208 ἄλλο,
1369 3143 1429 3196 οὐ
1452 3143 1583 3198 καθ’
1612 3146 1745 3199 αὐτὸ
1771 3148 1944 3216 ἀναγ-

372 3235 551 3288 καῖον.
601 3233 663 3287 ’0
702 3235 758 3287 δὲ
790 3234 920 3294 Θεὸς
967 3234 1090 3288 καθ’
1126 3237 1279 3290 ,αὐτὸ
1334 3238 1671 3307 ἀναγκαῖον*
1711 3241 1813 3294 οὐκ
1843 3241 1970 3312 ἄρα

375 3324 497 3378 ἐστὶ
515 3326 742 3395 δύναμις
780 3332 836 3382 ὲν
860 3333 1010 3393 αὑτῴ
1031 3327 1286 3399 τοιαύτη.

447 3600 514 3656 δ’.
534 3603 661 3654 ’Ἔτι
695 3603 804 3655 πᾶν
820 3600 882 3655 τὸ
899 3616 1088 3653 ποιουν
1112 3602 1256 3654 ποιεῖ
1338 3600 1592 3670 ἐνέργειά
1608 3599 1954 3658 ὲστιν.”οταν

367 3697 478 3749 οὐκ
508 3698 656 3749 ἐστιν
688 3697 807 3748 ὅλον
836 3697 1117 3764 ἐνέργεια,
1147 3698 1247 3766 οὐχ
1273 3701 1378 3764 ὃΑῳ
1406 3695 1586 3760 ἑαυτῷ
1619 3697 1782 3758 ποιεῖ,
1817 3693 1957 3747 ἀλλὰ

376 3807 486 3842 τινι
517 3787 812 3842 ὲαυτοῦ.“υ
841 3792 896 3841 δὲ
921 3791 995 3859 μὴ
1021 3789 1130 3857 ὅλῳ
1151 3776 1330 3858 ἐαυτῷ
1351 3789 1497 3850 ποιεῖ
1535 3789 1634 3842 οὐκ
1656 3789 1772 3841 ἐστι
1807 3785 1957 3861 πρῶ-

373 3899 468 3936 τον
485 3882 695 3947 ποιοῦν.
718 3881 870 3933 Ποιεί
886 3882 994 3952 γὰρ
1016 3883 1160 3944 τινὸς
1183 3879 1465 3950 μετουσίᾳ,
1484 3882 1580 3932 καὶ
1595 3882 1657 3935 οὐ
1674 3881 1740 3951 τῇ
1759 3879 1955 3933 ἑαυτοῦ

370 3975 554 4048 οὐσίᾳ.
574 3975 647 4030 Τὸ
670 3975 895 4046 πρῶτον
924 3974 1033 4045 ἄρα
1064 3974 1275 4038 ποιοῦν,
1310 3974 1447 4043 ὅπερ
1469 3975 1616 4026 ἐστὶν
1638 3973 1665 4026 ὁ
1689 3972 1840 4036 Θεὸς,
1863 3973 1953 4026 οὑι

375 4069 576 4136 δεμίαν
624 4071 736 4139 ἔχει
792 4068 1023 4138 δύναμιν
1063 4068 1566 4138 παραμεμιγμένην
1606 4066 1802 4133 ἑαυτῷ,
1835 4065 1956 4119 καθ’

376 4168 447 4232 ἢν
486 4165 638 4214 ουόὲν
685 4164 850 4226 ποιεῖ,
883 4161 996 4215 ἀλλ’
1028 4160 1175 4214 ἔστιν
1197 4161 1317 4224 ὅλος
1342 4161 1592 4230 ἐνέργεια
1645 4159 1882 4227 καθαρά.

449 4261 512 4308 ε’.
547 4256 668 4308 Ἐτι
717 4257 765 4306 εί
800 4258 909 4308 πᾶν
954 4255 1018 4308 τὸ
1067 4253 1258 4308 ποιοῦν
1306 4255 1451 4306 ποιεί
1501 4251 1622 4306 καθ’
1653 4253 1681 4304 ὃ
1708 4252 1959 4318 ἐνέργειά

376 4350 617 4414 ὲστιν,ὸ
674 4348 728 4400 δὲ
796 4347 930 4411 Θεὸς
997 4348 1101 4402 οὐκ
1170 4347 1318 4401 ἔστιν
1387 4347 1636 4417 ἐνέργεια
1702 4345 1957 4412 καθαρὰ,

378 4442 500 4494 ἀλλ’
553 4442 806 4513 ἐνέργεια
878 4441 1356 4512 παραμεμιγμένη
1427 4439 1697 4508 δυνάμει,
1767 4437 1958 4505 ὥσπερ

378 4534 601 4609 [ὅσπερ]
645 4536 744 4606 οὐχ
807 4535 915 4604 ὅλῳ
974 4534 1154 4604 ἑαυτῷ
1225 4535 1486 4604 ἐνεργεῖ,
1541 4531 1658 4584 οὐδ’
1721 4527 1845 4582 ὅλον
1905 4544 1958 4581 τι

379 4632 643 4700 ποιήσει·
706 4630 843 4685 ἀλλὰ
892 4631 1142 4700 δεήσεταί
1203 4644 1348 4690 τινος
1386 4616 1755 4693 ὑποκειμένης
1809 4621 1968 4675 δυνά-

385 4743 531 4796 μεως
572 4723 887 4793 παυητιιῆς
924 4725 1056 4787 πρὸς
1086 4723 1145 4775 τὸ
1183 4723 1378 4785 ποιεῖν,
1420 4716 1610 4786 ὥσπερ
1642 4717 1712 4769 τὰ
1743 4714 1903 4779 ἄλλα,
1931 4713 1968 4767 ἃ

377 4823 504 4876 ἐστι
528 4822 755 4887 τοιαύτη
791 4836 1043 4882 ενεργςια
1065 4819 1122 4869 ἐν
1147 4812 1537 4883 ὑποκειμέναις
1558 4810 1842 4878 δυνάμεσιο
1872 4807 1966 4859 καὶ

384 4917 442 4970 εί
473 4915 656 4979 τοῦτο,
693 4913 752 4967 οὐ
788 4911 1213 4982 δημιουργήσει.
1254 4907 1427 4962 Τοῦτο
1470 4905 1579 4973 γάρ
1619 4906 1735 4956 ἐστι
1779 4901 1839 4954 τὸ
1874 4901 1967 4971 δη-

387 5008 694 5078 μιουργεῖν,
726 5010 786 5060 τὸ
813 5010 876 5057 ἐκ
918 5005 1145 5074 μηδαμῆ
1177 5000 1447 5072 μηδαμῶς
1481 4997 1658 5051 ποιεῖν
1707 4998 1779 5060 τὶ,
1825 4994 1962 5060 ὅπερ

382 5101 450 5155 ὂν
482 5101 741 5167 τυγχάνει
778 5098 929 5166 παρὰ
959 5097 1029 5149 τὰ
1064 5096 1162 5165 τῆς
1192 5095 1354 5163 ἁγίας
1395 5089 1622 5163 Γραφῆς
1651 5087 1966 5156 ἀξιώματα.

385 5195 508 5247 Οὐχ
544 5194 650 5256 ἀρα
703 5193 851 5244 ἐστὶν
901 5194 933 5260 ἡ
984 5188 1214 5260 δύναμις
1263 5191 1322 5240 ὲν
1369 5185 1447 5256 τῷ
1485 5175 1966 5262 Θεῷπαθητικὴ,

384 5289 515 5340 κου’
555 5290 622 5355 ἣν
653 5287 852 5354 πάσχει
883 5300 935 5335 τι
973 5282 1155 5352 μόνον,
1185 5279 1278 5333 καὶ
1309 5280 1370 5331 οὐ
1403 5278 1570 5334 ποιεῖ.

463 5386 539 5445 ς’.
589 5379 712 5434 Ἔτι
766 5376 1020 5447 καθάπερ
1071 5376 1302 5430 ἕκαστον
1352 5375 1569 5445 ἐνεργεῖ
1717 5369 1970 5442 ἐνέργειά

383 5476 559 5539 ἔστιν,
588 5460 730 5527 οὕτω
779 5475 874 5527 καὶ
935 5473 1136 5542 πάσχει
1189 5469 1324 5522 καθὸ
1355 5467 1500 5541 [καθ’
1548 5465 1599 5540 ὃ]
1637 5464 1964 5534 δυνάμει’ὴ

385 5569 505 5638 γὰρ
532 5569 746 5637 κίνησίς
791 5571 937 5620 ἐστιν
968 5568 999 5635 ἡ
1033 5565 1285 5633 ἐνέργεια
1313 5563 1407 5617 τοῦ
1441 5563 1693 5632 δυνάμει,
1801 5558 1966 5611 δυνά-

467 5784 545 5856 (ι)
580 5780 706 5856 llaec
739 5776 850 5833 lere
874 5771 1109 5856 sumpsit
1161 5769 1472 5856 aciudynus
1517 5780 1580 5822 ex
1634 5765 1693 5822 ε.
1742 5764 1975 5820 'l'homa.

388 5844 541 5914 ιξιῂὶ
575 5853 774 5913 Contra
810 5855 1004 5921 gentes,
1026 5862 1143 5914 cap.
1175 5844 1257 5898 lh’.

1991 4574 2045 4634 D

2039 558 2150 600 non
2193 544 2264 598 sit
2307 543 2509 598 inDeo
2543 544 2782 614 polentia
2815 545 3055 614 passiva,
3107 545 3425 598 ostendetur
3479 543 3621 596 idem

2035 651 2158 692 esse
2192 636 2314 706 ejus
2366 636 2665 690 essentiam
2696 649 2760 690 ac
2789 650 2925 691 esse
2952 636 3150 705 ipsius,
3202 647 3252 688 et
3290 651 3355 690 ex
3388 650 3452 690 eo
3482 637 3625 705 quod

2039 745 2144 783 non
2176 730 2247 783 sit
2278 729 2332 783 in
2364 744 2432 783 eo
2463 727 2713 793 materia,
2755 729 3217 784 demonstrabitur
3253 729 3624 797 operationem

2038 823 2179 894 ejus,
2220 837 2340 891 quas
2369 831 2452 877 est
2492 819 2751 891 perfectio
2780 831 2840 877 et
2884 821 3079 884 forma,
3116 823 3221 875 non
3259 837 3377 876 esse
3422 831 3625 890 partem

2042 916 2311 980 essentia,
2340 927 2394 970 et
2421 915 2502 971 sic
2529 915 2669 970 idem
2699 929 2820 971 esse
2850 915 3222 985 Operatinuem
3249 915 3342 969 Dei
3367 930 3431 967 ac
3462 914 3630 984 ipsius

2040 1009 2358 1072 essentiam,
2413 1008 2558 1075 quod
2608 1023 2754 1063 nunc
2799 1009 2852 1062 in
2883 1009 3238 1078 quasstionent
3273 1009 3624 1078 proponitur.

2042 1114 2173 1196 cap.
2200 1123 2286 1178 Ill.
2329 1119 2481 1190 Quod
2517 1126 2568 1179 in
2605 1125 2711 1180 Deo
2750 1143 2852 1181 non
2892 1135 2966 1179 est
2997 1124 3228 1194 potentia
3257 1126 3488 1194 passiva.

2119 1284 2168 1337 l.
2199 1283 2499 1340 Potentiam
2538 1285 2811 1354 passivam
2843 1285 2895 1337 in
2929 1282 3037 1338 Deo
3071 1297 3192 1338 esse
3227 1299 3337 1337 non
3371 1297 3532 1351 posse
3554 1281 3635 1335 sic

2045 1376 2473 1433 demonstratur.
2493 1377 2664 1432 Omne
2683 1379 2828 1432 enim
2855 1377 2929 1441 id,
2947 1378 2998 1430 in
3020 1378 3179 1446 cujus
3203 1378 3503 1432 Sililsiﬂlitiu
3534 1376 3631 1429 ad-

2047 1472 2308 1527 miscetur
2339 1473 2599 1543 potentia,
2623 1473 2674 1525 in
2708 1481 2973 1542 quantum
3008 1481 3090 1525 est
3123 1470 3431 1538 huiusmodi
3459 1478 3634 1538 potest

2046 1576 2169 1617 esse
2187 1573 2239 1616 et
2257 1578 2361 1617 non
2381 1579 2502 1617 esse
2523 1582 2535 1616 :
2557 1563 2698 1633 quod
2729 1564 2871 1617 enim
2902 1572 3074 1632 potest
3097 1577 3238 1628 esse,
3261 1570 3438 1631 potest
3467 1562 3632 1615 etiam

2047 1668 2158 1708 non
2193 1669 2335 1709 esse.
2371 1655 2512 1711 Deus
2544 1666 2722 1709 autem
2755 1653 3052 1708 secundum
3091 1668 3150 1708 se
3176 1670 3280 1708 non
3313 1661 3487 1720 potest
3523 1667 3632 1706 nou

2047 1760 2170 1801 esse
2205 1759 2330 1800 cum
2377 1748 2448 1802 sit
2478 1747 2841 1816 sempiternus
2881 1760 2895 1797 :
2941 1745 2994 1799 in
3026 1743 3134 1799 Deo
3165 1745 3333 1815 igitur
3383 1760 3489 1798 non
3549 1753 3634 1799 est

1969 1836 2009 1890 Β
2038 1839 2277 1907 potentia
2303 1837 2368 1891 ad
2396 1852 2539 1895 esse.

2122 1930 2174 1984 2.
2200 1931 2412 1996 Adhuc,
2445 1932 2689 2001 quamvis
2727 1932 2776 1986 id
2811 1931 2954 2002 quod
2978 1931 3307 2001 quandoque
3343 1941 3425 1986 est
3459 1933 3510 1986 in
3544 1949 3638 2004 po-

2050 2026 2237 2091 lentia,
2264 2026 2594 2095 quandoque
2620 2025 2672 2078 in
2707 2034 2853 2090 actu,
2887 2025 3038 2094 prius
3075 2025 3145 2078 sit
3177 2034 3420 2093 tempore
3445 2026 3498 2079 in
3539 2040 3638 2095 po-

2053 2120 2218 2174 tentia
2253 2133 2413 2189 quam
2453 2119 2506 2173 in
2556 2129 2702 2183 actu,
2759 2127 2942 2172 tamen
2989 2118 3312 2189 simpliciter
3354 2128 3510 2175 actus
3558 2130 3646 2175 est

2052 2211 2202 2282 prior
2249 2211 2521 2282 potentia;
2571 2212 2699 2283 quia
2747 2213 2990 2282 polentia
3019 2199 3127 2267 non
3158 2212 3349 2268 educit
3381 2229 3440 2268 se
3468 2213 3521 2267 in
3549 2227 3643 2268 ac-

2053 2312 2188 2371 tum,
2228 2307 2320 2361 sed
2351 2307 2604 2362 educitur
2641 2322 2737 2378 per
2769 2306 2972 2377 aliquid
3008 2307 3152 2377 quod
3189 2306 3260 2360 sit
3287 2315 3435 2363 actu.
3468 2306 3644 2362 Omne

2052 2399 2212 2470 igitur
2231 2402 2374 2469 quod
2396 2401 2547 2454 estin
2573 2401 2835 2471 potentia,
2859 2401 3020 2454 habet
3040 2400 3243 2471 aliquid
3270 2399 3420 2469 prius
3438 2400 3644 2468 seipso.

2053 2489 2192 2546 Deus
2238 2501 2418 2547 autem
2463 2507 2570 2547 non
2617 2493 2778 2547 habet
2810 2493 2961 2561 prius
3000 2492 3315 2562 seipso,~cst
3359 2492 3500 2545 enim
3538 2491 3649 2559 pri-

2050 2594 2199 2639 mum
2223 2600 2321 2641 ens
2348 2595 2402 2641 et
2433 2587 2607 2657 prima
2637 2587 2883 2641 omnium
2909 2601 3072 2642 causa
3095 2605 3114 2641 :
3151 2600 3260 2640 non
3287 2594 3373 2641 est
3407 2586 3573 2656 igitur
3595 2587 3649 2638 in

2047 2689 2114 2730 eo
2145 2677 2384 2746 potentia
2416 2678 2657 2748 passiva.

2121 2770 2176 2826 3.
2206 2769 2361 2835 Item,
2405 2772 2460 2827 id
2499 2773 2645 2842 quod
2675 2781 2755 2827 est
2799 2788 2897 2842 per
2939 2787 3002 2826 se
3044 2787 3267 2827 necesse
3305 2785 3449 2834 esse,
3500 2771 3650 2824 uultu

2049 2865 2210 2922 modo
2242 2875 2329 2922 est
2356 2866 2618 2936 possibile
2661 2881 2785 2922 esse
2813 2885 2827 2932 ;
2860 2866 2988 2935 quia
3020 2865 3164 2935 quod
3197 2872 3294 2919 est.
3324 2880 3420 2934 per
3457 2878 3517 2918 se
3548 2880 3647 2916 ne-

2054 2969 2209 3014 cesse
2241 2973 2386 3023 esse,
2435 2973 2542 3014 non
2578 2958 2742 3014 habet
2789 2973 3034 3015 causam.
3068 2957 3243 3012 Omne
3288 2967 3467 3009 autem
3502 2956 3650 3024 quod

2048 3058 2133 3105 est
2160 3049 2420 3120 possibile
2453 3064 2594 3115 esse,
2626 3051 2788 3105 habet
2815 3065 3062 3104 causam.
3084 3050 3148 3104 Et
3180 3050 3223 3103 si
3249 3049 3470 3119 quidem
3498 3051 3654 3118 seip-

2054 3158 2176 3199 sum
2199 3143 2395 3197 habeat
2421 3157 2664 3205 causam,
2693 3153 2822 3198 tunc
2847 3144 2950 3198 erit
2975 3144 3150 3213 ipsum
3174 3142 3437 3210 suiipsius
3461 3158 3650 3205 causa.

2061 3235 2208 3306 quod
2241 3244 2325 3292 est
2345 3236 2723 3305 impossibile;
2757 3236 2801 3292 si
2839 3251 2967 3290 vero
3017 3235 3163 3289 aliud
3194 3235 3391 3290 habeat
3430 3251 3654 3290 causam

2064 3339 2196 3384 tunc
2224 3345 2332 3384 non
2360 3330 2465 3384 erit
2502 3347 2596 3400 per
2638 3345 2699 3385 so
2744 3345 2968 3385 necesse
2996 3345 3138 3384 esse.
3171 3330 3309 3384 Deus
3343 3339 3524 3384 autem
3559 3347 3659 3401 per

2062 3433 2132 3473 se.
2155 3427 2238 3474 est
2270 3433 2496 3475 necesse
2520 3435 2674 3478 esse:
2709 3436 2814 3475 non
2851 3420 3016 3491 igitur
3042 3429 3124 3476 cst
3167 3421 3218 3474 in
3242 3437 3310 3474 eo
3342 3422 3653 3478 istiusmodi

2064 3513 2329 3579 potentia.

2127 3601 2189 3655 4.
2230 3603 2499 3672 Amplius,
2534 3603 2958 3676 unumquodque
2993 3607 3124 3677 agit,
3176 3609 3473 3680 secundum
3507 3613 3655 3676 quod

2060 3701 2151 3750 est
2171 3704 2314 3749 actu.
2351 3693 2504 3760 Quod
2541 3696 2706 3764 igitur
2739 3711 2844 3749 non
2892 3704 2975 3751 est
3005 3706 3152 3752 totus
3175 3708 3369 3760 actus,
3405 3713 3510 3752 non
3539 3708 3654 3752 tom

2063 3803 2122 3844 se
2171 3789 2321 3861 τιδὴ..
2351 3791 2441 3845 sed
2491 3789 2677 3859 aliquo
2734 3789 2837 3844 sui.
2890 3789 3051 3856 .Quod
3080 3800 3260 3844 autem
3315 3801 3570 3852 nontoto
3601 3809 3662 3847 se

2065 3881 2197 3950 agit,
2225 3890 2428 3935 nonest
2447 3880 2683 3948 primum
2713 3896 2913 3949 agens:
2941 3882 3051 3953 agit
3083 3883 3228 3937 enim
3269 3884 3504 3953 alicujus
3537 3901 3665 3955 par-

2067 3972 2405 4043 ticipatione,
2454 3988 2563 4026 non
2603 3987 2699 4042 per
2736 3975 3030 4028 essentiam
3066 3991 3249 4032 suam.
3285 3973 3528 4034 Primum
3559 3980 3664 4047 igi-

2066 4073 2156 4120 tur
2186 4080 2376 4134 agens,
2409 4066 2555 4136 quod
2601 4077 2685 4122 est
2716 4066 2878 4133 Deus,
2907 4068 3114 4122 nullam
3153 4069 3316 4125 habet
3358 4073 3659 4140 potentiam

2066 4156 2174 4214 sibi
2210 4157 2523 4224 admistam,
2562 4158 2659 4216 sed
2685 4167 2770 4214 est
2799 4167 2946 4213 totus
2981 4170 3137 4217 actus
3166 4175 3358 4230 purus.

2137 4248 2192 4304 5.
2222 4247 2378 4311 Item,
2399 4249 2444 4304 si
2473 4263 2634 4303 omne
2662 4263 2829 4320 agens
2849 4251 2961 4319 agit
2986 4251 3038 4304 in
3070 4259 3335 4318 quantum
3368 4264 3450 4308 est
3482 4264 3657 4318 actus,

2069 4339 2214 4398 Deus
2244 4350 2427 4397 autem
2468 4355 2574 4395 nou
2601 4341 2675 4396 sit
2703 4351 2860 4396 actus
2900 4358 3090 4411 purus,
3128 4344 3219 4398 sed
3251 4360 3411 4401 actus
3446 4347 3659 4404 admis-

2070 4435 2156 4492 lus
2192 4435 2444 4506 potentia:
2472 4435 2564 4506 qui
2608 4449 2714 4491 non
2747 4444 2856 4490 toto
2897 4450 2956 4490 se
2986 4437 3118 4507 agit,
3154 4451 3263 4504 non
3290 4497 3291 4500 η
3317 4447 3491 4493 totum
3529 4443 3659 4510 quid

2069 4537 2209 4600 aget,
2241 4530 2335 4584 sed
2385 4545 2522 4599 opus
2565 4529 2788 4583 habebit
2832 4529 3016 4599 aliqua
3043 4531 3288 4600 subjecta
3323 4533 3565 4600 potentia
3595 4533 3664 4586 ad

2073 4623 2540 4694 agendum,.sicut
2575 4623 2704 4688 alia,
2740 4637 2860 4692 ιιιιιο
2888 4631 3015 4676 sunt
3060 4621 3370 4691 hujusmodi
3407 4634 3565 4678 actus
3609 4627 3662 4679 in

2072 4719 2335 4789 subjectis
2366 4717 2646 4789 potentiis.
2677 4716 2742 4771 Et
2776 4714 2822 4771 si
2855 4716 2927 4770 ita
2972 4716 3064 4781 sit,
3118 4732 3226 4771 non
3260 4719 3471 4774 creabit
3499 4720 3663 4789 (nam

2072 4826 2263 4866 creare
2296 4820 2379 4866 est
2411 4826 2475 4864 ex
2516 4810 2687 4864 nihilo
2718 4809 2921 4878 aliquid
2964 4809 3166 4881 facere)
3193 4851 3208 4875 ,
3236 4811 3380 4880 quod
3411 4821 3497 4866 est
3527 4826 3667 4864 con-

2074 4915 2156 4958 tra
2189 4919 2360 4958 sacra:
2391 4902 2685 4972 Scriptura:
2730 4901 3132 4957 auctoritatem.
3157 4900 3272 4956 Non
3306 4903 3474 4974 igitur
3501 4912 3585 4957 est
3612 4907 3665 4957 in

2077 4993 2187 5049 Deo
2216 4995 2454 5064 potentia
2477 4995 2713 5064 passiva,
2735 4994 3033 5050 secundum
3055 5011 3216 5064 quam
3239 4994 3439 5065 aiiquid
3463 4998 3630 5064 palitu
3643 5014 3667 5048 ι·

2072 5097 2284 5144 tantum
2316 5099 2370 5145 et
2392 5105 2498 5143 non
2526 5091 2657 5160 agit.

2139 5365 2195 5420 6.
2243 5364 2476 5429 Rursus,
2533 5372 2962 5428 unun'tquouque
2994 5357 3136 5413 sicut
3168 5354 3275 5423 agit
3309 5356 3361 5406 iu
3395 5364 3659 5418 quantum

2075 5471 2157 5517 est
2187 5471 2332 5523 actu,
2365 5458 2437 5511 ita
2471 5453 2671 5525 patitur
2704 5451 2760 5505 in
2792 5460 3055 5523 quantum
3098 5458 3182 5502 est
3228 5446 3502 5517 potentia,
3536 5460 3661 5497 nam

2077 5564 2259 5610 motus
2287 5559 2371 5605 est
2417 5557 2571 5603 actus
2596 5545 2912 5602 exsistcntis
2941 5544 2991 5595 in
3020 5540 3279 5610 putentia,
3314 5539 3365 5592 in
3400 5548 3661 5610 quantum

2160 5756 2236 5826 (5)
2269 5755 2489 5813 Videtur
2543 5753 2648 5809 hoc
2694 5751 2781 5806 vel
2823 5750 2998 5806 simile
3039 5748 3168 5818 quid
3197 5750 3406 5814 deesse,
3441 5746 3514 5816 μὴ
3574 5742 3663 5796 δύ-

2089 5848 2266 5886 vana.
