4086 6228
552 321 688 384 Ῑὶ99

1771 309 2151 370 GREGORH
2211 306 2579 369 ACINDYNI

3673 306 3814 373 ιεοο

541 452 624 496 est
657 440 711 493 in
745 432 1008 507 potentia,
1039 431 1184 485 sicut
1215 426 1503 484 aediﬁcatio
1534 433 1619 481 est
1649 436 1805 481 actus
1825 424 2118 481 aediﬁculii—

2235 441 2335 489 ιει,
2362 421 2551 494 ὥσπερ
2599 423 2631 494 ἡ
2675 420 3027 493 οίκοδόμησις
3055 421 3174 478 τῶν
3223 420 3625 495 οἱκοδομητῶν.
3669 424 3732 478 Ὀ
3756 425 3816 478 δὲ

540 535 696 590 lium.
730 530 834 584 Sed
866 527 1005 581 Deus
1029 533 1112 579 est
1132 522 1356 576 omnino
1383 518 1737 589 lmpassibilis
1769 533 1832 572 ac
1865 517 2122 572 immuta-

541 627 665 682 bilis
697 641 713 679 :
744 641 762 673 ι
797 620 951 689 Apud
985 633 1172 687 quem,
1205 615 1431 677 dicitur,
1463 629 1572 666 non
1602 621 1683 667 est
1719 609 2120 672 transmutatio,

538 736 637 775 nec
669 715 1062 772 vicissitudinis
1096 709 1478 767 obumbratio‘
1517 726 1567 760 ,ι
1602 703 1745 759 Nihil
1771 703 1934 773 igitur
1965 701 2126 754 habet

539 815 605 866 de
643 810 877 880 potentia
911 804 1122 860 scilicet
1146 804 1378 871 passiva.

614 907 665 957 7.
703 904 928 967 lterum,
965 899 1217 953 videmus
1251 892 1454 962 aliquid
1500 890 1648 945 exire
1692 888 1759 943 de
1792 885 2030 956 potentia
2068 882 2120 936 in

539 1009 746 1053 actum.
767 995 831 1049 Et
853 995 976 1064 quia
1000 990 1144 1062 quod
1169 987 1321 1057 estin
1345 981 1867 1062 potentiaqnondum
1887 987 1992 1043 est,
2022 992 2127 1030 un-

540 1095 605 1146 de
627 1104 726 1144 ncc
757 1063 913 1155 agere
948 1091 1143 1153 potest,
1178 1092 1308 1147 ergo
1343 1081 1551 1144 Oportet
1582 1086 1701 1124 esse
1739 1067 1940 1138 aliquid
1976 1063 2125 1119 aliud

543 1185 834 1254 prius,quo
878 1180 1142 1232 educatur
1189 1174 1240 1224 in
1267 1167 1550 1223 actum.Et
1588 1165 1782 1219 iterum
1809 1163 1851 1217 si
1903 1165 2004 1215 hoc
2043 1165 2128 1211 est

541 1279 729 1332 exiens
761 1274 828 1327 de
864 1269 1101 1341 potentia
1134 1265 1186 1318 in
1221 1273 1423 1326 actum,
1453 1267 1666 1329 oportet
1693 1263 1820 1308 ante
1873 1253 1976 1307 hoc
2027 1251 2130 1304 ali-

547 1373 678 1440 quid
707 1365 853 1422 aliud
889 1364 1038 1435 poni,
1069 1377 1176 1430 quo
1200 1359 1376 1428 ipsum
1406 1354 1668 1407 educatur
1702 1348 1768 1403 de
1803 1345 2042 1417 potentia
2071 1343 2126 1396 in

547 1474 752 1518 actum.
774 1461 839 1514 Et
863 1458 988 1527 quia
1021 1458 1076 1508 in
1104 1450 1379 1507 inlinitum
1409 1443 1624 1515 procedi
1648 1454 1756 1493 non
1781 1445 1980 1509 potest,
2001 1447 2128 1502 ergo

543 1563 759 1628 oportet
808 1549 1062 1607 devenire
1098 1545 1163 1598 ad
1202 1541 1403 1610 aliquid
1441 1537 1584 1606 quod
1617 1542 1698 1591 est
1728 1542 1854 1586 actu
1881 1537 2125 1584 tantum:

541 1664 594 1704 et
637 1652 735 1703 hoe
760 1646 995 1700 dicimus
1027 1642 1216 1695 Deum.
1249 1632 1370 1688 Non
1409 1633 1589 1702 igitur,
1629 1637 1732 1681 etc.

612 1829 664 1882 8.
690 1827 978 1886 Prmterea,
1015 1821 1137 1874 talis
1166 1816 1399 1888 potentia
1436 1822 1517 1868 est
1544 1811 1674 1882 quid
1707 1807 2085 1880 imperfectum
2112 1821 2128 1871 ;

545 1938 668 1978 nam
698 1921 741 1976 si
772 1919 1055 1982 habt-amr,
1089 1914 1264 1968 l‘orma
1304 1910 1602 1981 perﬁcitur.
1645 1904 1789 1960 Nihil
1822 1911 2000 1956 autem
2027 1900 2131 1953 im-

545 2014 844 2086 perfectum
879 2022 961 2066 est
991 2010 1044 2064 in
1079 2007 1220 2062 Deo:
1255 2020 1384 2073 ergo
1426 2018 1525 2058 nec
1571 1997 1884 2070 hujusrnodi
1933 2004 2130 2066 poten-

547 2114 646 2167 tia.
685 2109 840 2176 Quod
887 2108 931 2160 si
964 2104 1088 2175 quis
1119 2104 1265 2158 dicat
1312 2097 1474 2154 talem
1509 2093 1804 2166 potentiam
1854 2102 2130 2158 nunquam

543 2221 667 2260 esse
685 2204 892 2269 absque
917 2195 1237 2253 exsistentia
1265 2203 1315 2246 et
1334 2191 1528 2255 forma,
1554 2186 1686 2240 nihil
1714 2184 1836 2240 inde
1860 2183 2129 2253 sequitur:

546 2317 675 2354 nam
707 2298 850 2368 quod
879 2294 985 2350 alio
1027 2290 1332 2363 perﬁcitur,
1384 2285 1440 2340 in
1486 2283 1667 2353 seipse
1702 2279 2128 2343 consideratum,

547 2402 628 2446 est
662 2388 1062 2458 imperfectum.

617 2485 672 2539 9.
718 2457 969 2550 Insuper,
1025 2477 1272 2531 videmus
1316 2467 1523 2538 aliquid
1578 2464 1717 2536 quod
1761 2470 1846 2517 est
1889 2457 2132 2531 potentia

545 2588 601 2635 et
633 2585 778 2642 actu,
810 2576 953 2629 sicut
992 2569 1286 2634 naturalia,
1317 2573 1371 2621 et
1415 2562 1563 2617 aliud
1593 2558 1736 2628 quod
1772 2567 1854 2612 est
1886 2554 2129 2624 potentia

548 2678 790 2732 tantum,
835 2674 894 2719 ut
944 2660 1224 2717 materiam
1272 2659 1522 2724 primam.
1560 2648 1786 2721 Oportet
1819 2647 1981 2716 igitur
2013 2657 2133 2699 esse

548 2760 754 2832 aliquid
787 2758 950 2812 etiam
984 2753 1130 2825 quod
1175 2749 1244 2805 sit
1290 2757 1500 2803 tantum
1546 2755 1668 2799 actu
1701 2740 1821 2795 sine
1855 2739 2129 2810 potentia:

547 2867 602 2911 et
636 2830 739 2910 huc
777 2852 1010 2907 dicimus
1032 2860 1152 2904 esse
1180 2844 1374 2901 Deum.
1401 2840 1522 2896 Non
1580 2838 1747 2910 igitur
1801 2845 1884 2890 est
1920 2834 1971 2890 in
2021 2830 2134 2887 Deo

546 2948 787 3021 potentia
816 2945 1052 3016 passiva.

627 3046 713 3098 10.
764 3040 897 3104 lino,
943 3037 990 3092 si
1025 3049 1133 3105 qua
1165 3033 1238 3087 sit
1285 3030 1340 3085 in
1371 3027 1482 3083 Deo
1525 3023 1837 3096 hujusmodi
1870 3018 2129 3092 potentia,

2229 518 2361 579 Θεός
2395 518 2512 571 ἐστι
2568 518 2748 585 πάντη
2799 514 3041 587 ἀπαθὴς,
3084 517 3180 570 καὶ
3234 517 3642 588 ἀμετάϐλητος.
3670 516 3817 590 Παρ*

2225 610 2288 664 οὖ
2344 609 2482 681 γὰρ,
2520 610 2708 678 φησὶν,
2765 608 2867 662 οὒκ
2928 611 3042 663 ἔστι
3107 609 3435 681 παραλλαγὴ
3502 611 3533 681 ἢ
3596 597 3819 683 τροπῆς

2226 705 2612 774 ἀποσκίασμα.
2663 702 2832 757 Οὐδὲν
2885 701 2994 774 ἄρα
3039 702 3157 773 ἔχει
3213 706 3276 757 ὲκ
3334 705 3434 774 τῆς
3492 705 3816 778 παθητικῆς

2227 795 2534 865 δυνάμεως.

2300 893 2366 956 ζ’.
2407 892 2527 944 Ἔτι
2577 891 2797 961 ὁρῶμέν
2840 908 2897 944 τι
2948 891 3090 956 ὲξιὶν
3124 893 3189 945 ἐκ
3237 891 3330 946 τοῦ
3370 892 3600 960 δυνάμει
3639 895 3722 956 είς
3754 891 3819 942 το

2229 986 2500 1057 ἐνεργείᾳ·
2537 986 2626 1041 καὶ
2681 986 2802 1040 ἐπεὶ
2850 986 2912 1039 τὸ
2955 987 3185 1057 δυνάμει
3237 983 3297 1039 ὃν
3343 985 3498 1039 οὔπω
3551 988 3690 1052 ἐστὶ,
3736 986 3821 1037 διὸ

2229 1082 2351 1134 οὐδὲ
2397 1083 2642 1151 ἐνεργεῖν
2667 1081 2916 1146 δύναται,
2967 1083 3214 1152 ἀνάγκην
3258 1078 3400 1134 εἷναί
3434 1099 3489 1134 τι
3522 1080 3650 1136 ἄλλο
3681 1083 3809 1150 πρέ-

2228 1192 2408 1244 τερον,
2453 1177 2522 1228 δι’
2583 1174 2643 1229 οὗ
2699 1178 2784 1239 είς
2837 1176 2899 1228 τὸ
2953 1177 3204 1247 ἐνεργείᾳ
3260 1174 3694 1246 προαχθήσεται.
3753 1176 3816 1229 El

2228 1270 2411 1323 τοίνυν
2461 1269 2558 1322 καὶ
2610 1268 2770 1322 τοῦτο
2825 1266 3026 1333 ἔξεισιν
3069 1270 3135 1321 ἐκ
3187 1266 3281 1321 τοῦ
3327 1267 3556 1335 δυνάμει
3609 1267 3693 1328 είς
3752 1266 3820 1318 τὺ

2230 1363 2502 1434 ὲνεργεὲᾳ,
2535 1361 2753 1432 ἀνάγκη
2799 1362 2894 1416 καὶ
2937 1359 3129 1414 τούτου
3177 1375 3230 1412 τι
3273 1360 3463 1431 ἕτερον
3509 1364 3820 1428 προῡποτι-

2235 1455 2407 1523 θέναι,
2446 1456 2690 1525 προάγον
2733 1454 2864 1510 αύτδ
2903 1455 2968 1508 ἐκ
3001 1455 3096 1508 τοῦ
3149 1453 3380 1525 δυνάμει
3429 1454 3514 1517 εἰς
3563 1452 3624 1506 τὸ
3660 1455 3819 1521 ὲνερο

2233 1549 2517 1621 γείᾳ.Καὶ
2567 1549 2690 1601 ἐπεὶ
2745 1548 2834 1600 ἐπ’
2887 1548 3120 1617 ἄπειρον
3161 1547 3411 1617 προϊέναι
3447 1547 3510 1599 οὐ
3562 1545 3814 1608 δύναται,

2235 1645 2450 1712 ἀνάγκη
2484 1643 2733 1709 ἀπαντᾷν
2767 1642 2848 1705 εἰς
2893 1642 2954 1692 τὸ
2982 1641 3235 1716 ἐνεργείᾳ
3292 1640 3476 1709 μόνον,
3516 1639 3613 1691 καὶ
3656 1638 3819 1692 τοῦτο

2236 1737 2418 1808 φαμὲν
2445 1736 2537 1788 τὸν
2566 1734 2720 1790 Θεόν.
2759 1734 2872 1787 υὺκ
2905 1733 3035 1803 ἄρα,
3073 1732 3172 1786 καὶ
3209 1733 3276 1786 τὰ
3306 1731 3515 1786 λοιπά.

2303 1838 2375 1899 η’.
2412 1830 2533 1883 Ἔτι
2585 1831 2619 1900 ἡ
2662 1827 2886 1898 τοιαύτη
2937 1826 3168 1896 δύναμίς
3218 1826 3333 1879 ἐστί
3385 1843 3440 1876 τι
3495 1825 3711 1888 ἀτελές.
3745 1825 3815 1878 Εἰ

2232 1923 2341 1993 γὰρ
2383 1923 2514 1987 ἕξει,
2549 1923 2680 1976 εἴδει
2728 1919 3059 1973 τελειοῦται.
3090 1916 3258 1972 Οὐδὲν
3298 1917 3354 1971 δὲ
3400 1916 3593 1979 ἀτελὲς
3637 1907 3700 1969 ὲν
3731 1916 3816 1986 τῷ

2233 2017 2372 2088 Θεῷ.
2414 2016 2536 2072 Οὐδ’
2585 2017 2696 2086 ἄρα
2759 1999 2996 2085 δύναμις
3056 2012 3306 2083 τοιαύτη.
3368 2010 3485 2064 Κᾶν
3535 2010 3674 2082 λέγῃ
3727 2025 3819 2072 τις

2231 2112 2332 2182 τὴν
2377 2109 2637 2180 τοιαύτην
2677 2108 2908 2177 δύναμιν
2941 2093 3226 2178 ’μηδέποτε
3277 2099 3420 2158 εἶναι
3463 2104 3594 2158 ἄνευ
3641 2102 3819 2170 ἕξεως

2233 2205 2266 2276 ἦ
2335 2204 2544 2271 είὸους,
2598 2202 2712 2257 οὐδ’
2755 2202 2930 2267 οὕτως
2986 2198 3376 2274 συμπεραίνει.
3435 2198 3553 2251 Πᾶν
3613 2199 3726 2266 γὰρ
3778 2190 3821 2249 ’ὃ

2232 2302 2405 2370 ἑτέρῳ
2453 2299 2662 2354 τέλειόν
2717 2299 2854 2360 ἐστι,
2891 2296 3016 2353 καθ’
3055 2296 3189 2351 αὐτὸ
3233 2291 3617 2364 θεωρούμενὸν
3661 2292 3819 2344 ἐστιν

2232 2395 2443 2457 ἀτελές.

2302 2487 2370 2540 θ’.
2405 2489 2529 2540 Ἔτι
2559 2486 2777 2557 ὁρῶμέν
2806 2503 2857 2538 τι
2883 2485 3137 2553 δυνάμει,
3173 2483 3268 2538 καὶ
3304 2481 3588 2552 ἐνεργείᾳ,
3615 2479 3815 2557 ὥσπερ

2231 2582 2300 2635 τὰ
2345 2551 2896 2652 φυσικάξκαὶηᾶλλο
2935 2551 3168 2647 δυνάμει
3219 2575 3408 2644 μόνον.
3462 2574 3659 2642 ὥσπερ
3713 2551 3820 2641 τὴν

2234 2675 2463 2747 πρώτην
2508 2673 2662 2744 ὕλην.
2697 2673 2789 2724 Δεῖ
2835 2670 2942 2739 ἄρα
2996 2665 3135 2724 εἷναί
3180 2686 3234 2721 τι
3286 2669 3382 2722 καὶ
3429 2669 3688 2736 ἐνεργεξᾳ
3719 2666 3820 2732 μό-

2232 2785 2345 2832 νον,
2383 2767 2516 2822 ἄνευ
2559 2764 2654 2819 τοῦ
2698 2752 2952 2833 δυνάμει.
2980 2764 3090 2817 Καὶ
3137 2761 3297 2815 τοῦτο
3329 2761 3514 2828 φαμὲν
3546 2758 3696 2813 εἶναι
3721 2760 3818 2813 τὸν

2232 2860 2386 2915 Θεόν.
2418 2860 2531 2915 οὐκ
2565 2858 2673 2930 ἄρα
2701 2858 2850 2910 ἐστὶν
2881 2859 2938 2910 ἐν
2971 2856 3048 2926 τῷ
3075 2855 3196 2927 Θεῷ
3237 2854 3474 2924 δύναμις
3498 2853 3811 2923 παθητική.

2305 3044 2361 3096 ι’.
2399 3039 2543 3104 Ἔτι,
2579 3019 2627 3090 εί
2662 3035 2779 3089 ἔστι
2806 3052 2891 3097 τις
2915 3035 2974 3087 ὲν
3001 3034 3081 3105 τῷ
3114 3030 3235 3102 Θεῷ
3275 3031 3502 3101 τοιαύτη
3551 3031 3816 3105 δύναμις,

550 3134 960 3208 comparabitur
1011 3130 1077 3184 ad
1120 3124 1492 3196 operationem
1545 3121 1684 3173 sicut
1724 3117 1931 3171 habens
1979 3113 2046 3168 ad
2078 3113 2129 3168 id

2235 3131 2387 3186 ἔσται
2436 3132 2513 3195 ὡς
2562 3128 2686 3199 ἔχον
2725 3127 2864 3199 πρὸς
2911 3127 3173 3198 ἐχόμενον
3224 3124 3288 3178 τὸ
3330 3121 3607 3194 ἐνεργείᾳ,
3657 3123 3820 3177 Κατᾶ

552 3204 695 3299 quod
727 3228 995 3289 habt-tur;
1022 3235 1146 3275 nam
1175 3213 1472 3272 secundum
1502 3209 1797 3280 potentiam
1833 3204 2035 3276 aliquid
2056 3213 2140 3260 est

551 3297 783 3392 alicujus
799 3315 1151 3386 receptivum.
1170 3311 1283 3365 lloc
1305 3320 1483 3363 autem
1503 3305 1645 3360 clare
1660 3299 1901 3357 confutet
1919 3297 2139 3354 Boetius

555 3419 612 3472 in
632 3415 778 3470 libro
811 3413 886 3467 De
906 3407 1282 3465 consolatione.
1308 3403 1604 3471 Postquam
1633 3397 1778 3452 enim
1807 3392 1944 3450 dixit
1967 3392 2135 3445 Deum

552 3521 676 3564 esse
708 3505 926 3575 plenmu
962 3498 1163 3554 summi
1200 3494 1350 3560 boni,
1391 3491 1600 3556 subdit,
1630 3483 1988 3558 philosophiae
2018 3496 2140 3552 per-

554 3613 746 3656 sonam
773 3607 966 3668 gerrns
993 3608 1007 3645 :
1042 3609 1059 3642 ι
1091 3587 1166 3643 Te
1195 3587 1340 3643 enim
1367 3585 1598 3640 obsecro
1629 3587 1688 3634 ut
1721 3585 1911 3634 sancte
1941 3589 2007 3630 ac
2033 3590 2136 3644 pu-

552 3693 773 3748 rissime
801 3687 1017 3759 jndices
1071 3683 1237 3737 Deum
1272 3678 1537 3750 optimum
1585 3686 1800 3730 summo
1841 3669 1985 3724 bono
2015 3679 2139 3722 esse

553 3782 957 3854 plenissimum,
992 3793 1057 3831 ne
1089 3775 1227 3829 forte
1258 3768 1513 3837 arbitrari
1546 3765 1748 3821 audeas
1788 3775 1971 3817 rerum
2020 3775 2139 3812 om-

555 3877 708 3929 nium
740 3881 944 3942 patrem
978 3866 1107 3922 illud
1149 3866 1350 3919 bonum
1399 3875 1505 3930 quo
1550 3873 1609 3913 se
1644 3855 1845 3926 repleri
1880 3860 2134 3918 testatur,

554 3965 638 4022 vel
665 3964 734 4018 ab
760 3964 1103 4018 extrinsecus
1127 3958 1436 4019 desumere,
1465 3952 1548 4008 vel
1573 3947 1918 4012 naturaliter,
1942 3944 2036 4000 sed
2058 3943 2140 4000 di-

556 4073 778 4114 versum
804 4072 833 4112 a
874 4071 972 4112 sua
994 4049 1324 4120 substantia,
1345 4056 1601 4115 tanquam
1621 4043 1667 4098 si
1701 4043 1842 4096 Deus
1869 4049 2012 4096 esset
2043 4038 2142 4092 ha-

557 4152 717 4216 bens,
766 4148 952 4205 habita
999 4160 1128 4200 vero
1175 4135 1730 4196 beatitudo:sienim
1762 4134 1830 4187 ab
1868 4131 2139 4187 exteriore

558 4241 837 4312 accepisse
873 4247 1031 4310 putes
1052 4277 1067 4302 ,
1112 4236 1381 4304 recipiens
1408 4247 1530 4287 esse
1562 4230 1801 4283 deterius
1845 4225 2010 4278 dante
2041 4238 2137 4278 su-

557 4337 754 4406 spicari
787 4333 1009 4403 poteris,
1031 4332 1182 4386 illum
1213 4341 1390 4384 tamen
1427 4325 1765 4396 superiorem
1800 4334 1922 4374 esse
1955 4317 2135 4373 omni-

558 4429 662 4483 bus
695 4429 891 4481 merito
921 4423 1285 4486 conﬁtemur;
1331 4420 1376 4474 si
1409 4432 1538 4472 vero
1567 4415 1657 4471 illa
1694 4415 1836 4468 bona
1874 4413 1928 4465 in
1980 4421 2138 4464 natu-

558 4537 620 4577 ra
649 4521 768 4590 ejns
802 4520 931 4585 sint,
981 4517 1075 4573 sed
1115 4516 1169 4570 in
1204 4513 1459 4584 operibus
1489 4510 1600 4565 sint
1629 4509 1868 4570 diversa,
1918 4505 2137 4573 quando

560 4617 629 4670 de
689 4630 872 4669 rerum
931 4611 1203 4682 principio
1250 4609 1551 4676 loquimur,
1598 4603 1868 4671 excogitet
1917 4600 2008 4669 qui
2047 4613 2141 4667 po-

562 4717 689 4773 test,
709 4708 833 4777 quis
864 4707 979 4760 haec
1008 4701 1290 4759 dissimilia
1321 4697 1688 4768 coniunxerit.
1721 4713 1738 4746 ι
1761 4693 1879 4748 Non
1900 4691 2137 4762 igiturin

561 4802 670 4855 Deo
706 4808 790 4855 est
819 4797 1074 4868 praedicta
1111 4798 1369 4866 potentia.

636 4978 724 5033 ll.
749 4977 1012 5046 Denique,
1037 4977 1162 5030 licet
1187 4975 1363 5044 aliqua
1392 4973 1536 5028 entia
1573 4973 1731 5026 talem
1761 4984 1865 5023 non
1897 4967 2132 5021 habeant

561 5073 857 5142 potentiam
895 5070 960 5122 ad
985 5070 1147 5121 aliam
1182 5069 1436 5130 formam,
1469 5068 1612 5119 sicut
1649 5062 1891 5118 emlestia
1929 5072 2129 5127 corpo-

563 5181 645 5226 ra,
697 5164 898 5216 habent
965 5169 1144 5214 tamen
1208 5161 1506 5229 potentiam
1567 5158 1633 5211 ad
1669 5171 1778 5210 non
1817 5165 2129 5209 esseznam

563 5256 989 5322 nnuniqumlque
1026 5255 1168 5307 hanc
1203 5268 1232 5306 e
1266 5251 1436 5306 nihilo
1466 5251 1619 5304 eﬁ'ert
1651 5253 1795 5302 velut
1854 5244 2130 5299 residuum

563 5348 808 5416 pristinae
849 5363 959 5401 non
1017 5349 1388 5402 exsistentim:
1447 5347 1566 5400 ideo
1620 5343 1919 5399 secundum
1981 5339 2125 5390 illam

565 5440 994 5511 unumquodque
1053 5451 1131 5496 est
1165 5442 1319 5505 nihil,
1351 5450 1404 5497 ct
1443 5447 1486 5497 si
1523 5439 1651 5510 quid
1705 5437 1922 5493 sibimet
1963 5435 2128 5486 relin-

637 5631 650 5658 ¹
684 5625 793 5680 Jac.
843 5644 884 5692 t,
924 5627 1008 5682 ll.

639 5793 712 5861 (tl)
747 5790 860 5846 Lib.
893 5806 970 5854 Ill,
1009 5789 1078 5842 Dc
1118 5791 1370 5844 ronsolut.
1407 5805 1565 5860 prosa
1603 5789 1828 5843 decima.

2238 3222 2448 3293 ταύτην
2471 3220 2579 3291 γάρ
2631 3218 2750 3274 ἐστί
2779 3235 2833 3272 τι
2867 3218 3119 3272 δεκτικόν
3152 3233 3324 3280 τινος.
3371 3217 3543 3269 Τοῦτο
3591 3216 3648 3268 δὲ
3679 3203 3822 3269 ἀπο-

2239 3315 2434 3386 τρέπει
2462 3313 2648 3381 σαφῶς
2678 3316 2705 3366 ὀ
2737 3313 2961 3382 Βοήτιος
2998 3310 3074 3382 (6)
3119 3311 3176 3364 ὲν
3210 3313 3278 3380 τῇ
3332 3307 3697 3380 Παραμυθίᾳ.
3726 3307 3822 3360 Εἰς

2240 3407 2361 3463 πὼν
2397 3407 2505 3479 γὰρ
2534 3405 2722 3480 πλήρη
2753 3400 2897 3458 εἶναι
2947 3404 3039 3457 τὸν
3070 3402 3206 3456 Θεὸν
3245 3402 3342 3455 τοῦ
3371 3401 3543 3470 ἄκρου
3575 3401 3819 3469 ἀγαθοῦ,

2240 3504 2436 3571 ἐπάγει
2463 3503 2571 3556 ἀπὸ
2598 3499 2693 3554 τοῦ
2735 3483 2834 3571 τῆς
2873 3497 3194 3566 φιλοσοφίας
3235 3496 3558 3564 προσώπου·
3592 3513 3613 3547 ι
3653 3495 3818 3547 ’Λλλὰ

2238 3598 2349 3668 γὰρ
2372 3594 2562 3667 δέομαί
2612 3609 2728 3660 σου,
2763 3593 2912 3655 ὅπως
2955 3591 3118 3652 ὁσίως
3147 3589 3259 3646 ,καὶ
3314 3589 3613 3651 navim;
3657 3589 3821 3640 τοῦτο

2240 3689 2564 3762 δοκιμάζῃς,
2596 3688 2659 3742 τὸ
2687 3686 2782 3740 τοῦ
2809 3686 2984 3756 ἄκρου
3024 3681 3232 3754 ἀγαθοῦ
3266 3683 3362 3736 τὸν
3405 3684 3576 3748 ἀκρον
3608 3681 3820 3749 ἁγαθὶν

2239 3782 2381 3840 εἶναι
2413 3781 2817 3852 πληρέστατον,
2859 3779 2937 3843 ὡς
2989 3778 3058 3832 ἂν
3106 3776 3183 3848 μὴ
3219 3775 3314 3829 τὸν
3357 3775 3466 3829 τῶν
3499 3775 3675 3827 οντων
3709 3793 3819 3827 πα-

2237 3879 2373 3946 τέρα
2427 3875 2645 3929 πάντων
2695 3873 2873 3926 ἐκεῖνο
2918 3871 2978 3925 τὸ
3028 3870 3233 3938 ἀγαθὸν
3287 3868 3348 3923 οὗ
3403 3869 3627 3941 πλήρης
3676 3864 3820 3928 εἶναι

2243 3970 2631 4042 μαρτυρεῖται,
2688 3967 2720 4037 ἢ
2791 3963 2995 4032 ἔξωθεν
3059 3962 3359 4034 λαμϐάνειν
3424 3965 3649 4032 φρονεῖν
3695 3963 3820 4017 τολ-

2243 4066 2511 4137 μήσειας,
2569 4061 2603 4133 ἢ
2641 4058 2887 4129 φυσικῶς
2932 4058 3031 4128 μὲν
3077 4057 3261 4127 ἔχειν,
3306 4056 3541 4128 διάφορα
3583 4056 3632 4110 δ’
3675 4050 3818 4110 εἶναι

2237 4161 2337 4228 τὴν
2366 4155 2623 4226 ὓπαρξιν,
2648 4153 2723 4217 ὡς
2753 4153 2821 4207 ἂν
2855 4153 3070 4222 ἔχοντος
3099 4148 3194 4204 τοῦ
3227 4147 3389 4213 Θεοῦ,
3428 4149 3519 4204 καὶ
3546 4151 3821 4222 ἐχομένης

2243 4249 2674 4322 μακαριότητος.
2718 4245 2783 4299 El
2825 4245 2923 4315 μὲν
2973 4244 3083 4313 γὰρ
3130 4240 3331 4307 ἔξωθεν
3365 4242 3652 4310 εἰληφέναι
3686 4243 3821 4295 ὑπο-

2239 4341 2568 4412 λαμϐάνεις,
2627 4341 2877 4409 κρεῖττον
2942 4333 3037 4388 τοῦ
3104 4334 3392 4404 εἰληφότος
3449 4335 3513 4387 τὸ
3575 4335 3821 4399 δεδωκδς

2240 4435 2449 4488 οτεσθαι
2501 4431 2749 4486 δύνασαι.
2798 4429 2938 4483 Ἀλλ’
2993 4429 3282 4498 ὑπερέχειν
3327 4427 3518 4481 τοῦτον
3559 4429 3820 4484 ἁπάντων

2242 4529 2406 4593 ἀξίως
2451 4523 2848 4606 ὁμολογοῦμεν.
2887 4522 2949 4576 El
2994 4523 3051 4575 δὲ
3104 4525 3173 4592 τῇ
3209 4523 3370 4592 φύσει
3417 4525 3517 4593 μὲν
3553 4522 3730 4588 ἔστιν,
3759 4529 3819 4578 ἐν

2236 4622 2313 4691 τῷ
2372 4620 2657 4691 πράγματι
2705 4618 2763 4669 δὲ
2809 4618 3065 4687 διάφορα,
3100 4616 3323 4669 ἐπειδὰν
3372 4619 3504 4688 περὶ
3553 4617 3652 4671 τοῦ
3705 4620 3819 4671 τῶν

2235 4717 2403 4769 ὄντων
2432 4701 3108 4783 ἄρχοντος’διαλεγ6μεθα,
3131 4713 3159 4764 ὁ
3184 4694 3487 4781 δυνάμενος
3519 4713 3817 4778 πλασάτω,

2236 4810 2318 4870 τίς
2347 4809 2415 4862 τὰ
2444 4807 2682 4876 διάφορα
2711 4806 2884 4858 ταῦτα
2910 4794 3205 4874 συνῆψεν.)
3244 4804 3362 4861 Οὐκ
3392 4806 3504 4876 ἄρα
3549 4807 3668 4860 ἔστι
3701 4825 3820 4871 πως

2235 4899 2394 4975 ἐντῷ
2427 4898 2545 4968 Θεῷ
2573 4897 2796 4968 τοιαύτη
2827 4897 3076 4969 δύναμις.

2303 4987 2553 5046 ια’.’Ἕτι
2590 4993 2637 5044 εί
2687 4992 2780 5044 καὶ
2823 4992 2855 5059 ὴ
2902 4989 3124 5062 τοιαύτη
3181 4989 3412 5060 δύναμις
3464 4990 3542 5062 μὴ
3595 4991 3715 5060 ἔχει
3757 4993 3815 5044 ἰν

2232 5086 2392 5148 ἐνίοις
2421 5086 2557 5155 προς
2587 5086 2718 5138 ἄλλο
2749 5079 2891 5147 εἶδος
2911 5127 2924 5150 ,
2959 5083 3150 5154 ὥσπερ
3180 5086 3214 5155 ή
3262 5083 3373 5137 τῶν
3399 5084 3678 5155 οὐρανίων
3708 5101 3818 5137 σω-

2236 5178 2439 5247 μάτων,
2466 5178 2578 5247 ἔχει
2607 5178 2788 5247 μέντοι
2822 5178 2960 5246 πρὸς
2989 5178 3050 5228 τὸ
3078 5177 3152 5247 μὴ
3177 5177 3258 5232 ὃν.
3289 5177 3401 5230 Καὶ
3434 5177 3547 5246 γὰρ
3575 5175 3816 5228 ἕκαστον

2233 5273 2296 5321 ὲκ
2329 5271 2420 5322 τοῦ
2462 5270 2537 5340 μὴ
2570 5271 2721 5329 ὄντος
2755 5269 2962 5338 ταύτην
2993 5269 3281 5337 ἐφέλκεται
3306 5268 3472 5321 οἱονεί
3520 5284 3576 5320 τι
3623 5267 3814 5335 λείψα-

2240 5379 2329 5414 νον
2387 5362 2484 5429 τῆς
2544 5361 2675 5414 ποτὲ
2731 5361 2804 5431 μὴ
2856 5362 3169 5433 ὀντότητος.
3203 5361 3295 5414 ait
3341 5361 3436 5415 καὶ
3489 5358 3814 5428 κατάὖτὴν

2246 5455 2410 5526 μηδέν
2459 5457 2608 5507 ἐστιν
2655 5453 2908 5520 ἕκαστον,
2961 5456 3074 5507 εἴτε
3130 5454 3314 5522 ὲαθείη
3361 5470 3413 5508 τι
3471 5453 3559 5522 ἐφ’
3612 5451 3814 5506 ἑαυτοῦ
