4074 6232
304 346 436 413 19.01

1219 359 1319 419 DE
1352 359 1725 423 ESSENTIA
1754 363 1849 423 ET
1884 361 2374 436 ΟΡΕΒΛΤΙΟΝΕ
2417 365 2568 426 DEI.

3421 367 3554 429 1203

301 475 378 542 μὴ
443 471 886 542 ωντηροὺμενον
950 474 1058 528 ὑπὸ
1119 476 1214 531 τοῦ
1261 475 1422 543 Θεοῦ,
1459 479 1615 532 οὐδὲν
1670 481 1870 551 ἀκαρεὶ

1997 491 2174 551 [natur
2227 491 2282 536 et
2324 498 2350 535 a
2377 483 2484 537 Deo
2533 497 2642 536 non
2675 493 3050 541 conservetur,
3077 480 3223 535 illico
3253 480 3391 533 nihil
3427 496 3551 549 per-

302 567 475 633 μένει,
510 563 626 617 ἀλλ’
667 565 878 636 ἁθρόως
927 566 1231 638 οἰχήσεται,
1271 570 1366 622 καὶ
1414 569 1758 624 διαπεσεῖται
1799 571 1875 635 ὡς

296 661 325 712 ὁ
376 660 740 726 Αὑγουστίνος
795 663 982 733 φησίν.
1021 664 1081 718 '0
1132 665 1190 718 δὲ
1239 665 1372 728 Θεὸς
1420 666 1521 719 οὐκ
1573 666 1688 720 ἐστι
1722 667 1874 734 ’πρὸς

298 753 360 806 τὸ
413 756 488 822 μὴ
528 752 610 818 ὃν,
642 754 755 809 οόδ’
804 755 912 827 ἀρα
972 759 1234 828 τοιαύτην
1281 758 1535 826 δύναμιν.
1589 758 1875 814 Ἐντεῦθὲν

301 847 448 900 ἐστιν
476 846 559 900 ὅτι
588 849 723 918 πρὸς
757 848 869 903 τῶν
900 849 1103 920 λογίων
1134 850 1352 920 ἀπαθὴς
1387 852 1665 922 ὑμνεῖται.

304 960 517 1031 Κεφακ.
555 965 629 1018 Δο.
660 962 792 1020 Ὀτι
819 964 857 1033 ἠ
889 965 1069 1051 οὐσίᾳ
1101 966 1205 1048 τοῦ
1237 967 1386 1023 Θεοῦ
1429 968 1600 1022 ἐστιν
1627 967 1694 1021 τὸ
1722 965 1879 1022 εἶναι

977 1053 1083 1091 αυτ
1093 1056 1188 1091 ου.

375 1124 445 1180 α’.
486 1126 580 1179 Ἕκ
624 1125 688 1198 δὴ
733 1127 936 1182 τούτων
983 1127 1220 1198 φανερὸν
1269 1127 1348 1201 (7)
1390 1129 1489 1201 τὴν
1539 1129 1731 1183 οὐσίαν
1779 1146 1876 1183 του

308 1218 440 1272 Θεοῦ
468 1218 528 1272 τὸ
556 1215 696 1273 εἶναι
727 1219 914 1274 αὐτοῦ.
948 1221 1104 1274 Πᾶσα
1136 1221 1245 1292 γὰρ
1277 1222 1434 1276 οὐσία
1469 1223 1504 1295 ἦ
1540 1223 1615 1292 μὴ
1660 1223 1775 1277 ἐστι
1816 1223 1878 1277 τὸ

303 1310 444 1366 εἶναι
475 1312 668 1382 αὐτῆς,
700 1312 846 1367 ἔστιν
875 1314 932 1366 ἐν
962 1313 1195 1385 δυνάμει
1227 1314 1362 1386 πρὸς
1393 1315 1548 1369 αὑτό.
1591 1314 1682 1368 Ἐν
1712 1315 1768 1367 δὲ
1802 1314 1878 1381 τῷ

302 1405 426 1476 Θεῷ
471 1403 697 1475 οὐδεμία
756 1404 875 1459 ἐστί
924 1423 1012 1470 τις
1050 1405 1281 1476 δύναμις
1315 1407 1563 1478 τοιαύτη.
1610 1408 1678 1463 Ἦ
1722 1407 1879 1464 οὐσία

302 1493 416 1564 ἄρα
446 1494 542 1549 τοῦ
565 1494 700 1549 Θεοῦ
735 1496 834 1550 οὒκ
878 1494 1025 1552 ἔστιν
1059 1497 1219 1550 οὐσία
1250 1498 1498 1566 τοιαύτη,
1531 1493 1599 1569 ἦς
1640 1498 1703 1550 τδ
1737 1491 1880 1552 εἶναι

304 1586 456 1639 ἐστιν
509 1584 694 1657 ἕτερον
734 1586 928 1658 αὐτῆς.
966 1586 1155 1641 Ἔστιν
1197 1587 1308 1660 ἀρα
1355 1588 1554 1643 ταυτὸν
1595 1591 1664 1659 τῇ
1719 1589 1878 1662 οὐσίᾳ

301 1678 399 1731 τοῦ
427 1677 566 1731 Θεοῦ
589 1679 648 1732 τὸ
683 1675 823 1733 εῖναι
855 1679 1045 1734 αὐτοῦ.

376 1771 443 1840 β’.
475 1772 597 1826 Ἔτι
630 1773 849 1845 ὁρῶμεν
888 1775 946 1828 ὲν
987 1774 1102 1838 τοῖς
1151 1773 1274 1829 οὖσί
1319 1791 1444 1830 τινα
1475 1774 1677 1829 δυνατά
1712 1769 1874 1838 εἶναι,

305 1863 404 1918 καὶ
457 1863 534 1937 μὴ
587 1859 754 1930 εῖναι,
789 1865 981 1937 ὥσπερ
1026 1866 1094 1921 τὰ
1132 1868 1191 1922 ἐν
1243 1866 1482 1936 γενέσει,
1535 1870 1632 1923 καὶ
1672 1868 1879 1939 φθορᾷ.

304 1957 424 2012 Πᾶν
475 1957 532 2010 δὲ
586 1957 649 2011 τὸ
696 1958 926 2013 δυνατὸν
977 1956 1141 2025 εἶναι,
1208 1961 1304 2016 καὶ
1346 1959 1422 2033 μὴ
1481 1958 1644 2026 εἶναι,
1703 1963 1884 2016 αἰτίαν

303 2051 401 2105 τοῦ
439 2051 515 2123 μὴ
548 2053 626 2121 (8)
660 2047 803 2109 εἶναι
842 2054 1021 2126 ἄνπερ
1070 2051 1129 2131 ᾗ,
1156 2055 1184 2109 ὃ
1215 2055 1325 2125 γὰρ
1361 2055 1476 2126 ἔχει
1506 2055 1701 2127 ἐπίσης
1746 2056 1886 2124 πρὸς

304 2143 369 2197 ea
407 2140 571 2211 εἶναι,
601 2146 694 2199 καὶ
734 2146 809 2217 μὴ
853 2142 1017 2210 εἶναι,
1046 2149 1127 2210 είς
1169 2148 1228 2200 τὸ
1271 2143 1415 2202 εἶναι
1466 2148 1882 2221 προεχώρησεν,

306 2229 524 2301 ἀνάγκη
580 2231 644 2286 ἐκ
688 2251 836 2297 τινος
874 2235 1060 2299 αἰτίας
1110 2237 1256 2290 τοῦτ’
1300 2239 1498 2307 [σχειν.
1537 2239 1627 2294 Ἐν
1674 2241 1731 2294 δὲ
1773 2243 1888 2304 τοῖς

307 2324 508 2390 αίτίοις
539 2325 641 2378 οὐκ
671 2325 821 2380 ἔστιν
849 2328 936 2380 ἐπ’
959 2329 1188 2400 ἄπειρον
1216 2331 1498 2400 ’προϊέναι⁸
1539 2334 1752 2406 ἀνάγκη
1781 2334 1888 2401 ἄρα

307 2418 521 2472 τιθέναι
574 2437 627 2472 τι
670 2422 974 2490 ἀναγκαῖον
1026 2419 1190 2477 εἶναι.
1246 2424 1418 2478 Τοῦτο
1470 2425 1525 2479 δὲ
1583 2426 1616 2497 ἢ
1665 2427 1889 2481 ἄλλοθεν

309 2505 425 2575 ἔχει
467 2506 568 2578 τὴν
616 2509 798 2562 αἰτίαν
850 2512 949 2578 τῆς
1005 2511 1174 2567 αὑτοῦ
1227 2514 1574 2584 ἀνάγκης,ἢ
1619 2514 1702 2570 οὗ.
1747 2514 1889 2566 Ἀλλ’

311 2597 432 2654 ἔστι
463 2599 588 2654 καθ’
613 2602 745 2656 αὐτὸ
776 2604 1097 2673 ἀναγκαῖον.
1132 2607 1246 2662 Οὐκ
1278 2607 1396 2660 ἔστι
1427 2607 1485 2662 δὲ
1519 2608 1773 2680 προϊέναι
1802 2609 1890 2663 ἐπ’

315 2692 547 2764 ἄπειρον
577 2695 640 2747 ἐν
679 2698 794 2758 τοῖς
846 2697 1176 2763 ἀναγκαίοις
1217 2701 1331 2761 τοῖς
1360 2700 1544 2773 ἔχουσι
1576 2701 1678 2772 τὴν
1711 2700 1893 2756 αἰτίαν

311 2786 415 2857 τῆς
442 2787 626 2841 αὐτῶν
649 2787 896 2858 ἀνάγκης
925 2788 1168 2846 ἄλλοθεν.
1213 2789 1451 2863 ’Δνάγκη
1475 2792 1658 2846 τοίνυν
1683 2791 1890 2847 τιθέναι

313 2897 368 2932 τι
414 2880 632 2950 πρῶτον
689 2882 988 2949 ἀναγκαῖον
1038 2879 1200 2951 εἶναι,
1245 2883 1382 2955 ὅπερ
1433 2882 1552 2937 ἐστὶ
1595 2883 1718 2938 καθ’
1761 2883 1896 2938 circa

315 2971 635 3041 ἀναγκαῖον.
657 2975 772 3027 Καὶ⁸
802 2974 948 3046 τοῦτ’
979 2976 1129 3029 ἐστὶν
1159 2976 1188 3030 ό
1216 2976 1380 3038 Θεὸς.
1416 2977 1476 3040 ὃς
1505 2977 1624 3030 ἐστι
1672 2976 1892 3048 πρῶτον

314 3067 636 3138 ἀναγκαῖον.
675 3065 850 3121 Τοῦτο
885 3067 941 3120 δὲ
972 3068 1031 3121 τδ
1073 3067 1201 3122 καθ’
1244 3069 1378 3123 αὐτὸ
1417 3067 1721 3138 ἀναγκαῖον
1752 3066 1896 3126 εῖναι

1979 585 2184 639 manet;
2217 575 2308 630 sed
2341 575 2578 630 cessabit
2600 586 2655 630 et
2687 575 2958 639 concidet,
2984 584 3043 629 ut
3069 573 3144 628 ait
3179 573 3546 641 Augustinus.

1980 665 2124 722 Deus
2151 679 2333 721 autem
2366 683 2471 722 non
2499 668 2672 723 tendit
2700 668 2764 721 ad
2801 667 3054 728 nihilum,
3080 681 3181 720 nec
3212 664 3441 735 proinde
3483 663 3547 717 ad

1977 761 2284 817 istiusmodi
2341 761 2660 833 potentiam.
2723 761 2785 816 Et
2817 762 2938 816 ideo
2967 761 3021 815 in
3077 761 3363 836 Scriptura
3389 774 3545 814 sacra

1975 851 2173 909 dicitur
2199 855 2571 925 impassihilis.

2048 967 2181 1039 Cap.
2205 969 2297 1026 IV.
2327 968 2480 1034 Quod
2512 968 2741 1023 essentia
2777 968 2873 1023 Dei
2899 981 2971 1022 est
3009 984 3121 1022 esse
3152 967 3338 1034 ipsius.

2048 1129 2100 1184 Ι.
2135 1129 2211 1184 Ex
2260 1129 2422 1185 dictis
2461 1136 2607 1198 patet
2640 1129 2937 1184 essentiam
2994 1127 3084 1181 Dei
3135 1143 3255 1182 esse
3289 1127 3433 1180 idem
3487 1139 3553 1180 ac

1979 1220 2152 1292 ipsius
2185 1237 2327 1277 esse.
2379 1218 2572 1278 Omnis
2628 1222 2770 1276 cnim
2821 1221 3059 1276 essentia
3122 1235 3246 1289 quae
3305 1235 3411 1273 non
3470 1227 3554 1273 cst

1978 1329 2140 1369 suum
2170 1329 2319 1380 esse,
2351 1325 2434 1370 est
2466 1315 2518 1370 in
2551 1315 2790 1385 potentia
2825 1314 3050 1369 relative
3077 1313 3145 1368 ad
3181 1313 3322 1377 hoc;
3362 1313 3455 1366 sed
3495 1311 3550 1365 in

1981 1405 2090 1462 Deo
2130 1409 2277 1464 nulla
2308 1422 2394 1464 εει
2427 1407 2742 1479 huiusmodi
2783 1409 3043 1478 potentia.
3096 1406 3346 1464 Essentia
3381 1406 3552 1475 igitur

1982 1499 2072 1554 Dei
2103 1516 2211 1555 non
2240 1516 2302 1555 ea
2323 1513 2406 1557 est
2435 1502 2698 1564 essentia,
2728 1501 2883 1570 cujus
2909 1517 3030 1557 esse
3051 1502 3122 1557 sit
3146 1500 3291 1558 aliud
3316 1499 3384 1555 ab
3413 1499 3551 1570 ipsa.

1980 1591 2076 1648 Est
2103 1608 2232 1662 ergo
2265 1595 2406 1650 idem
2426 1594 2678 1651 essentia!
2705 1592 2795 1650 Dei
2829 1610 2950 1652 esse
2978 1593 3172 1664 ipsius.

2051 1778 2108 1833 2.
2144 1777 2376 1844 lterum,
2399 1777 2648 1834 videmus
2684 1778 2738 1833 in
2767 1781 2989 1837 cutibus
3012 1777 3197 1848 aliqua
3221 1791 3342 1832 esse
3375 1775 3556 1845 passio

1988 1870 2114 1926 hilia
2150 1885 2271 1926 esse
2315 1880 2504 1926 etnon
2539 1886 2680 1935 esse,
2720 1871 2931 1927 scilicet
2990 1869 3325 1942 generaliilia
3348 1875 3402 1921 et
3430 1881 3558 1922 cor-

1986 1961 2285 2028 ruptibilia.
2322 1960 2496 2017 Omne
2529 1970 2712 2017 autem
2736 1961 2883 2030 quod
2915 1971 3000 2017 est
3055 1961 3318 2030 possibile
3343 1973 3467 2014 esse
3499 1968 3560 2013 et

1988 2068 2099 2108 non
2147 2069 2290 2122 esse,
2351 2054 2667 2110 necessario
2727 2070 2951 2110 causam
3016 2054 3180 2109 habet
3243 2051 3479 2112 cssendi,
3514 2050 3560 2103 si

1989 2144 2206 2216 quando
2261 2145 2350 2201 sit.
2382 2145 2436 2202 Si
2467 2146 2613 2201 enim
2669 2148 2814 2217 quod
2855 2146 3137 2217 mqualiter
3183 2161 3244 2201 se
3288 2144 3452 2199 habet
3492 2143 3558 2196 ad

1989 2253 2110 2294 esse
2139 2247 2192 2293 et
2236 2255 2344 2294 non
2400 2254 2542 2305 esse,
2580 2241 2632 2294 in
2684 2256 2805 2296 esse
2836 2242 3118 2312 prodierit,
3171 2247 3388 2311 oportet
3415 2236 3567 2307 quod

1993 2333 2095 2386 hoc
2121 2332 2193 2386 sit
2219 2347 2284 2386 ex
2315 2333 2495 2400 aliqua
2529 2349 2718 2388 causa.
2757 2333 2862 2387 Sed
2899 2333 2952 2386 in
2979 2334 3165 2388 causis
3189 2349 3297 2387 non
3329 2340 3410 2386 est
3437 2345 3562 2399 pro-

1991 2425 2186 2478 cedere
2237 2424 2291 2478 in
2333 2423 2641 2490 inﬁnitum;
2686 2440 2816 2494 ergo
2868 2433 3081 2493 oportet
3114 2439 3318 2494 ponere
3352 2423 3561 2492 aliquid

1992 2515 2133 2584 quod
2159 2515 2232 2571 sit
2269 2532 2491 2572 necesse
2545 2533 2684 2572 esse.
2733 2515 2843 2571 lloe
2880 2528 3058 2572 autem
3091 2517 3176 2572 vel
3221 2517 3388 2570 habet
3414 2531 3553 2570 cau-

1992 2625 2107 2663 sam
2143 2625 2255 2664 sum
2285 2611 2631 2666 necessitatis
2667 2609 2908 2677 aliunde,
2945 2610 3029 2665 vel
3058 2625 3189 2674 non,
3227 2609 3322 2665 sed
3355 2619 3439 2664 est
3465 2624 3563 2678 per

1992 2702 2230 2772 seipsum
2264 2705 2657 2758 necessarium.
2703 2704 2818 2759 Non
2842 2711 2925 2759 est
2962 2716 3140 2757 autem
3181 2705 3476 2772 procedere
3509 2702 3563 2754 in

1995 2792 2267 2850 inﬁnitum
2307 2794 2361 2848 in
2417 2795 2746 2852 necessariis
2795 2811 2915 2866 quae
2944 2794 3150 2850 habent
3197 2809 3422 2849 causam
3455 2808 3567 2847 sure

1994 2884 2339 2941 necessitatis
2395 2885 2614 2941 aliunde
2643 2929 2660 2953 ,
2692 2902 2822 2958 ergo
2854 2894 3071 2958 Oportet
3112 2901 3313 2955 ponere
3344 2884 3564 2953 aliquod
3612 2883 3613 2886 “

1994 2975 2231 3043 primum
2265 2979 2665 3046 necessarium,
2683 2979 2833 3048 quod
2859 2988 2942 3034 est
2971 2994 3065 3049 per
3082 2993 3141 3034 se
3167 2993 3562 3032 necessarium.

1996 3066 2063 3124 Et
2095 3068 2198 3124 hoc
2229 3081 2313 3126 est
2337 3069 2501 3137 Deus,
2533 3073 2628 3142 qui
2651 3082 2735 3127 est
2765 3073 2999 3142 primum
3025 3071 3422 3127 necessarium.
3455 3069 3569 3125 Hoc

312 3159 427 3253 τινὶ
479 3156 622 3213 εἶναι
672 3160 795 3213 καθ’
855 3160 988 3214 αὐτὸ
1054 3163 1341 3232 ἀναγκαίῳ
1394 3164 1544 3218 ἐστὶν
1593 3165 1894 3234 ἀναγκαῖον

2000 3171 2183 3218 autem
2220 3178 2342 3220 esse
2367 3179 2462 3234 per
2487 3180 2546 3219 se
2579 3164 2951 3219 necessarium
2996 3164 3159 3219 alicui
3199 3179 3296 3234 per
3323 3163 3565 3232 seipsum

315 3243 485 3315 εἶναι,
512 3250 704 3324 ὥσπερ
732 3252 792 3305 τὸ
819 3251 1171 3324 ἐνδεχόμενον
1197 3251 1341 3310 εἶναι
1370 3255 1713 3327 ἐνδεχομένῳ
1745 3260 1898 3313 ἐστὶν

314 3341 672 3412 ἐνδεχόμενον
725 3337 886 3400 εῖναι.
937 3343 1110 3400 Τοῦτο
1157 3345 1338 3401 τοίνυν
1387 3347 1448 3401 τὸ
1492 3343 1630 3402 εῖναι
1683 3350 1744 3402 τὸ
1773 3350 1898 3403 καθ’

317 3431 457 3485 αὐτὸ
486 3434 804 3504 ἀναγκαῖον,
833 3437 881 3489 εί
929 3437 1080 3490 ἐσται
1136 3439 1245 3494 τινὶ
1297 3439 1482 3505 οὐσία,
1514 3441 1550 3512 ἢ
1579 3442 1732 3497 ἔσται
1759 3443 1897 3513 αὖτῇ

322 3526 598 3595 ἀντίξουν,
641 3530 735 3583 καὶ
779 3529 1220 3602 διαμαχόμενον,
1250 3533 1442 3606 ὥσπερ
1488 3535 1549 3588 τὸ
1597 3535 1722 3589 καθ’
1768 3537 1902 3591 αὐτὸ

317 3609 464 3672 εἶναι
506 3619 835 3692 διαμάχεται
879 3623 960 3694 τῷ
1003 3623 1103 3694 τῆς
1155 3625 1488 3697 λευκότητος
1543 3625 1827 3697 χρώματιο
1866 3627 1900 3699 ἢ

317 3711 484 3765 ἔσται
533 3714 671 3785 αὐτῇ
729 3713 1053 3786 σύμφωνον,
1106 3718 1202 3772 καὶ
1254 3721 1547 3787 συγγενὲς,
1594 3719 1784 3791 ὥσπερ
1831 3722 1899 3792 τῇ

313 3801 611 3874 λευκότητι
651 3805 710 3859 τδ
737 3807 796 3860 ἐν
824 3808 969 3878 ἀλλῳ
1019 3809 1178 3864 εἶναι.
1227 3809 1389 3864 Ἀλλὰ
1436 3813 1514 3884 τῷ
1564 3812 1668 3881 μὲν
1701 3812 1904 3884 πρώτῳ

315 3897 516 3967 τρόπῳ
539 3896 639 3951 οὐκ
670 3900 737 3953 ἂν
769 3901 1015 3955 συνέλθοι
1046 3903 1216 3975 ταύτῃ
1245 3907 1308 3974 τῇ
1339 3903 1496 3975 οὐσίᾳ
1523 3905 1584 3957 τὸ
1615 3904 1742 3960 καθ’
1771 3905 1905 3959 αὐτὸ

313 3987 624 4057 ἀναγκαῖον
669 3986 830 4058 εἶναι,
857 3993 1048 4064 ὥσπερ
1096 3995 1218 4049 οὐδὲ
1248 3997 1314 4068 τῇ
1360 3995 1653 4067 λευκότητι
1685 3997 1747 4051 τὸ
1778 3997 1905 4051 καθ’

314 4079 461 4133 αὑτὸ
486 4081 756 4153 ὑπάρχειν
777 4101 793 4117 ο
827 4085 903 4155 τῷ
935 4085 992 4140 δὲ
1018 4087 1266 4158 δευτέρῳ
1292 4089 1479 4158 τρόπῳ
1508 4087 1540 4158 ἦ
1569 4089 1631 4142 τὸ
1656 4087 1906 4143 τοιοῦτον

312 4165 728 4243 εἷναιῆρτηται
755 4176 854 4246 τῆς
897 4176 1085 4241 οὐσίας
1133 4177 1167 4250 ἦ
1217 4180 1505 4251 ἀμφότερα
1554 4180 1779 4252 ἀπάσης
1820 4181 1904 4235 ai-

308 4266 474 4327 τίας,
504 4265 535 4334 ἢ
565 4265 725 4321 οὐσία
766 4266 876 4321 ἀπὸ
921 4265 1016 4320 τοῦ
1061 4263 1221 4323 είναι.
1265 4268 1429 4322 Ἀλλὰ
1474 4269 1543 4322 τὰ
1591 4270 1784 4340 πρῶτα
1813 4269 1908 4324 δύο

311 4359 439 4411 εἰσὶ
467 4359 615 4429 παρὰ
642 4358 734 4416 τὸν
757 4360 915 4430 λόγον
942 4363 1036 4415 τοῦ
1066 4358 1205 4414 εἶναι
1230 4360 1354 4414 καθ’
1381 4361 1545 4415 ἑαυτὸ
1576 4361 1904 4429 ἀναγκαίου.

315 4450 494 4504 Ἐστι
518 4451 627 4520 γὰρ
653 4452 886 4505 ἕκαστον
915 4453 1214 4519 ἀναγκαῖον
1243 4452 1331 4505 διὰ
1357 4452 1526 4518 τοῦθ’,
1557 4445 1618 4505 οὗ
1646 4451 1904 4522 ἥττηται.

2000 3258 2311 3312 necessario
2342 3265 2424 3313 est
2445 3273 2669 3314 necesse
2688 3271 2826 3324 esse,
2861 3258 3006 3313 sicut
3035 3273 3158 3314 esse
3179 3256 3440 3328 possibile
3467 3257 3570 3310 ali~

1999 3351 2084 3405 cui
2119 3350 2365 3420 possibili
2395 3362 2478 3406 est
2510 3352 2766 3422 possibile
2799 3367 2943 3410 esse.
2977 3351 3094 3408 Hoc
3124 3353 3292 3423 igitur
3321 3367 3439 3407 esse
3474 3367 3574 3420 per

2001 3456 2061 3496 se
2091 3443 2485 3506 necessarium.
2520 3445 2566 3498 si
2609 3446 2678 3499 sit
2717 3445 2882 3500 alicui
2905 3445 3168 3512 essentia,
3217 3445 3303 3500 vel
3333 3444 3435 3498 erit
3465 3444 3569 3509 ipsi

2000 3533 2335 3589 contrarium
2365 3543 2418 3589 et
2444 3549 2777 3605 repugnans.
2812 3536 2953 3590 sicut
2973 3552 3072 3606 per
3103 3551 3162 3591 se
3190 3537 3449 3591 exsistere
3481 3551 3572 3588 rc-

2001 3630 2207 3692 pugnat
2243 3620 2368 3677 albo
2397 3622 2572 3678 colori
2611 3638 2626 3690 ;
2689 3623 2772 3677 vel
2802 3623 2908 3678 erit
2943 3621 3048 3692 ipsi
3077 3636 3379 3678 consonum
3407 3629 3460 3674 et
3485 3620 3572 3672 ar-

2002 3712 2294 3775 tine,sicut
2323 3713 2556 3770 albedini
2584 3729 2703 3770 esse
2742 3715 2793 3768 in
2835 3714 2964 3768 alio.
2991 3713 3048 3769 Si
3081 3714 3256 3782 primo
3284 3713 3463 3777 modo,
3489 3711 3569 3766 illi

2003 3803 2256 3860 essentia:
2300 3819 2412 3859 non
2465 3805 2754 3860 conveniet
2785 3819 2906 3860 esse
2940 3804 3083 3874 quod
3127 3814 3210 3859 est
3245 3819 3340 3872 per
3380 3818 3438 3857 se
3477 3817 3573 3856 ne-

2003 3910 2156 3952 cesse
2214 3911 2356 3959 esse,
2387 3895 2528 3951 sicut
2571 3910 2671 3950 nec
2703 3894 2934 3949 albediui
2981 3910 3074 3964 per
3104 3909 3164 3949 se
3197 3894 3482 3947 exsistere.
3513 3888 3571 3945 Si

2008 3999 2186 4042 autem
2221 3987 2461 4043 secundo
2495 3986 2681 4049 modo,
2713 3989 2794 4041 vel
2819 4001 2941 4041 esse
2968 3985 3275 4055 huiusmodi
3309 3984 3576 4052 dependet

2007 4080 2074 4134 ab
2104 4080 2363 4145 essentia,
2394 4081 2480 4136 vel
2505 4090 2797 4151 utrumque
2825 4079 2892 4135 ab
2923 4080 3027 4134 alia
3056 4093 3243 4144 causa,
3271 4078 3356 4132 vel
3385 4091 3580 4132 esseu-

2011 4169 2081 4225 tia
2118 4171 2187 4226 ab
2239 4185 2386 4226 esse.
2448 4170 2554 4226 Sed
2587 4171 2698 4226 duo
2724 4171 2895 4241 prima
2929 4180 3055 4226 sunt
3089 4181 3280 4225 Contra
3301 4169 3570 4223 rationem

2007 4263 2128 4330 ejus
2156 4265 2300 4334 quod
2327 4273 2409 4320 est
2437 4279 2532 4334 per
2555 4280 2614 4319 se
2644 4278 2865 4319 necesse
2897 4279 3044 4330 esse;
3070 4279 3192 4317 nam
3226 4261 3576 4332 unumquod-

2010 4370 2115 4425 que
2159 4365 2243 4411 est
2283 4357 2648 4411 necessarium
2695 4371 2762 4411 eo
2818 4355 2961 4426 quod
2989 4372 3093 4411 non
3130 4355 3473 4425 dependeat;
3507 4369 3576 4407 ex

2011 4447 2172 4500 tertio
2196 4461 2327 4500 vero
2365 4447 2611 4517 sequitur
2642 4446 2791 4517 quod
2822 4447 2914 4501 illa
2945 4447 3186 4502 essentia
3220 4445 3576 4500 accidentali-

307 4546 394 4600 Et
439 4544 507 4596 δὲ·
543 4545 604 4596 τὸ
630 4545 836 4615 τρίτον,
882 4545 1080 4599 ἕπεται
1120 4545 1340 4615 ἐκείνην
1380 4543 1481 4613 τὴν
1532 4525 1718 4597 οὐσίαν
1761 4544 1894 4597 κατὰ

2009 4543 2090 4590 ter
2116 4531 2333 4590 advenit
2363 4537 2427 4591 ad
2457 4553 2567 4589 rem
2594 4552 2713 4607 qua“:
2737 4552 2832 4606 per
2850 4553 2908 4592 se
2926 4552 3150 4592 necesse
3184 4546 3264 4591 est
3285 4552 3430 4600 esse,
3450 4536 3576 4605 quia

309 4634 686 4705 συμϐεϐηκὸς
724 4637 1067 4703 ἑπιγίνεσθαι
1127 4635 1206 4705 τῷ
1257 4635 1381 4689 καθ’
1424 4635 1565 4690 adeo
1616 4635 1908 4706 ἀναγκαίῳ

305 4723 497 4781 εῖναι.
523 4727 638 4780 Πᾶν
665 4726 773 4795 γὰρ
821 4726 851 4778 ὃ
891 4727 1084 4783 ἕπεται
1125 4727 1201 4798 τῷ
1242 4727 1336 4780 τοῦ
1370 4728 1696 4798 πράγματος
1741 4721 1910 4791 εἶναι,

2008 4644 2172 4684 omne
2198 4631 2341 4700 quod
2380 4631 2626 4700 sequitur
2647 4632 2713 4685 ad
2743 4646 2867 4686 esse
2905 4632 3005 4695 rei,
3034 4640 3118 4686 est
3148 4631 3196 4686 ei
3222 4630 3578 4695 aeeiilentale,

2009 4730 2063 4777 et
2095 4724 2175 4780 sic
2206 4739 2314 4776 non
2355 4723 2457 4778 erit
2492 4722 2611 4793 eius
2645 4723 2908 4777 essentia.
2940 4721 3084 4778 Deus
3116 4722 3284 4791 igitur
3341 4739 3446 4777 non
3482 4723 3580 4775 ha-

305 4816 478 4873 κατά
505 4814 852 4886 συμϐεϐηκὸς
874 4816 1082 4870 ἔνεστιν
1103 4817 1305 4885 ἑαυτῷ,
1323 4818 1413 4870 καὶ
1441 4815 1618 4877 οὕτως
1639 4816 1740 4868 οὐκ
1764 4815 1894 4868 ἔστω

2012 4816 2100 4872 bet
2129 4817 2420 4871 essentiam
2458 4832 2577 4885 quae
2605 4831 2710 4871 non
2740 4817 2811 4871 sit
2838 4831 2996 4870 suum
3032 4829 3172 4869 esse.

301 4910 348 4979 ἡ
398 4906 556 4960 οὐσία
581 4905 771 4961 αὐτοῦ.
803 4907 866 4962 '0
898 4908 1036 4971 Θεὸς¹
1058 4909 1168 4976 ἀρα
1207 4908 1309 4965 οὐκ
1349 4909 1465 4980 ¹ἔχει
1493 4907 1708 4972 οὐσίαν,
1747 4908 1796 4962 εἰ
1826 4909 1910 4980 ’μὴ

300 4998 453 5052 ἔστι
476 4995 538 5049 τὸ
563 4991 702 5050 εἶναι
725 4997 913 5052 αὑτοῦ.
953 5010 955 5013 ‘

401 5087 478 5155 γ’.
515 5088 577 5142 Ei
602 5088 658 5142 δέ
687 5107 774 5153 τις
797 5089 950 5159 λέγει
979 5091 1159 5144 ἐκεῖνο
1186 5095 1249 5143 τὸ
1286 5086 1425 5145 εἶναι
1459 5092 1532 5162 μὴ
1560 5091 1908 5162 ἀπολελυμέ-

300 5200 446 5246 νως
472 5182 747 5251 ἠρτῆσθαι
776 5184 879 5254 τῆς
907 5175 1113 5248 οὐσίας,
1145 5184 1220 5246 ὡς
1247 5185 1422 5253 πάντη
1460 5185 1536 5254 μὴ
1560 5177 1725 5247 εἶναι,
1754 5187 1804 5238 εί
1836 5183 1910 5257 μὴ

298 5273 525 5346 ἐκείνῃ
549 5275 656 5346 είη,
689 5273 802 5329 ἀλλ’
836 5277 1107 5346 ἠρτῆσθαι
1135 5279 1258 5330 ὅσον
1287 5275 1425 5346 πρὸς
1455 5277 1554 5347 τὴν
1585 5279 1908 5343 συνάφειαν,

299 5363 676 5444 ᾗσνὴιῆπται
722 5367 884 5438 αἐτῇ,
920 5367 1014 5421 καὶ
1059 5366 1204 5422 οὕτω
1231 5369 1291 5421 τὸ
1320 5369 1423 5436 μὲν
1469 5365 1610 5422 εἷναί
1639 5370 1754 5422 ἐστι
1789 5371 1911 5422 καθ’

297 5456 477 5518 αὐτὸ
525 5457 844 5528 ἀναγκαῖον,
871 5459 932 5514 τὸ
967 5461 1024 5514 δὲ
1075 5461 1447 5516 συνάπτεσθαι
1491 5456 1592 5515 οὔκ
1641 5460 1757 5514 ἐστι
1784 5462 1910 5515 καθ’

303 5549 482 5612 αὐτὸ
527 5548 1021 5620 manumanu
1062 5552 1150 5608 διὰ
1178 5550 1276 5623 τὴν
1305 5552 1534 5608 οὐσ·ίαν’·’
1554 5532 1678 5606 ἀλλ’
1705 5551 1842 5624 αὕτη
1873 5555 1906 5624 ἡ

2087 5093 2140 5144 3.
2164 5088 2219 5144 Si
2237 5088 2562 5159 quis'autem
2582 5088 2724 5142 dicat
2753 5088 2896 5158 quod
2915 5085 3046 5142 illud
3063 5101 3185 5142 esse
3208 5101 3317 5142 non
3336 5085 3587 5143 absolute

2011 5179 2282 5247 dependet
2334 5179 2402 5234 ab
2432 5179 2672 5232 essentia
2705 5179 2817 5245 illa,
2877 5189 2936 5233 ut
2971 5178 3200 5233 omnino
3231 5193 3340 5233 non
3373 5177 3446 5232 sit
3476 5177 3582 5231 nisi

2014 5273 2102 5327 illa
2129 5281 2316 5337 esset;
2363 5273 2456 5326 sed
2515 5280 2776 5341 quantum
2812 5273 2878 5325 ad
2916 5274 3361 5340 coniunctionem
3395 5286 3498 5340 qua
3533 5270 3583 5323 ei

2012 5361 2381 5432 conjungitur,
2414 5369 2468 5416 et
2491 5363 2571 5417 sic
2598 5363 2727 5415 illud
2763 5377 2884 5417 esse
2909 5378 3004 5430 per
3023 5381 3082 5417 se
3115 5378 3335 5416 necesse
3357 5369 3462 5421 est,
3491 5361 3582 5413 sed

2021 5458 2198 5524 ipsum
2228 5455 2477 5525 conjungi
2515 5470 2622 5508 non
2647 5470 2739 5524 per
2766 5469 2824 5506 se
2854 5469 3077 5509 necesse
3115 5467 3217 5518 est,
3249 5456 3342 5507 sed
3368 5461 3584 5519 propter

2015 5555 2303 5610 essentiam
2348 5575 2360 5610 :
2392 5554 2508 5607 haec
2551 5551 2834 5622 responsio
2863 5551 3121 5620 praedicta
3153 5547 3584 5605 inconvenientia

407 5732 499 5802 (Ἦ
527 5730 695 5802 Multa
726 5730 887 5798 huius
919 5730 1110 5800 capitis
1138 5731 1397 5788 translata
1444 5744 1572 5791 sunt
1613 5749 1677 5788 es
1723 5733 1913 5787 'l'honi.
1951 5733 2046 5788 lib.
2079 5753 2115 5801 ι,
2141 5744 2322 5788 contra
2362 5744 2555 5802 gemes,
2596 5749 2693 5802 cap
2733 5735 2820 5788 22.

408 5801 502 5872 (8)
527 5799 749 5857 Videtur
777 5799 1002 5858 delenda
1035 5802 1247 5872 negatio
1275 5808 1374 5875 μή.
