4122 6240
407 280 548 345 ³9269

1325 290 1426 352 DE
1468 292 1849 355 ESSENTIA
1883 295 1982 356 ΕΤ
2021 293 2522 361 OPERATIONE
2549 297 2707 361 DEI.

3508 300 3649 365 12Ῑῦ

402 400 537 453 ἀλλὰ
579 399 783 473 μᾶλλον
817 399 1009 474 ὥσπερ
1028 402 1093 458 τὸ
1122 401 1368 473 ἐνεργεῖν
1405 405 1494 460 διὰ
1533 403 1635 477 τῆς
1662 406 1972 477 δυνάμεως.

2085 409 2179 464 sed
2219 416 2404 478 potius
2430 420 2575 466 sicut
2604 420 2760 466 actus
2790 425 2886 481 per
2917 410 3241 482 potentiam.
3263 412 3396 469 Nam
3431 412 3484 468 in
3515 419 3647 471 dell-

415 490 505 545 Ἐν
569 493 679 565 γὰρ
722 494 801 564 τῷ
860 495 976 566 ὅρῳ
1033 495 1141 549 τῶν
1196 496 1354 551 είδῶν
1416 497 1657 553 τίθενται
1714 500 1771 552 αί
1838 500 1966 555 ίδιαι

406 581 556 668 ὗλαι,
578 588 637 639 ιν
663 587 876 656 χριστῷ
907 586 1017 658 (15)
1062 588 1360 660 διαφορῶν,
1408 589 1598 660 ὥσπερ
1653 592 1781 647 ὅταν
1815 591 1974 662 λέγε-

400 696 493 733 ται
528 679 577 750 ’ἡ
614 679 765 753 ψυχὴ
827 676 971 737 εἶναι
1030 684 1339 755 ιντελέχεια
1402 684 1655 756 σώματος
1707 685 1968 756 φυσικοῦ,

402 773 703 842 ὀργανικοῦ
728 792 743 806 ·
785 775 969 839 καθὼς
1003 774 1069 846 δὴ
1107 779 1199 832 καὶ
1228 777 1434 851 τρόπον
1462 779 1581 833 τόδε
1607 780 1671 834 τὸ
1697 779 1841 835 εἶναι
1863 783 1973 836 ἀπὸ

402 862 558 917 τοῦδε
589 862 684 917 τοῦ
707 858 847 920 εἶναι
878 866 1239 937 διακρίνεται,
1262 868 1348 938 ἐφ’
1380 868 1507 923 ὅσον
1569 871 1685 924 ἐστὶ
1732 872 1971 938 τοιᾶσδε,

401 953 435 1021 ἢ
462 955 676 1009 τοιᾶσδε
711 954 927 1025 φύσεως
968 955 1133 1013 εἶναι.
1167 958 1261 1012 Διὸ
1318 960 1415 1014 καὶ
1455 962 1484 1014 ὁ
1512 961 1656 1021 Gaio:
1695 962 1973 1028 Διονύσιός

400 1065 561 1119 φησι,
591 1069 611 1104 ι
650 1050 713 1103 Et
755 1050 849 1104 xui.
891 1051 963 1104 τὰ
983 1050 1163 1116 ζῶντά
1198 1051 1318 1107 ἔστι
1356 1051 1591 1124 κρείττω
1628 1055 1738 1107 τῶν
1784 1054 1973 1124 ὄντων,

398 1142 464 1193 τὸ
526 1135 669 1197 εἶναι
719 1141 907 1211 μέντοι
957 1143 1074 1196 ἐστὶ
1115 1147 1364 1214 κρεῖττον
1425 1146 1523 1201 τοῦ
1557 1146 1678 1216 ζῇν.
1720 1149 1801 1201 Τὰ
1864 1148 1975 1220 γὰρ

402 1233 582 1300 ζῶντα
606 1234 667 1288 ού
695 1236 859 1305 μόνον
886 1233 977 1307 ζῇ,
1035 1235 1173 1292 ἀλλὰ
1237 1239 1459 1309 σύναιμα
1496 1238 1576 1310 τῷ
1613 1238 1716 1313 ζῇν
1774 1243 1871 1298 καὶ
1913 1242 1976 1297 τὸ

400 1326 544 1386 εἶναι
573 1332 709 1402 ἔχει.
747 1348 768 1383 ι
1068 1336 1069 1339 “

471 1424 615 1493 [πρὸς
675 1425 739 1479 τὸ
791 1425 1019 1482 δέκατον
1066 1427 1298 1501 ῥητέον,
1363 1428 1445 1481 ὅτι
1516 1428 1658 1480 κατὰ
1724 1426 1825 1495 τὴν
1878 1424 1978 1479 τά-

401 1516 488 1581 ξιν
531 1517 641 1570 τῶν
674 1519 975 1574 ποιούντων
1031 1522 1154 1576 ἐστὶ
1214 1522 1312 1575 καὶ
1350 1520 1384 1590 ἡ
1444 1519 1599 1584 τάξις
1640 1519 1748 1573 τῶν
1777 1518 1973 1576 τελῶν.

402 1614 495 1684 Τῷ
524 1615 635 1686 γὰρ
669 1613 873 1687 πρώτῳ
900 1614 1148 1669 ποιοῦντι
1177 1615 1496 1671 ὑποτίθεται
1530 1617 1594 1669 τὸ
1628 1616 1849 1686 πρῶτον
1884 1614 1977 1669 τέ·-

401 1708 518 1775 λος,
555 1710 649 1764 καὶ
678 1709 962 1778 ἀναλόγως
994 1710 1130 1767 ἄλλα
1155 1710 1286 1781 τέλη
1318 1710 1503 1773 ἄλλοις
1531 1712 1867 1780 ποιητικοῖς.
1909 1709 1976 1763 El

402 1801 513 1871 γὰρ
542 1801 833 1873 θεωροῖντο
867 1802 895 1853 6
928 1805 1031 1873 τῆς
1064 1802 1270 1866 πόλεως
1306 1802 1519 1873 ἄρχων,
1552 1803 1647 1856 καὶ
1677 1803 1705 1855 ὁ
1745 1800 1973 1872 ήγεμὼν

398 1895 497 1948 τοῦ
538 1894 800 1965 στρατοῦ,
822 1896 917 1949 καὶ
951 1890 1035 1960 εἷς
1093 1897 1218 1951 καθ’
1247 1895 1413 1950 αὑτδν
1450 1896 1808 1967 στρατιώτης,
1830 1914 1974 1965 συμ-

397 1986 575 2041 ϐαίνει
600 1987 695 2041 τὸν
734 1987 836 2056 μὲν
864 1988 966 2057 τῆς
1004 1988 1218 2053 πόλεως
1276 1987 1517 2058 ἄρχοντα
1568 1983 1711 2043 εἶναι
1752 1987 1973 2058 πρῶτον

396 2079 457 2131 ἐν
486 2081 555 2149 τῇ
581 2078 691 2133 τῶν
716 2078 1018 2133 ποιούντων
1041 2081 1217 2145 τάξει.
1248 2075 1311 2134 οὗ
1353 2068 1491 2151 πρὸς
1510 2081 1578 2136 τὰ
1609 2081 1967 2150 ἐπιτάγματα

396 2172 427 2222 ό
461 2169 693 2242 ἡγεμὼν
731 2172 826 2225 τὸν
882 2170 1114 2239 στρατὸν
1150 2171 1232 2233 είς
1283 2172 1377 2225 τὸν
1431 2171 1673 2242 πόλεμον
1730 2172 1969 2242 ἐπείγει,

398 2262 492 2331 ὑφ’
517 2256 563 2330 ᾧ
592 2265 620 2316 ὁ
650 2263 994 2333 στρατιώτης
1050 2262 1194 2317 κατά
1221 2260 1322 2334 τὴν
1354 2263 1530 2331 τάξιν,
1573 2264 1641 2335 ἦν
1671 2263 1864 2335 ἔλαχεν
1912 2266 1973 2320 ἐν

398 2354 478 2426 τῷ
504 2349 746 2425 στρατῷ,
771 2355 917 2409 τελεί
942 2358 1065 2419 ταῖς
1097 2357 1255 2426 χερσὶ
1274 2356 1701 2426 διαμαχόμενος.
1727 2358 1889 2411 Ἐστι
1910 2358 1969 2412 δὲ

398 2449 462 2503 τὸ
520 2448 623 2519 μὲν
671 2448 824 2512 τέλος
880 2447 979 2501 τοῦ
1019 2448 1358 2518 στρατιώτου
1419 2448 1786 2504 καταϐάλλειν
1845 2452 1973 2515 τοὺς

396 2542 722 2609 πολεμίους,
755 2542 786 2595 δ
828 2542 1145 2613 περαιτέρω
1190 2541 1454 2597 τέτακται
1508 2542 1647 2614 πρὸς
1709 2543 1810 2613 τὴν
1871 2542 1969 2598 τοῦ

395 2635 635 2710 στρατοῦ
674 2638 853 2708 νίκην,
879 2637 1018 2709 ὅπερ
1040 2636 1101 2691 ὃν
1129 2636 1394 2706 τυγχάνει
1447 2636 1546 2691 τοῦ
1573 2637 1849 2708 ἡγεμόνος
1878 2637 1973 2691 τέ·-

392 2731 511 2793 ioc.
546 2730 660 2784 Καὶ
689 2728 851 2784 τοῦτο
902 2731 1220 2801 περαιτέρω
1249 2729 1513 2784 τέτακται
1553 2732 1694 2801 πρὸς
1743 2729 1844 2802 τὴν
1868 2730 1971 2799 τῆς

400 2816 684 2886 πόλεωςτ..
727 2822 762 2893 ἢ
815 2824 915 2895 τῆς
974 2805 1277 2892 βασιλείας,
1322 2823 1499 2893 ὅσπερ
1543 2823 1664 2877 ἐστὶ
1682 2822 1838 2887 τέλος
1878 2821 1976 2877 τοῦ

2071 500 2279 555 nitione
2303 501 2602 555 formarum
2624 509 2897 572 ponuntur
2921 502 3152 571 [περι-ἷξε
3178 504 3437 566 materiae,
3466 504 3524 559 in
3551 520 3642 561 cae

2068 590 2271 659 tegoria
2303 589 2773 647 differentiarum:
2806 592 2957 647 verbi
3005 594 3199 661 gratia,
3234 609 3400 662 quum
3440 595 3638 651 dicitur

2069 683 2249 738 anima
2308 678 2431 739 esse
2462 683 2727 753 perfectio
2778 684 3023 753 corporis
3061 685 3328 741 naturalis
3379 687 3642 757 organici,

2070 792 2230 848 quem
2271 778 2338 832 ad
2404 777 2626 833 modum
2695 777 2798 831 hoc
2842 791 2965 831 esse
3010 776 3198 832 abillo
3228 792 3351 833 esse
3386 777 3566 843 affert,
3592 780 3647 835 in

2071 883 2334 940 quantum
2396 864 2479 925 est
2508 869 2632 924 talis
2661 869 2743 924 vel
2783 868 2906 924 talis
2936 884 3058 925 esse
3083 877 3312 925 naturae.
3346 860 3643 939 Propterea

2072 961 2233 1018 divus
2260 959 2555 1033 Dionysius
2588 960 2753 1037 dicit:
2796 960 2977 1016 «Licet
3013 962 3244 1016 viventia
3274 963 3385 1017 sint
3416 964 3643 1017 meliora

2072 1054 2314 1119 entilius,
2353 1067 2475 1110 esse
2523 1062 2701 1108 tamen
2725 1063 2808 1108 est
2847 1053 3039 1107 melius
3078 1068 3230 1122 quam
3286 1054 3488 1119 vivere,
3520 1054 3650 1123 quia

2074 1145 2313 1201 viventia
2344 1161 2454 1200 non
2504 1139 2681 1200 solam
2717 1139 2928 1210 vivunt,
2963 1147 3056 1199 sed
3093 1144 3254 1200 simul
3302 1160 3428 1200 cum
3454 1146 3653 1202 vivere

2075 1234 2277 1293 habent
2304 1251 2447 1294 esse.
2483 1255 2503 1290 ι
2642 1232 2648 1238 ’

2146 1436 2227 1492 Ad
2270 1437 2543 1493 decimum
2598 1436 2889 1494 dicendum
2943 1438 3087 1508 quod
3143 1438 3319 1493 ordini
3372 1438 3651 1512 agent'um

2076 1516 2374 1603 respondet
2400 1533 2537 1588 ordo
2586 1533 2775 1589 (inium
2804 1550 2820 1591 :
2850 1536 2975 1587 nam
3011 1536 3187 1602 primo
3212 1535 3390 1603 agenti
3426 1534 3656 1602 subjici-

2076 1634 2167 1679 tur
2201 1626 2411 1694 primus
2462 1626 2607 1687 linis,
2638 1634 2693 1681 et
2734 1626 2985 1681 similiter
3016 1627 3107 1681 alii
3139 1627 3275 1681 lines
3323 1626 3450 1682 aliis
3481 1642 3653 1697 agen-

2078 1716 2243 1770 tibus.
2280 1714 2337 1771 Si
2365 1716 2509 1773 enim
2538 1725 2851 1795 spectentur
2883 1718 3139 1787 princeps
3174 1718 3430 1783 civitatis,
3462 1727 3517 1772 et
3543 1719 3656 1773 dux

2076 1809 2374 1873 exercitus,
2406 1817 2459 1863 et
2491 1824 2633 1863 unus
2659 1809 2708 1863 ci
2748 1809 3001 1864 subditus
3033 1794 3212 1873 uiriles,
3242 1811 3496 1864 convenit
3523 1810 3658 1865 civi-

2078 1900 2205 1954 tatis
2236 1899 2534 1969 principem
2584 1915 2705 1956 esse
2743 1901 2979 1970 primum
3014 1901 3069 1955 in
3105 1901 3299 1956 ordine
3336 1899 3644 1971 agentium,

2077 2006 2188 2060 quo
2226 1989 2452 2058 iubente
2494 1991 2605 2045 dux
2647 1992 2949 2047 exercitum
3002 1992 3069 2046 ad
3117 1991 3320 2046 bellum
3354 1992 3522 2058 ducit,
3553 1992 3658 2046 sub

2078 2100 2188 2153 quo
2218 2084 2375 2140 miles
2411 2086 2464 2139 in
2496 2085 2689 2139 ordine
2725 2100 2889 2155 quem
2937 2085 3166 2141 sortitus
3199 2094 3301 2147 est,
3334 2094 3508 2139 meret
3540 2098 3660 2137 ma-

2079 2176 2239 2232 nilius
2285 2176 2575 2257 dimicans.
2611 2177 2709 2233 Est
2759 2188 2935 2234 autem
2994 2179 3119 2254 linis
3150 2178 3338 2247 militis
3358 2178 3650 2233 devincere

2079 2269 2302 2327 hostes:
2332 2285 2443 2340 quo
2473 2264 2702 2326 ulterius
2752 2270 3062 2326 intenditur
3094 2271 3372 2327 exercitus
3401 2271 3654 2335 victoria,

2076 2375 2201 2431 quae
2247 2349 2332 2417 est
2379 2362 2506 2417 finis
2540 2348 2731 2430 ducis;
2759 2375 2815 2419 et
2847 2365 3028 2420 adhuc
3062 2364 3293 2419 ulterius
3317 2362 3560 2420 tenditur
3583 2361 3653 2415 ad

2076 2454 2314 2511 civitatis
2363 2466 2459 2511 aut
2507 2457 2662 2527 regni
2694 2457 3006 2524 utilitatem,
3040 2473 3161 2525 quae
3214 2466 3297 2514 est
3347 2457 3469 2511 linis
3492 2454 3655 2525 primi

2075 2548 2309 2615 agentis,
2340 2554 2396 2602 ct
2422 2550 2735 2604 necessario
2764 2548 2942 2603 locum
2976 2549 3138 2603 habet
3165 2550 3342 2604 ultimi
3374 2548 3523 2603 linis.
3560 2546 3657 2601 Fi-

2075 2628 2162 2694 nis
2196 2646 2403 2703 autcm,
2428 2639 2522 2714 qui
2549 2645 2634 2695 est
2672 2639 2880 2711 primus
2904 2640 2960 2695 in
2996 2641 3324 2705 intentione,
3357 2650 3441 2696 est
3472 2653 3654 2695 tamen

2076 2714 2302 2784 ultimus
2338 2729 2393 2809 in
2421 2720 2683 2797 actione;
2719 2738 2774 2786 et
2814 2742 2898 2807 est
2928 2729 3161 2808 effectus
3193 2730 3425 2785 aliarum
3452 2746 3655 2786 causa-

2082 2836 2228 2889 rum,
2252 2821 2561 2893 specialiter
2582 2822 2828 2879 intentns
2855 2838 2885 2879 a
2902 2824 3079 2893 primo
3107 2814 3338 2903 agente:
3373 2837 3497 2878 nam
3530 2838 3658 2880 esse

402 2913 629 2985 πρώτου
656 2914 963 2981 ποιοῦντος,
989 2916 1204 2986 ἀνάγκη
1230 2916 1379 2987 ἔχειν
1406 2916 1574 2970 τόπον
1610 2914 1709 2969 τοῦ
1737 2916 1972 2987 δσχὰτου

2081 2924 2165 2970 est
2193 2912 2268 2969 ex
2292 2914 2416 2969 aliis
2446 2907 2753 2987 principiis,
2778 2923 2861 2972 -ει
2887 2914 3065 2984 prima
3090 2929 3257 2971 causa
3291 2923 3377 2971 est
3416 2914 3655 2985 primum

393 3007 612 3072 τέλους.
645 3007 720 3061 Τὸ
751 3006 810 3061 δὲ
844 3007 1021 3074 τέλος,
1052 3008 1103 3060 εί
1134 3008 1231 3061 καὶ
1254 3009 1374 3061 ιστι
1407 3006 1725 3079 πρῶτοντῷ
1761 3005 1972 3077 σκοπῷ,

2082 2992 2437 3077 principium.
2636 3002 2639 3005 ¹

392 3098 517 3157 εστι
578 3100 767 3170 μέντοι
859 3101 1092 3171 ἔσχατον
1166 3101 1227 3154 ἐν
1277 3104 1346 3175 τῇ
1401 3104 1644 3170 ποιήσει.
1700 3101 1812 3154 Καὶ
1866 3100 2021 3153 εστιν
2083 3100 2443 3170 ἀποτέλεσμα
2491 3100 2669 3158 ἄλλων
2754 3100 2967 3169 αἰτιῶν,
3047 3100 3487 3172 ἀποκρινόμενον
3567 3100 3650 3170 τῷ

394 3194 602 3267 πρώτῳ
651 3192 919 3250 ποιοῦντι.
968 3194 1129 3249 Ἔστι
1188 3194 1299 3265 γὰρ
1339 3194 1397 3262 ἐξ
1431 3194 1610 3249 ἄλλων
1668 3195 1858 3266 ἅρχων
1907 3194 1969 3248 τὺ
2004 3190 2172 3260 εῖναι,
2205 3195 2303 3249 καὶ
2332 3196 2393 3248 τὸ
2444 3196 2665 3264 πρῶτον
2699 3194 2870 3249 αἴτιόν
2913 3194 3064 3249 ἔστιν
3105 3196 3138 3266 ἡ
3173 3194 3367 3263 πρώτη
3401 3195 3572 3263 ἀρχή.

468 3289 615 3362 Πρὸς
666 3289 728 3342 τὸ
782 3288 1068 3343 ἑιδίκκτον
1115 3291 1353 3360 ῥητέον,
1398 3290 1483 3344 δτι
1523 3286 1644 3342 ἔστι
1696 3288 1967 3357 πρότασίς

2151 3289 2235 3345 Ad
2292 3290 2642 3345 undecimum
2693 3288 2984 3345 dicendum
3030 3287 3178 3361 quod
3206 3296 3292 3343 cst
3314 3287 3497 3355 aliqua
3531 3300 3658 3356 pro-

394 3400 507 3450 τις,
572 3379 694 3437 καθ’
725 3381 927 3453 ἑαυτὴν
976 3381 1281 3452 γνώριμος,
1340 3384 1403 3435 τό
1455 3398 1519 3450 γε
1560 3380 1620 3446 ἐξ
1666 3381 1886 3451 ἑαυτῆς.
1937 3380 1972 3453 ἢ

2074 3383 2278 3453 positio
2308 3398 2404 3452 per
2447 3398 2507 3439 se
2536 3394 2665 3439 nota
2710 3394 2977 3454 quantum
3014 3368 3069 3439 in
3098 3397 3159 3440 se
3194 3392 3299 3447 est,
3323 3399 3445 3453 qua:
3472 3391 3658 3437 tamen

398 3477 590 3550 μέντοι
618 3491 685 3544 γε
708 3475 867 3547 τῷδε,
898 3476 934 3546 ἢ
969 3475 1130 3547 τῷδε,
1160 3475 1287 3530 καθ’
1323 3477 1523 3548 ἑαυτὴν
1549 3476 1652 3530 οὐκ
1681 3474 1797 3528 ἔστι
1832 3475 1972 3542 γνώ-

2074 3477 2250 3543 quoad
2285 3476 2436 3529 hunc
2464 3476 2548 3551 vel
2578 3468 2737 3529 illum
2786 3492 2895 3531 non
2930 3484 3016 3530 est
3047 3491 3143 3545 per
3171 3491 3233 3530 se
3259 3485 3407 3541 nuta,
3439 3474 3658 3544 quando

401 3588 585 3644 ριμος,
612 3571 777 3641 ἡνίκα
827 3569 1030 3642 δηλαδὴ
1072 3570 1135 3624 τὸ
1168 3558 1648 3641 κατηγορούμενόν
1711 3569 1860 3622 ἔστιν
1908 3568 1972 3622 ἐκ

2074 3564 2277 3622 scilicet
2312 3566 2666 3635 praedicatum
2714 3567 3014 3622 includitur
3049 3566 3103 3621 in
3148 3568 3361 3620 ratione
3399 3565 3651 3633 subjecti,

394 3664 494 3719 τοῦ
520 3665 681 3733 λόγου
708 3665 802 3718 τοῦ
851 3664 1241 3733 ὑποκειμένου.
1281 3664 1395 3719 Καὶ
1446 3664 1477 3718 ὁ
1539 3662 1635 3717 τοῦ
1674 3660 1972 3733 ὑποκειμέ-

2074 3666 2152 3712 est
2174 3656 2334 3712 alicui
2363 3658 2571 3727 ignota.
2602 3655 2659 3711 Si
2686 3658 2828 3730 quis,
2872 3657 3024 3713 verbi
3056 3657 3257 3728 gratia,
3289 3656 3503 3726 ignorat
3524 3656 3658 3726 quid

394 3774 488 3811 νου
518 3756 677 3824 λόγος
707 3755 826 3810 ἐστί
856 3772 963 3810 τινι
1004 3757 1309 3826 ἄγνωστος,
1345 3756 1541 3828 ὥσπερ
1561 3757 1614 3811 st
1640 3774 1724 3819 τις
1754 3756 1965 3823 ἀγνοεῖ.

2074 3750 2146 3807 sit
2177 3758 2376 3816 totum,
2416 3758 2564 3821 patet
2606 3752 2752 3820 quod
2784 3764 2893 3804 non
2927 3750 2998 3804 sit
3047 3750 3098 3805 ei
3135 3758 3262 3827 nota
3291 3750 3405 3804 haec
3446 3763 3649 3818 propo-

392 3846 451 3901 τί
480 3849 601 3902 ἐστι
636 3848 697 3900 τὸ
728 3847 869 3903 ὅλον.
894 3848 1066 3917 Δῆλον
1102 3852 1235 3920 γὰρ,
1272 3848 1356 3902 ὅτι
1393 3849 1495 3902 οὐκ
1545 3846 1613 3902 ἂν
1671 3848 1759 3918 εἴη
1817 3845 1968 3917 αὐτῷ

2074 3843 2196 3900 sitio
2218 3841 2424 3899 :Omne
2448 3854 2617 3898 touum
2652 3850 2736 3897 est
2766 3842 2943 3911 majus
2966 3858 3062 3895 sua
3089 3850 3260 3911 parte.
3292 3838 3425 3895 Nam
3462 3842 3658 3910 hujus-

394 3939 679 4012 γνώριμος
713 3938 805 4011 ἣδε
837 3940 873 4012 ἡ
911 3940 1198 4012 πρότασις,
1232 3940 1348 3995 Πᾶν
1368 3940 1490 3994 ὅλον
1520 3940 1639 3995 εστὶ
1661 3939 1851 4009 μεῖζον
1872 3936 1970 3993 τοῦ

2074 3935 2219 3988 modi
2276 3931 2680 4005 propositiones
2722 3932 2858 3986 (ittnt
2895 3941 3037 3987 notae
3089 3930 3324 4007 cognitis
3377 3933 3652 4001 terminis,

398 4033 533 4086 ἰδίου
559 4032 790 4102 μέρους.
823 4031 892 4085 Δί
920 4030 1173 4086 τοιαῦται
1204 4031 1316 4101 γὰρ
1364 4031 1667 4101 προτάσεις
1720 4031 1968 4099 γίνονται

2075 4038 2137 4083 ιιι
2163 4028 2367 4083 dicitur
2392 4027 2443 4081 in
2471 4027 2647 4097 primo
2678 4024 3061 4081 Posteriorum.
3100 4023 3224 4081 Uret:
3257 4024 3425 4094 igitur
3453 4037 3653 4094 propo-
3708 4028 3711 4031 ‘

397 4123 671 4195 γνώριμοι
704 4125 1061 4193 γνωσθιντων
1097 4123 1209 4176 τῶν
1240 4125 1408 4194 ὅρων,
1436 4123 1513 4187 ὡς
1550 4110 1770 4191 λέγεται
1798 4125 1857 4176 ἑν
1892 4124 1972 4195 τῷ

2081 4120 2247 4177 sitio:
2275 4118 2418 4177 Deus
2437 4129 2541 4186 est,
2575 4120 2721 4190 quod
2747 4119 2814 4175 ad
2858 4135 2918 4175 se
2945 4119 3159 4183 attinet,
3194 4128 3279 4175 est
3301 4132 3396 4188 per
3420 4131 3481 4172 se
3507 4128 3656 4179 ncta,

395 4216 602 4286 πρώτῳ
636 4215 747 4269 τῶν
781 4215 1079 4285 Ὕστὲρων.
1112 4216 1175 4286 Ἦ
1212 4215 1329 4277 τοῦ,
1351 4214 1592 4268 Ἐστινό
1631 4214 1785 4278 Θεὸς,
1799 4215 1972 4271 τοίνυν

2087 4213 2229 4267 idem
2281 4213 2428 4268 enim
2472 4220 2559 4267 est
2606 4211 2663 4265 in
2710 4212 3005 4282 praedicata
3055 4220 3110 4267 et
3141 4210 3196 4264 in
3233 4209 3524 4280 subjecto;
3560 4206 3657 4261 sed

396 4294 668 4378 πρότασις
712 4306 771 4359 τὸ
829 4307 927 4377 μὲν
954 4306 1015 4370 ἐξ
1041 4308 1241 4374 ἑαυτῆς
1269 4308 1389 4361 ἐστι
1420 4306 1547 4361 καθ’
1565 4305 1738 4377 αὐτὴν
1768 4306 1972 4379 γνώρι-

2076 4303 2222 4376 quod
2266 4305 2334 4362 ad
2377 4320 2501 4365 nos.
2548 4320 2655 4359 non
2694 4314 2775 4361 est
2812 4319 2911 4375 per
2955 4318 3016 4359 se
3054 4312 3207 4368 nota,
3249 4317 3397 4379 nam,
3428 4300 3559 4370 quid
3587 4300 3663 4356 sit

397 4414 525 4480 μος,
562 4398 679 4452 ἔστι
714 4398 826 4469 γὰρ
860 4400 921 4451 τὸ
968 4399 1103 4452 αὐτὸ
1121 4398 1181 4451 ἐν
1210 4416 1270 4452 τε
1292 4399 1373 4470 τῷ
1401 4399 1847 4470 κατηγορημένῳ
1874 4400 1970 4452 καὶ

2080 4401 2222 4453 Deus
2260 4397 2556 4461 nescimus,
2613 4397 2757 4453 unde
2809 4396 2953 4468 apud
3014 4411 3117 4451 nos
3191 4393 3658 4450 demonstratione

395 4491 746 4566 ὑποκειμένῳ
769 4506 785 4520 ’
826 4493 886 4542 τὸ
923 4490 979 4544 δὲ
1008 4490 1144 4558 πρὸς
1184 4491 1332 4560 ἡμᾶς
1372 4491 1473 4546 οὐκ
1501 4490 1618 4545 ἔστι
1684 4491 1968 4561 γνώριμος

2076 4502 2216 4553 opus
2244 4497 2347 4554 est,
2383 4499 2489 4543 non
2526 4491 2710 4543 tamen
2764 4487 2904 4558 apud
2940 4485 3189 4541 videntes
3213 4484 3508 4538 essentiam
3534 4482 3657 4544 Dei.

392 4581 522 4647 καθ’
553 4582 749 4651 αὐτὴν.
787 4581 852 4635 Τί
896 4583 1006 4654 γάρ
1036 4584 1188 4636 ἐστιν
1241 4584 1271 4637 ὁ
1308 4582 1442 4660 Θεὸς
1493 4583 1594 4638 οὐκ
1635 4582 1819 4655 ἴσμεν,
1863 4583 1989 4639 ὅθεν
2025 4581 2159 4653 παρ’
2221 4583 2354 4652 ἡμῖν
2406 4582 2736 4650 ἀποδείξεως
2792 4581 3003 4650 δεῖται,
3044 4578 3107 4633 ού
3164 4574 3291 4649 μὴν
3330 4577 3485 4647 παρὰ
3545 4577 3662 4660 τοῖς

392 4667 570 4747 ὁρῶσι
597 4676 697 4745 τὴν
732 4675 921 4728 οὐσίαν
940 4674 1038 4728 τοῦ
1068 4676 1227 4732 Θεοῦ.

556 4786 766 4854 esset.
800 4788 893 4857 qn
918 4787 1039 4866 ὀτι
1063 4790 1096 4842 δ
1123 4790 1268 4854 Θεὸς
1302 4789 1415 4844 οὐκ
1446 4789 1622 4844 ἔστιν
1651 4788 1793 4858 ὕλη.
2002 4772 2049 4829 ι)

462 4882 533 4933 α’.
574 4875 671 4929 Ἐκ
698 4877 758 4930 δὲ
792 4876 903 4929 τῶν
942 4880 1363 4949 προειρημένων
1410 4879 1664 4949 φαίνεται
1697 4882 1773 4951 μὴ
1831 4876 1974 4936 εῖναι

393 4968 490 5020 τὸν
519 4966 653 5019 Θεδν
692 4966 850 5039 ὕλην.
899 4969 967 5021 Ἥ
1006 4970 1117 5040 γὰρ
1163 4970 1266 5041 ὕλη
1329 4970 1481 5025 τοῦθ⁹
1516 4972 1656 5041 ὅπερ
1713 4972 1859 5025 ἐστὶν
1914 4975 1972 5027 ἐν

2074 4970 2200 5040 quia
2248 4970 2479 5024 materia
2522 4978 2607 5025 est
2642 4968 2695 5022 id
2742 4968 2888 5038 quod
2940 4975 3026 5022 est
3058 4965 3113 5020 in
3151 4964 3427 5034 potentia;
3459 4972 3652 5019 osten-

390 5059 625 5143 δυνᾴμει
654 5060 790 5114 ἐστί.
821 5060 1101 5116 Δέδεικται
1130 5063 1189 5117 δὲ
1224 5064 1298 5135 μή
1327 5060 1469 5119 εἶναι
1534 5064 1770 5136 δύναμιν
1803 5066 1864 5119 ὲν
1895 5064 1972 5138 τῷ

2074 5076 2191 5117 sum
2224 5072 2304 5117 est
2338 5073 2520 5117 autem
2547 5076 2654 5116 non
2679 5076 2800 5117 esse
2848 5059 3147 5133 potentiam
3167 5059 3221 5114 in
3255 5057 3405 5125 Deo;
3433 5073 3532 5114 nec
3557 5058 3657 5128 igi-

391 5148 538 5221 Θεῷ,
575 5150 686 5204 οὐδ’
718 5152 829 5222 ἄρα
868 5151 1026 5223 ὓλην.

2074 5168 2160 5210 tur
2191 5162 2272 5231 est
2319 5154 2569 5208 materia.

580 5244 641 5297 Εί
666 5244 700 5315 ἠ
726 5243 959 5326 ὓλησούκ
983 5246 1131 5300 ἔστιν
1170 5246 1314 5319 ἁρχὴ
1354 5247 1637 5319 ποιητικὴ,
1667 5248 1701 5320 η
1733 5247 1841 5316 γὰρ
1866 5246 1968 5319 ὕλη

2149 5246 2204 5299 2.
2237 5243 2462 5306 lterum,
2506 5245 2737 5297 materia
2800 5259 2909 5300 non
2936 5254 3020 5300 est
3063 5243 3260 5314 agendi
3288 5241 3646 5311 principium,
3708 5275 3713 5279 -

386 5321 493 5393 atati
529 5342 596 5393 τὸ
626 5340 817 5415 ποιοῦν
834 5321 1075 5415 διάφορα
1102 5343 1273 5409 αἴτια,
1315 5342 1456 5396 κατὰ
1486 5343 1580 5395 τὸν
1648 5342 1967 5413 φιλόσοφον,

2077 5350 2201 5391 nam
2233 5334 2458 5389 materia
2491 5344 2545 5388 et
2582 5334 2824 5389 etiiciens
2843 5345 2972 5390 sunt
2992 5349 3177 5391 causa:
3203 5333 3651 5393 ditlerentcs,se-

387 5424 469 5486 ὧι
500 5431 756 5504 θάτερον,
781 5434 813 5504 ἢ
844 5434 907 5488 τὸ
926 5431 1069 5488 εἶναι
1093 5435 1375 5506 ποιητικὸν
1404 5435 1581 5489 αἴτιον
1604 5434 1970 5507 προσήκειτῷ

2076 5428 2316 5483 cundum
2366 5425 2792 5496 philosophum,
2857 5441 3091 5495 quarum
3147 5428 3360 5495 prima,
3436 5424 3653 5479 scilicet

386 5524 515 5599 θεῷ
540 5538 559 5555 ·
591 5527 692 5580 οὐκ
712 5528 820 5598 ἄρα
853 5508 1002 5581 ἔστιν
1033 5526 1151 5599 ὕλη.

2076 5535 2237 5575 causa
2273 5516 2536 5586 cﬂiciens,
2585 5517 2842 5576 convenit
2879 5516 3030 5583 Deo;
3073 5532 3179 5571 non
3209 5525 3295 5570 est
3309 5528 3443 5602 ergo
3477 5523 3656 5568 mate~

2073 5630 2174 5670 l’ia.

2285 4784 2418 4852 Cap.
2451 4782 2543 4838 Vl.
2580 4781 2734 4848 Quod
2769 4781 2908 4836 Deus
2958 4796 3058 4834 non
3086 4790 3159 4835 est
3188 4779 3443 4835 materia.

2148 4876 2199 4931 l.
2230 4874 2312 4931 Ex
2338 4876 2499 4931 dictis
2538 4885 2762 4944 apparet
2806 4875 2973 4929 Dcum
3031 4887 3137 4933 non
3167 4886 3292 4926 esse
3322 4869 3609 4925 materiam
3635 4885 3653 4925 :

468 5772 585 5845 μδ)
628 5772 807 5830 Locus
834 5780 1145 5843 corruptus.
