4086 6228
445 333 591 400 1223

1659 329 2050 392 GREGORII
2089 318 2427 391 ACINDYN
2437 329 2463 388 Ι

3563 328 3700 397 ιεει

428 456 618 521 ,Οιιιηο
635 456 776 508 enim
808 452 951 523 quod
993 461 1262 520 movetur,
1291 460 1376 507 est
1412 451 1684 508 divisibile
1707 465 1761 508 et
1787 467 2006 522 corpus,

2118 451 2146 504 ὃ
2177 450 2406 506 κινείταί
2448 450 2564 504 ἐστι
2591 447 2883 520 διαιρετὸν,
2931 452 3024 506 καὶ
3077 453 3258 524 σῶμα,
3312 450 3387 511 ὡς
3416 449 3703 504 δείκνυται

442 545 779 616 utprobatur
804 545 859 598 in
888 553 1043 598 sexto
1070 541 1451 613 Pitysicorum.
1473 530 1643 596 omne
1677 552 1860 597 autem
1890 556 2016 596 cor-

441 652 544 706 pus
576 634 723 704 quod
755 641 935 688 movet
970 643 1205 696 malum,
1227 634 1392 688 simul
1427 633 1554 689 dum
1589 643 1773 689 movet
1832 649 2018 689 move-

445 738 567 794 tur;
596 742 730 797 ergo
763 727 950 780 omnia
988 725 1090 781 ista
1112 726 1323 780 infinita
1362 728 1526 780 simul
1551 737 1859 793 moventur,
1886 729 2014 781 dum

440 835 610 873 uuum
633 835 824 874 eorum
857 828 1142 886 movetur;
1181 822 1273 872 sed
1301 834 1470 873 unum
1504 836 1714 880 eorum.
1749 837 1916 890 quum
1946 821 2017 875 sit

442 911 680 978 ﬁnitum,
709 922 959 968 movetur
991 920 1234 982 tempore
1261 917 1411 969 linito
1447 932 1462 972 :
1495 915 1599 969 alia
1633 916 1797 983 igitur
1834 915 2016 968 omnia

439 1003 528 1058 illa
550 1005 760 1059 inﬁnita
792 1015 1081 1061 moventur
1108 1017 1350 1078 tempore
1374 1007 1552 1063 linito.
1587 1006 1698 1062 Hoc
1722 1017 1900 1062 autem
1933 1015 2016 1062 est

441 1099 806 1169 impossibile,
835 1104 949 1156 sive
986 1116 1084 1172 per
1111 1102 1602 1168 continuationem,
1625 1118 1739 1157 stve
1767 1117 1860 1169 per
1883 1117 2019 1157 eon-

441 1191 804 1260 tiguationem
859 1193 970 1249 sint
1006 1209 1175 1248 unum
1214 1195 1434 1248 mobile.
1467 1195 1607 1264 Ergo
1664 1195 1718 1249 in
1758 1197 2018 1250 moventi-

438 1281 542 1336 bus
568 1292 620 1336 et
645 1284 811 1339 motis
845 1284 1182 1353 impossibile
1204 1295 1288 1340 est
1311 1287 1364 1339 in
1398 1286 1667 1342 inﬁnitum
1701 1302 2013 1356 procedere.

511 1374 786 1440 Secundo,
823 1379 947 1446 quia
984 1377 1036 1430 in
1089 1379 1441 1434 moventibus
1473 1389 1524 1433 et
1581 1381 1742 1435 motis
1795 1383 2018 1435 ordina-

436 1467 530 1531 tis,
562 1483 792 1537 quorum
843 1469 1056 1525 scilicet
1111 1486 1426 1540 unum.per
1464 1473 1714 1527 ordinem
1775 1473 1843 1528 ab
1909 1473 2017 1528 alio

439 1572 712 1625 movetur,
743 1561 846 1616 hoc
894 1577 1119 1619 necesse
1157 1573 1242 1618 est
1297 1563 1553 1630 inveniri,
1596 1565 1743 1633 quod
1808 1576 2018 1620 remoto

441 1653 892 1721 primomovente
946 1655 1029 1708 vel
1089 1664 1343 1710 cessante
1385 1671 1414 1708 a
1474 1656 1738 1723 motione,
1806 1657 2016 1711 nullum

443 1745 674 1800 aliorum
710 1747 1052 1802 movebitvel
1095 1749 1404 1803 movebitur
1438 1765 1453 1814 ;
1491 1749 1728 1819 primum
1763 1749 1909 1803 enim
1938 1760 2018 1804 est

2122 543 2274 613 ὲντῷ
2299 543 2446 614 ἕκτῳ
2479 545 2578 613 τῆς
2611 544 2873 611 Φυσικῆς.
2941 545 3054 599 Πᾶν
3084 545 3142 600 δὲ
3183 543 3346 614 σῶμα
3377 542 3406 597 δ
3436 544 3578 597 κινεῖ
3605 560 3700 595 κι-

2119 633 2398 701 νούμενον,
2429 629 2549 701 ἅμα
2593 631 2733 685 κατᾶ
2753 633 2816 684 τὸ
2850 637 3021 686 κινεῖν
3080 635 3336 688 κινεῖται.
3371 635 3554 687 Πάντα
3587 633 3705 692 ἄρα

2116 727 2186 778 τὰ
2213 724 2419 795 ἄπειρα
2445 725 2618 779 ταῦτα
2651 724 2784 794 ὁμοῦ
2813 727 3193 797 κινηθήσεται,
3229 727 3323 781 τοῦ
3372 708 3490 789 ἐνὸς
3517 727 3703 780 αὐτῶν

2119 818 2460 887 κινουμένου.
2510 817 2672 873 Ἀλλὰ
2697 820 2758 873 τὸ
2807 820 2866 873 ἓν
2922 821 3102 876 αὐτῶν
3139 820 3558 892 πεπερασμένον
3612 817 3698 883 ὂν,

2117 913 2354 966 κινεῖται
2383 914 2441 966 ὲν
2479 913 2884 983 πεπερασμένῳ
2923 914 3120 985 χρόνῳ.
3187 914 3298 968 Καὶ
3327 913 3506 967 πάντα
3528 913 3700 978 ἔτερα

2121 1005 2300 1056 ἐκεῖνα
2332 1003 2401 1056 τὰ
2429 1002 2634 1071 ἄπειρα
2670 1003 2944 1057 κινοῦνται
2995 1002 3151 1076 κατὰ.
3205 1006 3396 1073 χρόνον
3455 1018 3698 1071 πεπερα-

2125 1094 2342 1163 σμένον.
2367 1085 2538 1150 Τοῦτο
2561 1094 2619 1146 δέ
2637 1095 2792 1148 ἐστιν
2818 1076 3076 1168 ἀδύνατον
3099 1109 3112 1127 ⁸
3149 1094 3180 1163 ἢ
3211 1093 3466 1164 συνεχείᾳ
3501 1094 3534 1154 ἢ
3572 1110 3698 1146 συνο

2117 1188 2285 1258 αφείᾳ.
2314 1186 2481 1242 ὅντων
2530 1187 2587 1240 ἐν
2639 1172 2878 1257 κινητόν.
2914 1189 3026 1240 Οὐκ
3079 1202 3186 1256 αρα
3214 1189 3272 1241 ἐν
3313 1189 3424 1251 τοῖς
3465 1188 3696 1252 κινοῦσι,

2118 1281 2212 1334 καὶ
2244 1281 2578 1349 κινουμένοις
2609 1279 2756 1334 ἔστιν
2784 1281 2872 1336 ἐπ’
2904 1282 3130 1351 ἄπειρον
3161 1283 3427 1352 προϊέναι.

2191 1371 2456 1441 Δεύτερον
2483 1370 2562 1436 δὲ,
2593 1371 2676 1424 ὅτι
2704 1373 2760 1424 ὲν
2804 1373 2913 1434 τοῖς
2947 1372 3154 1425 κινοῦσι
3215 1373 3308 1425 καὶ
3355 1371 3696 1437 κινουμένοις

2121 1461 2262 1514 κατὰ
2289 1461 2459 1524 τάξιν,
2493 1453 2567 1518 ὧν
2599 1459 2658 1514 τὸ
2688 1460 2750 1514 ἓν
2782 1465 2923 1514 κατὰ
2949 1461 3102 1524 τάξιν
3123 1463 3227 1514 ὑπὸ
3252 1462 3411 1516 ἄλλον
3439 1465 3692 1524 κινεῖται,

2120 1552 2267 1609 τοῦτ’
2307 1555 2373 1607 ἂν
2413 1552 2708 1622 ἀναγκαῖόν
2767 1554 2914 1608 ἐστιν
2967 1553 3345 1623 εὑρίσκεσθαι,
3402 1555 3489 1607 ὅτι
3536 1555 3696 1607 ἀναι-

2123 1650 2391 1720 ρουμένου
2419 1648 2510 1700 τοῦ
2547 1648 2776 1718 πρώτως
2799 1647 3099 1713 κινοῦντος,
3139 1648 3171 1720 ἢ
3214 1648 3536 1717 παυομένης
3594 1646 3698 1715 τῆς

2124 1743 2409 1814 κινήσεως,
2461 1742 2612 1795 οὐδὲν
2670 1742 2778 1795 τῶν
2829 1741 3002 1794 ἄλλων
3033 1744 3266 1812 κινήσει,
3317 1744 3349 1814 ἢ
3400 1741 3698 1810 att-1110i,“-

438 1836 698 1890 omnibus
727 1853 890 1892 causa
925 1842 1177 1894 movendi
1226 1848 1280 1894 et
1347 1840 1574 1894 moveri.
1631 1839 1734 1895 Sed
1777 1842 1822 1894 si
1887 1852 2014 1896 sunt

2118 1853 2208 1889 ται
2247 1850 2261 1866 ·
2296 1835 2357 1888 τὸ
2385 1836 2493 1906 γὰρ
2526 1834 2742 1907 πρῶτόν
2772 1837 2918 1889 ἐστιν
2970 1834 3119 1888 αἰτία
3171 1835 3304 1888 πᾶσι
3351 1832 3446 1887 τοῦ
3505 1834 3697 1895 κινεῖν,

441 1929 716 1982 moventia
751 1936 806 1982 et
838 1941 984 1983 mota
1011 1946 1106 2000 per
1147 1932 1475 1985 ordinemin
1541 1931 1838 1999 inﬁnitum,
1899 1949 2008 1987 non

437 2021 544 2076 erit
573 2023 806 2090 primum
845 2039 1090 2088 movens,
1127 2026 1218 2080 sed
1253 2026 1438 2079 omnia
1470 2035 1631 2080 erunt
1675 2027 1831 2096 quasi
1892 2041 2008 2080 me-

439 2113 526 2168 dia
554 2115 847 2168 moventia.
881 2115 1021 2184 Ergo
1043 2115 1254 2168 nullum
1283 2116 1476 2169 horum
1511 2115 1715 2185 poterit
1773 2116 2008 2179 moveri,

437 2213 491 2260 et
515 2207 594 2261 sic
620 2207 755 2259 nihil
794 2207 1104 2262 movebitur
1127 2209 1183 2264 in
1241 2207 1492 2263 mundo:
1553 2208 1700 2278 quod
1760 2208 2014 2263 sensibus

437 2297 727 2354 refellitur.

508 2473 694 2531 Tertia
735 2476 876 2532 ratio
899 2487 1006 2544 est,
1037 2477 1165 2549 quia
1193 2477 1246 2532 id
1277 2476 1419 2546 quod
1455 2484 1635 2531 movet
1663 2476 2006 2531 instrumen-

438 2570 645 2638 taliter,
677 2587 784 2626 non
815 2580 998 2642 potest
1031 2588 1251 2629 movere
1310 2572 1415 2628 nisi
1475 2572 1548 2627 sit
1603 2572 1804 2641 aliquid
1872 2570 2018 2640 quod

435 2661 814 2732 principaliter
835 2671 1070 2718 moveat.
1098 2662 1202 2718 Sed
1237 2663 1282 2718 si
1303 2665 1355 2716 in
1384 2663 1656 2717 inﬁnitum
1681 2663 2015 2732 procedatur

435 2753 491 2809 in
517 2755 861 2809 moventibus
891 2765 946 2809 et
985 2755 1172 2821 motis,
1213 2753 1396 2808 omnia
1432 2764 1592 2808 erunt
1629 2755 1781 2822 quasi
1809 2753 2016 2808 instru-

436 2849 749 2901 mentaliter
799 2848 1099 2911 moventia,
1167 2858 1334 2902 erunt
1357 2847 1504 2901 enim
1557 2847 1701 2901 sicut
1741 2845 2016 2902 moventia

438 2950 620 3007 mota,
649 2940 785 2995 nihil
834 2951 1016 2996 autem
1039 2943 1142 2996 erit
1193 2942 1339 2996 sicut
1393 2939 1697 3011 principale
1738 2955 2012 2996 movens:

440 3052 578 3108 ergo
623 3037 757 3091 nihil
800 3038 1110 3092 movebitur
1139 3055 1158 3094 :
1189 3037 1335 3109 quod
1368 3036 1642 3092 confutari
1695 3045 1873 3106 potest
1933 3037 2018 3090 in-

442 3130 706 3185 ductione
768 3129 1062 3185 multorum
1129 3146 1252 3200 quae
1318 3138 1610 3184 moventur
1669 3129 1724 3183 in
1790 3127 2018 3183 mundo.

439 3226 668 3292 Propter
731 3225 833 3279 hoc
893 3233 1112 3294 oportet
1167 3224 1387 3278 mobilia
1420 3226 1604 3277 omnia
1650 3223 1915 3277 reducere
1963 3222 2020 3276 in

443 3332 609 3369 Unum
646 3317 878 3385 primum
913 3331 1134 3371 movens
1161 3320 1426 3386 seipsum.
1455 3315 1675 3370 Moveus
1709 3325 1886 3369 autem
1916 3319 2024 3371 sei—

441 3426 621 3480 psum,
651 3427 708 3466 se
740 3422 920 3467 movet
948 3428 1044 3482 per
1069 3412 1366 3482 appetitum
1396 3421 1448 3465 et
1483 3410 1968 3480 appreltcnsionem
2000 3427 2017 3464 :

437 3504 550 3558 sola
571 3507 713 3558 enim
743 3507 856 3559 haec
878 3505 1228 3560 inveniuntur
1248 3506 1426 3574 seipsa
1452 3519 1688 3568 movere,
1715 3514 1900 3573 utpote
1958 3503 2014 3560 in

439 3599 640 3666 quibus
665 3609 984 3654 estmovere
1014 3609 1066 3652 et
1121 3599 1354 3653 moveri.
1409 3596 1540 3653 Pars
1566 3598 1730 3669 igitur
1753 3599 1804 3652 in
1839 3601 2016 3668 primo

438 3699 691 3741 movente
719 3704 944 3743 movens
967 3689 1229 3760 seipsarn,
1253 3698 1466 3758 oportet
1498 3692 1641 3758 quod
1667 3693 1738 3743 sit
1803 3689 2012 3758 appeti-

441 3792 528 3835 tus
557 3792 610 3835 et
637 3782 1025 3850 apprehensio.
1060 3781 1116 3836 In
1151 3792 1300 3837 motu
1335 3793 1519 3836 autem
1553 3782 1644 3852 qui
1669 3791 1750 3837 est.
1789 3799 1884 3851 per
1918 3798 2016 3853 ap-

437 3874 663 3942 petitum
690 3885 742 3928 et
773 3875 1291 3944 apprehensionem,
1320 3879 1584 3944 appetens
1625 3884 1679 3928 et
1705 3875 2012 3944 apprehen-

440 3983 560 4019 sum
599 3978 683 4021 est
718 3983 942 4022 movens
972 3979 1201 4034 motum,
1231 3967 1526 4040 appetibile
1564 3982 1690 4022 vero
1726 3975 1782 4022 et
1817 3983 2014 4040 appre-

438 4058 709 4113 hensibile
737 4072 820 4114 est
839 4075 1065 4116 movens
1095 4077 1204 4116 non
1234 4071 1463 4116 motum.

505 4152 641 4206 Cum
675 4151 838 4223 igitur
881 4153 936 4208 id
984 4152 1130 4223 quod
1168 4163 1254 4209 est
1301 4153 1548 4208 omnium
1609 4153 1849 4224 primum
1895 4169 2012 4208 rno-

434 4258 589 4309 veus,
619 4246 764 4315 quod
801 4245 966 4300 Deum
1025 4246 1277 4310 dicimus,
1310 4247 1384 4301 sit
1437 4249 1660 4301 omnino
1695 4248 2006 4313 immotum,

435 4349 647 4407 oportet
684 4338 828 4408 quod
866 4347 1220 4410 comparetur
1251 4343 1316 4394 ad
1347 4344 1634 4395 'mot0rem
1661 4340 1752 4409 qui
1785 4350 1869 4395 est
1892 4356 2007 4396 mo-

436 4450 569 4490 vens
604 4436 869 4503 seipsum,
902 4437 1044 4490 sicut
1073 4435 1363 4505 appetibile
1396 4435 1461 4489 ad
1495 4443 1863 4505 appetentem,
1896 4451 2004 4490 nou

2121 1931 2215 1983 καὶ
2253 1928 2545 1984 κινεῖσθαι.
2591 1929 2730 1981 Ἀλλ’
2757 1929 2916 1998 εἴπερ
2949 1930 3032 1996 εἴη
3066 1927 3318 1981 κινοῦντα
3372 1928 3466 1979 καὶ
3511 1925 3698 1978 κινού-

2120 2042 2258 2094 μενα
2290 2024 2432 2078 κατὰ
2459 2022 2613 2088 τάξιν
2652 2023 2879 2093 ἄπειρα,
2909 2023 3011 2076 οὐκ
3054 2023 3208 2076 ἔσται
3238 2021 3299 2074 τὸ
3349 2021 3564 2091 πρῶτον
3613 2036 3702 2073 κι-

2119 2115 2244 2170 νοῦν
2281 2129 2294 2146 ⁸
2327 2113 2464 2170 ἀλλὰ
2497 2115 2678 2172 πάντα
2729 2113 2881 2169 ἔσται
2929 2116 3119 2184 ὥσπερ
3177 2115 3357 2180 ἄμεσα
3412 2111 3698 2166 κινοῦντα.

2120 2209 2290 2264 Οὐδὲν
2321 2209 2430 2281 ἄρα
2453 2207 2660 2263 τούτων
2695 2207 2986 2278 δυνήσεται
3019 2206 3313 2261 κινείσοαι.
3370 2205 3474 2258 Καὶ
3523 2200 3700 2272 ταύτῃ

2121 2301 2276 2357 οὐδὲν
2311 2301 2370 2354 ὲν
2405 2300 2480 2371 τῷ
2504 2299 2694 2370 κόσμῳ
2731 2301 3040 2372 κινήσεται,
3073 2300 3212 2369 ὅπερ
3261 2297 3514 2368 αἰσθήσει
3543 2294 3704 2363 ιλιτ-

2125 2412 2300 2466 χεται.

2193 2490 2389 2562 Τρίτος
2416 2488 2574 2558 λόγος
2603 2489 2772 2554 ἐστὶν,
2822 2485 2906 2540 ὅτι
2952 2487 3010 2540 τὸ
3045 2484 3228 2540 κινοῦν
3279 2483 3587 2556 ὀργανικῶς
3635 2483 3701 2535 οῦ

2122 2581 2348 2637 δύναται
2385 2584 2577 2648 κινεῖν,
2610 2584 2656 2635 εί
2692 2582 2764 2652 μή
2799 2597 2850 2634 τι
2899 2579 2983 2652 εἴη
3037 2579 3096 2633 τὺ
3147 2579 3444 2652 ἀρχοειδῶς
3491 2577 3698 2632 κινοῦν.

2131 2675 2277 2729 Ἀλλ’
2304 2675 2353 2729 εί
2384 2675 2471 2728 ἔπ’
2495 2676 2723 2745 ἄπειρον
2756 2674 2939 2746 προΐει
2967 2675 3027 2726 ὲν
3071 2675 3185 2734 τοῖς
3230 2672 3441 2725 κινοῦσι
3491 2671 3585 2725 καὶ
3619 2688 3704 2722 κι-

2119 2769 2427 2841 νουμένοις,
2480 2770 2661 2822 πάντα
2721 2768 2937 2822 ἔσονται
2989 2767 3242 2837 καθάπερ
3297 2766 3341 2818 εί
3389 2765 3700 2832 ὀργανικῶς

2121 2861 2424 2918 κινοῦνται.
2469 2863 2726 2914 Ἔσονται
2762 2863 2870 2933 γὰρ
2903 2862 3082 2914 πάντα
3115 2859 3284 2913 οἱονεὶ
3322 2860 3579 2912 κινοῦντα
3613 2877 3704 2911 κι-

2125 2954 2378 3027 νούμενα.
2417 2954 2586 3009 Οὐδὲν
2609 2954 2666 3008 δὲ
2695 2953 2977 3025 ἀρχοειδὲς
3009 2953 3195 3008 κινοῦν
3215 2969 3231 2982 ο
3275 2953 3429 3006 οῦδὲν
3481 2953 3592 3021 ἄρα
3615 2970 3704 3004 κι-

2123 3046 2387 3116 νήσεται]
2421 3046 2557 3116 ὅπερ
2586 3045 2702 3099 ιστί
2727 3046 2792 3118 τῇ
2819 3046 3078 3116 ἐπαγωγῇ
3112 3043 3352 3113 ἐλέγχειν
3377 3042 3586 3096 πολλῶν
3641 3046 3704 3096 ἐν

2125 3136 2202 3206 τῷ
2237 3138 2427 3209 κόσμῳ
2451 3137 2813 3208 κινουμένων.
2849 3136 2948 3189 Διὰ
2978 3135 3039 3206 δὴ
3065 3137 3225 3189 τοῦτο
3277 3137 3453 3190 πάντα
3482 3137 3552 3189 τὰ
3610 3153 3702 3189 κι-

2125 3229 2366 3299 νούμενα
2388 3230 2685 3299 ἀναγκαῖον
2708 3229 3003 3300 ἀναφέρειν
3034 3230 3114 3292 είς
3151 3246 3204 3282 τι
3255 3230 3470 3300 πρῶτον
3517 3229 3704 3284 κινοῦν

2123 3323 2255 3376 αὐτὸ
2286 3325 2469 3378 ἑαυτό.
2529 3324 2602 3378 Τὸ
2624 3323 2679 3376 δὲ
2718 3324 2904 3379 κινοῦν
2939 3325 3101 3378 ἑαυτὸ
3133 3327 3276 3378 κινεῖ
3313 3324 3476 3378 ἑαυτὸ
3523 3322 3706 3394 ὀρέξει

2121 3417 2217 3469 καὶ⁸
2241 3415 2570 3488 καταλήψει.
2621 3416 2774 3471 Μόνα
2811 3418 2921 3488 γὰρ
2961 3417 3028 3470 τὰ
3075 3416 3300 3470 τοιαῦτα
3353 3415 3705 3488 εὑρίσκονται

2120 3509 2261 3562 αὐτὰ
2286 3509 2455 3563 ἑαυτὰ
2481 3507 2762 3572 κινοῦντα,
2805 3507 2878 3570 ὡς
2911 3509 2967 3561 ὲν
3017 3509 3203 3569 αὐτοῖς
3265 3509 3418 3572 ὄντος
3471 3507 3567 3560 τοῦ
3620 3524 3707 3560 κι-

2120 3604 2253 3666 νεῖν,
2289 3603 2385 3656 καὶ
2425 3601 2716 3656 κινεῖσθαι.
2765 3601 2854 3656 Ἐν
2906 3599 2983 3670 τῷ
3018 3599 3220 3670 πρώτῳ
3250 3599 3429 3654 τοίνυν
3486 3600 3564 3670 τῷ
3615 3616 3704 3653 κι-

2118 3696 2297 3750 νοῦντί
2323 3713 2375 3750 τι
2404 3696 2567 3751 ἑαυτὸ
2602 3697 2662 3748 τὸ
2689 3696 2876 3749 κινοῦν
2905 3697 3070 3765 μέρος
3110 3695 3192 3748 δεῖ
3215 3693 3360 3747 εἶναι
3394 3693 3575 3763 ὄρεξιν
3608 3694 3704 3746 καὶ

2119 3789 2445 3861 κατάληψιν.
2491 3790 2582 3842 Ἐν
2625 3789 2684 3843 δὲ
2738 3790 2802 3858 τῇ
2835 3789 3047 3859 κινήσει
3089 3790 3155 3858 τῇ
3196 3784 3331 3858 οὔσῃ
3378 3785 3561 3856 ὀρέξει
3609 3786 3705 3841 καὶ

2117 3880 2424 3952 καταλήψει
2473 3879 2530 3936 τὸ
2565 3879 2662 3952 μὲν
2706 3879 3033 3952 ὀρεγόμενον
3061 3917 3076 3943 ,
3129 3879 3221 3931 καὶ
3280 3878 3705 3947 καταλαμόανό-

2118 3973 2278 4044 μενον
2330 3974 2446 4027 ἐστι
2487 3970 2674 4027 κινοῦν
2716 3974 3058 4041 κινούμενον,
3117 3969 3178 4021 τὸ
3222 3969 3279 4023 δὲ
3326 3970 3552 4042 ὀρεκτδν
3606 3969 3704 4022 καὶ

2114 4067 2467 4136 καταληπτόν
2518 4068 2635 4120 ἐστι
2667 4065 2851 4120 κινοῦν
2878 4065 2954 4135 μὴ
2982 4063 3329 4131 κινούμενον.

2198 4161 2354 4214 Ἐπεὶ
2385 4159 2568 4213 τοίνυν
2598 4159 2760 4212 τοῦτο
2803 4158 3025 4212 πάντων
3069 4157 3189 4209 ἐστὶ
3243 4156 3463 4227 πρῶτον
3493 4155 3700 4223 κινοῦν,

2111 4253 2140 4307 ὃ
2166 4253 2298 4307 Θεὸν
2323 4252 2504 4324 φαμέν
2548 4253 2694 4306 ἔστιν
2736 4251 2914 4322 πάντη
2965 4248 3246 4319 ἀκίνητον,
3300 4249 3382 4302 δεῖ
3413 4247 3704 4320 παραϐάλ-

2109 4345 2304 4400 λεσθαι
2352 4346 2489 4417 πρὸς
2543 4343 2608 4397 τὸ
2661 4340 2862 4404 κινοῦν,
2913 4341 3052 4413 ὅπερ
3097 4341 3216 4394 ἐστὶ
3263 4339 3446 4393 κινοῦν
3515 4340 3697 4403 ἑαυτὸ,

2109 4439 2298 4509 ὥσπερ
2356 4437 2580 4507 ὀρεκτὸν
2637 4437 2772 4506 πρὸς
2824 4433 3193 4506 ὀρεγόμενον,
3238 4433 3300 4486 οὐ
3355 4431 3462 4503 μὴν
3509 4432 3700 4504 ὥσπερ

434 4542 564 4580 vero
601 4528 743 4582 sicut
784 4527 1074 4596 appetibile
1099 4529 1338 4584 sensuali
1365 4527 1607 4597 appetitu
1634 4545 1648 4582 :
1680 4542 1805 4580 nam
1841 4543 2005 4600 appe—

2118 4531 2340 4599 ὀρεκτὸν
2386 4530 2562 4599 ὀρέξει
2606 4529 2895 4600 αἰσθητικῇ
2932 4543 2944 4557 ·
2981 4527 3014 4598 ἠ
3070 4527 3177 4599 γὰρ
3229 4525 3519 4596 αἴσθητικὴ
3574 4527 3702 4592 δρε-

435 4618 569 4674 titus
609 4619 880 4674 sensualis
906 4635 1014 4674 non
1055 4629 1138 4675 est
1169 4621 1293 4676 boni
1330 4621 1680 4691 simpliciter,
1710 4628 1805 4679 sed
1834 4617 2010 4693 ituj'u's

437 4710 786 4778 particularis
811 4710 960 4777 boni,
992 4725 1118 4765 cum
1137 4721 1192 4766 et
1216 4710 1578 4781 appreltensio
1605 4712 2007 4768 sensualis'non

436 4805 507 4858 sit
539 4804 644 4857 nisi
680 4805 807 4858 boui
844 4805 1216 4874 particularis.
1243 4804 1376 4858 illud
1405 4803 1749 4874 autemquod
1810 4813 1893 4859 est
1911 4803 2010 4858 bo-

439 4910 568 4948 num
589 4905 642 4949 et
669 4898 964 4966 appetibile
997 4897 1339 4968 simpliciter,
1373 4907 1454 4951 est
1481 4898 1637 4963 prius
1666 4910 1732 4952 co
1757 4895 1900 4966 quod
1929 4911 1958 4950 e
1993 4903 2036 4949 t'

437 4988 638 5041 bonum
666 4999 716 5042 et
740 4990 1032 5058 appetibile
1073 4991 1159 5043 hic
1192 4998 1243 5043 et
1270 5003 1432 5044 nunc.
1467 4988 1691 5058 Oportet
1719 4986 2013 5057 igiturpri-

438 5100 584 5134 mum
631 5097 858 5136 movens
888 5097 1014 5137 esse
1043 5083 1337 5153 appetiliile
1365 5090 1424 5138 ut
1467 5083 1831 5148 intellectum,
1863 5091 1912 5136 et
1937 5080 2011 5135 ita

434 5185 650 5245 oportet
681 5192 903 5230 movens
923 5178 1068 5246 quod
1094 5178 1300 5246 appetit
1318 5179 1515 5246 ipsum,
1537 5191 1657 5230 esse
1677 5174 2008 5243 intelligens.

439 5273 604 5325 Multo
631 5271 799 5340 igitur
835 5271 1008 5338 magis
1039 5277 1094 5325 et
1135 5273 1311 5341 ipsum
1333 5273 1568 5342 primum
1600 5267 1890 5339 appetibilc
1911 5269 2013 5320 crit

439 5367 750 5437 intelligens
783 5382 799 5420 :
832 5367 959 5435 quia
989 5375 1248 5435 appetens
1277 5367 1453 5435 ipsum
1491 5364 1547 5416 lit
1582 5363 1892 5430 intelligens
1921 5375 2012 5413 ac-

440 5469 492 5513 lll
526 5475 616 5528 per
655 5461 757 5513 hoc
813 5457 1023 5528 quodei
1078 5464 1335 5526 tauquam
1405 5451 1730 5520 intelligibiii
1795 5451 2007 5504 uultur.

437 5553 661 5622 Oportet
697 5552 862 5624 igitur
895 5550 1062 5606 Deum
1089 5566 1210 5606 esse
1246 5549 1659 5618 intelligentem,
1717 5543 1855 5598 facta
1883 5559 2011 5610 sup.-

427 5651 708 5719 positione
738 5647 885 5718 quod
921 5651 1154 5715 primum
1181 5655 1388 5698 motum
1420 5650 1634 5697 moveat
1657 5640 1919 5707 seipsum,
1952 5647 2011 5690 ut

443 5744 747 5814 philosophi
776 5744 1088 5796 voluerunt.

511 5839 718 5904 Adhuc,
756 5835 1142 5889 idcmncccsse
1175 5840 1255 5887 est
1313 5829 1489 5900 sequi,
1554 5827 1598 5884 si
1627 5824 1716 5881 liat
1766 5822 2010 5879 reductio

2115 4625 2196 4692 ξις
2254 4622 2356 4676 οὐκ
2409 4623 2524 4675 ἐστι
2571 4619 2666 4675 τοῦ
2724 4618 2926 4688 ἀγαθοῦ
2968 4619 3174 4687 ἁπλῶς,
3226 4618 3363 4673 ἀλλὰ
3395 4620 3552 4674 τοῦδε
3604 4618 3702 4674 τοῦ

2117 4715 2345 4790 μερικοῦ
2373 4713 2604 4781 ἀγαθοῦ,
2636 4713 2868 4767 καθόσον
2927 4713 3024 4770 καὶ
3058 4715 3090 4782 ἡ
3124 4714 3222 4783 τῆς
3265 4711 3572 4782 αἰσθήσεως
3600 4711 3703 4768 κα-

2114 4810 2346 4881 τάληψις
2372 4809 2470 4862 οὐκ
2506 4808 2651 4862 ἔστιν
2685 4808 2734 4861 εί
2774 4807 2849 4878 μὴ
2876 4805 2969 4859 τοῦ
3001 4805 3232 4877 μερικοῦ
3260 4804 3494 4874 ἀγαθοῦ.
3551 4808 3618 4860 ὐ
3641 4806 3702 4858 δέ

2111 4905 2265 4959 ἐστιν
2303 4901 2525 4972 ἀγαθὸν,
2565 4900 2662 4954 καὶ
2691 4900 2878 4968 ἐφετὸν
2911 4897 3124 4963 ἁπλῶς,
3151 4897 3269 4952 ἔστι
3301 4900 3572 4969 πρότερον
3603 4898 3700 4952 τοῦ

2114 4994 2348 5064 ἀγαθοῦ,
2415 4994 2510 5048 καὶ
2563 4990 2754 5061 ἐφετοῦ
2820 4989 3054 5044 ἐνταῦθα
3100 4991 3194 5044 καὶ
3245 4987 3357 5045 νῦν.
3391 4991 3488 5043 Δεῖ
3538 4991 3601 5062 δὴ
3634 4992 3699 5045 τδ

2118 5089 2335 5159 πρῶτον
2369 5085 2557 5141 κινοῦν
2589 5081 2730 5138 εἶναι
2764 5085 2979 5152 ἐφετὸν,
3003 5084 3086 5147 ὡς
3133 5081 3342 5154 νοητὸν,
3382 5084 3477 5136 καὶ
3524 5083 3699 5155 ταύτῃ

2115 5183 2176 5237 rb
2221 5181 2561 5250 κινούμενον,
2605 5179 2743 5246 ὅπερ
2803 5177 3017 5245 ἐφίεται
3058 5175 3248 5241 αὑτοῦ,
3291 5171 3432 5229 εἶναι
3492 5176 3696 5248 νοερόν.

2117 5274 2308 5344 Πολλῷ
2368 5273 2476 5342 ἄρα
2534 5271 2735 5342 μᾶλλον
2793 5270 2924 5324 αὐτὸ
2967 5271 3030 5324 τὸ
3060 5270 3278 5340 πρῶτον
3305 5269 3496 5339 ἐφετὸν
3540 5268 3695 5322 ἔσται

2115 5369 2321 5436 νοερόν.
2359 5364 2432 5418 Τὸ
2493 5365 2602 5434 γὰρ
2635 5365 2921 5432 ἐφιέμενον
2975 5361 3140 5416 αὐτοῦ
3176 5363 3383 5432 γίνεται
3440 5361 3696 5431 ἐνεργείᾳ.

2115 5462 2304 5532 νοερὸν
2335 5461 2422 5513 διὰ
2447 5459 2509 5512 τὸ
2547 5459 2620 5522 ὡς
2653 5457 2829 5529 νοητῷ
2878 5457 3130 5510 ὲνοῦσθαι
3169 5455 3342 5527 αὐτῷ.
3392 5457 3485 5508 Δεῖ
3514 5456 3694 5509 τοίνυν

2115 5556 2205 5606 τὸν
2236 5554 2367 5605 (θεὸν
2397 5549 2534 5605 εἶναι
2564 5551 2752 5620 νοερῦν
2781 5551 3140 5613 ὑποτεθέντος
3181 5549 3274 5602 τοῦ
3328 5549 3548 5618 πρώτου
3607 5567 3694 5601 κι-

2119 5642 2376 5713 νουμένου
2405 5643 2575 5694 κινεῖν
2605 5640 2767 5693 ἑαυτὸ
2829 5641 2968 5692 κατὰ
3017 5640 3114 5708 τὴν
3146 5638 3458 5707 φιλοσόφων
3515 5635 3689 5702 δ-ἱξσν.

2193 5821 2310 5874 Ἔτι
2359 5821 2415 5872 δὲ
2440 5820 2736 5891 αναγκαῖον
2767 5819 2823 5874 τὸ
2873 5819 3005 5874 αὐτὸ
3053 5818 3307 5889 ἕπεσθαι,
3334 5823 3381 5872 εἰ
3409 5820 3618 5886 γένοιτο
3651 5819 3686 5889 ἡ
