4086 6228
267 258 404 325 1ἓ25

1220 251 1329 311 DE
1354 246 1726 309 ESSENTIA
1752 244 1850 307 ΕΤ
1891 239 2380 325 OPEBATIONE
2427 236 2581 298 DEI.

3404 229 3535 294 1226

264 352 516 443 ἀναφορά
536 368 642 425 τῶν
676 367 913 439 κινητῶν
937 365 1037 421 οὐκ
1067 365 1147 428 εἰς
1174 382 1227 417 τι
1257 365 1477 434 πρῶτον
1500 360 1683 417 κινοῦν
1716 360 1844 412 ἑαυο
1872 400 1881 417 Α

1980 354 2257 417 nobilium,
2281 368 2387 408 non
2422 352 2476 406 in
2500 349 2722 419 aliquod
2754 348 2989 420 primum
3008 362 3234 403 movens
3265 347 3533 420 seipsnm.

260 467 345 532 τὸ,
411 464 525 521 ἀλλ’
574 465 655 528 είς
700 462 887 518 κινοῦν
944 479 997 515 τι
1063 458 1240 530 πάντη
1274 459 1530 528 ἀκίνητον
1562 472 1577 489 ⁸
1637 454 1696 507 rb
1734 452 1844 523 γὰρ

264 558 497 632 πρώτως
526 557 713 613 κινοῦν
749 557 869 610 ἐστι
898 554 1041 625 ἀρχὴ
1063 551 1293 607 καθόλου
1330 551 1512 620 πάσης
1544 549 1810 619 κινήσεως
1829 560 1844 575 ’

268 654 483 722 ἀνάγκη
514 652 725 705 ’τοίνυν
768 650 893 703 ἐπεὶ
922 647 1031 701 πᾶν
1066 646 1126 700 τδ
1183 642 1371 698 κινοῦν
1409 645 1551 697 κινεῖ
1603 640 1741 694 κατά
1792 655 1847 693 τι

265 739 430 812 εἶδος,
462 744 490 799 δ
523 747 722 799 σκοπεῖ
744 745 806 797 ὲν
833 742 911 813 τῷ
940 740 1131 804 κινεῖν,
1181 737 1245 793 τὸ
1291 734 1433 800 εἶδος
1472 734 1597 791 καθ’
1640 734 1669 789 ὃ
1725 750 1851 787 σκο-

265 838 363 891 πεῖ
387 836 449 891 τό
478 837 697 908 πρῶτον
726 834 935 899 κινοῦν,
966 832 1048 887 δεῖ
1066 828 1212 886 εἶναι
1263 828 1495 884 καθόλου
1549 822 1712 891 εἶδος,
1755 827 1851 880 καὶ

264 928 502 983 καθόλου
537 926 763 997 ἀγαθόν.
789 922 944 989 Εἶδος
990 925 1047 978 δὲ
1096 923 1175 993 τῷ
1233 921 1465 977 καθόλου
1523 919 1711 991 τρόπῳ
1751 919 1852 988 οὐχ

266 1021 609 1091 εὑρίσκεται,
635 1020 685 1073 εί
720 1018 795 1091 μὴ
830 1020 888 1072 ὲν
918 1017 998 1090 τῷ
1031 1016 1132 1088 νῷ.
1194 1016 1289 1069 As!
1318 1014 1501 1069 τοίνυν
1547 1014 1607 1067 τὸ
1633 1012 1851 1084 πρῶτον

266 1112 472 1179 κινοῦν,
513 1112 651 1183 ὅπερ
680 1112 828 1165 ἐστὶν
867 1113 896 1166 ό
924 1110 1079 1177 Θεὸς,
1117 1103 1262 1165 εἶναι
1304 1109 1513 1181 νοερόν.

343 1294 409 1367 βξ.
434 1297 557 1349 ’Ἔτι
586 1297 643 1349 ἓν
674 1294 903 1368 οὐδεμιᾷ
932 1294 1083 1362 τάξει
1105 1293 1214 1347 τῶν
1244 1292 1579 1364 κινουμένων
1606 1292 1857 1363 εὑρίσκε-

267 1406 379 1458 ται,
412 1391 495 1444 ὅτι
532 1393 592 1444 τὸ
630 1390 815 1443 κινοῦν
850 1388 1057 1460 νοερῶς
1088 1389 1203 1442 ἐστι
1243 1388 1476 1459 δργανον
1510 1385 1606 1440 τοῦ
1646 1385 1857 1440 κινοῦν-

268 1500 361 1545 τος
392 1482 520 1537 ἄνευ
559 1482 655 1536 νοῦ
676 1520 693 1547 ,
741 1481 878 1535 ἀλλὰ
925 1479 1128 1549 μᾶλλον
1157 1479 1444 1534 ἀνάπαλιν.
1479 1479 1665 1532 Πάντα
1697 1476 1752 1530 δὲ
1790 1478 1859 1532 τὰ

271 1578 331 1632 tv
366 1577 444 1648 τῷ
465 1578 658 1649 κόσμῳ
682 1574 1130 1647 παραϐάλλονται
1158 1575 1292 1644 πρὸς
1314 1575 1375 1627 τὸ
1399 1574 1616 1644 πρῶτον
1647 1572 1857 1627 κινοῦν.

285 1671 440 1727 Ἐπεὶ
469 1670 649 1723 τοίνυν
679 1671 738 1723 ὲν
759 1668 837 1739 τῷ
855 1669 1047 1739 κόσμῳ
1077 1667 1425 1739 εὑρίσκονται
1448 1667 1620 1720 πολλά
1648 1666 1739 1719 διὰ
1763 1666 1855 1721 νοῦ

1950 448 2044 505 sed
2076 450 2129 503 in
2168 463 2397 503 movens
2449 445 2672 500 omnino
2739 442 3040 512 immobile.
3095 441 3234 496 Nam
3293 442 3534 513 primum

1935 556 2181 597 movens
2200 550 2286 596 est
2322 538 2635 595 universale
2670 536 3006 608 principium
3042 545 3225 591 motus
3256 551 3270 589 :
3316 544 3536 605 oportet

1950 633 2138 703 igitur,
2176 631 2299 702 quia
2332 646 2497 687 omne
2537 644 2766 685 movens
2814 637 2997 684 movet
3023 643 3122 699 per
3158 629 3399 699 aliquam
3433 627 3537 682 lor-

1952 739 2098 779 mam
2133 740 2295 794 quam
2330 724 2637 779 intenditin
2674 723 2963 787 movendo,
2988 723 3133 793 quod
3163 722 3337 777 forma
3370 738 3533 791 quam

1952 816 2185 873 intendit
2216 818 2454 889 primum
2480 833 2729 884 movens,
2772 818 2845 873 sit
2883 816 3217 873 universalis
3268 815 3444 871 forma
3482 825 3537 870 et

1954 909 2263 966 universale
2282 910 2503 965 bonum.
2535 908 2737 965 Forma
2792 909 2977 965 autem
3012 926 3110 980 per
3144 909 3368 965 modum
3409 908 3535 962 uni-

1962 1003 2240 1059 versalem
2273 986 2379 1058 non
2410 1003 2690 1060 invenitur
2722 1005 2829 1060 nisi
2860 1005 2914 1059 in
2948 1004 3225 1060 intellectu
3257 1024 3272 1059 :
3323 1012 3543 1073 oportet

1955 1093 2123 1163 igitur
2164 1097 2402 1164 primum
2442 1111 2691 1164 movens,
2728 1097 2871 1169 quod
2913 1108 2999 1154 est
3038 1100 3201 1164 Deus,
3236 1099 3545 1154 e55eintel-

1956 1182 2150 1258 ﬁgens.

2026 1281 2080 1337 2.
2106 1282 2373 1353 Amplius,
2410 1285 2463 1339 in
2494 1285 2643 1340 nullo
2659 1284 2853 1341 ordine
2876 1286 3213 1342 moventium
3243 1286 3540 1349 invenitur,

1957 1374 2102 1446 quod
2138 1392 2362 1435 movens
2394 1395 2487 1449 per
2518 1380 2857 1435 intellectum
2878 1382 2948 1437 sit
2971 1381 3404 1437 instrumentum
3424 1384 3545 1452 ejus

1959 1469 2109 1538 quod
2138 1480 2319 1526 movet
2339 1472 2544 1542 absque
2569 1472 2869 1540 intellectu,
2894 1475 2986 1529 sed
3008 1479 3183 1543 magis
3203 1491 3233 1532 e
3250 1491 3541 1531 converso.

1961 1559 2158 1618 Omnia
2189 1573 2371 1619 autem
2412 1566 2689 1621 moventia
2711 1583 2831 1638 qua:
2877 1571 3084 1624 suntin
3110 1570 3337 1635 mundo,
3397 1584 3548 1624 cont-

1965 1665 2228 1725 parantur
2252 1659 2320 1712 ad
2348 1659 2587 1726 primum
2618 1674 2848 1715 movens
2872 1677 3027 1716 :cum
3064 1663 3230 1730 igitur
3257 1663 3311 1716 in
3342 1664 3548 1719 mundo

274 1760 552 1829 κινοῦντα,
578 1761 840 1817 ἀδύνατόν
857 1762 975 1816 ἐστι
1002 1762 1062 1814 τὸ
1084 1760 1299 1832 πρῶτον
1327 1760 1511 1815 κινοῦν
1545 1765 1711 1814 κινεῖν
1729 1761 1855 1816 ἄνευ

1987 1748 2315 1803 nveniantur
2348 1749 2520 1803 multa
2554 1751 2830 1806 moventia
2868 1766 2965 1821 per
3025 1752 3390 1819 intellectum,
3443 1752 3549 1807 im-

273 1855 395 1913 νοῦ.
437 1857 687 1926 Ἀνάγκη
716 1855 824 1926 ἄρα
842 1853 931 1910 τὸν
961 1852 1095 1909 Θεὸν
1128 1856 1290 1910 νοεῖν.

352 2120 425 2193 γ’.
458 2122 580 2178 Ἔτι
606 2122 677 2178 lat
704 2119 896 2178 τούτου
926 2119 1139 2191 γίνεταί
1164 2108 1222 2174 ’τι
1253 2120 1415 2185 νοῶν,
1445 2120 1527 2176 ὅτι
1563 2121 1711 2176 ἐστὶν
1736 2121 1866 2176 ἄνευ

279 2216 451 2287 ὕλης,
499 2210 560 2271 οῦ
600 2214 828 2287 σημεῖόν
874 2216 990 2269 ἔστι
1029 2214 1089 2269 τὸ
1139 2215 1209 2268 τὰ
1241 2213 1358 2285 εῐδη
1396 2215 1648 2285 γίνεσθαι
1699 2218 1870 2286 νοητά

280 2310 535 2382 ἐνεργείᾳ
565 2308 685 2363 κατ’
716 2308 1010 2380 ἀφαίρεσιν
1036 2308 1139 2378 τῆς
1167 2306 1322 2378 ὕλης.
1354 2307 1525 2361 Ὅθεν
1565 2309 1662 2361 καὶ
1687 2310 1716 2363 ό
1745 2309 1871 2373 νοῦς

284 2403 405 2456 ιστι
456 2402 565 2456 τῶν
614 2399 873 2467 καθόλου,
907 2404 1003 2458 καὶ
1034 2401 1096 2454 οὐ
1140 2401 1249 2454 τῶν
1283 2400 1427 2453 κατά
1463 2400 1648 2471 μέρος,
1684 2400 1773 2455 διά
1806 2401 1873 2455 τὸ

284 2492 386 2565 τὴν
437 2492 573 2564 ὕλην
616 2488 757 2547 εἶναι
796 2492 1135 2563 ἀτομότητος
1166 2492 1365 2563 ἀρχήν.
1424 2493 1506 2545 Τὰ
1540 2492 1657 2561 εἴδη
1714 2492 1772 2547 δὲ
1802 2492 1871 2546 τά

285 2586 456 2659 νοητά
483 2587 695 2656 γίνεται
727 2584 786 2639 ἓν
812 2586 954 2655 μετὰ
969 2581 1065 2638 τοῦ
1089 2584 1183 2638 νοῦ
1216 2584 1309 2639 τοῦ
1339 2586 1583 2657 ἐνεργεῖν
1598 2584 1869 2648 νοοῦντος.

287 2678 383 2733 Arb
416 2679 511 2733 καὶ
544 2680 594 2732 εί
646 2680 717 2732 τὰ
750 2678 867 2749 είδη
910 2677 1122 2746 γίνεται
1160 2678 1416 2750 ἐνεργείᾳ
1451 2677 1640 2749 νοητὰ,
1690 2679 1777 2733 διὰ
1814 2680 1875 2732 τὸ

288 2766 430 2828 εἶναι
452 2772 580 2825 ἄνευ
616 2771 752 2841 ὕλης
780 2788 795 2803 ο
825 2772 1044 2843 ἀνάγκη
1072 2771 1162 2824 διὰ
1194 2768 1359 2824 τοῦτο
1385 2770 1530 2826 εῐναί
1560 2787 1614 2826 τι
1638 2775 1876 2845 πρᾶγμα

289 2865 498 2938 νοερὸν,
536 2864 626 2919 διὰ
660 2863 722 2919 τὸ
750 2861 889 2918 εἶναι
922 2864 1053 2919 ἀνευ
1087 2864 1242 2936 ὕληςο
1286 2864 1554 2919 δέδεικται
1592 2864 1649 2918 δὲ
1680 2867 1739 2918 ὲν
1763 2867 1876 2931 τοῖς

290 2959 408 3015 ἀνω
477 2952 619 3013 εῐναι
672 2958 769 3013 τδν
844 2957 979 3013 Θεὸν
1052 2958 1233 3030 πάντη
1300 2957 1497 3014 ἇῦλονο
1557 2957 1705 3014 ἔστιν
1764 2958 1877 3032 ἄρα

290 3068 455 3111 νοων.

365 3234 430 3294 δ’.
482 3238 605 3291 Ἔτι
648 3234 878 3306 οὐδεμία
910 3234 1190 3305 τελιιότης
1236 3236 1438 3291 ἄπεστι
1476 3233 1570 3290 τοῦ
1604 3234 1712 3291 Θοῦ
1766 3236 1877 3293 τῶν

294 3328 703 3400 εὑρισκομένων
757 3331 814 3383 ὲν
840 3327 1045 3400 ὁτῳοῦν
1083 3331 1235 3399 γένει
1262 3330 1374 3383 τῶν
1405 3328 1575 3383 ὄντων
1597 3344 1611 3359 ⁸
1647 3334 1785 3401 πρὸς
1820 3331 1879 3385 δὲ

296 3420 396 3483 τὰς
428 3421 620 3483 λοιπὰς
648 3422 760 3476 τῶν
788 3412 959 3476 ὄντων
983 3421 1335 3493 τελειότητας
1364 3423 1633 3494 κρατίστη
1662 3423 1781 3477 ἐστὶ
1819 3424 1880 3478 τὸ

298 3510 439 3571 εἷναί
462 3534 515 3571 τι
544 3517 750 3589 νοερόν.
781 3516 971 3571 Ἔστιν
999 3517 1110 3587 ἄρα
1139 3515 1200 3569 τὸ
1233 3518 1374 3570 νοεῖν
1399 3517 1457 3569 ὲν
1487 3515 1566 3586 τῷ
1596 3508 1737 3589 Θεῷ.

359 3701 437 3759 θ’.
482 3702 744 3759 Ἔτι’πᾶν
778 3700 840 3755 τδ
869 3701 1047 3755 τεῐιον
1094 3701 1177 3763 είς
1208 3717 1262 3754 τι
1316 3699 1469 3765 τέλος
1500 3702 1821 3773 ὠριπμένως
1848 3704 1882 3773 ἢ

302 3795 437 3853 αὐτὸ
470 3796 793 3867 προϊστησιν
824 3794 1001 3866 ἑαυτῷ
1030 3796 1090 3847 τὸ
1116 3795 1292 3859 τέλος,
1326 3795 1360 3865 ἢ
1390 3795 1711 3866 προτίθεται
1735 3797 1884 3869 αὐτῷ

296 3868 437 3959 ’παρ’
469 3888 655 3944 ἄλλον.
690 3887 900 3951 Ἄλλως
940 3886 1049 3955 γὰρ
1099 3887 1159 3939 οὐ
1198 3886 1403 3956 μᾶλλον
1431 3887 1511 3950 είς
1560 3887 1680 3958 τόδε
1733 3889 1766 3959 ἢ
1806 3868 1886 3955 εις

310 3980 425 4036 τόδε
452 3983 513 4036 τὸ
541 3982 698 4045 τέλος
730 3979 896 4033 τείνοι
926 3981 1011 4035 ἄν.
1045 3978 1125 4033 Ti
1162 3980 1219 4033 δὲ
1250 3981 1459 4049 φυσικά
1495 3980 1767 4038 τείνουσιν
1806 3986 1888 4048 el;

278 4074 594 4146 ίὼρισμένα
614 4068 770 4143 τέλη.
803 4072 881 4126 Οὐ
912 4071 1023 4143 γὰρ
1054 4070 1162 4125 ἀπὸ
1193 4072 1540 4142 ταυτομάτου
1575 4074 1632 4127 ai
1658 4078 1891 4144 φυσικαὶ

309 4166 574 4239 ὠφέλειαι
620 4165 870 4219 ἕπονται.
902 4164 1060 4217 οὕτω
1106 4164 1214 4235 γὰρ
1247 4163 1348 4216 οὐκ
1397 4162 1463 4216 ἂν
1495 4160 1607 4218 εἷεν
1642 4166 1749 4233 ἀεὶ,
1782 4167 1891 4221 οὐδ’

308 4261 384 4325 ὥς
414 4261 506 4315 ἰπὶ
552 4260 615 4314 τὸ
666 4257 938 4326 πλεῖστον,
975 4257 1092 4311 ἀλλ’
1140 4258 1216 4321 ὠς
1264 4254 1350 4309 ἐπ’
1392 4256 1632 4312 ἔλαττον.
1669 4259 1890 4313 Τούτων

307 4352 419 4425 γάρ
455 4355 573 4407 ὲττι
605 4352 665 4406 τὸ
715 4349 1025 4422 αὐτόματον
1069 4351 1167 4404 καὶ
1214 4352 1247 4420 ἡ
1296 4349 1459 4421 τύχη.
1504 4351 1659 4405 Ἐπεὶ
1708 4352 1892 4407 τοίνυν

1965 1836 2226 1910 possibile
2260 1853 2314 1898 et
2345 1842 2583 1911 primum
2651 1858 2881 1899 movens
2927 1859 3147 1898 movere
3196 1844 3404 1913 absque
3465 1845 3553 1898 in-

1965 1933 2205 2000 tellectu,
2250 1950 2473 1992 necesse
2521 1942 2606 1992 est
2656 1936 2823 2007 igitur
2884 1936 3052 1992 Deum
3079 1951 3203 1992 esse
3245 1937 3557 2005 intelligen-

1974 2035 2108 2083 tem.

2043 2121 2098 2178 5.
2132 2122 2287 2190 Item,
2311 2139 2377 2179 ex
2408 2123 2512 2179 hoc
2534 2123 2719 2196 aliqua
2770 2138 2860 2181 res
2880 2132 2964 2180 est
3015 2125 3345 2196 intelligens,
3414 2128 3559 2197 quod

1968 2215 2190 2271 estsine
2228 2216 2461 2272 materia
2496 2216 2700 2287 :cujus
2745 2218 2962 2288 signum
3020 2226 3105 2273 est
3162 2220 3310 2288 quod
3368 2218 3560 2274 forma:

1971 2310 2108 2365 lium
2130 2309 2421 2366 intellecta:
2442 2302 2642 2382 iniectu
2664 2325 2762 2381 per
2780 2312 3210 2366 abstractionem
3231 2327 3261 2366 a
3286 2313 3511 2367 materia
3544 2330 3559 2368 :

1972 2399 2119 2457 unde
2141 2400 2524 2459 etintellectus
2549 2410 2635 2459 est
2657 2404 3079 2466 universalinm,
3117 2412 3173 2459 et
3199 2419 3306 2458 non
3364 2404 3557 2473 singu—

1974 2492 2195 2560 larium,
2212 2494 2340 2564 quia
2373 2495 2602 2549 materia
2625 2502 2712 2550 est
2738 2494 3189 2551 iudividuationis
3208 2496 3563 2567 principium.

1971 2584 2189 2642 Formae
2222 2596 2404 2643 autem
2438 2588 2731 2644 intellecta!
2760 2588 2818 2645 in
2847 2599 2977 2645 actu
3050 2590 3190 2645 ﬁunt
3222 2606 3390 2645 unum
3436 2608 3562 2645 cum

1974 2678 2260 2735 intellectu
2319 2679 2661 2752 intelligente
2701 2682 2756 2737 in
2812 2693 2938 2737 actu
2976 2684 3183 2740 tundo.
3251 2684 3296 2740 si
3341 2700 3407 2739 ex
3460 2685 3566 2739 hnc

1975 2769 2635 2829 suntformaintellectae
2663 2774 2719 2830 in
2743 2786 2893 2841 actu,
2931 2776 3079 2847 quod
3117 2784 3249 2832 sunt
3285 2778 3405 2833 sine
3436 2794 3556 2833 ma-

1978 2863 2136 2929 teria.
2164 2874 2380 2935 oportet
2407 2880 2523 2921 rem
2556 2864 2799 2942 aliquam
2832 2885 2897 2922 ex
2924 2869 3029 2925 hoc
3051 2886 3176 2926 esse
3243 2870 3560 2942 intelligen-

1977 2962 2111 3021 tem,
2166 2955 2313 3025 quod
2343 2962 2429 3012 est
2476 2956 2599 3014 sine
2632 2960 2887 3014 materia.
2930 2959 3226 3017 Ostensum
3254 2972 3339 3018 est
3378 2974 3560 3019 autem

1904 3088 1949 3149 ε
1981 3061 2148 3118 supra
2175 3046 2349 3103 Deum
2377 3061 2501 3105 esse
2539 3049 2769 3108 omnino
2792 3051 3215 3110 immaterialem
3239 3072 3253 3110 :
3280 3066 3366 3111 est
3395 3058 3563 3128 igitur

1982 3137 2310 3210 intelligens.

2051 3228 2107 3285 4.
2144 3227 2436 3300 Praeterea,
2468 3230 2581 3290 Deo
2634 3233 2785 3290 nulla
2832 3235 3096 3306 perfectio
3127 3238 3302 3306 deest,
3363 3256 3484 3310 qua:
3518 3239 3572 3297 in

1986 3319 2171 3389 aliquo
2192 3337 2393 3393 genere
2427 3325 2637 3379 entium
2666 3325 3005 3384 inveniatur.
3040 3330 3190 3386 Inter
3211 3343 3443 3390 caeteras
3471 3348 3575 3390 au-

1989 3423 2095 3467 tem
2128 3430 2309 3468 rerum
2365 3415 2734 3481 permotiones
2782 3423 3068 3489 potissima
3133 3433 3218 3478 est
3272 3429 3419 3495 quod
3471 3428 3577 3481 ali-

1987 3504 2217 3574 quidsit
2248 3508 2676 3565 intellectivum.
2740 3512 2839 3567 Est
2872 3514 3040 3584 igitur
3096 3517 3453 3588 intelligentia
3518 3521 3573 3575 in

1987 3596 2120 3653 Deo.

2059 3690 2115 3745 5.
2156 3690 2406 3761 Insuper,
2447 3707 2610 3747 omne
2668 3695 2813 3763 quod
2854 3698 3033 3753 tendit
3089 3700 3454 3758 determinate
3514 3706 3571 3759 in

1990 3782 2229 3853 aliquem
2262 3784 2447 3850 linem,
2470 3797 2565 3844 aut
2596 3789 2776 3860 ipsum
2809 3792 3099 3861 prcstituit
3119 3795 3225 3849 sibi
3266 3799 3452 3861 linem,
3480 3807 3578 3852 aut

1992 3877 2353 3947 pmstittiitur
2388 3880 2441 3937 ei
2466 3881 2590 3937 linis
2641 3883 2711 3937 ab
2750 3883 2860 3939 alio
2894 3900 2910 3950 ;
2947 3886 3083 3942 alias
3112 3887 3256 3941 enim
3289 3905 3394 3943 non
3461 3907 3577 3943 nia.

1994 3968 2075 4040 gis
2103 3970 2155 4025 in
2182 3970 2329 4026 hunc
2368 3987 2533 4043 quam
2570 3975 2623 4029 in
2683 3975 2835 4031 illum
2870 3977 3031 4032 linem
3083 3981 3356 4036 tenderet.
3409 3981 3580 4037 Natu-

1996 4061 2131 4117 ralia
2172 4072 2349 4118 autem
2392 4065 2623 4121 tendunt
2686 4067 2738 4122 in
2788 4071 2923 4125 lines
2972 4074 3419 4130 determinatos:
3466 4092 3577 4131 non

1997 4155 2141 4210 enim
2174 4172 2202 4209 a
2234 4164 2363 4211 Casu
2388 4174 2454 4213 na
2486 4160 2667 4215 urales
2692 4163 2956 4219 utilitates
2976 4176 3415 4236 consequuntur,
3450 4187 3576 4223 nant

1997 4247 2077 4302 sic
2109 4264 2214 4303 non
2248 4262 2436 4307 essent
2470 4269 2686 4324 semper
2718 4267 2813 4311 aut
2838 4256 3187 4328 plerumque,
3222 4263 3315 4316 sed
3364 4264 3583 4320 rarissi-

2000 4343 2361 4398 mo:horum
2408 4348 2553 4400 enim
2607 4361 2689 4401 est
2741 4365 2904 4405 casus
2972 4362 3024 4406 et
3073 4352 3211 4409 fors.
3267 4354 3402 4410 Cum
3453 4372 3584 4427 etgu

309 4447 499 4502 tacetve
520 4444 581 4498 οὐ
605 4444 959 4515 προτιθέααν
984 4444 1201 4507 ἑαυτοῐς
1223 4442 1283 4497 τὸ
1303 4443 1479 4509 τέλος,
1510 4442 1546 4499 ἃ
1576 4445 1667 4498 τὸν
1687 4446 1781 4499 τοῦ
1808 4446 1881 4499 τὲ-

2008 4436 2124 4506 ipsa
2164 4452 2272 4491 non
2298 4442 2641 4507 praestituant
2662 4441 2767 4497 sibi
2802 4442 2985 4509 linem,
3024 4447 3150 4513 quia
3214 4450 3485 4505 rationem
3523 4453 3588 4507 li-

306 4539 439 4617 λους
472 4540 626 4608 λόγον
650 4540 753 4593 οὐκ
783 4538 990 4608 ᾲγνοετ,
1024 4536 1241 4609 ἀνάγκη
1289 4538 1505 4603 τούτοις
1537 4539 1897 4610 προτίθεσθαι

309 4633 470 4695 τέως
504 4632 603 4689 ἀπ’
630 4631 816 4699 ἄλλου,
849 4633 987 4704 ὅπερ
1023 4632 1173 4685 ἐστὶν
1210 4632 1375 4686 οἱονεὶ
1419 4635 1785 4703 μυσταγωγὸν
1821 4635 1901 4698 εἰς

312 4730 379 4801 τὸ
413 4730 587 4793 τέλος.
616 4728 789 4783 Τοῦτο
822 4726 880 4782 δέ
913 4728 1067 4781 ἐστιν
1111 4726 1138 4781 ὅ
1190 4728 1325 4781 πᾶσι
1371 4730 1607 4799 χορηγεῖ
1646 4728 1708 4781 τὸ
1740 4725 1900 4794 εἶναι,

310 4822 412 4877 καὶ
464 4820 582 4874 ἐστι
612 4819 738 4874 καθ’
768 4820 906 4874 αὐτὸ
950 4821 1251 4887 ἀναγκαῖον
1284 4815 1444 4887 εἷναι,
1485 4821 1513 4873 ὃ
1546 4837 1728 4890 φαμεν
1761 4814 1904 4876 εἶναι

311 4914 409 4968 τὸν
439 4912 574 4968 Θεὸν
594 4953 608 4979 ,
636 4914 712 4976 ὡς
745 4915 809 4966 ὲκ
854 4913 966 4966 τῶν
994 4913 1108 4969 ἄνω
1136 4914 1448 4985 εἰρημένων
1480 4915 1752 4982 φαίνεται.
1788 4916 1904 4967 Οὐκ

316 5007 386 5063 ἃν
425 5007 483 5061 δὲ
511 5006 729 5063 δύναιτο
773 5008 1091 5079 προτιθέναι
1122 5009 1189 5079 τῇ
1237 5007 1398 5076 φύσει
1429 5006 1491 5061 τὸ
1531 5007 1707 5074 τέλος,
1740 5008 1790 5061 εἰ
1829 5008 1906 5078 μὴ

316 5102 492 5171 νοοῖη.
531 5101 590 5154 '0
620 5100 754 5165 Θεὸς
785 5101 894 5173 ἄρα
921 5102 1054 5159 νοεῖ.

333 5253 345 5263 _
391 5191 466 5259 ς’.
496 5195 618 5247 Ἔτι
648 5196 758 5248 πᾶν
781 5197 841 5249 τὸ
858 5197 1047 5259 ἀτελὲς
1080 5198 1330 5268 πρόεισιν
1357 5196 1467 5249 ἀπό
1495 5213 1642 5260 τινος
1676 5196 1903 5252 τελείου.

2007 4530 2092 4585 nis
2124 4546 2231 4584 non
2260 4544 2625 4600 cognoscunt,
2658 4545 2874 4605 oportet
2898 4537 2979 4592 eis
3002 4542 3264 4608 praestitui
3302 4544 3459 4597 linem
3520 4547 3589 4597 alt

2006 4620 2136 4684 alio,
2163 4622 2308 4690 quod
2330 4624 2403 4677 sit
2433 4624 2579 4679 velut
2603 4626 2870 4684 inducens
2900 4628 2966 4684 ad
3020 4630 3202 4688 linem.
3266 4633 3379 4689 Hoc
3402 4645 3585 4689 autem

2006 4725 2092 4768 est
2142 4716 2286 4781 quod
2317 4716 2521 4784 praebet
2551 4718 2805 4774 omnibus
2844 4731 3068 4786 esse,,et
3101 4733 3184 4777 est
3220 4740 3315 4795 per
3342 4726 3589 4795 seipsunt

2008 4819 2234 4861 necesse
2260 4824 2387 4863 esse
2426 4827 2438 4864 :
2474 4812 2619 4879 quod
2650 4812 2883 4866 dicimus
2912 4828 3036 4871 esse
3073 4816 3268 4884 Deum,
3322 4828 3376 4871 ut
3404 4835 3469 4873 ex
3498 4836 3591 4873 su—

2008 4899 2275 4966 pradictis
2305 4910 2473 4970 patet.
2536 4901 2654 4957 Non
2697 4913 2879 4960 autem
2933 4918 3118 4977 posset
3163 4920 3374 4967 natura:
3428 4913 3592 4968 ﬁnem

2011 4988 2380 5056 praestituere,
2418 4992 2521 5048 nisi
2563 4994 2916 5066 intelligeret.
2953 4998 3096 5055 Deus
3145 5001 3330 5067 dgitur
3368 5014 3448 5059 est
3504 5006 3593 5060 in-

2011 5081 2283 5153 telligens.

2086 5172 2140 5228 6.
2173 5175 2434 5243 Denique,
2461 5191 2622 5233 omne
2658 5181 2803 5250 quod
2835 5192 2919 5239 est
2941 5185 3345 5254 imperfectum,
3379 5188 3599 5244 deriva-

1990 5280 2100 5332 ,tur
2135 5273 2208 5327 ab
2240 5271 2426 5343 aliquo
2476 5274 2724 5343 perfecto
2753 5295 2765 5331 :
2797 5292 2920 5330 nam
2972 5278 3216 5348 perfecta
3269 5284 3599 5339 naturaliter

2014 5373 2143 5420 sunt
2166 5366 2357 5434 priora
2388 5365 2749 5437 imperfectis,
2809 5358 3129 5425 sicutaetus
3184 5377 3445 5441 potentia.
3487 5374 3597 5431 Sed

2013 5456 2205 5513 forma:
2228 5459 2281 5511 in
2312 5460 2479 5513 rebus
2513 5458 2814 5514 individuis
2846 5461 3176 5518 exsistentes
3197 5476 3325 5519 sunt
3381 5466 3593 5535 imper-

2016 5552 2190 5617 lectae,
2216 5552 2346 5622 quia
2369 5553 2778 5622 partieulariter
2813 5562 2868 5611 et
2900 5572 3008 5611 non
3032 5559 3332 5613 secundum
3350 5564 3601 5612 commu-‘

2022 5645 2251 5699 nitatem
2279 5660 2392 5699 sure
2419 5645 2649 5701 rationis
2680 5646 2871 5701 insunt
2915 5666 2929 5704 :
2965 5650 3182 5717 oportet
3226 5651 3392 5721 i‘giiur
3454 5652 3598 5719 quod

2021 5740 2337 5796 deriventur
2369 5739 2435 5794 ab
2493 5741 2764 5821 aliquibus
2812 5743 3004 5800 formis
3058 5744 3322 5817 periretis
3384 5758 3435 5801 et
3489 5762 3601 5802 non

3140 5841 3218 5901 39

318 5285 404 5362 Τὰ
430 5287 540 5358 γὰρ
569 5286 753 5341 τέλεια
778 5288 939 5358 φύσει
976 5289 1221 5361 πρότερά
1254 5292 1369 5343 ἐστι
1396 5290 1509 5343 τῶν
1533 5290 1761 5354 ἀτελῶν,
1796 5292 1909 5345 ὣσ-

322 5391 432 5447 περ
454 5379 486 5449 ἡ
516 5378 768 5449 ἐνέργεια
790 5379 889 5447 τῆς
921 5379 1232 5449 δυνάμεως.
1265 5380 1347 5432 Τὰ
1372 5378 1427 5431 δὲ
1459 5380 1600 5448 εἴδη,
1628 5378 1696 5431 τὰ
1718 5381 1776 5430 ὲν
1798 5379 1911 5438 τοῖς

323 5466 555 5542 ἀτόμοις
605 5470 761 5537 ὄντα,
800 5474 950 5526 ἔστιν
1005 5473 1169 5543 ἀτελῆ
1202 5474 1293 5527 διὰ
1334 5473 1397 5526 τὸ
1428 5473 1696 5544 μερικῶς,
1721 5472 1817 5525 καὶ
1850 5470 1909 5523 οὑ
1937 5500 1946 5507 -

324 5555 475 5620 ius:
506 5563 596 5617 τὸν
625 5561 787 5632 λόγον
826 5564 926 5634 τῆς
973 5565 1183 5618 ἑαυτῶν
1214 5564 1531 5632 κοινότητος
1560 5561 1906 5633 ἐνυπάρχειν.

327 5659 426 5713 Δεῖ
448 5655 512 5731 δὴ
541 5659 618 5729 μὴ
641 5658 890 5729 προϊέναι
918 5658 1025 5713 ἀπό
1046 5676 1209 5712 τινων
1244 5658 1403 5711 εἱδῶν
1430 5655 1678 5718 τελείων,
1730 5656 1823 5709 καὶ
1848 5654 1910 5719 οὗ

330 5746 597 5821 μερικῶν.
634 5747 870 5800 Τοιαῦτα
899 5747 955 5799 δὲ
985 5747 1101 5818 εἴδη
1134 5748 1194 5799 οὐ
1226 5747 1451 5801 δύναται
1484 5739 1624 5801 εἶναι
1656 5745 1701 5797 εί
1736 5745 1811 5816 μη
1844 5744 1911 5799 τὰ

615 5844 889 5905 ΡΑτιιοι..
927 5845 1043 5907 Gn.
1098 5844 1221 5905 CLI
