4086 6228
517 276 653 346 1231

1745 272 2135 336 GREGORH
2179 273 2544 338 ACINDYNI

3672 274 3806 342 ιεει

512 402 680 472 igitur
713 398 890 466 agenti
933 395 1186 461 convenit
1251 411 1346 467 per
1408 395 1741 451 voluntatem
1799 406 1978 467 agt-rw,
2011 395 2101 452 cui

2215 397 2280 450 Τὸ
2312 398 2502 466 πρῶτα
2526 395 2706 449 τοίνυν
2737 394 2924 450 ποιοῦν
2953 393 3298 470 τιξπροσὴκει
3325 395 3404 464 τῷ
3429 394 3654 467 θελήσει
3685 412 3805 450 ποι-

511 491 749 546 tnaxime
778 489 1034 560 competit
1064 504 1158 559 per
1192 505 1250 543 se
1280 501 1464 555 agere.

579 582 632 637 9.
664 582 912 652 Insuper,
941 580 1273 636 universitas
1308 597 1490 636 rerum
1525 582 1686 637 habet
1713 582 1871 636 tinem
1910 599 1924 637 :
1964 583 2101 640 alias

505 695 596 736 res
620 695 814 735 omnes
841 694 972 733 casu
1003 681 1351 743 exsisterent,
1414 679 1518 734 nisi
1581 679 1855 734 diceretur
1890 679 2093 746 primas

506 782 790 828 creaturas
819 786 926 827 non
959 787 1079 827 esse
1121 782 1342 842 propter
1387 771 1568 840 tinem,
1609 772 1702 826 sed
1733 787 1796 826 ex
1833 770 2101 825 materiali

513 867 874 929 necessitate,
930 869 1262 938 posteriores
1312 881 1440 921 vero
1496 864 1578 920 eis
1635 875 1917 920 creaturas
1985 878 2105 919 esse

506 968 730 1030 propter
771 957 930 1014 tinem
969 975 985 1024 ;
1021 957 1162 1013 sicut
1205 955 1553 1013 Democﬁtus
1585 957 1948 1012 contendebat
1987 970 2104 1010 cm-

510 1053 669 1108 lestia
729 1066 967 1122 corpora
1020 1067 1150 1106 casu
1201 1051 1498 1116 exstitisse,
1549 1051 1806 1106 inferiora
1859 1067 1988 1105 vero
2037 1066 2101 1106 ex

499 1145 694 1224 "eausis
741 1145 1124 1200 determinatis
1157 1158 1172 1197 :
1211 1146 1357 1213 quod
1403 1144 1709 1198 destruitur
1755 1144 1806 1197 in
1857 1142 2104 1199 secundo

507 1239 878 1308 Physicorum,
910 1255 1005 1309 per
1036 1238 1138 1292 hoc
1161 1238 1305 1308 quod
1347 1237 1570 1314 meliora
1602 1253 1708 1294 non
1733 1249 1960 1308 possunt
1983 1253 2106 1294 esse

510 1335 696 1390 minus
753 1334 1006 1388 ordinata
1066 1347 1229 1402 quam
1284 1321 1583 1388 deteriora.
1641 1331 1867 1401 Oportet
1942 1331 2109 1402 igitur

510 1410 810 1500 agnoscere
837 1427 891 1481 iu
917 1426 1265 1497 processionc
1289 1435 1669 1483 creaturarum
1693 1442 1721 1479 a
1742 1425 1851 1480 Deo
1870 1425 2103 1495 aliquem

506 1531 633 1574 esse
697 1521 858 1572 tinem
935 1517 1286 1587 primarium.
1362 1516 1648 1573 Invenitur
1703 1525 1882 1573 autem
1945 1533 2107 1587 agere

510 1621 732 1681 propter
762 1611 923 1666 tinem
957 1620 1010 1666 et
1049 1619 1244 1666 natura
1293 1619 1348 1666 et
1400 1611 1675 1679 voluntas,
1707 1611 1879 1667 altero
1924 1620 2105 1666 tamen

511 1715 567 1761 et
593 1706 768 1761 altero
791 1703 974 1760 modo.
1007 1704 1212 1760 Natura
1238 1705 1382 1760 enim
1414 1706 1668 1760 nesciens
1698 1704 1885 1772 tinem,
1921 1715 1970 1761 et
2016 1722 2106 1763 ra-

514 1800 716 1855 tionem
753 1797 900 1865 tinis,
927 1806 981 1854 et
1001 1797 1324 1854 relationem
1353 1798 1475 1868 ejus
1505 1799 1651 1871 quod
1684 1807 1769 1855 est
1802 1801 1866 1853 ad
1919 1800 2102 1865 tinem,

514 1907 624 1945 non
659 1899 838 1960 potest
867 1890 970 1945 sibi
1019 1891 1178 1945 tinem
1231 1906 1562 1961 proponere.
1594 1906 1693 1946 nec
1727 1907 1785 1948 sc
1815 1891 1882 1946 ad
1941 1892 2104 1948 tinem

517 2002 759 2053 movere,
813 1993 910 2040 aut
963 1984 1240 2050 ordinare,
1311 1983 1743 2056 aut,dirigere;
1804 1986 1919 2042 haec
1978 2001 2107 2043 vero

515 2078 702 2132 omnia
769 2077 1192 2148 competuntoei
1247 2076 1341 2147 qui
1423 2092 1517 2147 per
1577 2077 1912 2134 voluntatem
1969 2078 2102 2149 agit,

516 2171 718 2241 quippe
739 2169 831 2240 qui
859 2177 1036 2238 potest
1067 2169 1366 2240 intelligere
1387 2179 1440 2225 et
1472 2172 1630 2226 linem
1652 2182 1732 2226 »ει
1758 2168 1942 2226 omnia
1971 2185 2108 2241 prm-

516 2265 682 2320 dicta.
733 2261 887 2317 Unde.
919 2261 1011 2332 qui
1050 2277 1147 2332 per
1193 2262 1522 2318 voluntatem
1588 2264 1719 2332 agit,
1771 2263 1841 2317 ita
1885 2270 2109 2332 propter

520 2356 684 2412 tinem
708 2357 838 2428 agit,
863 2365 923 2410 ut
948 2367 1219 2426 proponat
1242 2356 1345 2411 sibi
1373 2357 1554 2423 tinem,
1586 2366 1638 2412 ct
1661 2373 1720 2413 se
1745 2358 2109 2428 quodammo-

518 2453 589 2503 do
625 2452 692 2505 ad
725 2452 887 2504 tinem
922 2460 1160 2516 moveat,
1192 2451 1455 2506 ordinans
1495 2451 1558 2506 ad
1595 2451 1742 2505 hunc
1771 2465 1897 2506 snas
1914 2465 2108 2519 opera-

521 2544 743 2612 tiones;
807 2553 1007 2598 natura
1067 2559 1197 2598 vero
1241 2543 1306 2597 ad
1357 2543 1519 2599 tinem
1581 2543 1751 2598 tendit
1797 2542 2001 2598 directe
2053 2550 2110 2596 et

517 2638 676 2709 quasi
701 2647 846 2693 mota
902 2638 971 2692 ab
1010 2637 1196 2706 aliquo
1240 2636 1572 2709 intelligente
1597 2645 1652 2692 et
1705 2637 1939 2700 volente,
1969 2639 2109 2690 sicut

522 2740 675 2802 patet
702 2730 755 2784 in
785 2731 1010 2801 sagitta,
1041 2745 1163 2798 quae
1189 2729 1885 2793 tenditaddeterminatum
1921 2731 2104 2794 tinem,

519 2825 651 2895 quia
672 2823 934 2894 dirigitur
959 2839 989 2877 a
1017 2822 1341 2894 sagittario:
1375 2823 1676 2878 secundum
1696 2839 1858 2892 quem
1887 2823 2107 2877 modum

521 2935 551 2974 a
583 2916 924 2988 philosophis
971 2915 1175 2970 dietum
1230 2924 1315 2971 est
1364 2925 1570 2971 naturze
1624 2932 1762 2987 opus
1800 2933 1924 2973 esse
1972 2933 2109 2989 Opus

522 3012 853 3068 intellectus.
879 3011 1109 3082 Semper
1131 3020 1313 3064 autem
1366 3011 1510 3080 quod
1557 3019 1640 3065 est
1670 3026 1763 3078 per
1824 3011 1994 3078 aliud,
2027 3021 2112 3068 est

2206 494 2307 550 εῖν,
2344 485 2388 559 ᾧ
2420 492 2655 561 μάλιστα
2692 491 2964 562 προσήκει
2998 490 3058 543 τδ
3097 490 3167 545 δι’
3204 491 3368 544 ἑαυτὸ
3397 493 3598 547 ποιεῖν.

2277 581 2343 637 θ’.
2389 584 2511 635 Ἔτι
2538 582 2596 636 τδ
2623 583 2732 636 πᾶν
2761 580 2874 651 εχει
2896 599 2948 634 τι
2980 582 3150 649 τέλος.
3197 583 3355 638 Ἐπεὶ
3392 587 3572 642 πάντα
3607 589 3664 642 ὲν
3692 593 3807 652 τοῖς

2205 676 2360 732 οὖςιν
2389 675 2496 728 ἀπὸ
2527 671 2872 745 ταυτοᾷάτου
2895 675 3142 746 συμόαίη
3173 675 3261 743 ἂν,
3294 680 3343 731 εί
3379 679 3453 750 μὴ
3489 679 3660 752 δήπου
3714 683 3805 733 λέ-

2205 782 2356 835 γοιτο
2387 765 2453 819 τὰ
2475 765 2667 838 πρῶτα
2697 766 3164 838 δημιουργήματα
3226 768 3302 838 μὴ
3334 766 3477 824 εἶναι
3504 772 3594 825 διὰ
3622 773 3802 836 τέὶος,

2208 859 2327 913 ἀλλ’
2362 861 2426 912 ὲκ
2455 860 2556 927 τῆς
2609 858 2802 929 ὑλικῆς
2831 858 3099 932 ἀνάγκης,
3125 859 3198 913 τὰ
3237 862 3298 915 δὲ
3325 863 3444 930 μετ’
3479 865 3620 918 αὐτὰ
3657 861 3804 918 εἶναι

2205 951 2298 1006 διὰ
2324 951 2501 1017 τέλος,
2527 951 2720 1025 ὥσπερ
2749 955 2844 1006 καὶ
2869 953 3218 1025 Δημόκριτος
3243 954 3452 1010 ἐτίθετο
3468 958 3535 1010 τὰ
3563 959 3801 1031 ῦῦράνια

2208 1046 2442 1115 σώματα
2467 1045 2574 1098 ἀπὸ
2598 1045 2943 1115 ταυτομὰτου
2963 1046 3240 1115 γενέσθαι,
3257 1047 3324 1101 τᾶ
3340 1047 3386 1101 δ’
3413 1047 3802 1118 ὕποεεῗηντὸτα

2207 1137 2270 1204 ἒξ
2308 1137 2634 1208 ὡρισμένων
2683 1140 2903 1195 αἰτιῶν.
2943 1138 3124 1213 Ὅπερ
3155 1141 3594 1207 ἀνασκευὰζετσι
3631 1146 3689 1197 ἐν
3727 1146 3803 1212 τῷ

2208 1233 2448 1303 δευτέρῳ
2467 1234 2577 1288 τῶν
2609 1234 2856 1305 φυσικῶν
2881 1234 2969 1288 διὰ
2994 1236 3055 1290 τδ
3078 1236 3144 1290 τὰ
3170 1241 3408 1308 κρείττω
3434 1237 3802 1309 μὴδύνασθαι

2205 1319 2369 1396 ἦττον
2395 1325 2602 1392 τάξεως
2628 1327 2883 1398 μετέχειν
2907 1328 3016 1382 τῶν
3045 1329 3328 1400 χειρόνων.
3346 1330 3586 1398 Ἀνάγκη
3617 1331 3804 1384 τοίνυν

2209 1421 2501 1492 ὁμολογεῖν
2532 1422 2591 1475 ἐν
2623 1425 2688 1492 τῇ
2728 1423 2940 1496 προόδῳ
2973 1424 3081 1478 τῶν
3122 1425 3443 1496 κτισμάτων
3471 1429 3626 1496 παρὰ
3661 1427 3802 1480 Θεοῦ

2210 1507 2352 1568 εἷναί
2374 1530 2427 1567 τι
2455 1513 2610 1578 τέλος
2635 1516 3079 1586 σκοπιμὼτατον.
3099 1515 3495 1589 Εὑρίσκεταιδὶ
3519 1521 3699 1572 ποιεῖν
3714 1519 3802 1572 διὰ

2209 1608 2363 1671 τέλος
2391 1609 2557 1690 atati)
2590 1607 2755 1678 φύσις
2790 1611 2885 1664 καὶ
2909 1612 2942 1680 ἡ
2979 1609 3220 1681 θέλησις,
3248 1610 3428 1677 ἄλλως
3461 1613 3650 1683 μέντοι
3705 1616 3807 1669 καὶ

2211 1699 2406 1764 ἄλλως.
2425 1699 2491 1756 Ἦ
2525 1703 2636 1774 γὰρ
2673 1703 2838 1772 φύσις
2867 1703 3134 1772 ἀγνοοῦσα
3166 1703 3227 1756 τὸ
3253 1704 3427 1771 τέλος,
3465 1709 3560 1759 καὶ
3590 1705 3680 1758 τον
3711 1705 3804 1758 16-

2209 1811 2307 1862 γον
2337 1793 2431 1848 τοῦ
2479 1794 2690 1862 τέλους,
2731 1797 2827 1849 καὶ
2863 1797 2964 1864 τὴν
2995 1797 3184 1866 σχέσιν
3224 1796 3318 1850 τοῦ
3351 1799 3489 1868 πρὸς
3526 1797 3704 1862 τέλος,
3736 1798 3803 1855 οὔ

2207 1888 2432 1944 δύναται
2458 1888 2775 1961 προτιθέναι
2809 1891 2976 1962 ἑαυτῇ
3037 1892 3208 1956 τέλος,
3244 1889 3374 1945 οὔτε
3415 1893 3592 1962 αὐτὴν
3628 1892 3710 1954 είς
3734 1893 3804 1946 τδ

2207 1983 2365 2047 τέλος
2395 1985 2594 2049 κινεῖν,
2627 1982 2659 2054 ἢ
2690 1982 2978 2054 τάττειν,ἠ
3010 1984 3292 2044 διιθύνειν.
3322 1986 3391 2039 ’Δ
3419 1988 3601 2042 πάντα
3630 2004 3808 2057 προσ·

2210 2076 2336 2148 ήκει
2363 2073 2440 2144 τῷ
2459 2074 2681 2148 θελήσει
2712 2077 2979 2142 ποιοῦντι,
3015 2071 3190 2149 οὗπέρ
3219 2080 3335 2133 ἐστι
3357 2078 3418 2132 τὸ
3441 2083 3582 2133 νοεῖν
3615 2083 3712 2134 καὶ
3741 2079 3806 2133 τὸ

2208 2167 2387 2234 τέλος.
2432 2169 2545 2222 Καὶ
2574 2169 2640 2222 τὰ
2679 2170 3062 2241 προειρημένα
3093 2170 3298 2236 πάντα,
3331 2171 3456 2225 ὅθεν
3486 2171 3546 2224 τὺ
3581 2170 3682 2243 μὲν
3709 2173 3802 2224 θε-

2208 2262 2364 2334 λήσει
2396 2261 2584 2318 ποιοῦν
2613 2262 2764 2317 οὕτω
2804 2261 2894 2318 διὰ
2921 2263 3070 2328 τέλος
3101 2265 3267 2328 ποιεῖ,
3305 2264 3380 2329 ὡς
3407 2264 3504 2319 καὶ
3541 2264 3801 2335 προτιθέ-

2209 2372 2298 2408 ναι
2328 2353 2501 2423 ἑαυτῷ
2533 2353 2591 2409 τὸ
2628 2353 2780 2417 τέλος
2825 2354 2920 2408 καὶ
2951 2353 3127 2424 ἑαυτῷ
3153 2355 3420 2427 ἁμηγέπη
3445 2357 3583 2427 πρὸς
3619 2356 3683 2411 τὸ
3710 2358 3804 2411 τέ-

2212 2451 2304 2512 λος
2343 2450 2519 2502 κινεῖν
2543 2448 2740 2503 τάττον
2771 2448 2870 2511 τὰς
2897 2446 3094 2501 ἑαυτοῦ
3125 2448 3407 2519 ἐνεργείας
3441 2452 3524 2512 είς
3558 2451 3694 2504 αὐτό
3716 2467 3729 2484 ⁸
3766 2453 3802 2523 ἡ

2211 2543 2265 2595 δὲ
2295 2541 2459 2611 φύσις
2492 2540 2572 2606 εἰς
2599 2541 2660 2594 τὸ
2706 2539 2862 2606 τέλος
2902 2541 3071 2596 τείνει
3119 2541 3438 2613 ίθυνομένη,
3471 2541 3666 2614 ὥσπερ
3705 2546 3807 2598 καὶ

2212 2635 2513 2709 κινουμένη
2546 2635 2655 2690 ὑπό
2679 2653 2827 2701 τινος
2863 2635 3114 2700 νοοῦντος
3168 2636 3268 2692 καὶ
3309 2637 3581 2703 θέλοντος,
3610 2637 3805 2709 ὥσπερ

2213 2731 2463 2802 φαίνεται
2501 2733 2559 2783 ἐν
2591 2727 2668 2800 τῷ
2700 2729 2842 2799 βέλει
2866 2728 2946 2802 τῷ
2973 2730 3208 2785 τείνοντι
3232 2733 3313 2797 είς
3337 2731 3652 2804 ὡρισμένον
3679 2750 3807 2786 σκο-

2213 2825 2336 2888 πδν,
2369 2823 2448 2896 τῷ
2480 2823 2754 2878 ἰθύνεσθαι
2785 2825 2938 2894 παρὰ
2966 2823 3060 2876 τοῦ
3082 2823 3324 2888 τοξότου,
3358 2825 3482 2879 καθ’
3503 2825 3566 2879 ὃν
3595 2826 3804 2896 δὴτρό-

2215 2935 2315 2970 πον
2349 2918 2499 2988 παρὰ
2526 2917 2640 2971 τῶν
2672 2917 2980 2987 φιλοσόφων
3011 2916 3248 2988 εἴρηται.
3314 2919 3438 2972 Ὀτι
3469 2918 3528 2972 τὸ
3570 2919 3670 2988 τῆς
3704 2920 3807 2984 φύε

2218 3030 2356 3074 σεως
2412 3012 2574 3082 ἔργον
2631 3013 2782 3066 ἐστὶν
2816 3011 2979 3082 ἔργον
3034 3011 3147 3067 νοῦ.
3200 3012 3316 3067 Ἀεὶ
3341 3011 3397 3067 δὲ
3421 3013 3514 3067 τοῦ
3569 3013 3640 3066 δι’
3673 3013 3805 3069 ἄλλο

526 3109 805 3180 posterius
841 3121 907 3162 eo
946 3105 1090 3177 quod
1115 3114 1202 3161 est
1245 3121 1342 3175 per
1361 3105 1602 3175 seipsum
1638 3124 1653 3160 ι
1690 3107 1832 3161 unde
1889 3123 2111 3163 necesse

2219 3107 2370 3160 ἑστίν
2400 3104 2625 3178 ὕστερον
2647 3103 2884 3174 τούκαθ⁹
2907 3105 3064 3172 αὑτό,
3096 3106 3218 3160 ὅθεν
3243 3105 3457 3177 ἀνάγκη
3485 3107 3547 3160 τὸ
3580 3108 3806 3177 πρῶτον

521 3211 608 3256 est
647 3199 796 3269 quod
853 3199 1092 3269 primum
1135 3198 1398 3252 ordinans
1429 3197 1496 3252 ad
1547 3197 1710 3253 tinem
1757 3199 1974 3255 ordinet
2019 3216 2117 3271 per

523 3295 862 3350 voluntatem
898 3311 912 3348 :
946 3299 1001 3347 et
1027 3291 1109 3347 sic
1149 3305 1244 3361 per
1277 3290 1608 3346 voluntatem
1653 3292 1792 3347 Deus
1833 3298 2118 3350 creaturas

525 3389 595 3444 ad
631 3385 1006 3443 exsistentiam
1033 3385 1302 3441 adduxit:
1337 3383 1498 3439 liabet
1545 3383 1712 3454 igitur
1753 3385 2114 3442 voluntatem.

599 3484 688 3540 to.
726 3481 862 3545 lino,
882 3489 1077 3534 natura
1109 3476 1508 3533 determinatur
1534 3477 1605 3531 ad
1637 3493 1829 3539 unum.
1861 3477 2116 3534 voluntas

524 3591 658 3630 vero
675 3575 740 3629 ad
775 3574 1012 3628 diversa.
1039 3571 1244 3642 thuia
1275 3585 1438 3625 omne
1463 3585 1630 3642 agens
1658 3571 1766 3641 agit
1794 3570 2113 3641 similesibi,

527 3681 752 3725 necesse
791 3672 876 3721 est
922 3673 1177 3720 naturam
1227 3661 1450 3718 tendere
1499 3663 1566 3717 ad
1620 3663 1766 3717 illam
1807 3663 2120 3719 similitudi-

521 3777 646 3816 nem
715 3775 837 3830 qurc
891 3757 1288 3814 deter-minatur
1345 3755 1413 3811 ad
1477 3771 1667 3811 unum.
1733 3754 1870 3810 Cum
1930 3765 2118 3814 autem

524 3852 811 3924 :equalitas
851 3849 1115 3921 originem
1168 3851 1332 3903 ducat
1382 3847 1450 3902 ab
1488 3847 1718 3912 unitate,
1776 3847 2118 3918 inzequalitas

522 3961 655 4000 vero
690 3951 948 3999 nascatur
966 3958 1032 3998 ex
1068 3941 1256 3996 multis
1317 3955 1439 4010 ane
1494 3947 1623 3994 sunt
1656 3940 1899 4008 diversa,
1970 3943 2117 3997 unde

525 4038 730 4108 aliquid
786 4035 945 4090 alteri
973 4049 1082 4089 non
1125 4041 1207 4088 est
1228 4032 1437 4099 aequale
1482 4032 1582 4087 nisi
1618 4047 1726 4087 uno
1761 4035 1948 4101 modo,
1982 4035 2118 4089 inre-

522 4132 687 4201 quale
711 4144 840 4185 vero
869 4135 956 4183 est
988 4127 1156 4182 variis
1201 4125 1465 4197 gradibus
1498 4143 1512 4178 :
1561 4140 1787 4181 necesse
1833 4134 1918 4181 est
1967 4126 2115 4195 quod

527 4234 724 4276 natura
758 4221 924 4274 faciat
967 4234 1185 4288 semper
1217 4216 1326 4272 sibi
1370 4217 1571 4280 simile,
1636 4217 1741 4272 nisi
1787 4217 2118 4288 impediatur

530 4331 627 4386 per
657 4314 990 4368 debilitatem
1021 4310 1278 4382 potentia:
1307 4310 1498 4365 activce
1542 4309 1627 4366 vel
1646 4311 1904 4380 polentia:
1932 4327 2118 4378 recep-

527 4411 652 4463 tiva:
679 4417 734 4462 ct
763 4405 1014 4477 passivae.
1048 4404 1364 4459 lnbabilitas
1388 4411 1573 4458 autem
1627 4404 1883 4472 potentiae
1936 4404 2117 4474 passi—

2219 3199 2414 3254 τὰττον
2440 3201 2521 3264 είς
2542 3201 2714 3266 τέλος,
2744 3199 2962 3253 τάττειν
2991 3197 3232 3270 θελήσει.
3262 3199 3373 3252 Καὶ⁵
3399 3199 3545 3254 οὕτω
3579 3199 3807 3270 θελήσει

2219 3291 2249 3343 ό
2275 3291 2408 3356 Θεδς
2433 3289 2502 3346 τὰ
2531 3291 2808 3364 κτίσματα
2839 3291 2920 3355 εἰς
2951 3291 3014 3346 τδ
3057 3284 3200 3348 εἶναι
3237 3291 3598 3366 προήνεγκεν.
3645 3293 3807 3365 Ἔχει

2221 3385 2330 3455 ἄρα
2353 3383 2597 3455 θέλησιν.
3629 3425 3633 3427 .
3763 3377 3766 3380 ’

2296 3478 2337 3533 ί.
2358 3478 2481 3532 Ἔτι
2505 3480 2536 3548 ἡ
2559 3476 2724 3548 φύσις
2743 3475 2976 3550 ὥρισται
2993 3479 3132 3549 πρδς
3155 3477 3288 3549 Emi;
3321 3477 3376 3532 δὲ
3413 3478 3637 3550 θέλησις
3669 3479 3812 3549 πρὶς

2219 3573 2506 3644 ὁπότερον,
2524 3572 2619 3625 καὶ
2647 3571 2772 3625 ἐπεὶ
2798 3571 2907 3625 πᾶν
2923 3570 2986 3625 τὸ
3006 3570 3195 3626 ποιοῦν
3220 3576 3366 3626 ποιεί
3388 3572 3580 3642 ὅμοιον
3604 3575 3808 3642 ἐαυτῷ,

2190 3665 2440 3737 ,ἀνάγκη
2475 3664 2574 3736 τὴν
2620 3662 2784 3735 φύσιν
2828 3665 3031 3718 τείνειν
3078 3664 3162 3728 είς
3207 3665 3431 3738 έκεινην
3476 3665 3580 3739 τὴν
3621 3670 3811 3741 ὁμοιό-

2208 3779 2381 3843 εητα,
2414 3761 2542 3832 ἣτις
2584 3757 2818 3829 ὥρισται
2849 3756 2987 3828 πρὸς
3023 3757 3105 3812 ἓν.
3129 3758 3285 3813 Ἐπεὶ
3323 3759 3380 3814 δὲ
3407 3760 3442 3832 ἡ
3493 3761 3686 3834 ίσότης
3711 3763 3809 3828 τὴν

2220 3849 2406 3908 αἰτίαν
2438 3851 2580 3923 ῐσχει
2622 3849 2732 3904 ἀπὸ
2777 3848 2878 3920 τῆς
2930 3846 3138 3912 ἐνάδος,
3186 3849 3220 3921 ἡ
3265 3847 3324 3904 δὲ
3359 3850 3620 3922 ἀνισότης
3657 3855 3810 3907 ἐστιν

2221 3948 2286 4000 ὲκ
2317 3944 2415 3999 τοῦ
2460 3942 2722 4014 πλήθους,
2754 3941 2786 3996 δ
2836 3941 3096 4004 ποικίλως
3129 3939 3242 4010 ἔχει
3266 3956 3283 3973 ο
3331 3941 3412 3994 διὸ
3447 3943 3545 3995 καί
3577 3961 3626 3996 τι
3662 3945 3809 4014 ἄλλῳ

2220 4041 2325 4094 οὐκ
2356 4039 2501 4094 ἔστιν
2538 4037 2670 4100 ῖσον,
2721 4039 2769 4089 εί
2812 4036 2890 4108 μὴ
2934 4036 3015 4089 ἑνὶ
3062 4034 3289 4106 τρόπῳ,
3338 4035 3528 4089 ἄνισον
3577 4036 3637 4089 δέ
3692 4038 3809 4088 ἔστι

2220 4131 2500 4202 διαφόροις
2537 4121 2801 4200 βαθμοῖςο
2834 4131 3054 4200 ἀνάγκη
3085 4129 3186 4202 τὴν
3216 4128 3381 4197 φύσιν
3416 4130 3590 4200 έαυτῇ
3629 4134 3810 4184 ποιεῖν

2221 4223 2328 4289 ἀεὶ,
2365 4226 2412 4278 εἰ
2443 4223 2518 4293 μὴ
2554 4221 2625 4275 δι’
2650 4221 2940 4276 ἀσθένειαν
2979 4221 3080 4290 τῆς
3107 4221 3404 4295 ποιητικῆς
3435 4222 3740 4295 δυνάμεως,
3776 4225 3810 4295 ἢ

2221 4316 2321 4383 τῆς
2376 4313 2637 4382 δεκτικῆς
2681 4316 2777 4367 καὶ
2831 4314 3182 4385 παθητικῆς·
3253 4314 3712 4384 ἀντπιτηδιιότης
3749 4318 3810 4370 δὲ

2224 4406 2537 4478 παθητικῆς
2575 4407 2862 4476 δυνάμεως
2908 4407 2970 4460 οὐ
3011 4405 3407 4476 προστρίϐεται
3453 4406 3533 4476 τῷ
3570 4408 3693 4479 Θεῷ
3723 4409 3811 4477 ια’

525 4517 610 4558 ιω
642 4515 752 4556 non
788 4499 954 4554 estin
1004 4497 1136 4565 Deo,
1179 4497 1271 4568 qui
1335 4511 1444 4552 non
1485 4495 1647 4552 habet
1702 4497 2010 4560 materiam,
2060 4505 2111 4551 ut

2223 4469 2370 4554 ὅσον,
2400 4469 2636 4569 μὴ’ξχει
2681 4469 2817 4570 ὓλην
2844 4469 2924 4562 ὡς
2969 4469 3263 4554 δέδεικται.
3314 4500 3442 4554 Οὐδ’
3474 4469 3545 4555 αὖ
3579 4505 3611 4572 ἡ
3647 4469 3812 4572 ποιη-

527 4604 811 4651 ostensum
838 4602 958 4660 est;
993 4605 1169 4661 neque
1214 4589 1392 4646 activa
1426 4589 1546 4659 ejus
1591 4593 1830 4660 potentia
1869 4590 2120 4644 debilita-

530 4697 637 4752 tur,
670 4701 794 4742 cum
842 4683 913 4739 sit
972 4683 1208 4738 intinita.
1265 4679 1419 4736 Unde
1460 4696 1581 4749 qua:
1632 4691 1760 4735 sunt
1819 4679 2017 4736 similia
2067 4690 2122 4734 et

529 4777 758 4847 :nqualia
796 4776 921 4846 ipsi,
964 4773 1292 4829 naturaliter
1321 4782 1531 4828 tantum
1558 4771 1860 4842 procedunt
1907 4769 1977 4824 ab
2027 4785 2119 4836 co,

533 4881 593 4924 ut
616 4870 782 4924 Filius
808 4877 862 4924 et
909 4868 1147 4937 Spiritus
1201 4875 1761 4932 sanctus;creatur:e
1816 4863 2122 4935 vero,quat

534 4963 834 5030 intequales
887 4957 1208 5029 procedunt,
1265 4972 1376 5011 non
1428 4971 1523 5026 per
1576 4965 1856 5024 naturam,
1885 4957 1976 5010 sed
2024 4971 2125 5024 per

534 5054 872 5108 voluntatem
907 5051 1254 5121 procedunt:
1295 5060 1426 5105 sunt
1464 5052 1612 5105 enim
1646 5051 1796 5105 multi
1845 5052 1938 5105 alii
1984 5051 2117 5104 ina:-

535 5143 822 5216 qnalitatis
845 5141 1050 5209 gradus
1085 5139 1390 5194 secundum
1425 5155 1566 5209 quos
1585 5141 1794 5194 creatio
1846 5139 1960 5193 ﬁeri
1993 5154 2120 5209 pos-

531 5248 616 5294 set
653 5255 668 5305 ;
721 5254 847 5292 nam
877 5235 982 5290 dici
1019 5235 1467 5304 nequitdivinam
1505 5235 1800 5304 potentiam
1826 5234 1892 5288 ad
1945 5249 2115 5289 unum

532 5343 746 5387 tantum
773 5330 1151 5392 determinari,
1189 5343 1313 5382 cum
1358 5329 1430 5382 sit
1462 5327 1694 5382 inlinita.
1754 5328 1930 5393 Unde,
1989 5342 2114 5382 cum

532 5439 599 5478 ea
628 5424 700 5479 sit
729 5421 912 5477 divina
948 5421 1190 5490 potentia
1217 5427 1274 5474 ut
1303 5421 1370 5475 ad
1396 5419 1600 5475 multos
1634 5419 1838 5488 gradus
1868 5423 2116 5491 inaequa-

534 5517 662 5572 litas
706 5517 759 5569 in
791 5515 1070 5570 creatione
1111 5516 1330 5570 extendi
1377 5515 1569 5585 possit,
1601 5527 1700 5567 nec
1744 5529 1874 5568 vero
1917 5515 1982 5567 ad
2027 5513 2125 5567 de-

535 5610 885 5664 terminatum
945 5607 1200 5680 gradum,
1263 5608 1518 5661 universa
1562 5615 1743 5660 autem
1802 5604 2121 5673 produxerit

537 5701 710 5756 libero
733 5701 964 5755 arbitrio
990 5719 1003 5754 :
1043 5701 1355 5755 neccsSario
1383 5701 1546 5768 igitur
1573 5715 1635 5754 ex
1668 5697 1946 5751 voluntate
1983 5713 2112 5768 pro-

535 5793 760 5860 cedunt,
790 5810 894 5850 non
931 5808 1057 5850 vero
1089 5811 1150 5849 cx
1191 5807 1406 5850 natura.
1449 5795 1585 5864 [Ergo
1619 5791 1759 5847 licus
1799 5794 1933 5846 vu't.

2222 4599 2350 4663 τεκὴ
2381 4593 2549 4647 αὐτοῦ
2577 4593 2810 4664 δύναμις
2837 4593 3060 4648 ἀσθενεῖ
3093 4593 3326 4665 ἄπειρος
3356 4593 3516 4650 οὖσα.
3549 4594 3720 4648 Ὅθεν
3742 4597 3815 4649 τὶ

2227 4687 2324 4755 μὲν
2351 4687 2514 4756 ὃμοια
2570 4687 2667 4740 καὶ
2703 4687 2791 4739 lca
2821 4684 2998 4756 ἑαυτῷ
3036 4686 3217 4755 μόνως
3265 4687 3516 4756 φυσικῶς
3549 4690 3812 4758 προΐασιν

2225 4780 2321 4834 ἀπ’
2357 4777 2544 4842 αὐτοῦ,
2595 4779 2669 4840 ὡς
2693 4779 2721 4831 ό
2752 4779 2905 4841 Υἱὸς,
2957 4779 3050 4832 καὶ
3081 4778 3143 4830 τὸ
3178 4777 3428 4848 Πνεῦμα·
3459 4782 3492 4850 ἡ
3540 4780 3596 4834 δὲ
3635 4783 3816 4846 κτίσις

2227 4875 2260 4941 ὴ
2290 4874 2474 4934 ἄνισος
2507 4869 2774 4941 προϊοῦσα
2799 4872 2859 4923 ού
2896 4871 3076 4938 φύσει,
3118 4871 3256 4925 ἀλλὰ
3287 4871 3505 4943 θελήσει
3539 4875 3812 4944 πρόεισιν.

2227 4966 2350 5019 Εἰσὶ
2385 4965 2494 5034 γὰρ
2527 4963 2733 5028 πολλοὶ,
2761 4965 2855 5017 καὶ
2888 4965 3039 5017 ἄλλοι
3073 4965 3394 5035 ἀνισότητος
3423 4964 3653 5035 βαθμοὶ,
3693 4965 3816 5019 καθ’

2225 5057 2318 5120 οὓς
2361 5058 2426 5112 ἂν
2461 5059 2673 5120 πάντας
2725 5057 3004 5124 ἐνεδέχετο
3050 5057 3152 5128 τὴν
3199 5056 3376 5110 κτίσιν
3419 5057 3702 5126 γενέσθαι.
3739 5060 3816 5112 α)

2228 5151 2338 5218 γὰρ
2368 5144 2480 5202 οἷόν
2513 5165 2573 5200 τε
2605 5147 2787 5208 λέγειν
2815 5147 2912 5215 τὴν
2940 5145 3090 5198 θείαν
3120 5147 3352 5216 δύναμιν
3385 5147 3520 5216 πρὸς
3553 5147 3611 5199 ἓν
3637 5149 3818 5218 μόνως

2226 5241 2510 5312 ίρίζεοθαι
2556 5240 2786 5309 ἄπειρον
2824 5239 3011 5293 οὖσαν.
3049 5238 3216 5292 Ὀθεν
3250 5239 3375 5292 ἐπεὶ
3418 5241 3450 5309 ἡ
3495 5238 3618 5292 θεία
3655 5239 3821 5292 63v:-

2232 5351 2322 5402 μις
2353 5333 2528 5396 οὕτως
2556 5334 2670 5402 ἔχει
2701 5333 2778 5396 ὡς
2826 5333 2962 5402 πρὸς
2999 5331 3232 5394 πολλοὺς
3269 5331 3513 5402 βαθμοὺς
3556 5332 3820 5400 ἀνισότης

2226 5428 2284 5480 ἐν
2335 5427 2410 5498 τῷ
2459 5427 2818 5497 δημιουργεῖν
2878 5424 3145 5477 δύνασθαι
3207 5425 3577 5494 ἐκτείνεσθαι,
3632 5431 3710 5497 μὴ
3761 5429 3819 5481 ἐν

2223 5517 2522 5588 ὡρισμένῳ
2559 5515 2782 5589 saepe},
2809 5515 2870 5567 τὸ
2904 5515 2961 5568 δὲ
3014 5517 3124 5570 πᾶν
3168 5516 3580 5571 κατεσκεύασεν
3618 5519 3684 5570 ὲκ
3713 5518 3817 5589 τῆς

2223 5608 2708 5679 αὐτεξουσιότητος
2733 5607 2834 5677 τῆς
2864 5606 3160 5677 θελήσεως,
3187 5608 3434 5680 πρόεισιν
3463 5609 3562 5662 ούκ
3591 5609 3818 5680 ἀνάγκη

2225 5701 2461 5770 φύσεως·
2495 5701 2638 5755 θέλει
2665 5701 2770 5772 ἄρα
2801 5703 2828 5754 ὸ
2854 5699 3010 5764 Θεός.
