4086 6228
419 309 517 378 124
529 312 558 373 5

1900 309 2162 368 NOTiTl
2181 311 2242 368 Α.

3571 311 3708 379 ιῖίϐ

418 442 551 496 tam,
597 430 776 485 altera.
819 437 873 484 et
914 428 1032 498 ipsa
1076 424 1238 484 anilis
1269 427 1480 484 fabella
1527 429 1595 484 de
1641 428 1801 494 Ju.la,
1861 430 2004 496 quod
2040 432 2080 485 Α
2109 438 2167 482 ct
2209 426 2432 483 Latinos
2463 441 2492 480 ο
2530 441 2592 483 se
2630 425 2811 498 lingua
2873 427 3187 499 scriptoque
3241 427 3393 499 prius
3428 425 3706 485 laceratos

418 525 670 582 Scaleota
707 523 890 588 fuerit,
923 521 1170 591 deﬂuxit,
1199 537 1310 596 qua
1351 520 1607 581 Lucanos
1634 525 1778 596 apud
1811 524 2006 580 Secta-

414 633 546 674 num
590 617 841 674 infamat.

485 708 597 766 Sed
647 711 712 764 ad
756 710 1121 778 Barlaamum,
1163 726 1193 766 a
1238 726 1349 782 quo
1387 711 1634 784 digressa
1674 723 1780 780 cst,
1818 714 2003 769 redeat

415 803 612 862 oratio.
668 803 742 859 De
775 820 841 861 eo
875 805 1045 876 igitur
1071 805 1266 862 scribit
1294 806 1544 862 laudatus
1571 805 1862 866 Baecatius
1883 810 2001 863 loco

415 899 510 954 cit.
547 916 608 953 ει
651 897 835 955 Traho
862 911 1122 970 praeterea
1173 900 1468 968 aliquando
1515 899 1763 956 Barlaam
1813 902 1998 957 Basilii

415 992 772 1047 Caesariensis
820 995 1172 1061 monachum,
1197 993 1493 1049 Calabrum
1524 993 1826 1063 hominem,
1866 997 1995 1052 olim

416 1097 646 1156 corpore
674 1082 957 1156 pusillum,
1009 1089 1382 1157 pragrandcm
1433 1097 1612 1145 tamen
1662 1090 1912 1157 scientia,
1943 1104 1997 1150 et

414 1177 623 1235 Graecis
639 1179 773 1236 adeo
792 1181 1089 1249 eruditum,
1109 1187 1171 1236 ut
1193 1183 1585 1252 imperatorum
1611 1193 1664 1240 et
1688 1184 1992 1256 principum

412 1270 750 1339 Grarco‘rum,
770 1285 934 1344 atque
953 1273 1237 1330 doctorum
1268 1277 1552 1332 hominum
1585 1276 1862 1347 privilegia
1894 1277 1998 1333 ba-

412 1363 565 1418 heret
617 1364 950 1432 testimonia,
971 1367 1171 1422 nedum
1206 1367 1297 1423 his
1318 1370 1657 1439 temporibus
1680 1371 1822 1436 apud
1845 1371 1997 1425 Grae-

411 1444 507 1511 cos
557 1471 701 1524 esse,
732 1459 830 1513 sed
867 1473 968 1514 nec
1010 1474 1040 1515 a
1083 1459 1271 1517 multis
1298 1461 1515 1518 sazculis
1545 1462 1680 1518 citra
1714 1463 1879 1518 fuisse
1911 1463 1993 1518 vi-

410 1563 530 1603 rum
566 1557 674 1604 tam
708 1550 904 1623 insigni
964 1561 1181 1625 tamque
1202 1555 1392 1626 grandi
1422 1544 1649 1612 scientia
1682 1557 1987 1628 praeditum.

409 1641 600 1699 Nonne
656 1658 790 1717 ergo
820 1646 967 1709 huic,
989 1655 1045 1702 et
1074 1649 1358 1718 potissimc
1383 1648 1442 1705 in
1473 1650 1636 1707 rebus
1672 1650 1740 1706 ad
1771 1649 1991 1708 Graecos

410 1737 784 1804 spectantibus
811 1752 914 1807 ego
946 1742 1163 1796 credam
1189 1741 1256 1796 ἳ»
1302 1742 1384 1798 Ab
1417 1757 1484 1798 eo
1514 1758 1733 1816 quoque
1757 1743 1984 1800 Paulum

2107 523 2415 579 defensat»
2470 520 2576 578 Cit.
2623 521 2742 586 Lib,
2775 522 2842 586 il,
2881 538 3000 593 cap.
3037 523 3125 588 ΓΙ,
3185 539 3310 594 pag.
3364 523 3492 579 839.
3538 521 3708 577 Poirn

2112 611 2355 672 Joannes
2384 615 2830 682 Cantacuzenus,
2860 615 3082 672 Greene
3114 625 3330 682 auctor,
3365 615 3458 671 lib.
3479 613 3544 681 ll,
3582 629 3708 684 cap.

2107 708 2214 764 39.
2282 718 2480 774 contra
2527 707 2872 766 Barlaamum
2926 717 3152 780 propter
3220 707 3340 779 ejus
3389 711 3702 778 palinodias

2111 804 2392 858 invehitur
2423 816 2437 857 :
2471 821 2490 855 ι
2516 800 2818 860 Monachus
2843 803 3092 874 quidam,
3140 803 3340 875 inquit,
3376 820 3406 859 e
3450 805 3705 860 Calabria

2102 896 2402 968 profectus,
2434 895 2758 953 Latinorum
2791 897 3040 954 moribus
3069 905 3124 951 et
3151 897 3371 967 legibus
3411 897 3696 966 educatus,

2102 978 2321 1048 nomine
2338 989 2676 1052 Barlaamus,
2700 1003 2897 1046 acutus
2925 991 3126 1062 alioqui
3150 999 3203 1045 et
3226 991 3532 1061 perspicax,
3555 1003 3609 1048 et
3627 993 3698 1049 ad

2101 1073 2522 1155 intelligentiam
2551 1083 2932 1153 explicandam
2954 1083 3352 1140 disertissimus
3373 1102 3386 1140 :
3408 1085 3630 1155 insuper
3650 1085 3701 1140 in

2100 1176 2344 1238 Euclide,
2369 1175 2921 1242 Aristotele,Platone
2945 1178 3237 1244 volutatus,
3262 1185 3316 1231 et
3334 1177 3403 1234 ob
3427 1178 3478 1232 id
3503 1175 3703 1233 illustri

2100 1263 2266 1336 fama,
2282 1270 2348 1326 ad
2365 1269 2728 1326 calamitatem
2744 1268 2902 1324 Rom.
2923 1270 3133 1340 imperii
3150 1270 3594 1327 Thessalonicam
3613 1275 3703 1325 ad.

2097 1364 2245 1422 venit
2269 1383 2283 1429 ;
2307 1361 2495 1419 multis
2515 1362 2660 1419 enim
2682 1362 3000 1434 magnisque
3019 1363 3381 1421 seditionibus
3401 1365 3700 1422 Ecclesiam

2095 1467 2347 1530 pacatam
2396 1458 2662 1529 implevit.
2695 1458 2797 1526 Qui
2838 1471 2960 1514 cum
2997 1473 3056 1515 se
3084 1456 3394 1515 Latinorum
3440 1453 3696 1530 dogmata

2094 1552 2503 1626 profligaturum
2522 1554 2856 1624 simulasset,
2881 1555 3081 1611 libellis
3110 1553 3376 1610 adversus
3400 1553 3525 1608 illos
3547 1567 3700 1605 cum-

2093 1647 2305 1718 positis,
2323 1645 2672 1706 conclusione
2686 1648 2934 1705 rationun
2972 1645 3378 1705 demonstrabat
3394 1661 3490 1702 eos
3505 1646 3557 1700 in
3579 1644 3701 1699 reli-

2097 1741 2274 1811 gionis
2293 1725 2538 1798 doctrina
2562 1742 2886 1799 hallucinari
2907 1760 2969 1798 ae
2993 1743 3118 1806 tabi,
3136 1739 3456 1810 nostrisque
3493 1738 3697 1810 gaude.-

410 1827 759 1896 Perusinum,
784 1841 842 1886 et
877 1833 1050 1901 ipsum
1086 1832 1357 1890 Barlaami
1385 1835 1442 1890 in
1470 1794 1655 1890 Graeca
1679 1829 1868 1907 lingua
1894 1852 1993 1892 au—
2025 1794 2068 1856 Β
2102 1834 2189 1888 bat
2217 1835 2485 1892 institutis
2506 1846 2554 1892 et
2574 1836 2806 1908 legibus,
2825 1847 2925 1894 eta
2943 1853 3001 1892 se
3014 1835 3328 1891 Latinorum
3346 1830 3699 1889 czcremonias

410 1921 669 1989 ditorem,
705 1923 760 1980 in
792 1927 1131 1982 collectanea
1157 1945 1254 1984 sua
1301 1917 1665 1994 conﬁcienda,
1696 1930 2002 2002 profecisse

411 2022 583 2082 notat,
606 2026 732 2086 post
765 2017 1039 2074 laudatum
1069 2020 1382 2076 Boccatium
1418 2021 1536 2078 loc.
1567 2025 1706 2091 ~cit.,
1755 2023 2001 2080 Volater-

409 2108 578 2163 rarius
600 2107 655 2164 ia
682 2110 994 2180 Ant/tropei.
1032 2106 1267 2170 «Eodem
1300 2112 1412 2172 fere
1446 2125 1691 2187 tempore
1745 2118 1995 2174 Barlaam

411 2203 643 2259 Calaber
676 2203 1018 2274 quidam,.S.
1045 2205 1233 2263 Basilii
1267 2197 1591 2275 monachus,
1617 2218 1850 2279 utraque
1894 2210 1996 2264 Iin-

413 2300 515 2369 gna
573 2299 845 2365 eruditus,
877 2300 1100 2365 multas,
1133 2316 1253 2371 quae
1298 2300 1365 2357 ad
1398 2303 1498 2360 has
1535 2303 1808 2373 pertinent
1839 2303 2002 2359 disci—

410 2391 595 2462 plinas
625 2394 734 2446 tum
765 2391 1046 2448 volumine
1089 2394 1284 2464 coegit.
1318 2393 1492 2461 Quem
1522 2394 1773 2452 imitatus
1791 2395 1999 2452 Paulus

408 2483 744 2543 Perusian‘us
787 2488 1160 2558 jttrispet‘itus,
1192 2493 1308 2556 ejus
1338 2490 1662 2561 discipulus,
1711 2493 2001 2563 praefectus

411 2578 756 2636 bibliotheca:
785 2577 1009 2636 ltoberti
1036 2619 1053 2649 ,
1085 2581 1281 2637 Siciliae
1309 2584 1478 2656 regis,
1509 2600 1636 2640 cum
1669 2585 1830 2657 plane
1851 2588 2002 2642 litte-

411 2687 564 2735 ratus
593 2688 778 2746 esset,
837 2680 1005 2736 multa
1049 2689 1102 2737 et
1139 2681 1255 2752 ipse
1290 2682 1625 2739 collectanea
1651 2684 1893 2754 reliquit.

479 2770 712 2843 Scripsit
747 2765 1066 2831 Barliamus
1099 2777 1268 2830 multa
1287 2785 1341 2831 et
1374 2777 1550 2843 varia,
1582 2789 1680 2848 pro
1705 2791 1816 2831 suae
1850 2791 2003 2832 meu-

411 2865 481 2923 tis
502 2867 791 2939 vertigine,
819 2878 874 2924 et
902 2868 1188 2924 varietate.
1237 2867 1373 2927 Nam
1403 2871 1579 2938 primo
1615 2868 1836 2940 quidem
1867 2868 2010 2926 Con-

409 2956 824 3029 stantinopolim
858 2960 1109 3024 veniens,
1136 2958 1454 3015 Graecorum
1478 2961 1764 3018 erroribus
1784 2963 2008 3034 scriptis

409 3047 523 3105 suis
553 3047 735 3104 favere
774 3049 940 3119 cmpit
972 3066 987 3104 :
1019 3049 1143 3105 dein
1194 3048 1250 3105 in
1299 3062 1358 3106 se
1394 3049 1657 3122 primum,
1691 3058 1746 3107 et
1790 3067 1918 3108 mox
1951 3055 2004 3108 in

2108 1940 2274 1998 atque
2309 1937 2561 2000 dogmata
2583 1946 2646 1986 ex
2669 1932 2853 1986 animo
2880 1930 3130 1986 damnari
3151 1927 3502 2000 apertissima
3532 1924 3700 1981 dabat

2101 2026 2325 2093 indicia,
2350 2028 2410 2083 ut
2440 2028 2755 2099 apparebat,
2779 2047 2800 2082 ι
2833 2037 2938 2085 etc.
2968 2027 3110 2083 Pene
3136 2027 3324 2083 eadem
3360 2023 3698 2096 Nicephorus

2103 2121 2373 2190 Gregnras
2406 2139 2457 2178 xi
2488 2142 2501 2187 ;
2535 2131 2797 2192 tantoque
2835 2123 2891 2177 in
2939 2121 3067 2179 odio
3103 2119 3308 2175 Grmcis
3351 2132 3474 2174 esse
3512 2116 3699 2187 cmpit,

2101 2223 2393 2285 postquam
2440 2215 2508 2271 ab
2540 2216 2620 2271 eis
2675 2215 2929 2281 recessit,
2980 2225 3041 2271 ut
3095 2217 3286 2268 eodem
3327 2210 3528 2265 Allatio
3561 2211 3701 2263 teste

2106 2309 2200 2364 ubi
2233 2322 2422 2380 supra,
2481 2309 2959 2382 Constantiimpoli
3011 2308 3284 2364 celebrata
3315 2303 3548 2378 synodo,
3570 2302 3700 2357 Bar-

2104 2404 2320 2460 laauius
2348 2404 2848 2460 condemnaretur:
2885 2423 2905 2456 ι
2932 2397 3542 2471 Barlaamns,quamvis
3567 2412 3698 2468 pro-

2107 2497 2294 2568 pitium
2315 2496 2700 2567 imperatorem
2728 2497 3120 2570 (Andronicum
3143 2491 3447 2564 Juniorcm)
3475 2500 3695 2554 nactus,

2105 2587 2270 2644 rebus
2305 2595 2486 2644 tamen
2526 2588 2872 2653 Graecorum,
2909 2598 2961 2644 et
2996 2588 3280 2644 monachis
3322 2587 3567 2656 iniquior
3609 2585 3698 2655 (de

2104 2679 2224 2752 eius
2251 2696 2374 2738 cum
2407 2681 2693 2738 monachis
2747 2683 2952 2738 montis
2997 2681 3140 2738 Atho
3180 2679 3378 2752 jurgiis
3430 2676 3698 2732 videndus

2103 2771 2434 2845 Maimburg.
2465 2775 2504 2833 ι.
2545 2774 2622 2847 c.)
2687 2788 2827 2847 quos
2874 2773 3143 2830 acerrimo
3187 2772 3315 2828 odio
3354 2779 3698 2842 prosecutus,

2105 2868 2440 2939 exagitavit;
2465 2869 2697 2940 ideoque
2721 2867 2993 2926 celebrata
3031 2867 3242 2940 synodo
3267 2865 3324 2922 in
3372 2880 3568 2936 magno
3605 2879 3698 2918 sa-

2109 2975 2218 3018 crae
2242 2960 2538 3033 Sapientia:
2584 2961 2809 3032 templo,
2838 2970 3106 3032 praesente
3151 2961 3314 3015 etiam
3347 2960 3696 3027 imperatore,

2112 3071 2239 3113 cum
2271 3067 2495 3115 senatus
2539 3058 2900 3128 principibus,
2934 3067 2988 3114 et
3028 3057 3363 3113 doctissimis
3409 3055 3530 3110 aliis
3567 3053 3701 3108 viris

407 3135 621 3201 Italiam
641 3157 920 3208 reversus,
958 3157 1022 3198 ac
1053 3143 1404 3201 llieracensis
1436 3144 1788 3216 cpiscopitus
1819 3145 2002 3217 digni—
2027 3126 2070 3188 ο
2106 3149 2504 3207 condemnatus
2533 3126 2636 3206 est.
2669 3169 2686 3203 ι
2721 3126 2832 3206 ’δειι
2862 3157 2916 3206 et
2963 3149 3104 3206 idem
3164 3149 3257 3217 qui
3288 3162 3453 3218 supra
3491 3145 3702 3214 Canta-5

409 3245 519 3291 tate
536 3244 591 3290 et
636 3234 841 3290 honore
863 3235 1092 3306 potitus,
1139 3235 1881 3306 queislaverat,Graacorum
1915 3252 2007 3294 ero

403 3341 562 3398 rores
587 3328 941 3393 recantando,
970 3327 1296 3388 exsuﬂlavit.
1323 3328 1400 3384 Ex
1428 3337 1541 3399 quo
1569 3329 1912 3401 aequivocum
1937 3332 2006 3388 de

405 3419 603 3490 duplici
641 3418 927 3476 Barlaamo
962 3424 1102 3490 apud
1128 3419 1375 3477 eruditos
1403 3421 1644 3490 irrepsit,
1668 3421 1761 3492 qui
1795 3432 2000 3488 tamen,

403 3514 603 3570 dilatio
633 3522 797 3580 teste,
835 3525 1126 3583 nugantur.
1176 3511 1372 3570 illine
1401 3513 1584 3582 plane,
1632 3514 1732 3579 ait,
1795 3516 1988 3585 nugari

405 3608 680 3672 videntur,
729 3607 824 3678 qui
862 3622 985 3662 cum
1046 3621 1152 3661 non
1192 3605 1498 3676 intelligant
1526 3605 1988 3676 quemadmodum

404 3713 549 3756 unus
585 3700 851 3771 idemque,
893 3709 946 3754 et
1000 3712 1100 3770 pro
1149 3698 1307 3753 Rom.
1343 3699 1584 3754 Ecclesia
1617 3708 1809 3754 contra
1842 3699 1986 3754 Gue-

405 3810 524 3862 cos,
557 3804 610 3850 et
637 3810 734 3864 pro
763 3793 970 3850 tincecis
1001 3793 1383 3850 contra-Rom.
1419 3793 1721 3848 Ecclesiam
1747 3793 1986 3859 scripse-

405 3892 496 3953 rit,
521 3889 662 3944 duos
694 3887 1009 3942 Bariaamos
1039 3885 1422 3953 constituunt;
1455 3895 1507 3942 ct
1540 3901 1626 3949 ea.
1657 3902 1780 3958 quae
1802 3897 1990 3942 contra

408 3981 629 4036 Latinos
663 3988 789 4034 sunt
815 3979 898 4035 ‘ah
935 3978 1256 4036 llieracensi
1283 3981 1389 4037 isto
1424 3990 1732 4046 semovent,
1763 3986 1819 4036 et
1845 3981 1993 4043 aliis,

407 4075 592 4135 nescio
621 4076 839 4144 quibus,
871 4089 1008 4144 quos
1041 4090 1140 4132 nec
1166 4075 1268 4146 ipsi
1304 4084 1501 4142 sciant,
1527 4075 1829 4132 vindicant.
1872 4077 1996 4131 Dis-

410 4171 660 4238 tinguam
699 4178 974 4242 tempora.
1020 4169 1339 4228 Barlaamus
1385 4170 1860 4243 Constantinopoli
1892 4172 1992 4226 de-

409 4273 569 4334 gens.
609 4261 885 4327 doctrina,
917 4272 969 4318 et
997 4261 1179 4317 favore
1215 4262 1547 4333 principum,
1577 4271 1759 4331 ct.spe
1806 4277 1991 4317 rerum

407 4355 670 4412 novarum
707 4356 963 4421 iactatus,
988 4356 1299 4412 Graecorum
1327 4357 1612 4411 erroribus
1643 4355 1852 4420 favens,
1885 4355 1991 4414 La.-

2107 3256 2348 3300 cuxenus
2415 3264 2429 3300 :
2492 3263 2510 3297 ι
2552 3242 2840 3300 Postremo
2916 3243 3220 3312 imperator
3278 3251 3327 3296 ct
3388 3239 3701 3306 patriarcha

2106 3343 2372 3404 utrosque
2415 3335 2482 3391 de
2537 3342 2671 3408 pace
2703 3346 2761 3391 ut
2794 3336 3082 3406 oportebat
3129 3333 3374 3399 atlocuti,
3426 3330 3698 3403 synodum

2107 3427 2456 3484 dimiserunt.
2477 3427 2798 3484 Barlaamus
2827 3429 2973 3484 haud
3004 3427 3225 3499 longum
3253 3436 3468 3496 tempus
3496 3425 3703 3497 Byzan-

2099 3527 2158 3575 tii
2207 3537 2470 3588 nim-atus,
2507 3521 2841 3590 imperatore
2891 3522 3039 3574 brevi
3089 3521 3378 3586 defuncto,
3416 3534 3590 3581 atque.
3638 3526 3699 3571 ut

2098 3615 2252 3682 prius
2286 3617 2351 3668 de
2378 3615 2646 3681 dogmatis
2673 3614 2820 3668 litem
2849 3615 3036 3677 movit,
3057 3612 3328 3682 jullicium
3361 3611 3514 3664 valde
3543 3612 3695 3663 clau~

2096 3706 2313 3763 dicasse
2333 3706 2625 3762 clamitans
2655 3725 2668 3772 ;
2704 3717 2758 3763 et
2785 3707 3073 3777 aufugiens
3105 3708 3158 3760 in
3186 3707 3417 3764 Italiam.
3447 3720 3570 3759 cum
3598 3703 3700 3757 [.a-

2101 3799 2249 3866 linis,
2287 3806 2346 3852 ut
2389 3808 2575 3865 antea,
2617 3799 2809 3866 sensit,
2870 3799 2941 3854 ab
2986 3797 3174 3864 eisque
3209 3794 3451 3851 Hieracis
3481 3794 3700 3863 episco‘o

2099 3908 2202 3964 pus
2234 3901 2448 3946 creatus
2468 3900 2572 3947 est.
2605 3915 2625 3947 ι
2666 3892 2741 3948 Ex
2772 3908 2881 3963 quo
2919 3894 3194 3948 assertum
3231 3891 3297 3945 de
3327 3888 3530 3960 duplici
3563 3888 3698 3942 ΒΑΓ-ὲ

2102 3986 2283 4041 laamo
2314 3985 2500 4041 labare
2530 3986 2821 4042 manifeste
2861 3986 3072 4056 colligit
3109 3984 3486 4055 Maimburgus
3519 4002 3531 4037 :
3565 4001 3585 4034 ι
3625 3983 3700 4037 Cc

2103 4077 2372 4146 Barlaam,
2409 4081 2498 4151 qui
2530 4092 2616 4138 est
2647 4095 2848 4136 encore
2878 4081 3223 4136 maintenant
3259 4096 3332 4135 un
3367 4068 3541 4152 grand
3572 4093 3700 4149 pro-

2102 4173 2279 4230 bleme
2312 4185 2468 4231 cutrc
2497 4179 2573 4230 les
2606 4191 2837 4243 scavans
2858 4215 2872 4243 ,
2905 4176 3036 4230 deut
3067 4177 3146 4230 les
3177 4190 3282 4230 uns
3318 4159 3538 4229 venient
3568 4173 3698 4242 qn‘il

2102 4268 2210 4324 soit
2237 4271 2663 4340 schismatique,
2694 4279 2747 4325 et
2780 4271 2855 4325 les
2879 4279 3064 4326 autres
3092 4269 3430 4338 catholique,
3457 4265 3588 4322 étoit
3624 4280 3697 4319 un

2103 4362 2289 4417 moine
2321 4363 2743 4435 calabrais,uqui
2778 4364 2914 4420 dans
2943 4365 2993 4418 la
3027 4362 3197 4421 vérité
3223 4363 3303 4418 fut
3330 4363 3440 4418 l'uu
3489 4373 3541 4416 et
3564 4360 3700 4414 l'au.

409 4453 552 4508 tinos
584 4453 896 4522 oppugnat;
921 4450 1132 4520 eiectus
1164 4449 1582 4520 diﬂ‘amatusqw
1605 4448 1658 4504 in
1689 4447 1920 4512 Gmcia,
1940 4465 1991 4502 Itt
2031 4448 2074 4503 ὓ
2106 4462 2206 4518 ire,
2229 4471 2390 4524 parce
2407 4455 2538 4526 qu‘il
2568 4457 2808 4527 cliangea
2835 4456 2968 4511 trois
3000 4453 3103 4511 fois
3130 4455 3196 4510 de
3224 4455 3474 4526 religion,
3508 4472 3526 4507 ι
3555 4463 3695 4516 etc;

407 4545 625 4600 italiam
659 4560 930 4614 reversus,
957 4558 1010 4603 et
1043 4542 1401 4616 dignitatibus
1419 4559 1632 4610 auctus,
1675 4546 2006 4614 neingratus

408 4657 531 4718 esse
604 4641 875 4712 rideretur
932 4648 989 4696 et
1051 4637 1196 4710 forte
1239 4641 1407 4697 etiam
1481 4656 1606 4696 vere
1657 4641 2003 4710 tiriniterque

409 4735 630 4806 sapiens
669 4735 723 4789 in
749 4734 1004 4792 defensos
1029 4748 1063 4789 ι
1092 4749 1152 4791 se
1175 4733 1413 4805 primum
1444 4732 1665 4790 Graecos
1697 4734 1996 4798 invehitur,

2115 4549 2472 4619 sequiturque
2523 4549 2628 4604 late
2677 4559 2870 4606 auctor
2915 4549 2980 4604 de
3015 4551 3209 4605 eodem
3255 4563 3478 4603 narrare
3512 4547 3566 4602 in
3599 4563 3694 4601 sua

2121 4644 2361 4700 Histoire
2381 4645 2453 4698 du
2469 4645 2700 4700 stiriam:
2719 4644 2811 4700 des
2843 4645 3023 4712 Greca,
3051 4653 3185 4701 tem.
3217 4640 3284 4706 ll,
3320 4657 3442 4716 pag.
3479 4658 3604 4698 ccx.

411 4880 741 4952 Sequebatur
771 4877 1049 4932 Barlaami
1105 4875 1333 4948 Operam
1388 4879 1738 4943 snuntcratio,
1773 4891 1932 4945 quam
1956 4883 2203 4956 {requiete
2228 4875 2424 4945 pnebet
2455 4875 2740 4931 Fabricius
2800 4892 2923 4931 mox
2955 4872 3319 4942 adducendus,
3355 4886 3402 4930 et
3455 4875 3568 4929 ideo
3609 4875 3696 4930 hic

600 4956 603 4957 ⁷
1910 4955 2204 5004 autumat.
