4122 6240
512 277 660 345 1263

1644 269 2042 334 BARLAAMI
2077 269 2174 332 DE
2197 258 2650 330 SEMINARIA‘.

3633 260 3776 326 1266

520 392 734 465 recipit,
765 405 873 447 non
895 391 1158 461 probante
1181 399 1235 444 et
1255 388 1581 444 decernente
1627 397 1682 440 et
1727 385 2103 442 consentiente
2131 389 2178 445 Α
2207 380 2530 435 recedebant
2556 395 2590 435 a
2635 377 2740 433 tide
2773 394 2789 444 ;
2830 378 2923 435 sed
2955 386 3138 433 tamen
3183 392 3214 432 e
3271 389 3538 432 converso
3591 379 3783 446 plures

518 501 624 543 suo
660 482 909 542 saeculari
931 480 1194 552 principe.
1237 479 1409 546 Magis
1444 489 1648 544 autem,
1679 487 1736 531 nt
1770 477 2092 547 plurimutn,

517 583 575 633 et
601 572 879 638 omnibus,
907 570 977 626 ad
1009 586 1130 640 qua:
1178 579 1387 641 spectat
1432 569 1648 635 electio,
1685 570 1968 623 voluntate
2005 581 2094 620 re—

520 662 837 728 nuentibus,
885 667 940 714 et
970 675 1093 714 cum
1126 661 1370 731 principe
1393 658 1858 724 discut-dantibus,
1899 672 2094 732 pecea-

517 755 723 813 sarium
754 764 838 809 est
859 752 1112 818 ilnaliter,
1144 767 1292 818 eum,
1318 769 1481 823 quem
1510 755 1620 807 vult
1647 753 1926 824 princeps,
1957 765 2094 821 pon-

519 847 721 904 tillcem
750 845 910 901 eﬂici.

597 939 807 1010 Itaque,
834 953 957 992 cum
989 937 1061 990 sit
1083 932 1443 1005 impossibile,
1488 934 1633 1002 longi
1678 933 1934 1004 temporis
1964 949 2093 1005 pru-

524 1046 742 1100 grcssu,
784 1043 950 1100 prava
1001 1029 1396 1082 consuetudine
1450 1026 1709 1096 paulatim
1771 1026 1934 1079 multa
1969 1040 2095 1094 pro—

521 1123 792 1187 trahente,
841 1136 949 1176 non
985 1129 1153 1174 multa
1205 1119 1541 1189 contingere,
1602 1134 1723 1189 qua
1783 1118 2092 1172 desiderent

517 1214 827 1286 generalem
886 1214 1325 1274 correctionem,
1396 1211 1830 1281 generaliterqne
1886 1210 2090 1279 aliquid

517 1308 719 1380 corrigi
753 1308 872 1361 sine
897 1304 1137 1376 generali
1160 1303 1392 1360 concilio
1421 1303 1796 1358 diﬂieillimunt
1831 1303 1904 1358 sit
1935 1322 1947 1356 :
1980 1304 2094 1357 haec

517 1402 737 1474 quidem
757 1416 884 1471 pars
916 1413 1073 1471 posse
1101 1413 1446 1453 communem
1475 1412 1768 1467 aggregare
1797 1397 2090 1467 synodum,

521 1493 997 1569 principalioribus
1035 1493 1153 1561 ejus
1184 1491 1429 1560 partibus
1463 1493 1531 1544 ad
1559 1506 1726 1544 unum
1759 1490 2090 1544 convenien-

519 1592 688 1659 tibus,
717 1589 938 1661 penitus
961 1587 1184 1641 amisit:
1219 1600 1345 1639 cum
1395 1599 1503 1638 non
1538 1584 1611 1636 sit
1648 1583 1894 1638 videlicet
1930 1584 1984 1637 in
2025 1598 2090 1638 ea

516 1693 682 1754 caput
708 1681 835 1743 tale.
866 1680 1008 1748 quod
1029 1685 1214 1748 posset
1237 1677 1561 1732 necessitate
1578 1676 1715 1729 alios
1765 1674 2091 1744 compellere

516 1775 831 1833 convenire.
859 1771 1066 1826 Latinis
1094 1785 1222 1825 vero
1270 1785 1446 1841 neque
1478 1771 1578 1824 hoc
1613 1768 1827 1823 diliicile
1877 1775 1980 1822 est.
2014 1767 2089 1824 De

517 1869 683 1922 tertio
719 1865 935 1937 quidem
961 1865 1074 1917 haec
1109 1863 1252 1916 dicta
1290 1862 1421 1914 sint.

586 1961 759 2019 Venio
787 1968 968 2013 autem
1019 1956 1085 2008 ad
1117 1965 1391 2025 quartum,
1424 1954 1568 2024 quod
1609 1962 1664 2008 et
1690 1953 1919 2023 stupeﬁo
1954 1967 2089 2008 con-

518 2053 785 2112 siderans.
829 2046 964 2102 Cum
1004 2048 1148 2101 enim
1198 2043 1457 2099 Damiuus
1510 2050 1694 2099 noster
1744 2042 1902 2098 Jesus
1932 2042 2090 2098 Chri-

518 2147 638 2201 stus
668 2141 1008 2214 praedixisset
1039 2138 1382 2192 nillictionem
1420 2138 1703 2192 habituros
1729 2151 1858 2191 suos
1895 2136 2102 2203 ﬁdeles,

518 2251 572 2297 et
606 2240 789 2295 odium
824 2238 891 2290 ab
920 2233 1178 2288 omnibus
1208 2241 1262 2286 et
1311 2232 1749 2303 persecutionem
1784 2246 2050 2299 passuros
2083 2268 2100 2296 ,

518 2332 955 2388 Christianorum
1009 2341 1180 2398 genus
1210 2342 1271 2380 ex
1309 2336 1438 2380 tunc
1482 2339 1653 2395 usque
1682 2325 1751 2379 ad
1805 2325 2094 2395 imperium

521 2422 865 2482 Constantini
883 2421 1062 2493 Magni
1101 2419 1437 2489 aﬂligebatur
1453 2419 1671 2488 quidem
1694 2428 1751 2472 ut
1774 2420 2088 2490 plurimum,

520 2529 575 2574 et
638 2516 765 2572 odio
812 2514 1135 2579 habebatur,
1172 2521 1223 2568 et
1283 2513 1714 2581 persecutionem
1761 2513 2088 2583 patiebatur.

525 2608 630 2664 Sed
665 2608 809 2680 quod
841 2616 958 2662 erat
979 2606 1279 2660 maximum
1323 2605 1675 2670 miraculum,
1726 2606 1826 2676 ipsi
1854 2605 1947 2674 qui
1975 2606 2101 2659 odio

524 2712 581 2756 et
603 2699 1075 2770 persecutionibus
1111 2697 1508 2767 amigebantur,
1541 2696 1611 2752 de
1643 2698 1780 2766 ipsis
1825 2695 2107 2767 aliligenti'

523 2795 622 2848 lius
644 2802 695 2847 et
724 2792 1178 2862 persequentibus
1190 2789 1568 2845 etodicntibus
1587 2791 2108 2861 multiplicabuntur,

523 2886 659 2957 ipsis
690 2883 1054 2954 aﬂligentibus
1082 2883 1341 2936 continue
1370 2897 1490 2937 sese
1513 2882 1580 2937 ad
1609 2880 1838 2938 aiﬂictos
1884 2896 2113 2938 comer-

522 2975 788 3030 tcuubus.
852 2973 985 3028 Nam
1039 2973 1138 3027 etsi
1199 2973 1390 3040 aliqui,
1451 2983 1599 3028 metu
1672 2983 2100 3038 tormentorum,

2197 473 2262 526 ad
2299 471 2460 527 ﬁdem
2513 472 2769 527 omnibus
2813 471 3098 527 sententiis
3149 471 3629 525 convertebantur.

2268 564 2561 619 Praesentia
2593 579 2717 619 vero
2748 562 3022 633 quomodo
3048 562 3255 632 ?quam
3280 556 3778 615 miserabilissime.

2199 657 2268 716 Ut
2300 661 2443 714 enim
2469 657 2776 725 antiquiora
2797 655 3069 719 omittam,
3101 670 3165 709 ex
3224 667 3335 724 quo
3373 652 3527 707 [ποιέο
3588 650 3781 704 unioni

2197 752 2298 807 sub
2328 753 2506 821 primo
2547 748 2976 818 Palasologorum
3029 747 3375 814 acquiescere
3413 743 3577 813 hujus
3606 743 3785 812 partis

2197 844 2528 899 noluerunt:
2585 840 3013 897 innumerabiles
3061 853 3127 892 ex
3167 853 3232 892 ea
3287 837 3667 891 multitudines
3706 833 3780 889 ad

2196 935 2730 992 detestaliilissimam
2790 933 3210 987 Maliometicam
3248 942 3454 985 sectam
3494 940 3784 983 conversa

2197 1037 2362 1082 sunt:
2388 1043 2494 1081 non
2520 1027 2696 1080 solttm
2734 1026 2819 1079 his
2839 1025 2930 1096 qui
2959 1036 3158 1080 tenerae
3180 1025 3357 1078 aetatis
3373 1029 3549 1084 erant,
3582 1033 3778 1073 neces-

2196 1118 2358 1172 sitate
2387 1116 2453 1170 ad
2487 1115 2881 1184 captivantium
2908 1126 2961 1169 et
2990 1098 3289 1170 ementium
3324 1110 3778 1180 superstitionem

2195 1209 2519 1272 conversis,
2582 1223 2770 1260 verum
2831 1207 2993 1261 etiam
3048 1205 3390 1274 perfectioris
3449 1200 3628 1255 (etatis
3680 1213 3784 1267 per

2196 1303 2363 1355 animi
2401 1301 2680 1354 mollitiem
2714 1299 2874 1355 iidem
2909 1298 3241 1369 aspernatis.
3275 1294 3537 1364 Quamvis
3567 1295 3611 1348 si
3641 1281 3785 1346 aﬂii-

2199 1405 2426 1465 geretur
2449 1393 2564 1448 hinc
2595 1409 2731 1465 gens
2763 1400 2817 1448 et
2846 1407 2953 1448 non
2982 1392 3324 1448 minueretur
3345 1393 3469 1466 ;’vcl
3493 1391 3538 1446 si
3560 1386 3782 1438 minuc-

2195 1500 2377 1554 retur,
2429 1487 2523 1542 sed
2558 1503 2653 1557 per
2688 1496 2942 1551 tnortem,
2968 1495 3023 1540 et
3052 1500 3159 1539 non
3207 1484 3274 1538 ad
3329 1485 3665 1554 impietatem
3718 1500 3785 1540 se

2196 1580 2583 1644 convertendo,
2611 1587 2791 1649 posset
2824 1578 3011 1648 utique
3049 1577 3151 1632 huc
3188 1588 3426 1646 paternae
3455 1580 3786 1648 castigatiu-

2197 1673 2284 1726 nis
2313 1686 2433 1726 esse
2465 1672 2671 1742 putari.
2699 1670 2802 1726 Tot
2827 1685 2956 1725 vero
2989 1670 3370 1725 multitudines
3397 1671 3662 1740 permitti,
3700 1672 3775 1724 ita

2195 1764 2378 1818 subito
2410 1766 2478 1818 ad
2538 1762 2932 1834 captivantium
2981 1761 3314 1834 impietatem
3377 1763 3625 1817 mutari:
3671 1764 3782 1818 hoc

2196 1872 2305 1911 non
2337 1866 2574 1927 paternae
2597 1857 2920 1926 disciplinae,
2948 1858 3046 1912 sed
3070 1858 3400 1912 omnimodae
3434 1857 3769 1913 desertionis

2195 1951 2702 2007 manifestissimum
2733 1952 2949 2021 signum
2993 1960 3097 2010 est.
3485 2003 3488 2006 .

2266 2043 2427 2100 Fat-ta
2453 2060 2578 2100 vero
2600 2043 2914 2100 Latinorum
2936 2058 2968 2099 e
2987 2043 3264 2099 contrario
3280 2059 3344 2100 ex
3372 2053 3501 2098 tunc
3524 2059 3633 2099 non
3661 2057 3784 2100 mo-

2208 2137 2388 2192 dicum
2419 2146 2706 2192 creverunt
2737 2152 2750 2189 :
2783 2151 2892 2190 non
2916 2135 3091 2190 solum
3123 2135 3267 2205 quod
3297 2136 3536 2190 Armenii
3573 2137 3782 2191 relictis

2203 2230 2446 2299 paternis
2478 2228 2754 2282 erroribus
2804 2227 2911 2282 illis
2941 2242 2999 2282 se
3026 2226 3369 2292 addiderunt,
3396 2237 3449 2279 et
3475 2229 3562 2279 alii
3583 2224 3780 2282 Orien-

2199 2323 2386 2377 talium
2421 2321 2686 2391 gentium,
2727 2322 2820 2392 qui
2845 2336 2940 2391 per
2981 2322 3181 2375 borum
3218 2322 3662 2391 praedicationem
3693 2327 3774 2376 si-

2192 2418 2392 2472 militer
2424 2417 2508 2470 bis
2537 2431 2752 2487 semper
2776 2417 3144 2483 consentiunt,
3177 2418 3272 2472 sed
3300 2426 3354 2472 et
3383 2417 3778 2486 copiosissima:

2199 2510 2254 2562 in
2293 2505 2584 2562 Occidente
2613 2506 2861 2562 civitates
2905 2505 3278 2562 Mahometicze
3327 2520 3494 2562 sectae
3541 2524 3639 2578 per
3692 2524 3779 2560 re-

2203 2615 2322 2670 gem
2351 2598 2623 2668 Hispania:
2668 2609 2838 2670 ceptae
2887 2609 3154 2656 suntzex
3202 2603 3401 2673 quibus
3433 2617 3543 2657 non
3594 2617 3777 2672 parvae

2207 2694 2609 2758 multitudines,
2667 2693 2772 2748 [ide
2805 2693 2861 2748 in
2911 2693 3192 2750 Christum
3243 2707 3516 2763 suscepta,
3569 2692 3783 2747 Latinis

2207 2787 2408 2842 addita)
2440 2795 2586 2841 sunt.
2619 2784 2684 2840 Et
2721 2785 3033 2843 Griecoium
3067 2791 3245 2844 adhuc
3280 2805 3388 2842 nou
3413 2803 3587 2858 pauca
3611 2787 3782 2842 millia

2210 2880 2278 2936 ad
2310 2881 2430 2936 illos
2455 2879 2714 2946 adducta,
2744 2881 2958 2936 illorum
3008 2882 3168 2936 ﬁdem
3197 2893 3390 2953 sponte
3410 2889 3736 2954 receperunt
3763 2898 3783 2936 :

2207 2984 2268 3030 ut
2300 2973 2467 3030 etiam
2497 2982 2551 3029 et
2585 2972 2662 3037 hi,
2691 2975 2784 3044 qui
2815 2975 2883 3031 ad
2911 2976 3110 3034 Persas
3135 2979 3381 3034 conversi
3411 2990 3562 3034 sunt.

1635 3109 1986 3166 BARLAAMI
2015 3111 2300 3168 CONTRA
2328 3109 2652 3167 LATINOS.

525 3223 860 3294 προεϐλήθη,
901 3222 1000 3276 καὶ
1028 3223 1220 3294 ἄρχειν
1253 3224 1331 3295 μὴ
1392 3225 1553 3295 μόνον
1612 3227 1724 3284 τῶν
1783 3233 2100 3286 ἐπισκόπων
2126 3245 2169 3300 c
2205 3231 2540 3285 καθεστάναι
2570 3229 2673 3300 τῆς
2713 3230 3067 3305 οἰκουμένης,
3096 3234 3305 3306 μηδένα
3353 3237 3413 3290 δὲ
3450 3239 3782 3296 καταλιπεῖν

527 3315 626 3379 οὒς
675 3316 725 3369 ol
777 3313 930 3368 ἄλλοι
985 3313 1282 3370 ἀπόστολοι
1343 3318 1794 3390 ἐχειροτόνησαν,
1835 3324 1953 3376 ἀλλ’
1993 3325 2098 3395 ἤδη

527 3406 799 3461 κάκείνων
863 3406 959 3471 οῦς
990 3410 1019 3462 ό
1074 3412 1373 3491 κορυςεαίος
1421 3412 1480 3464 ἐν
1523 3415 1641 3475 ταῖς
1668 3413 1858 3478 ἄλλαις
1909 3419 2097 3472 πόλεσι

526 3501 870 3570 κατέστησεο
901 3499 1078 3567 δεῖξον
1117 3499 1293 3555 ταῦτα
1317 3502 1376 3567 ἐξ
1402 3496 1477 3558 ῶν
1495 3505 1726 3576 εἴπομεν
1767 3509 1973 3578 ἀρχῶν,
2003 3512 2100 3564 καὶ

523 3589 812 3659 δεξόμεθα.
839 3591 904 3644 Ei
936 3591 993 3645 δέ
1027 3593 1091 3647 σὺ
1119 3592 1366 3649 τοιοῦτον
1417 3595 1519 3666 μὲν
1566 3596 1738 3660 δεῖξαι
1792 3602 1893 3652 οὐκ
1928 3601 2097 3668 ἔχεις,

527 3685 662 3764 ἡμῖν
702 3683 760 3736 δὶ
783 3683 1101 3738 τούναντίον
1130 3685 1316 3757 ῥᾴδιον
1335 3684 1508 3754 δεῖξαι
1530 3703 1546 3720 ·
1583 3690 1616 3757 ἢ
1658 3691 1929 3760 πείσθητι,
1962 3694 2098 3764 πρὸς

526 3762 688 3838 Θεοῦ,
721 3775 754 3846 ἢ
779 3773 990 3830 παῦσαι
1016 3775 1220 3841 ἀδίκως
1252 3776 1599 3845 φιλονεικῶν.
1623 3781 1719 3843 Τίς
1745 3781 1854 3853 γὰρ
1877 3762 2098 3837 πώποτε

525 3862 560 3932 ἢ
595 3863 690 3916 τὸν
720 3862 927 3933 Πετρον
961 3862 1182 3936 Ῥώμης
1222 3865 1526 3922 ἐπίσκοπον
1591 3875 1971 3944 προσεῖπεν,ῆ
2009 3876 2100 3929 τὸν

525 3953 830 4026 Κλήμεντα
893 3959 1226 4027 κορυφαῖον;
1292 3958 1512 4014 Πολλῶν
1564 3962 1620 4014 δὲ
1683 3965 2101 4036 προσληθέντων

528 4048 846 4101 ἐπισκόπων
885 4048 991 4102 ὑπὸ
1018 4047 1122 4102 τοῦ
1150 4053 1453 4122 κορυφαίου
1488 4055 1693 4125 Πέτρου
1723 4059 1779 4110 ἐν
1821 4058 2100 4132 διαφόροις

525 4138 719 4202 ἄλλαις
749 4135 959 4207 πόλεσι,
1000 4142 1154 4205 ποῖος
1210 4143 1375 4214 νόμος
1413 4146 1632 4201 κελεύει
1669 4150 1830 4218 μόνον
1864 4153 1973 4206 τῶν
2003 4153 2099 4208 ἄλο

525 4233 635 4285 λων
664 4231 755 4284 τὸν
809 4231 1027 4303 Ῥώμης
1063 4233 1368 4289 ἐπίσκοπον
1404 4236 1648 4309 διάδοχόν
1678 4258 1736 4292 τε
1781 4242 1951 4298 αὐτοῦ
1983 4245 2100 4297 ὀνο-

530 4323 824 4392 μάζεσθαι,
883 4324 983 4377 καὶ
1042 4325 1151 4378 τῶν
1189 4323 1400 4381 λοιπῶν
1437 4330 1670 4401 ἂρχεινς
1704 4333 1801 4398 Τίς
1847 4337 1904 4390 δὲ
1941 4337 2098 4406 λόγος

527 4417 613 4468 ἐτι
652 4415 891 4471 κωλύσει
924 4416 1005 4489 μὴ
1054 4417 1150 4472 καὶ
1199 4419 1293 4475 τὸν
1370 4421 1782 4493 ’Δλεξανδρείας
1852 4429 2099 4502 διάδοχον

525 4504 666 4563 εἶναι
713 4507 807 4562 τοῦ
842 4509 1076 4579 Πέτρου,
1136 4511 1231 4565 καὶ
1257 4511 1478 4568 πάντων
1518 4515 1664 4587 ἔχειν
1703 4518 1774 4570 τὰ
1809 4525 2097 4589 πρωτεία;

2201 3324 2471 3393 διάδοχον,
2514 3324 2667 3395 εἰμὴ
2700 3325 2861 3393 μόνον
2885 3326 2980 3378 τὸν
3023 3328 3275 3397 Πέτρονς
3319 3329 3381 3382 Ei
3435 3330 3491 3384 δὲ
3529 3332 3782 3403 βούλοιτό

2200 3435 2280 3478 τι,
2310 3417 2589 3487 διαδόχους
2638 3417 2964 3471 καταλιπεῖν
2999 3420 3111 3472 τῶν
3149 3420 3327 3475 ἄλλων
3359 3423 3704 3494 ἀποστόλων,
3735 3430 3775 3498 ἢ

2202 3509 2326 3570 τοὺς
2380 3507 2472 3562 ὑπ’
2524 3509 2709 3563 αὐτῶν
2773 3511 3259 3583 χειροτονηθέντις
3318 3515 3676 3582 ἐπισκόπους.
3741 3521 3777 3590 ἦ

2200 3601 2325 3664 τοὺς
2359 3603 2786 3672 οἱκονομοῦντας
2825 3606 2926 3668 τὰς
2964 3605 3282 3676 ἐκκλησίας,
3316 3611 3374 3662 ἐν
3407 3606 3496 3673 αἷς
3539 3612 3776 3677 ἕκαστος

2199 3691 2360 3763 ἔτυχε
2389 3693 2739 3765 τελευτήσας,
2768 3697 2802 3768 ἢ
2835 3698 2975 3768 πρὸς
3004 3697 3137 3751 Θεὸν
3155 3699 3457 3767 ἀναλύσας,
3488 3704 3610 3768 πῶς
3635 3708 3779 3759 πᾶν·

2198 3805 2299 3852 τας
2352 3790 2460 3842 ὑπὸ
2515 3788 2614 3844 τοῦ
2646 3790 2806 3844 πάπα
2861 3795 3294 3864 χειροτονεῖσθαι
3331 3800 3626 3866 κελεύεις;
3677 3803 3777 3876 Μὴ

2199 3883 2307 3951 γὰρ
2338 3882 2485 3952 ἔχεις
2513 3883 2692 3936 εἰπεῖν
2734 3885 2817 3938 ὅτι
2850 3886 2902 3939 οἱ
2958 3885 3251 3942 ἀπόστολοι
3307 3889 3412 3944 ύπὸ
3460 3890 3556 3946 τοῦ
3607 3895 3773 3962 ἁγίου

2203 3975 2418 4046 Πέτρου
2459 3975 2951 4048 ἐχειροτονήθησαν
2970 3997 2992 4046 ;
3024 3981 3085 4033 Εί
3124 3981 3179 4034 δὲ
3207 3980 3367 4036 τοῦτο
3418 3984 3518 4036 ούκ
3545 3986 3772 4057 ἀληθὲς,

2202 4067 2316 4129 πῶς
2347 4067 2475 4130 τοὺς
2501 4068 2725 4122 ἐκείνων
2751 4071 3032 4143 διαδόχους
3074 4074 3248 4139 ἀξιοῖς
3276 4075 3382 4130 ὑπὸ
3407 4078 3527 4146 τοῦ,
3553 4079 3612 4132 δν
3659 4080 3772 4152 φῂς

2199 4161 2290 4214 τοῦ
2324 4161 2532 4232 Πέτρου
2563 4162 2831 4233 διάδοχον,
2859 4166 3287 4235 χειροτονεῖσθαι
3314 4187 3331 4238 ;
3382 4170 3521 4224 Ἀλλ’
3547 4174 3631 4228 ὅτι
3667 4173 3774 4242 μιν

2199 4250 2442 4322 διάδοχοι
2471 4253 2566 4305 καὶ
2594 4253 2704 4306 τῶν
2733 4257 2940 4310 λοιπῶν
2961 4260 3277 4316 ἀποστόλων
3300 4265 3769 4339 κατελείφθησαν,

2201 4345 2295 4394 καὶ
2321 4345 2498 4408 οὐδεὶς
2519 4346 2577 4397 ἐν
2615 4347 2801 4411 αὐτοῖς
2831 4348 2864 4419 ἦ
2889 4351 3107 4421 πρῶτος
3150 4354 3183 4424 ἢ
3220 4354 3446 4424 ἔσχατος
3498 4354 3590 4431 ἦν,
3632 4361 3776 4416 ἀλλὰ

2201 4435 2404 4498 πάντες
2427 4431 2570 4505 ἦσαν
2599 4438 2895 4508 όμοταγετς
2914 4479 2932 4506 ,
2961 4440 3182 4511 λέγουσι
3224 4446 3321 4514 μὲν
3359 4448 3546 4512 ἁπλῶς
3574 4451 3676 4504 ούκ
3705 4453 3776 4507 ἂν

2205 4524 2340 4588 ἴσως
2365 4527 2674 4598 πεισθείης,
2702 4532 3047 4602 παρασχοῦσι
3069 4535 3128 4590 δὲ
3155 4535 3466 4601 ἀξιόπιστον
3490 4543 3775 4617 μάρτυρα,

528 4603 741 4703 fil-amp
769 4605 1422 4703 rep-Kiﬁp'qg-‘Ptbpqc,
1447 4610 1621 4674 οὕτως
1654 4615 1682 4667 ὁ
1703 4615 2096 4692 εὐαγγελιστῂς
2124 4599 2176 4658 D
2206 4618 2306 4671 οὐκ
2338 4618 2402 4671 ἂν
2432 4617 2578 4689 ἐχοις
2613 4599 2922 4680 ἀντειπεῖνξ
2961 4625 3117 4680 Ἔστι
3139 4599 3388 4696 δέήοῦτος
3413 4634 3441 4684 ό
3472 4599 3620 4703 ἱερὸς

526 4698 756 4768 Μάρκος
831 4696 1246 4767 ’Δλεξανδρείας
1296 4703 1600 4768 ἐπίσκοπος
1637 4705 1741 4758 ὑπὸ
1795 4709 1888 4761 τοῦ
1957 4711 2098 4765 θείου

525 4787 736 4858 Πέτρου
789 4788 1031 4851 ἐγένετο.
1068 4787 1522 4850 ΦΡΔΓΚΙΣΚΟΣ.
1576 4797 1718 4850 Ἀλλ’
1752 4800 1811 4852 ἐν
1849 4801 2036 4872 Ῥώμῃ
2075 4806 2101 4855 ό

525 4876 823 4943 ἀπόστολος
851 4881 946 4932 τοῦ
969 4885 1110 4935 κατὰ
1144 4882 1276 4936 Θεὸν
1296 4885 1488 4951 τέλους
1527 4888 1741 4958 ἔτυχεν.
1775 4891 2102 4960 Ἀναγκαῖον

528 4970 637 5037 ἄρα
667 4970 760 5022 τὸν
786 4971 986 5044 ταύτης
1018 4975 1317 5028 ἐπίσκοπον
1335 4978 1424 5031 τὸν
1443 4981 1653 5034 ἐκείνου
1678 4983 1843 5038 τόπον
1859 4986 2096 5054 ἐπέχειν.

527 5060 878 5116 ΒΔΡΔΑΑΜ.
903 5064 1117 5118 Οὐκοῦν
1151 5067 1276 5120 ἐπεὶ
1297 5069 1324 5121 δ
1359 5072 1636 5140 Δεσπότης
1672 5075 1828 5144 ἡμῶν
1894 5077 2098 5144 Ἰησοῦς

525 5154 760 5224 Χριστὸς
795 5156 854 5206 ἐν
895 5156 1294 5227 Ἰεροσολύμοις
1330 5167 1424 5214 τὸν
1485 5162 1624 5234 ὑπὲρ
1666 5166 1826 5234 ἡμῶν
1887 5169 2098 5240 ὑπέστη

527 5250 784 5316 θάνατον,
815 5251 899 5318 εἴη
934 5251 1001 5304 ἂν
1024 5255 1052 5306 ὁ
1092 5253 1488 5326 Ἱεροσολύμων
1531 5261 1828 5324 ἐπίικοπος
1878 5264 2097 5317 πάντων

527 5344 841 5412 προεστὼς,
883 5345 958 5407 ὡς
997 5347 1088 5396 τὸν
1111 5347 1274 5400 τόπον
1307 5350 1520 5420 ἐπέχων
1547 5352 1641 5404 τοῦ
1679 5353 1897 5422 πρώτου
1941 5359 2097 5425 ἡμῶν

525 5434 867 5504 ἀρχιερέωςο
906 5435 1002 5487 καὶ
1029 5437 1287 5492 τοσοῦτον
1308 5442 1514 5510 μείζων
1551 5443 1650 5496 τοῦ
1703 5445 1940 5517 Ῥώμης,
1969 5449 2095 5502 ὅσον

527 5525 621 5576 καὶ
657 5525 686 5575 ό
709 5522 1053 5592 Χριστὸςτοῦ
1116 5527 1344 5597 Πέτρου.
1394 5530 1632 5585 Ἔπειτα
1681 5534 1801 5600 πῶς
1836 5539 1936 5590 ούκ
1967 5538 2092 5592 ἆτο-

527 5632 628 5667 πον
670 5615 768 5669 καὶ
803 5617 997 5684 ἄλογον
1025 5618 1253 5673 ἕκαστον
1281 5622 1381 5691 μὲν
1409 5623 1521 5677 τῶν
1541 5626 1743 5680 λοιπῶν
1777 5629 2090 5683 ἀποστόλων

527 5707 706 5764 κοινὸν
745 5727 981 5782 ποιμενα
1007 5717 1103 5769 καὶ
1146 5716 1469 5771 διδάσκαλον
1525 5718 1733 5785 ὁμοίως
1761 5721 1840 5792 τῷ
1897 5723 2090 5794 Πέτρῳ

2198 4709 2347 4802 θεῖος
2373 4713 2655 4802 Διονύσιος
2693 4715 2721 4767 ό
2763 4715 3168 4791 Ἀρεοπαγίτης
3195 4725 3252 4777 ἐν
3272 4719 3354 4787 οἷς
3376 4730 3608 4798 γράφων
3634 4733 3774 4802 πρὸς

2197 4800 2509 4869 Δημόφιλον
2561 4804 2907 4874 θεραπευτὴν
2977 4809 3183 4878 φησιν’
3221 4829 3240 4863 ε
3302 4814 3473 4878 Αὐτὸς
3521 4817 3623 4885 μὲν
3675 4800 3775 4873 οὖν

2196 4891 2464 4963 ἐπιθυμίᾳ
2496 4897 2590 4946 καὶ
2617 4895 2798 4966 θυμῷ,
2839 4899 2935 4951 καὶ
2967 4900 3112 4970 λόγῳ
3143 4904 3212 4958 τὰ
3272 4903 3392 4958 κατ’
3437 4906 3600 4972 ἀξίαν
3631 4910 3772 4980 apd.

2200 4985 2320 5054 ριζε
2345 4999 2357 5010 ·
2393 4985 2479 5037 σοὶ
2520 4986 2574 5039 δὲ
2602 4987 2655 5038 oi
2688 4987 2824 5042 θεῖοι
2859 4989 3166 5063 λειτουργοὶ
3199 4998 3294 5049 καὶ
3346 4998 3564 5064 τούτοις
3601 5005 3652 5056 οί
3689 5006 3771 5057 ls-

2200 5077 2354 5145 ρεῖς·
2397 5077 2450 5128 οἱ
2489 5079 2823 5150 ἱερᾴρχαιδὲ
2875 5085 2988 5145 τοῖς
3032 5086 3240 5156 ἱερεῦσι
3303 5092 3542 5156 καὶτοῖς
3578 5095 3772 5169 ἱεράρ-

2198 5183 2322 5237 χαις
2358 5169 2405 5220 οἱ
2437 5171 2746 5239 ἀπόστολοι,
2793 5175 2891 5227 καὶ
2931 5179 2982 5231 oi
3019 5179 3128 5231 τῶν
3158 5181 3470 5238 ἀποστόλων
3505 5189 3770 5260 διάδοχοι.

2199 5260 2312 5312 Καὶ
2342 5262 2390 5313 εἰ
2423 5261 2527 5356 πού
2553 5280 2636 5328 τις
2666 5266 2764 5319 καὶ
2818 5270 2879 5321 ἐν
2935 5272 3168 5336 ἐκείνοις
3229 5277 3325 5331 τοῦ
3391 5285 3768 5356 προσήκοντος

2199 5352 2760 5449 αποσφαλείη,-παρὰ
2789 5361 2897 5414 τῶν
2920 5365 3213 5435 ὁμοταγῶν
3253 5371 3426 5442 ἁγίων
3445 5352 3766 5449 ἐπανορθω-

2199 5444 2451 5514 θήσεται.
2498 5465 2519 5500 ι
2558 5445 2696 5503 Εἶτα
2733 5450 2890 5515 οὗτος
2931 5456 3035 5524 μὲν
3082 5462 3429 5530 συγγεγονὼς
3469 5471 3582 5530 τοῖς
3619 5444 3768 5524 απο-

2200 5538 2432 5605 στὸλοις,
2499 5542 2593 5595 καὶ
2648 5545 2894 5615 ἀκριϐῶς
2929 5550 3080 5615 εἰδὼς
3123 5554 3192 5607 τὰ
3230 5557 3324 5609 τοῦ
3363 5561 3562 5632 καιροῦ
3613 5564 3766 5618 ἐκεί-

2197 5647 2314 5695 νου,
2346 5635 2473 5697 τοὺς
2507 5635 2614 5688 τῶν
2634 5638 2947 5696 ἀποστόλων
2980 5643 3261 5716 διαδόχους
3297 5651 3593 5727 όμοταγεῐς
3618 5654 3768 5716 εἷναί

2202 5741 2356 5795 φησι,
2390 5729 2486 5782 καὶ
2515 5729 2605 5782 ὑπ’
2624 5731 2872 5804 ἀλλήλων
2902 5738 3333 5812 ἐπανορθοῦσθαι
3357 5765 3373 5781 ⁶
3406 5749 3471 5804 σὺ
3517 5748 3579 5805 δὲ
3617 5753 3770 5811 πάν-
