  <div class='ocr_page' id='page_1' title='image "/cluster/home/n/w/nwhite01/storage/ocr_20150623/151/hvd.32044073498685/640.png"; bbox 0 0 4086 6228; ppageno 0'>
   <div class='ocr_carea' id='block_1_1' title="bbox 352 349 493 413">
    <p class='ocr_par' dir='ltr' id='par_1_1' title="bbox 352 349 493 413">
     <span class='ocr_line' id='line_1_1' title="bbox 352 349 493 413; baseline -0.014 -1"><span class='ocrx_word' id='word_1_1' title='bbox 352 349 493 413; x_wconf 71' lang='grc'><strong>1265</strong></span> 
     </span>
    </p>
   </div>
   <div class='ocr_carea' id='block_1_2' title="bbox 1721 357 2246 421">
    <p class='ocr_par' dir='ltr' id='par_1_2' title="bbox 1721 357 2246 421">
     <span class='ocr_line' id='line_1_2' title="bbox 1721 357 2246 421; baseline 0.004 -6"><span class='ocrx_word' id='word_1_2' title='bbox 1721 358 1869 416; x_wconf 80' lang='lat' dir='ltr'><strong>PRO</strong></span> <span class='ocrx_word' id='word_1_3' title='bbox 1913 357 2246 421; x_wconf 70' lang='lat' dir='ltr'><strong>LATINIS.</strong></span> 
     </span>
    </p>
   </div>
   <div class='ocr_carea' id='block_1_3' title="bbox 3466 357 3600 419">
    <p class='ocr_par' dir='ltr' id='par_1_3' title="bbox 3466 357 3600 419">
     <span class='ocr_line' id='line_1_3' title="bbox 3466 357 3600 419; baseline 0.015 -2"><span class='ocrx_word' id='word_1_4' title='bbox 3466 357 3600 419; x_wconf 74' lang='grc'><strong>1266</strong></span> 
     </span>
    </p>
   </div>
   <div class='ocr_carea' id='block_1_4' title="bbox 423 458 3603 543">
    <p class='ocr_par' dir='ltr' id='par_1_4' title="bbox 423 458 3603 543">
     <span class='ocr_line' id='line_1_4' title="bbox 423 458 3603 543; baseline 0.003 -28"><span class='ocrx_word' id='word_1_5' title='bbox 423 461 549 517; x_wconf 72' lang='lat' dir='ltr'><strong>llaec</strong></span> <span class='ocrx_word' id='word_1_6' title='bbox 587 461 750 533; x_wconf 76' lang='lat' dir='ltr'><strong>igitur</strong></span> <span class='ocrx_word' id='word_1_7' title='bbox 778 458 879 534; x_wconf 74' lang='lat' dir='ltr'><strong>ego</strong></span> <span class='ocrx_word' id='word_1_8' title='bbox 906 465 959 521; x_wconf 92' lang='lat' dir='ltr'><strong>in</strong></span> <span class='ocrx_word' id='word_1_9' title='bbox 986 480 1072 520; x_wconf 91' lang='lat' dir='ltr'><strong>me</strong></span> <span class='ocrx_word' id='word_1_10' title='bbox 1107 465 1225 537; x_wconf 84' lang='lat' dir='ltr'><strong>ipso</strong></span> <span class='ocrx_word' id='word_1_11' title='bbox 1259 476 1476 522; x_wconf 72' lang='lat' dir='ltr'><strong>vertens</strong></span> <span class='ocrx_word' id='word_1_12' title='bbox 1526 469 1728 533; x_wconf 84' lang='lat' dir='ltr'><strong>animo,</strong></span> <span class='ocrx_word' id='word_1_13' title='bbox 1765 469 1926 523; x_wconf 86' lang='lat' dir='ltr'><strong>mini-</strong></span> <span class='ocrx_word' id='word_1_14' title='bbox 1954 475 2003 530; x_wconf 73' lang='grc' dir='ltr'><strong>Α</strong></span> <span class='ocrx_word' id='word_1_15' title='bbox 2031 470 2277 525; x_wconf 87' lang='lat' dir='ltr'><strong>nionem.</strong></span> <span class='ocrx_word' id='word_1_16' title='bbox 2306 468 2372 523; x_wconf 84' lang='lat' dir='ltr'><strong>Si</strong></span> <span class='ocrx_word' id='word_1_17' title='bbox 2400 469 2541 523; x_wconf 89' lang='lat' dir='ltr'><strong>enim</strong></span> <span class='ocrx_word' id='word_1_18' title='bbox 2570 469 2673 525; x_wconf 87' lang='lat' dir='ltr'><strong>hoc</strong></span> <span class='ocrx_word' id='word_1_19' title='bbox 2696 467 3030 539; x_wconf 81' lang='lat' dir='ltr'><strong>esset,justa</strong></span> <span class='ocrx_word' id='word_1_20' title='bbox 3058 468 3240 541; x_wconf 84' lang='lat' dir='ltr'><strong>itaque</strong></span> <span class='ocrx_word' id='word_1_21' title='bbox 3269 468 3447 524; x_wconf 85' lang='lat' dir='ltr'><strong>divina</strong></span> <span class='ocrx_word' id='word_1_22' title='bbox 3476 487 3603 543; x_wconf 85' lang='lat' dir='ltr'><strong>pm-</strong></span> 
     </span>
    </p>
   </div>
   <div class='ocr_carea' id='block_1_5' title="bbox 350 553 1921 629">
    <p class='ocr_par' dir='ltr' id='par_1_5' title="bbox 350 553 1921 629">
     <span class='ocr_line' id='line_1_5' title="bbox 350 553 1921 629; baseline 0.005 -24"><span class='ocrx_word' id='word_1_23' title='bbox 350 567 437 606; x_wconf 87' lang='lat' dir='ltr'><strong>me</strong></span> <span class='ocrx_word' id='word_1_24' title='bbox 476 553 698 609; x_wconf 81' lang='lat' dir='ltr'><strong>credere</strong></span> <span class='ocrx_word' id='word_1_25' title='bbox 749 556 923 622; x_wconf 82' lang='lat' dir='ltr'><strong>valeo,</strong></span> <span class='ocrx_word' id='word_1_26' title='bbox 975 557 1077 612; x_wconf 76' lang='lat' dir='ltr'><strong>llos</strong></span> <span class='ocrx_word' id='word_1_27' title='bbox 1107 558 1174 612; x_wconf 88' lang='lat' dir='ltr'><strong>ab</strong></span> <span class='ocrx_word' id='word_1_28' title='bbox 1209 558 1336 623; x_wconf 82' lang='lat' dir='ltr'><strong>illis,</strong></span> <span class='ocrx_word' id='word_1_29' title='bbox 1398 558 1706 613; x_wconf 75' lang='lat' dir='ltr'><strong>rationabili</strong></span> <span class='ocrx_word' id='word_1_30' title='bbox 1740 560 1921 629; x_wconf 86' lang='lat' dir='ltr'><strong>aliqua</strong></span> 
     </span>
    </p>
   </div>
   <div class='ocr_carea' id='block_1_6' title="bbox 349 646 1924 723">
    <p class='ocr_par' dir='ltr' id='par_1_6' title="bbox 349 646 1924 723">
     <span class='ocr_line' id='line_1_6' title="bbox 349 646 1924 723; baseline 0.004 -23"><span class='ocrx_word' id='word_1_31' title='bbox 349 661 520 701; x_wconf 81' lang='lat' dir='ltr'><strong>causa</strong></span> <span class='ocrx_word' id='word_1_32' title='bbox 540 646 749 703; x_wconf 78' lang='lat' dir='ltr'><strong>divisos</strong></span> <span class='ocrx_word' id='word_1_33' title='bbox 790 664 907 704; x_wconf 83' lang='lat' dir='ltr'><strong>esse</strong></span> <span class='ocrx_word' id='word_1_34' title='bbox 940 667 954 715; x_wconf 88' lang='lat'><strong>;</strong></span> <span class='ocrx_word' id='word_1_35' title='bbox 984 658 1242 720; x_wconf 76' lang='lat' dir='ltr'><strong>tanquam</strong></span> <span class='ocrx_word' id='word_1_36' title='bbox 1278 652 1388 706; x_wconf 82' lang='lat' dir='ltr'><strong>illis</strong></span> <span class='ocrx_word' id='word_1_37' title='bbox 1431 652 1485 706; x_wconf 91' lang='lat' dir='ltr'><strong>in</strong></span> <span class='ocrx_word' id='word_1_38' title='bbox 1516 652 1696 723; x_wconf 86' lang='lat' dir='ltr'><strong>aliqua</strong></span> <span class='ocrx_word' id='word_1_39' title='bbox 1731 653 1924 707; x_wconf 65' lang='lat' dir='ltr'><strong>haeresi</strong></span> 
     </span>
    </p>
   </div>
   <div class='ocr_carea' id='block_1_7' title="bbox 347 740 1929 817">
    <p class='ocr_par' dir='ltr' id='par_1_7' title="bbox 347 740 1929 817">
     <span class='ocr_line' id='line_1_7' title="bbox 347 740 1929 817; baseline 0.005 -22"><span class='ocrx_word' id='word_1_40' title='bbox 347 746 406 796; x_wconf 83' lang='lat' dir='ltr'><strong>et</strong></span> <span class='ocrx_word' id='word_1_41' title='bbox 426 741 568 795; x_wconf 87' lang='lat' dir='ltr'><strong>mala</strong></span> <span class='ocrx_word' id='word_1_42' title='bbox 598 740 705 796; x_wconf 75' lang='lat' dir='ltr'><strong>fide</strong></span> <span class='ocrx_word' id='word_1_43' title='bbox 730 744 1137 801; x_wconf 84' lang='lat' dir='ltr'><strong>exsistentibus.</strong></span> <span class='ocrx_word' id='word_1_44' title='bbox 1180 744 1235 800; x_wconf 90' lang='lat' dir='ltr'><strong>Si</strong></span> <span class='ocrx_word' id='word_1_45' title='bbox 1268 748 1413 801; x_wconf 88' lang='lat' dir='ltr'><strong>enim</strong></span> <span class='ocrx_word' id='word_1_46' title='bbox 1476 763 1601 817; x_wconf 88' lang='lat' dir='ltr'><strong>pars</strong></span> <span class='ocrx_word' id='word_1_47' title='bbox 1651 747 1741 802; x_wconf 89' lang='lat' dir='ltr'><strong>illa</strong></span> <span class='ocrx_word' id='word_1_48' title='bbox 1771 749 1929 803; x_wconf 87' lang='lat' dir='ltr'><strong>Chri-</strong></span> 
     </span>
    </p>
   </div>
   <div class='ocr_carea' id='block_1_8' title="bbox 349 830 1929 903">
    <p class='ocr_par' dir='ltr' id='par_1_8' title="bbox 349 830 1929 903">
     <span class='ocr_line' id='line_1_8' title="bbox 349 830 1929 903; baseline 0.003 -17"><span class='ocrx_word' id='word_1_49' title='bbox 349 830 674 899; x_wconf 86' lang='lat' dir='ltr'><strong>stianorum,</strong></span> <span class='ocrx_word' id='word_1_50' title='bbox 697 850 818 903; x_wconf 74' lang='lat' dir='ltr'><strong>quae</strong></span> <span class='ocrx_word' id='word_1_51' title='bbox 845 836 1191 890; x_wconf 77' lang='lat' dir='ltr'><strong>concorditer</strong></span> <span class='ocrx_word' id='word_1_52' title='bbox 1220 838 1285 891; x_wconf 92' lang='lat' dir='ltr'><strong>ad</strong></span> <span class='ocrx_word' id='word_1_53' title='bbox 1315 839 1671 893; x_wconf 88' lang='lat' dir='ltr'><strong>constitutum</strong></span> <span class='ocrx_word' id='word_1_54' title='bbox 1710 838 1802 892; x_wconf 87' lang='lat' dir='ltr'><strong>Del</strong></span> <span class='ocrx_word' id='word_1_55' title='bbox 1836 840 1929 891; x_wconf 85' lang='lat' dir='ltr'><strong>de-</strong></span> 
     </span>
    </p>
   </div>
   <div class='ocr_carea' id='block_1_9' title="bbox 348 924 1926 1001">
    <p class='ocr_par' dir='ltr' id='par_1_9' title="bbox 348 924 1926 1001">
     <span class='ocr_line' id='line_1_9' title="bbox 348 924 1926 1001; baseline 0.002 -19"><span class='ocrx_word' id='word_1_56' title='bbox 348 933 500 982; x_wconf 79' lang='lat' dir='ltr'><strong>creto</strong></span> <span class='ocrx_word' id='word_1_57' title='bbox 530 926 599 980; x_wconf 86' lang='lat' dir='ltr'><strong>ab</strong></span> <span class='ocrx_word' id='word_1_58' title='bbox 622 924 780 981; x_wconf 89' lang='lat' dir='ltr'><strong>initio</strong></span> <span class='ocrx_word' id='word_1_59' title='bbox 815 929 980 982; x_wconf 83' lang='lat' dir='ltr'><strong>totius</strong></span> <span class='ocrx_word' id='word_1_60' title='bbox 1008 927 1265 984; x_wconf 70' lang='lat' dir='ltr'><strong>Ecclesiae</strong></span> <span class='ocrx_word' id='word_1_61' title='bbox 1311 929 1639 1001; x_wconf 83' lang='lat' dir='ltr'><strong>principium</strong></span> <span class='ocrx_word' id='word_1_62' title='bbox 1670 932 1926 985; x_wconf 86' lang='lat' dir='ltr'><strong>ordinata</strong></span> 
     </span>
    </p>
   </div>
   <div class='ocr_carea' id='block_1_10' title="bbox 351 1018 1928 1092">
    <p class='ocr_par' dir='ltr' id='par_1_10' title="bbox 351 1018 1928 1092">
     <span class='ocr_line' id='line_1_10' title="bbox 351 1018 1928 1092; baseline 0.003 -18"><span class='ocrx_word' id='word_1_63' title='bbox 351 1025 455 1081; x_wconf 76' lang='lat' dir='ltr'><strong>est,</strong></span> <span class='ocrx_word' id='word_1_64' title='bbox 480 1033 603 1089; x_wconf 76' lang='lat' dir='ltr'><strong>qua:</strong></span> <span class='ocrx_word' id='word_1_65' title='bbox 630 1018 838 1089; x_wconf 78' lang='lat' dir='ltr'><strong>legibus</strong></span> <span class='ocrx_word' id='word_1_66' title='bbox 872 1022 1078 1091; x_wconf 80' lang='lat' dir='ltr'><strong>regitur</strong></span> <span class='ocrx_word' id='word_1_67' title='bbox 1099 1029 1155 1075; x_wconf 91' lang='lat' dir='ltr'><strong>et</strong></span> <span class='ocrx_word' id='word_1_68' title='bbox 1181 1022 1502 1092; x_wconf 74' lang='lat' dir='ltr'><strong>evangelica</strong></span> <span class='ocrx_word' id='word_1_69' title='bbox 1553 1037 1828 1087; x_wconf 86' lang='lat' dir='ltr'><strong>sermone,</strong></span> <span class='ocrx_word' id='word_1_70' title='bbox 1876 1034 1928 1078; x_wconf 91' lang='lat' dir='ltr'><strong>et</strong></span> 
     </span>
    </p>
   </div>
   <div class='ocr_carea' id='block_1_11' title="bbox 350 1110 1927 1186">
    <p class='ocr_par' dir='ltr' id='par_1_11' title="bbox 350 1110 1927 1186">
     <span class='ocr_line' id='line_1_11' title="bbox 350 1110 1927 1186; baseline 0.003 -20"><span class='ocrx_word' id='word_1_71' title='bbox 350 1110 699 1167; x_wconf 69' lang='lat' dir='ltr'><strong>multitudine</strong></span> <span class='ocrx_word' id='word_1_72' title='bbox 720 1129 938 1179; x_wconf 78' lang='lat' dir='ltr'><strong>semper</strong></span> <span class='ocrx_word' id='word_1_73' title='bbox 962 1115 1179 1177; x_wconf 87' lang='lat' dir='ltr'><strong>crescit,</strong></span> <span class='ocrx_word' id='word_1_74' title='bbox 1219 1115 1335 1172; x_wconf 70' lang='lat' dir='ltr'><strong>haec</strong></span> <span class='ocrx_word' id='word_1_75' title='bbox 1364 1114 1582 1186; x_wconf 85' lang='lat' dir='ltr'><strong>quidem</strong></span> <span class='ocrx_word' id='word_1_76' title='bbox 1616 1126 1702 1172; x_wconf 91' lang='lat' dir='ltr'><strong>est</strong></span> <span class='ocrx_word' id='word_1_77' title='bbox 1733 1118 1786 1171; x_wconf 88' lang='lat' dir='ltr'><strong>in</strong></span> <span class='ocrx_word' id='word_1_78' title='bbox 1813 1116 1927 1171; x_wconf 79' lang='lat' dir='ltr'><strong>lue—</strong></span> 
     </span>
    </p>
   </div>
   <div class='ocr_carea' id='block_1_12' title="bbox 351 1200 1931 1276">
    <p class='ocr_par' dir='ltr' id='par_1_12' title="bbox 351 1200 1931 1276">
     <span class='ocr_line' id='line_1_12' title="bbox 351 1200 1931 1276; baseline 0.005 -23"><span class='ocrx_word' id='word_1_79' title='bbox 351 1200 502 1256; x_wconf 84' lang='lat' dir='ltr'><strong>resi:</strong></span> <span class='ocrx_word' id='word_1_80' title='bbox 539 1217 666 1272; x_wconf 67' lang='lat' dir='ltr'><strong>quae</strong></span> <span class='ocrx_word' id='word_1_81' title='bbox 689 1218 820 1258; x_wconf 84' lang='lat' dir='ltr'><strong>vero</strong></span> <span class='ocrx_word' id='word_1_82' title='bbox 877 1219 1005 1273; x_wconf 87' lang='lat' dir='ltr'><strong>pars</strong></span> <span class='ocrx_word' id='word_1_83' title='bbox 1044 1206 1111 1259; x_wconf 91' lang='lat' dir='ltr'><strong>ab</strong></span> <span class='ocrx_word' id='word_1_84' title='bbox 1149 1206 1249 1261; x_wconf 87' lang='lat' dir='ltr'><strong>hac</strong></span> <span class='ocrx_word' id='word_1_85' title='bbox 1285 1205 1433 1276; x_wconf 69' lang='lat' dir='ltr'><strong>iuste</strong></span> <span class='ocrx_word' id='word_1_86' title='bbox 1464 1207 1638 1261; x_wconf 84' lang='lat' dir='ltr'><strong>divisa</strong></span> <span class='ocrx_word' id='word_1_87' title='bbox 1683 1216 1785 1273; x_wconf 90' lang='lat' dir='ltr'><strong>est,</strong></span> <span class='ocrx_word' id='word_1_88' title='bbox 1833 1222 1931 1276; x_wconf 82' lang='lat' dir='ltr'><strong>per</strong></span> 
     </span>
    </p>
   </div>
   <div class='ocr_carea' id='block_1_13' title="bbox 347 1293 1926 1370">
    <p class='ocr_par' dir='ltr' id='par_1_13' title="bbox 347 1293 1926 1370">
     <span class='ocr_line' id='line_1_13' title="bbox 347 1293 1926 1370; baseline 0.003 -21"><span class='ocrx_word' id='word_1_89' title='bbox 347 1293 533 1349; x_wconf 81' lang='lat' dir='ltr'><strong>omnia</strong></span> <span class='ocrx_word' id='word_1_90' title='bbox 561 1309 693 1351; x_wconf 83' lang='lat' dir='ltr'><strong>sana</strong></span> <span class='ocrx_word' id='word_1_91' title='bbox 723 1305 831 1361; x_wconf 87' lang='lat' dir='ltr'><strong>est,</strong></span> <span class='ocrx_word' id='word_1_92' title='bbox 860 1298 975 1353; x_wconf 73' lang='lat' dir='ltr'><strong>bzec</strong></span> <span class='ocrx_word' id='word_1_93' title='bbox 1008 1314 1185 1366; x_wconf 87' lang='lat' dir='ltr'><strong>neque</strong></span> <span class='ocrx_word' id='word_1_94' title='bbox 1214 1298 1429 1369; x_wconf 80' lang='lat' dir='ltr'><strong>legibus</strong></span> <span class='ocrx_word' id='word_1_95' title='bbox 1462 1300 1616 1364; x_wconf 81' lang='lat' dir='ltr'><strong>vivit,</strong></span> <span class='ocrx_word' id='word_1_96' title='bbox 1640 1314 1815 1370; x_wconf 85' lang='lat' dir='ltr'><strong>neque</strong></span> <span class='ocrx_word' id='word_1_97' title='bbox 1859 1300 1926 1353; x_wconf 90' lang='lat' dir='ltr'><strong>ad</strong></span> 
     </span>
    </p>
   </div>
   <div class='ocr_carea' id='block_1_14' title="bbox 350 1374 1945 1464">
    <p class='ocr_par' dir='ltr' id='par_1_14' title="bbox 350 1374 1945 1464">
     <span class='ocr_line' id='line_1_14' title="bbox 350 1374 1945 1464; baseline 0.004 -25"><span class='ocrx_word' id='word_1_98' title='bbox 350 1401 518 1442; x_wconf 86' lang='lat' dir='ltr'><strong>unum</strong></span> <span class='ocrx_word' id='word_1_99' title='bbox 550 1389 800 1445; x_wconf 87' lang='lat' dir='ltr'><strong>ordinata</strong></span> <span class='ocrx_word' id='word_1_100' title='bbox 824 1398 908 1445; x_wconf 86' lang='lat' dir='ltr'><strong>est</strong></span> <span class='ocrx_word' id='word_1_101' title='bbox 940 1390 1288 1463; x_wconf 86' lang='lat' dir='ltr'><strong>principium,</strong></span> <span class='ocrx_word' id='word_1_102' title='bbox 1312 1374 1364 1445; x_wconf 82' lang='lat' dir='ltr'><strong>et</strong></span> <span class='ocrx_word' id='word_1_103' title='bbox 1384 1408 1601 1459; x_wconf 84' lang='lat' dir='ltr'><strong>semper</strong></span> <span class='ocrx_word' id='word_1_104' title='bbox 1625 1391 1945 1464; x_wconf 81' lang='lat' dir='ltr'><strong>secundum</strong></span> 
     </span>
    </p>
   </div>
   <div class='ocr_carea' id='block_1_15' title="bbox 349 1480 1927 1556">
    <p class='ocr_par' dir='ltr' id='par_1_15' title="bbox 349 1480 1927 1556">
     <span class='ocr_line' id='line_1_15' title="bbox 349 1480 1927 1556; baseline 0.002 -20"><span class='ocrx_word' id='word_1_105' title='bbox 349 1480 724 1539; x_wconf 81' lang='lat' dir='ltr'><strong>multitudines</strong></span> <span class='ocrx_word' id='word_1_106' title='bbox 776 1482 843 1538; x_wconf 88' lang='lat' dir='ltr'><strong>ad</strong></span> <span class='ocrx_word' id='word_1_107' title='bbox 891 1482 1281 1540; x_wconf 84' lang='lat' dir='ltr'><strong>alienissimam</strong></span> <span class='ocrx_word' id='word_1_108' title='bbox 1314 1484 1411 1540; x_wconf 83' lang='lat' dir='ltr'><strong>Dei</strong></span> <span class='ocrx_word' id='word_1_109' title='bbox 1440 1494 1655 1556; x_wconf 77' lang='lat' dir='ltr'><strong>gentem</strong></span> <span class='ocrx_word' id='word_1_110' title='bbox 1696 1500 1927 1541; x_wconf 73' lang='lat' dir='ltr'><strong>conver-</strong></span> 
     </span>
    </p>
   </div>
   <div class='ocr_carea' id='block_1_16' title="bbox 351 1576 1926 1648">
    <p class='ocr_par' dir='ltr' id='par_1_16' title="bbox 351 1576 1926 1648">
     <span class='ocr_line' id='line_1_16' title="bbox 351 1576 1926 1648; baseline 0.003 -18"><span class='ocrx_word' id='word_1_111' title='bbox 351 1576 520 1639; x_wconf 87' lang='lat' dir='ltr'><strong>titur,</strong></span> <span class='ocrx_word' id='word_1_112' title='bbox 551 1585 604 1630; x_wconf 89' lang='lat' dir='ltr'><strong>et</strong></span> <span class='ocrx_word' id='word_1_113' title='bbox 656 1576 713 1632; x_wconf 87' lang='lat' dir='ltr'><strong>in</strong></span> <span class='ocrx_word' id='word_1_114' title='bbox 750 1577 867 1647; x_wconf 85' lang='lat' dir='ltr'><strong>ipsa</strong></span> <span class='ocrx_word' id='word_1_115' title='bbox 907 1593 1155 1648; x_wconf 89' lang='lat' dir='ltr'><strong>prorsus,</strong></span> <span class='ocrx_word' id='word_1_116' title='bbox 1202 1588 1465 1648; x_wconf 86' lang='lat' dir='ltr'><strong>quantum</strong></span> <span class='ocrx_word' id='word_1_117' title='bbox 1502 1578 1571 1633; x_wconf 90' lang='lat' dir='ltr'><strong>ad</strong></span> <span class='ocrx_word' id='word_1_118' title='bbox 1610 1578 1926 1644; x_wconf 84' lang='lat' dir='ltr'><strong>illiteratos,</strong></span> 
     </span>
    </p>
   </div>
   <div class='ocr_carea' id='block_1_17' title="bbox 349 1668 1931 1732">
    <p class='ocr_par' dir='ltr' id='par_1_17' title="bbox 349 1668 1931 1732">
     <span class='ocr_line' id='line_1_17' title="bbox 349 1668 1931 1732; baseline 0.004 -13"><span class='ocrx_word' id='word_1_119' title='bbox 349 1668 702 1732; x_wconf 73' lang='lat' dir='ltr'><strong>evangelicus</strong></span> <span class='ocrx_word' id='word_1_120' title='bbox 801 1672 1105 1727; x_wconf 80' lang='lat' dir='ltr'><strong>exstinctus</strong></span> <span class='ocrx_word' id='word_1_121' title='bbox 1183 1680 1270 1727; x_wconf 83' lang='lat' dir='ltr'><strong>est</strong></span> <span class='ocrx_word' id='word_1_122' title='bbox 1335 1686 1516 1728; x_wconf 88' lang='lat' dir='ltr'><strong>sermo</strong></span> <span class='ocrx_word' id='word_1_123' title='bbox 1595 1687 1610 1724; x_wconf 92' lang='lat'><strong>:</strong></span> <span class='ocrx_word' id='word_1_124' title='bbox 1678 1670 1931 1727; x_wconf 84' lang='lat' dir='ltr'><strong>deseruit</strong></span> 
     </span>
    </p>
   </div>
   <div class='ocr_carea' id='block_1_18' title="bbox 2030 555 3600 631">
    <p class='ocr_par' dir='ltr' id='par_1_18' title="bbox 2030 555 3600 631">
     <span class='ocr_line' id='line_1_18' title="bbox 2030 555 3600 631; baseline 0.002 -18"><span class='ocrx_word' id='word_1_125' title='bbox 2030 562 2267 615; x_wconf 77' lang='lat' dir='ltr'><strong>videntia</strong></span> <span class='ocrx_word' id='word_1_126' title='bbox 2291 560 2623 627; x_wconf 81' lang='lat' dir='ltr'><strong>exsislente,</strong></span> <span class='ocrx_word' id='word_1_127' title='bbox 2656 570 2871 630; x_wconf 90' lang='lat' dir='ltr'><strong>oportet</strong></span> <span class='ocrx_word' id='word_1_128' title='bbox 2924 562 3180 631; x_wconf 60' lang='lat' dir='ltr'><strong>praedicta</strong></span> <span class='ocrx_word' id='word_1_129' title='bbox 3203 572 3459 631; x_wconf 82' lang='lat' dir='ltr'><strong>quatuor.</strong></span> <span class='ocrx_word' id='word_1_130' title='bbox 3516 555 3600 617; x_wconf 70' lang='grc' dir='ltr'><strong>νῖιι</strong></span> 
     </span>
    </p>
   </div>
   <div class='ocr_carea' id='block_1_19' title="bbox 2031 650 3597 722">
    <p class='ocr_par' dir='ltr' id='par_1_19' title="bbox 2031 650 3597 722">
     <span class='ocr_line' id='line_1_19' title="bbox 2031 650 3597 722; baseline 0.002 -18"><span class='ocrx_word' id='word_1_131' title='bbox 2031 651 2416 722; x_wconf 80' lang='lat' dir='ltr'><strong>principaliora</strong></span> <span class='ocrx_word' id='word_1_132' title='bbox 2453 666 2642 705; x_wconf 90' lang='lat' dir='ltr'><strong>eorum</strong></span> <span class='ocrx_word' id='word_1_133' title='bbox 2677 665 2990 705; x_wconf 75' lang='lat' dir='ltr'><strong>econverso</strong></span> <span class='ocrx_word' id='word_1_134' title='bbox 3013 650 3350 721; x_wconf 78' lang='lat' dir='ltr'><strong>contingere.</strong></span> <span class='ocrx_word' id='word_1_135' title='bbox 3376 651 3441 706; x_wconf 84' lang='lat' dir='ltr'><strong>Et</strong></span> <span class='ocrx_word' id='word_1_136' title='bbox 3473 668 3597 707; x_wconf 87' lang='lat' dir='ltr'><strong>cum</strong></span> 
     </span>
    </p>
   </div>
   <div class='ocr_carea' id='block_1_20' title="bbox 2028 742 3600 819">
    <p class='ocr_par' dir='ltr' id='par_1_20' title="bbox 2028 742 3600 819">
     <span class='ocr_line' id='line_1_20' title="bbox 2028 742 3600 819; baseline 0.001 -19"><span class='ocrx_word' id='word_1_137' title='bbox 2028 752 2189 811; x_wconf 81' lang='lat' dir='ltr'><strong>caput</strong></span> <span class='ocrx_word' id='word_1_138' title='bbox 2204 744 2373 799; x_wconf 84' lang='lat' dir='ltr'><strong>totius</strong></span> <span class='ocrx_word' id='word_1_139' title='bbox 2391 742 2648 819; x_wconf 68' lang='lat' dir='ltr'><strong>Ecclesiae</strong></span> <span class='ocrx_word' id='word_1_140' title='bbox 2659 743 2728 798; x_wconf 92' lang='lat' dir='ltr'><strong>ab</strong></span> <span class='ocrx_word' id='word_1_141' title='bbox 2746 743 2898 799; x_wconf 90' lang='lat' dir='ltr'><strong>initio</strong></span> <span class='ocrx_word' id='word_1_142' title='bbox 2911 745 3266 800; x_wconf 89' lang='lat' dir='ltr'><strong>constitutum</strong></span> <span class='ocrx_word' id='word_1_143' title='bbox 3288 745 3600 810; x_wconf 86' lang='lat' dir='ltr'><strong>cecidisset,</strong></span> 
     </span>
    </p>
   </div>
   <div class='ocr_carea' id='block_1_21' title="bbox 2030 836 3606 907">
    <p class='ocr_par' dir='ltr' id='par_1_21' title="bbox 2030 836 3606 907">
     <span class='ocr_line' id='line_1_21' title="bbox 2030 836 3606 907; baseline 0.001 -15"><span class='ocrx_word' id='word_1_144' title='bbox 2030 844 2309 907; x_wconf 78' lang='lat' dir='ltr'><strong>Oporteret</strong></span> <span class='ocrx_word' id='word_1_145' title='bbox 2338 836 2528 905; x_wconf 79' lang='lat' dir='ltr'><strong>utique</strong></span> <span class='ocrx_word' id='word_1_146' title='bbox 2552 836 2843 890; x_wconf 89' lang='lat' dir='ltr'><strong>Dominum</strong></span> <span class='ocrx_word' id='word_1_147' title='bbox 2868 837 3099 891; x_wconf 85' lang='lat' dir='ltr'><strong>alterum</strong></span> <span class='ocrx_word' id='word_1_148' title='bbox 3147 845 3312 906; x_wconf 88' lang='lat' dir='ltr'><strong>caput</strong></span> <span class='ocrx_word' id='word_1_149' title='bbox 3333 837 3606 894; x_wconf 82' lang='lat' dir='ltr'><strong>suscitare</strong></span> 
     </span>
    </p>
   </div>
   <div class='ocr_carea' id='block_1_22' title="bbox 2029 928 3602 1000">
    <p class='ocr_par' dir='ltr' id='par_1_22' title="bbox 2029 928 3602 1000">
     <span class='ocr_line' id='line_1_22' title="bbox 2029 928 3602 1000; baseline 0.001 -15"><span class='ocrx_word' id='word_1_150' title='bbox 2029 945 2176 985; x_wconf 65' lang='lat' dir='ltr'><strong>sane</strong></span> <span class='ocrx_word' id='word_1_151' title='bbox 2199 929 2339 1000; x_wconf 87' lang='lat' dir='ltr'><strong>parti</strong></span> <span class='ocrx_word' id='word_1_152' title='bbox 2371 929 2665 985; x_wconf 62' lang='lat' dir='ltr'><strong>Ecclesiae:</strong></span> <span class='ocrx_word' id='word_1_153' title='bbox 2696 945 2765 984; x_wconf 89' lang='lat' dir='ltr'><strong>ne</strong></span> <span class='ocrx_word' id='word_1_154' title='bbox 2796 930 2919 985; x_wconf 85' lang='lat' dir='ltr'><strong>sine</strong></span> <span class='ocrx_word' id='word_1_155' title='bbox 2956 929 3142 999; x_wconf 88' lang='lat' dir='ltr'><strong>capite</strong></span> <span class='ocrx_word' id='word_1_156' title='bbox 3164 935 3218 984; x_wconf 87' lang='lat' dir='ltr'><strong>et</strong></span> <span class='ocrx_word' id='word_1_157' title='bbox 3272 928 3602 986; x_wconf 89' lang='lat' dir='ltr'><strong>inusitatum</strong></span> 
     </span>
    </p>
   </div>
   <div class='ocr_carea' id='block_1_23' title="bbox 2028 1022 3607 1095">
    <p class='ocr_par' dir='ltr' id='par_1_23' title="bbox 2028 1022 3607 1095">
     <span class='ocr_line' id='line_1_23' title="bbox 2028 1022 3607 1095; baseline 0.001 -18"><span class='ocrx_word' id='word_1_158' title='bbox 2028 1034 2083 1077; x_wconf 87' lang='lat' dir='ltr'><strong>et</strong></span> <span class='ocrx_word' id='word_1_159' title='bbox 2104 1022 2487 1078; x_wconf 89' lang='lat' dir='ltr'><strong>deordinatum</strong></span> <span class='ocrx_word' id='word_1_160' title='bbox 2512 1030 2567 1079; x_wconf 89' lang='lat' dir='ltr'><strong>et</strong></span> <span class='ocrx_word' id='word_1_161' title='bbox 2593 1022 2838 1078; x_wconf 80' lang='lat' dir='ltr'><strong>deforme</strong></span> <span class='ocrx_word' id='word_1_162' title='bbox 2890 1037 3151 1093; x_wconf 68' lang='lat' dir='ltr'><strong>magnum</strong></span> <span class='ocrx_word' id='word_1_163' title='bbox 3193 1030 3249 1077; x_wconf 90' lang='lat' dir='ltr'><strong>et</strong></span> <span class='ocrx_word' id='word_1_164' title='bbox 3307 1023 3607 1095; x_wconf 83' lang='lat' dir='ltr'><strong>mysticum</strong></span> 
     </span>
    </p>
   </div>
   <div class='ocr_carea' id='block_1_24' title="bbox 2029 1113 3604 1186">
    <p class='ocr_par' dir='ltr' id='par_1_24' title="bbox 2029 1113 3604 1186">
     <span class='ocr_line' id='line_1_24' title="bbox 2029 1113 3604 1186; baseline 0.001 -16"><span class='ocrx_word' id='word_1_165' title='bbox 2029 1130 2233 1186; x_wconf 89' lang='lat' dir='ltr'><strong>corpus</strong></span> <span class='ocrx_word' id='word_1_166' title='bbox 2252 1114 2455 1171; x_wconf 81' lang='lat' dir='ltr'><strong>Christi</strong></span> <span class='ocrx_word' id='word_1_167' title='bbox 2482 1124 2791 1171; x_wconf 80' lang='lat' dir='ltr'><strong>remaneret</strong></span> <span class='ocrx_word' id='word_1_168' title='bbox 2811 1115 2825 1170; x_wconf 84' lang='lat' dir='ltr'><strong>l</strong></span> <span class='ocrx_word' id='word_1_169' title='bbox 2847 1114 2952 1169; x_wconf 76' lang='lat' dir='ltr'><strong>Sed</strong></span> <span class='ocrx_word' id='word_1_170' title='bbox 2976 1113 3137 1169; x_wconf 76' lang='lat' dir='ltr'><strong>venio</strong></span> <span class='ocrx_word' id='word_1_171' title='bbox 3159 1114 3223 1169; x_wconf 88' lang='lat' dir='ltr'><strong>ad</strong></span> <span class='ocrx_word' id='word_1_172' title='bbox 3253 1114 3604 1184; x_wconf 77' lang='lat' dir='ltr'><strong>specialiora.</strong></span> 
     </span>
    </p>
   </div>
   <div class='ocr_carea' id='block_1_25' title="bbox 2100 1205 3602 1277">
    <p class='ocr_par' dir='ltr' id='par_1_25' title="bbox 2100 1205 3602 1277">
     <span class='ocr_line' id='line_1_25' title="bbox 2100 1205 3602 1277; baseline 0.003 -17"><span class='ocrx_word' id='word_1_173' title='bbox 2100 1206 2226 1263; x_wconf 77' lang='lat' dir='ltr'><strong>llaec</strong></span> <span class='ocrx_word' id='word_1_174' title='bbox 2256 1223 2409 1276; x_wconf 76' lang='lat' dir='ltr'><strong>gens,</strong></span> <span class='ocrx_word' id='word_1_175' title='bbox 2448 1215 2669 1277; x_wconf 83' lang='lat' dir='ltr'><strong>propter</strong></span> <span class='ocrx_word' id='word_1_176' title='bbox 2700 1208 2830 1271; x_wconf 86' lang='lat' dir='ltr'><strong>duo,</strong></span> <span class='ocrx_word' id='word_1_177' title='bbox 2862 1216 2925 1263; x_wconf 90' lang='lat' dir='ltr'><strong>ut</strong></span> <span class='ocrx_word' id='word_1_178' title='bbox 2950 1206 3023 1261; x_wconf 81' lang='lat' dir='ltr'><strong>ita</strong></span> <span class='ocrx_word' id='word_1_179' title='bbox 3076 1208 3313 1273; x_wconf 85' lang='lat' dir='ltr'><strong>dicatur,</strong></span> <span class='ocrx_word' id='word_1_180' title='bbox 3374 1205 3602 1264; x_wconf 74' lang='lat' dir='ltr'><strong>Latinos</strong></span> 
     </span>
    </p>
   </div>
   <div class='ocr_carea' id='block_1_26' title="bbox 2030 1298 3595 1369">
    <p class='ocr_par' dir='ltr' id='par_1_26' title="bbox 2030 1298 3595 1369">
     <span class='ocr_line' id='line_1_26' title="bbox 2030 1298 3595 1369; baseline -0.002 -13"><span class='ocrx_word' id='word_1_181' title='bbox 2030 1314 2319 1365; x_wconf 79' lang='lat' dir='ltr'><strong>accusans,</strong></span> <span class='ocrx_word' id='word_1_182' title='bbox 2355 1298 2586 1354; x_wconf 76' lang='lat' dir='ltr'><strong>:estimat</strong></span> <span class='ocrx_word' id='word_1_183' title='bbox 2615 1308 2867 1369; x_wconf 88' lang='lat' dir='ltr'><strong>oportere</strong></span> <span class='ocrx_word' id='word_1_184' title='bbox 2893 1300 2962 1355; x_wconf 86' lang='lat' dir='ltr'><strong>ab</strong></span> <span class='ocrx_word' id='word_1_185' title='bbox 2980 1300 3059 1355; x_wconf 89' lang='lat' dir='ltr'><strong>eis</strong></span> <span class='ocrx_word' id='word_1_186' title='bbox 3086 1315 3147 1354; x_wconf 87' lang='lat' dir='ltr'><strong>se</strong></span> <span class='ocrx_word' id='word_1_187' title='bbox 3162 1300 3356 1355; x_wconf 79' lang='lat' dir='ltr'><strong>dividi.</strong></span> <span class='ocrx_word' id='word_1_188' title='bbox 3418 1298 3595 1355; x_wconf 90' lang='lat' dir='ltr'><strong>Unum</strong></span> 
     </span>
    </p>
   </div>
   <div class='ocr_carea' id='block_1_27' title="bbox 2029 1392 3603 1465">
    <p class='ocr_par' dir='ltr' id='par_1_27' title="bbox 2029 1392 3603 1465">
     <span class='ocr_line' id='line_1_27' title="bbox 2029 1392 3603 1465; baseline -0.002 -16"><span class='ocrx_word' id='word_1_189' title='bbox 2029 1400 2083 1449; x_wconf 86' lang='lat' dir='ltr'><strong>et</strong></span> <span class='ocrx_word' id='word_1_190' title='bbox 2121 1393 2507 1461; x_wconf 85' lang='lat' dir='ltr'><strong>principalius,</strong></span> <span class='ocrx_word' id='word_1_191' title='bbox 2560 1392 2706 1465; x_wconf 86' lang='lat' dir='ltr'><strong>quod</strong></span> <span class='ocrx_word' id='word_1_192' title='bbox 2759 1392 2935 1458; x_wconf 89' lang='lat' dir='ltr'><strong>aiunt,</strong></span> <span class='ocrx_word' id='word_1_193' title='bbox 3010 1392 3276 1463; x_wconf 84' lang='lat' dir='ltr'><strong>Spiritum</strong></span> <span class='ocrx_word' id='word_1_194' title='bbox 3351 1403 3603 1448; x_wconf 87' lang='lat' dir='ltr'><strong>sanctum</strong></span> 
     </span>
    </p>
   </div>
   <div class='ocr_carea' id='block_1_28' title="bbox 2029 1483 3609 1557">
    <p class='ocr_par' dir='ltr' id='par_1_28' title="bbox 2029 1483 3609 1557">
     <span class='ocr_line' id='line_1_28' title="bbox 2029 1483 3609 1557; baseline -0.002 -16"><span class='ocrx_word' id='word_1_195' title='bbox 2029 1500 2096 1541; x_wconf 84' lang='lat' dir='ltr'><strong>ex</strong></span> <span class='ocrx_word' id='word_1_196' title='bbox 2134 1483 2298 1539; x_wconf 81' lang='lat' dir='ltr'><strong>Patre</strong></span> <span class='ocrx_word' id='word_1_197' title='bbox 2320 1484 2569 1554; x_wconf 84' lang='lat' dir='ltr'><strong>Filioque</strong></span> <span class='ocrx_word' id='word_1_198' title='bbox 2596 1485 2915 1549; x_wconf 86' lang='lat' dir='ltr'><strong>procedere,</strong></span> <span class='ocrx_word' id='word_1_199' title='bbox 2965 1485 3290 1551; x_wconf 78' lang='lat' dir='ltr'><strong>secundum,</strong></span> <span class='ocrx_word' id='word_1_200' title='bbox 3319 1486 3465 1555; x_wconf 89' lang='lat' dir='ltr'><strong>quod</strong></span> <span class='ocrx_word' id='word_1_201' title='bbox 3511 1502 3609 1557; x_wconf 89' lang='lat' dir='ltr'><strong>per</strong></span> 
     </span>
    </p>
   </div>
   <div class='ocr_carea' id='block_1_29' title="bbox 2030 1576 3495 1648">
    <p class='ocr_par' dir='ltr' id='par_1_29' title="bbox 2030 1576 3495 1648">
     <span class='ocr_line' id='line_1_29' title="bbox 2030 1576 3495 1648; baseline 0.001 -18"><span class='ocrx_word' id='word_1_202' title='bbox 2030 1590 2255 1648; x_wconf 84' lang='lat' dir='ltr'><strong>azymos</strong></span> <span class='ocrx_word' id='word_1_203' title='bbox 2278 1592 2446 1646; x_wconf 83' lang='lat' dir='ltr'><strong>panes</strong></span> <span class='ocrx_word' id='word_1_204' title='bbox 2471 1576 2901 1632; x_wconf 83' lang='lat' dir='ltr'><strong>sacratissimam</strong></span> <span class='ocrx_word' id='word_1_205' title='bbox 2934 1576 3215 1632; x_wconf 79' lang='lat' dir='ltr'><strong>celebrant</strong></span> <span class='ocrx_word' id='word_1_206' title='bbox 3239 1577 3495 1633; x_wconf 84' lang='lat' dir='ltr'><strong>hostiam.</strong></span> 
     </span>
    </p>
   </div>
   <div class='ocr_carea' id='block_1_30' title="bbox 2104 1666 3609 1741">
    <p class='ocr_par' dir='ltr' id='par_1_30' title="bbox 2104 1666 3609 1741">
     <span class='ocr_line' id='line_1_30' title="bbox 2104 1666 3609 1741; baseline 0 -19"><span class='ocrx_word' id='word_1_207' title='bbox 2104 1666 2215 1739; x_wconf 79' lang='lat' dir='ltr'><strong>Ego</strong></span> <span class='ocrx_word' id='word_1_208' title='bbox 2245 1678 2424 1723; x_wconf 88' lang='lat' dir='ltr'><strong>autem</strong></span> <span class='ocrx_word' id='word_1_209' title='bbox 2455 1677 2697 1738; x_wconf 86' lang='lat' dir='ltr'><strong>tempora</strong></span> <span class='ocrx_word' id='word_1_210' title='bbox 2715 1667 3061 1734; x_wconf 81' lang='lat' dir='ltr'><strong>examinans,</strong></span> <span class='ocrx_word' id='word_1_211' title='bbox 3100 1668 3259 1724; x_wconf 77' lang='lat' dir='ltr'><strong>video</strong></span> <span class='ocrx_word' id='word_1_212' title='bbox 3285 1670 3429 1741; x_wconf 87' lang='lat' dir='ltr'><strong>quod</strong></span> <span class='ocrx_word' id='word_1_213' title='bbox 3458 1669 3609 1725; x_wconf 84' lang='lat' dir='ltr'><strong>schi-</strong></span> 
     </span>
    </p>
   </div>
   <div class='ocr_carea' id='block_1_31' title="bbox 348 1760 3609 1831">
    <p class='ocr_par' dir='ltr' id='par_1_31' title="bbox 348 1760 3609 1831">
     <span class='ocr_line' id='line_1_31' title="bbox 348 1760 3609 1831; baseline 0.001 -17"><span class='ocrx_word' id='word_1_214' title='bbox 348 1776 479 1827; x_wconf 73' lang='lat' dir='ltr'><strong>ergo</strong></span> <span class='ocrx_word' id='word_1_215' title='bbox 523 1760 665 1816; x_wconf 85' lang='lat' dir='ltr'><strong>Deus</strong></span> <span class='ocrx_word' id='word_1_216' title='bbox 709 1764 1020 1817; x_wconf 88' lang='lat' dir='ltr'><strong>omnimode</strong></span> <span class='ocrx_word' id='word_1_217' title='bbox 1059 1763 1590 1820; x_wconf 76' lang='lat' dir='ltr'><strong>Christianismum?</strong></span> <span class='ocrx_word' id='word_1_218' title='bbox 1625 1762 1731 1818; x_wconf 90' lang='lat' dir='ltr'><strong>Sed</strong></span> <span class='ocrx_word' id='word_1_219' title='bbox 1779 1763 1931 1817; x_wconf 91' lang='lat' dir='ltr'><strong>nullo</strong></span> <span class='ocrx_word' id='word_1_220' title='bbox 1963 1816 2001 1831; x_wconf 81' lang='lat'><strong>__</strong></span> <span class='ocrx_word' id='word_1_221' title='bbox 2032 1776 2149 1818; x_wconf 87' lang='lat' dir='ltr'><strong>sma</strong></span> <span class='ocrx_word' id='word_1_222' title='bbox 2181 1762 2402 1829; x_wconf 84' lang='lat' dir='ltr'><strong>quidem</strong></span> <span class='ocrx_word' id='word_1_223' title='bbox 2450 1762 2691 1816; x_wconf 75' lang='lat' dir='ltr'><strong>nondum</strong></span> <span class='ocrx_word' id='word_1_224' title='bbox 2733 1761 3259 1831; x_wconf 79' lang='lat' dir='ltr'><strong>quadringentorum</strong></span> <span class='ocrx_word' id='word_1_225' title='bbox 3312 1772 3399 1819; x_wconf 87' lang='lat' dir='ltr'><strong>est</strong></span> <span class='ocrx_word' id='word_1_226' title='bbox 3435 1777 3609 1817; x_wconf 87' lang='lat' dir='ltr'><strong>anno-</strong></span> 
     </span>
    </p>
   </div>
   <div class='ocr_carea' id='block_1_32' title="bbox 352 1854 3612 1929">
    <p class='ocr_par' dir='ltr' id='par_1_32' title="bbox 352 1854 3612 1929">
     <span class='ocr_line' id='line_1_32' title="bbox 352 1854 3612 1929; baseline 0.001 -21"><span class='ocrx_word' id='word_1_227' title='bbox 352 1863 510 1922; x_wconf 81' lang='lat' dir='ltr'><strong>paeto</strong></span> <span class='ocrx_word' id='word_1_228' title='bbox 563 1855 665 1911; x_wconf 85' lang='lat' dir='ltr'><strong>hoc</strong></span> <span class='ocrx_word' id='word_1_229' title='bbox 697 1854 813 1910; x_wconf 77' lang='lat' dir='ltr'><strong>ﬁeri</strong></span> <span class='ocrx_word' id='word_1_230' title='bbox 840 1864 1039 1925; x_wconf 86' lang='lat' dir='ltr'><strong>potest.</strong></span> <span class='ocrx_word' id='word_1_231' title='bbox 1073 1855 1252 1912; x_wconf 80' lang='lat' dir='ltr'><strong>Verax</strong></span> <span class='ocrx_word' id='word_1_232' title='bbox 1304 1858 1449 1913; x_wconf 89' lang='lat' dir='ltr'><strong>enim</strong></span> <span class='ocrx_word' id='word_1_233' title='bbox 1491 1865 1574 1913; x_wconf 88' lang='lat' dir='ltr'><strong>est</strong></span> <span class='ocrx_word' id='word_1_234' title='bbox 1627 1855 1925 1927; x_wconf 89' lang='lat' dir='ltr'><strong>promissio</strong></span> <span class='ocrx_word' id='word_1_235' title='bbox 1956 1854 2001 1873; x_wconf 82' lang='lat'><strong>&quot;</strong></span> <span class='ocrx_word' id='word_1_236' title='bbox 2030 1857 2263 1929; x_wconf 78' lang='lat' dir='ltr'><strong>rum(l).</strong></span> <span class='ocrx_word' id='word_1_237' title='bbox 2277 1856 2389 1912; x_wconf 90' lang='lat' dir='ltr'><strong>Sub</strong></span> <span class='ocrx_word' id='word_1_238' title='bbox 2404 1855 2755 1912; x_wconf 81' lang='lat' dir='ltr'><strong>Basilioenim</strong></span> <span class='ocrx_word' id='word_1_239' title='bbox 2774 1854 3087 1923; x_wconf 72' lang='lat' dir='ltr'><strong>Macedone,</strong></span> <span class='ocrx_word' id='word_1_240' title='bbox 3105 1855 3362 1925; x_wconf 68' lang='lat' dir='ltr'><strong>etPliotio</strong></span> <span class='ocrx_word' id='word_1_241' title='bbox 3378 1858 3612 1928; x_wconf 76' lang='lat' dir='ltr'><strong>patriar-</strong></span> 
     </span>
    </p>
   </div>
   <div class='ocr_carea' id='block_1_33' title="bbox 349 1946 3608 2021">
    <p class='ocr_par' dir='ltr' id='par_1_33' title="bbox 349 1946 3608 2021">
     <span class='ocr_line' id='line_1_33' title="bbox 349 1946 3608 2021; baseline 0.001 -23"><span class='ocrx_word' id='word_1_242' title='bbox 349 1946 607 2011; x_wconf 88' lang='lat' dir='ltr'><strong>dicentis,</strong></span> <span class='ocrx_word' id='word_1_243' title='bbox 638 1948 922 2004; x_wconf 88' lang='lat' dir='ltr'><strong>nobiscum</strong></span> <span class='ocrx_word' id='word_1_244' title='bbox 955 1948 1067 2003; x_wconf 79' lang='lat' dir='ltr'><strong>fore</strong></span> <span class='ocrx_word' id='word_1_245' title='bbox 1095 1965 1269 2019; x_wconf 90' lang='lat' dir='ltr'><strong>usque</strong></span> <span class='ocrx_word' id='word_1_246' title='bbox 1304 1951 1369 2004; x_wconf 88' lang='lat' dir='ltr'><strong>ad</strong></span> <span class='ocrx_word' id='word_1_247' title='bbox 1391 1950 1922 2004; x_wconf 80' lang='lat' dir='ltr'><strong>consummationem</strong></span> <span class='ocrx_word' id='word_1_248' title='bbox 2030 1952 2155 2017; x_wconf 76' lang='lat' dir='ltr'><strong>clla,</strong></span> <span class='ocrx_word' id='word_1_249' title='bbox 2175 1959 2233 2005; x_wconf 89' lang='lat' dir='ltr'><strong>ut</strong></span> <span class='ocrx_word' id='word_1_250' title='bbox 2255 1951 2430 2015; x_wconf 83' lang='lat' dir='ltr'><strong>aiunt,</strong></span> <span class='ocrx_word' id='word_1_251' title='bbox 2450 1949 2663 2021; x_wconf 85' lang='lat' dir='ltr'><strong>incipit,</strong></span> <span class='ocrx_word' id='word_1_252' title='bbox 2687 1949 2940 2019; x_wconf 82' lang='lat' dir='ltr'><strong>aquibus</strong></span> <span class='ocrx_word' id='word_1_253' title='bbox 2964 1949 3204 2004; x_wconf 89' lang='lat' dir='ltr'><strong>nondum</strong></span> <span class='ocrx_word' id='word_1_254' title='bbox 3225 1949 3608 2019; x_wconf 69' lang='lat' dir='ltr'><strong>praedictorum</strong></span> 
     </span>
    </p>
   </div>
   <div class='ocr_carea' id='block_1_34' title="bbox 353 2039 3609 2113">
    <p class='ocr_par' dir='ltr' id='par_1_34' title="bbox 353 2039 3609 2113">
     <span class='ocr_line' id='line_1_34' title="bbox 353 2039 3609 2113; baseline -0 -20"><span class='ocrx_word' id='word_1_255' title='bbox 353 2040 537 2093; x_wconf 71' lang='lat' dir='ltr'><strong>muli</strong></span> <span class='ocrx_word' id='word_1_256' title='bbox 565 2058 578 2093; x_wconf 94' lang='lat'><strong>:</strong></span> <span class='ocrx_word' id='word_1_257' title='bbox 605 2050 660 2094; x_wconf 89' lang='lat' dir='ltr'><strong>et</strong></span> <span class='ocrx_word' id='word_1_258' title='bbox 686 2050 871 2109; x_wconf 85' lang='lat' dir='ltr'><strong>portas</strong></span> <span class='ocrx_word' id='word_1_259' title='bbox 909 2040 1113 2097; x_wconf 80' lang='lat' dir='ltr'><strong>inferni</strong></span> <span class='ocrx_word' id='word_1_260' title='bbox 1158 2043 1383 2097; x_wconf 88' lang='lat' dir='ltr'><strong>minime</strong></span> <span class='ocrx_word' id='word_1_261' title='bbox 1420 2042 1796 2113; x_wconf 65' lang='lat' dir='ltr'><strong>praevalituras</strong></span> <span class='ocrx_word' id='word_1_262' title='bbox 1827 2042 1926 2097; x_wconf 89' lang='lat' dir='ltr'><strong>ad-</strong></span> <span class='ocrx_word' id='word_1_263' title='bbox 2033 2060 2301 2100; x_wconf 89' lang='lat' dir='ltr'><strong>annorum</strong></span> <span class='ocrx_word' id='word_1_264' title='bbox 2330 2051 2687 2099; x_wconf 87' lang='lat' dir='ltr'><strong>numerusest</strong></span> <span class='ocrx_word' id='word_1_265' title='bbox 2712 2042 3038 2112; x_wconf 90' lang='lat' dir='ltr'><strong>completus.</strong></span> <span class='ocrx_word' id='word_1_266' title='bbox 3062 2040 3308 2096; x_wconf 83' lang='lat' dir='ltr'><strong>Ecclesia</strong></span> <span class='ocrx_word' id='word_1_267' title='bbox 3339 2056 3469 2096; x_wconf 85' lang='lat' dir='ltr'><strong>vero</strong></span> <span class='ocrx_word' id='word_1_268' title='bbox 3498 2039 3609 2093; x_wconf 72' lang='lat' dir='ltr'><strong>llo-</strong></span> 
     </span>
    </p>
   </div>
   <div class='ocr_carea' id='block_1_35' title="bbox 353 2128 3609 2215">
    <p class='ocr_par' dir='ltr' id='par_1_35' title="bbox 353 2128 3609 2215">
     <span class='ocr_line' id='line_1_35' title="bbox 353 2128 3609 2215; baseline 0.002 -34"><span class='ocrx_word' id='word_1_269' title='bbox 353 2144 546 2185; x_wconf 84' lang='lat' dir='ltr'><strong>versus</strong></span> <span class='ocrx_word' id='word_1_270' title='bbox 568 2128 866 2215; x_wconf 75' lang='lat' dir='ltr'><strong>Ecclesiam</strong></span> <span class='ocrx_word' id='word_1_271' title='bbox 916 2148 1072 2199; x_wconf 89' lang='lat' dir='ltr'><strong>esse,</strong></span> <span class='ocrx_word' id='word_1_272' title='bbox 1125 2147 1180 2189; x_wconf 89' lang='lat' dir='ltr'><strong>et</strong></span> <span class='ocrx_word' id='word_1_273' title='bbox 1244 2130 1387 2188; x_wconf 80' lang='lat' dir='ltr'><strong>Petri</strong></span> <span class='ocrx_word' id='word_1_274' title='bbox 1427 2133 1585 2188; x_wconf 84' lang='lat' dir='ltr'><strong>iidem</strong></span> <span class='ocrx_word' id='word_1_275' title='bbox 1644 2149 1927 2203; x_wconf 85' lang='lat' dir='ltr'><strong>nunquam</strong></span> <span class='ocrx_word' id='word_1_276' title='bbox 2034 2152 2197 2191; x_wconf 86' lang='lat' dir='ltr'><strong>mana</strong></span> <span class='ocrx_word' id='word_1_277' title='bbox 2223 2146 2351 2191; x_wconf 89' lang='lat' dir='ltr'><strong>ante</strong></span> <span class='ocrx_word' id='word_1_278' title='bbox 2376 2136 2687 2191; x_wconf 90' lang='lat' dir='ltr'><strong>inchoatum</strong></span> <span class='ocrx_word' id='word_1_279' title='bbox 2710 2133 2947 2189; x_wconf 86' lang='lat' dir='ltr'><strong>schisma</strong></span> <span class='ocrx_word' id='word_1_280' title='bbox 2977 2132 3228 2203; x_wconf 88' lang='lat' dir='ltr'><strong>pluribus</strong></span> <span class='ocrx_word' id='word_1_281' title='bbox 3260 2148 3426 2204; x_wconf 87' lang='lat' dir='ltr'><strong>quam</strong></span> <span class='ocrx_word' id='word_1_282' title='bbox 3478 2149 3609 2203; x_wconf 56' lang='lat' dir='ltr'><strong>sepw</strong></span> 
     </span>
    </p>
   </div>
   <div class='ocr_carea' id='block_1_36' title="bbox 352 2223 3605 2298">
    <p class='ocr_par' dir='ltr' id='par_1_36' title="bbox 352 2223 3605 2298">
     <span class='ocr_line' id='line_1_36' title="bbox 352 2223 3605 2298; baseline 0.002 -22"><span class='ocrx_word' id='word_1_283' title='bbox 352 2223 584 2279; x_wconf 80' lang='lat' dir='ltr'><strong>deiicere</strong></span> <span class='ocrx_word' id='word_1_284' title='bbox 608 2242 620 2279; x_wconf 89' lang='lat'>:</span> <span class='ocrx_word' id='word_1_285' title='bbox 648 2225 792 2293; x_wconf 88' lang='lat' dir='ltr'><strong>quod</strong></span> <span class='ocrx_word' id='word_1_286' title='bbox 818 2226 985 2281; x_wconf 79' lang='lat' dir='ltr'><strong>etiam</strong></span> <span class='ocrx_word' id='word_1_287' title='bbox 1018 2228 1085 2282; x_wconf 87' lang='lat' dir='ltr'><strong>de</strong></span> <span class='ocrx_word' id='word_1_288' title='bbox 1117 2226 1375 2283; x_wconf 90' lang='lat' dir='ltr'><strong>omnibus</strong></span> <span class='ocrx_word' id='word_1_289' title='bbox 1403 2226 1548 2283; x_wconf 83' lang='lat' dir='ltr'><strong>Petri</strong></span> <span class='ocrx_word' id='word_1_290' title='bbox 1592 2228 1931 2283; x_wconf 85' lang='lat' dir='ltr'><strong>successori-</strong></span> <span class='ocrx_word' id='word_1_291' title='bbox 2037 2227 2293 2298; x_wconf 74' lang='lat' dir='ltr'><strong>tingentis</strong></span> <span class='ocrx_word' id='word_1_292' title='bbox 2328 2226 2486 2282; x_wconf 91' lang='lat' dir='ltr'><strong>annis</strong></span> <span class='ocrx_word' id='word_1_293' title='bbox 2516 2241 2613 2297; x_wconf 89' lang='lat' dir='ltr'><strong>per</strong></span> <span class='ocrx_word' id='word_1_294' title='bbox 2632 2241 2821 2298; x_wconf 80' lang='lat' dir='ltr'><strong>azyma</strong></span> <span class='ocrx_word' id='word_1_295' title='bbox 2846 2226 3172 2282; x_wconf 76' lang='lat' dir='ltr'><strong>conﬁciebat</strong></span> <span class='ocrx_word' id='word_1_296' title='bbox 3194 2228 3605 2283; x_wconf 84' lang='lat' dir='ltr'><strong>sanctissimam</strong></span> 
     </span>
    </p>
   </div>
   <div class='ocr_carea' id='block_1_37' title="bbox 354 2314 3609 2391">
    <p class='ocr_par' dir='ltr' id='par_1_37' title="bbox 354 2314 3609 2391">
     <span class='ocr_line' id='line_1_37' title="bbox 354 2314 3609 2391; baseline -0 -20"><span class='ocrx_word' id='word_1_297' title='bbox 354 2314 461 2371; x_wconf 87' lang='lat' dir='ltr'><strong>bus</strong></span> <span class='ocrx_word' id='word_1_298' title='bbox 497 2317 549 2372; x_wconf 89' lang='lat' dir='ltr'><strong>in</strong></span> <span class='ocrx_word' id='word_1_299' title='bbox 582 2319 1045 2389; x_wconf 84' lang='lat' dir='ltr'><strong>consequentibus</strong></span> <span class='ocrx_word' id='word_1_300' title='bbox 1092 2320 1426 2389; x_wconf 89' lang='lat' dir='ltr'><strong>temporibus</strong></span> <span class='ocrx_word' id='word_1_301' title='bbox 1455 2320 1681 2391; x_wconf 75' lang='lat' dir='ltr'><strong>intelligi</strong></span> <span class='ocrx_word' id='word_1_302' title='bbox 1706 2322 1930 2389; x_wconf 78' lang='lat' dir='ltr'><strong>dignum</strong></span> <span class='ocrx_word' id='word_1_303' title='bbox 2031 2315 2274 2371; x_wconf 80' lang='lat' dir='ltr'><strong>Teletam</strong></span> <span class='ocrx_word' id='word_1_304' title='bbox 2317 2315 2415 2388; x_wconf 75' lang='lat'><strong>(&#39;2).</strong></span> <span class='ocrx_word' id='word_1_305' title='bbox 2448 2315 2763 2371; x_wconf 79' lang='lat' dir='ltr'><strong>Alexander</strong></span> <span class='ocrx_word' id='word_1_306' title='bbox 2806 2315 2952 2370; x_wconf 83' lang='lat' dir='ltr'><strong>enim</strong></span> <span class='ocrx_word' id='word_1_307' title='bbox 3016 2314 3299 2372; x_wconf 81' lang='lat' dir='ltr'><strong>Romanus</strong></span> <span class='ocrx_word' id='word_1_308' title='bbox 3339 2316 3609 2387; x_wconf 81' lang='lat' dir='ltr'><strong>pontifex,</strong></span> 
     </span>
    </p>
   </div>
   <div class='ocr_carea' id='block_1_38' title="bbox 351 2408 3607 2482">
    <p class='ocr_par' dir='ltr' id='par_1_38' title="bbox 351 2408 3607 2482">
     <span class='ocr_line' id='line_1_38' title="bbox 351 2408 3607 2482; baseline 0 -20"><span class='ocrx_word' id='word_1_309' title='bbox 351 2417 437 2462; x_wconf 85' lang='lat' dir='ltr'><strong>est</strong></span> <span class='ocrx_word' id='word_1_310' title='bbox 469 2408 748 2465; x_wconf 88' lang='lat' dir='ltr'><strong>Dominica</strong></span> <span class='ocrx_word' id='word_1_311' title='bbox 818 2412 1086 2477; x_wconf 88' lang='lat' dir='ltr'><strong>oratione,</strong></span> <span class='ocrx_word' id='word_1_312' title='bbox 1130 2412 1397 2482; x_wconf 83' lang='lat' dir='ltr'><strong>siquidem</strong></span> <span class='ocrx_word' id='word_1_313' title='bbox 1445 2420 1659 2479; x_wconf 86' lang='lat' dir='ltr'><strong>oportet</strong></span> <span class='ocrx_word' id='word_1_314' title='bbox 1706 2412 1933 2467; x_wconf 82' lang='lat' dir='ltr'><strong>credere</strong></span> <span class='ocrx_word' id='word_1_315' title='bbox 2030 2412 2123 2481; x_wconf 89' lang='lat' dir='ltr'><strong>qui</strong></span> <span class='ocrx_word' id='word_1_316' title='bbox 2167 2411 2269 2465; x_wconf 89' lang='lat' dir='ltr'><strong>sub</strong></span> <span class='ocrx_word' id='word_1_317' title='bbox 2303 2410 2545 2465; x_wconf 79' lang='lat' dir='ltr'><strong>Adriano</strong></span> <span class='ocrx_word' id='word_1_318' title='bbox 2574 2409 2813 2478; x_wconf 75' lang='lat' dir='ltr'><strong>glorioso</strong></span> <span class='ocrx_word' id='word_1_319' title='bbox 2854 2412 3119 2479; x_wconf 83' lang='lat' dir='ltr'><strong>martyrio</strong></span> <span class='ocrx_word' id='word_1_320' title='bbox 3183 2411 3351 2465; x_wconf 83' lang='lat' dir='ltr'><strong>vitam</strong></span> <span class='ocrx_word' id='word_1_321' title='bbox 3413 2411 3607 2471; x_wconf 80' lang='lat' dir='ltr'><strong>linim,</strong></span> 
     </span>
    </p>
   </div>
   <div class='ocr_carea' id='block_1_39' title="bbox 356 2500 3609 2576">
    <p class='ocr_par' dir='ltr' id='par_1_39' title="bbox 356 2500 3609 2576">
     <span class='ocr_line' id='line_1_39' title="bbox 356 2500 3609 2576; baseline 0.001 -21"><span class='ocrx_word' id='word_1_322' title='bbox 356 2516 615 2572; x_wconf 78' lang='lat' dir='ltr'><strong>magnum</strong></span> <span class='ocrx_word' id='word_1_323' title='bbox 638 2503 841 2571; x_wconf 81' lang='lat' dir='ltr'><strong>aliquid</strong></span> <span class='ocrx_word' id='word_1_324' title='bbox 872 2520 1013 2572; x_wconf 86' lang='lat' dir='ltr'><strong>esse,</strong></span> <span class='ocrx_word' id='word_1_325' title='bbox 1048 2506 1192 2576; x_wconf 90' lang='lat' dir='ltr'><strong>quod</strong></span> <span class='ocrx_word' id='word_1_326' title='bbox 1226 2520 1291 2560; x_wconf 86' lang='lat' dir='ltr'><strong>ex</strong></span> <span class='ocrx_word' id='word_1_327' title='bbox 1324 2520 1385 2559; x_wconf 90' lang='lat' dir='ltr'><strong>ea</strong></span> <span class='ocrx_word' id='word_1_328' title='bbox 1423 2506 1674 2560; x_wconf 73' lang='lat' dir='ltr'><strong>effectum</strong></span> <span class='ocrx_word' id='word_1_329' title='bbox 1718 2514 1824 2560; x_wconf 85' lang='lat' dir='ltr'><strong>est.</strong></span> <span class='ocrx_word' id='word_1_330' title='bbox 1867 2511 1873 2517; x_wconf 84' lang='lat'>&#39;</span> <span class='ocrx_word' id='word_1_331' title='bbox 2033 2504 2275 2558; x_wconf 87' lang='lat' dir='ltr'><strong>hostiam</strong></span> <span class='ocrx_word' id='word_1_332' title='bbox 2330 2503 2399 2557; x_wconf 80' lang='lat' dir='ltr'><strong>de</strong></span> <span class='ocrx_word' id='word_1_333' title='bbox 2446 2517 2639 2573; x_wconf 80' lang='lat' dir='ltr'><strong>azymo</strong></span> <span class='ocrx_word' id='word_1_334' title='bbox 2669 2502 2746 2573; x_wconf 79' lang='grc'><strong>(5)</strong></span> <span class='ocrx_word' id='word_1_335' title='bbox 2799 2502 3057 2557; x_wconf 73' lang='lat' dir='ltr'><strong>Ecclesia:</strong></span> <span class='ocrx_word' id='word_1_336' title='bbox 3100 2500 3362 2557; x_wconf 67' lang='lat' dir='ltr'><strong>Romana:</strong></span> <span class='ocrx_word' id='word_1_337' title='bbox 3393 2503 3609 2558; x_wconf 85' lang='lat' dir='ltr'><strong>statuit.</strong></span> 
     </span>
    </p>
   </div>
   <div class='ocr_carea' id='block_1_40' title="bbox 431 2592 3621 2666">
    <p class='ocr_par' dir='ltr' id='par_1_40' title="bbox 431 2592 3621 2666">
     <span class='ocr_line' id='line_1_40' title="bbox 431 2592 3621 2666; baseline 0.001 -19"><span class='ocrx_word' id='word_1_338' title='bbox 431 2592 505 2648; x_wconf 85' lang='lat' dir='ltr'><strong>Ex</strong></span> <span class='ocrx_word' id='word_1_339' title='bbox 543 2594 631 2651; x_wconf 86' lang='lat' dir='ltr'><strong>bis</strong></span> <span class='ocrx_word' id='word_1_340' title='bbox 662 2594 829 2666; x_wconf 80' lang='lat' dir='ltr'><strong>igitur</strong></span> <span class='ocrx_word' id='word_1_341' title='bbox 876 2605 928 2651; x_wconf 87' lang='lat' dir='ltr'><strong>et</strong></span> <span class='ocrx_word' id='word_1_342' title='bbox 958 2595 1273 2662; x_wconf 72' lang='lat' dir='ltr'><strong>huiusmodi</strong></span> <span class='ocrx_word' id='word_1_343' title='bbox 1305 2596 1609 2653; x_wconf 87' lang='lat' dir='ltr'><strong>rationibus</strong></span> <span class='ocrx_word' id='word_1_344' title='bbox 1640 2611 1749 2651; x_wconf 91' lang='lat' dir='ltr'><strong>non</strong></span> <span class='ocrx_word' id='word_1_345' title='bbox 1801 2609 1933 2665; x_wconf 85' lang='lat' dir='ltr'><strong>pos-</strong></span> <span class='ocrx_word' id='word_1_346' title='bbox 2037 2596 2167 2650; x_wconf 86' lang='lat' dir='ltr'><strong>Post</strong></span> <span class='ocrx_word' id='word_1_347' title='bbox 2200 2610 2363 2664; x_wconf 89' lang='lat' dir='ltr'><strong>quem</strong></span> <span class='ocrx_word' id='word_1_348' title='bbox 2414 2610 2523 2649; x_wconf 88' lang='lat' dir='ltr'><strong>non</strong></span> <span class='ocrx_word' id='word_1_349' title='bbox 2564 2610 2770 2665; x_wconf 88' lang='lat' dir='ltr'><strong>paucos</strong></span> <span class='ocrx_word' id='word_1_350' title='bbox 2819 2596 3094 2651; x_wconf 78' lang='lat' dir='ltr'><strong>Bouianos</strong></span> <span class='ocrx_word' id='word_1_351' title='bbox 3140 2594 3421 2666; x_wconf 81' lang='lat' dir='ltr'><strong>pontiﬁces</strong></span> <span class='ocrx_word' id='word_1_352' title='bbox 3470 2594 3621 2649; x_wconf 84' lang='lat' dir='ltr'><strong>Deus</strong></span> 
     </span>
    </p>
   </div>
   <div class='ocr_carea' id='block_1_41' title="bbox 354 2686 3613 2758">
    <p class='ocr_par' dir='ltr' id='par_1_41' title="bbox 354 2686 3613 2758">
     <span class='ocr_line' id='line_1_41' title="bbox 354 2686 3613 2758; baseline 0.001 -18"><span class='ocrx_word' id='word_1_353' title='bbox 354 2700 476 2740; x_wconf 90' lang='lat' dir='ltr'><strong>sum</strong></span> <span class='ocrx_word' id='word_1_354' title='bbox 499 2686 791 2749; x_wconf 77' lang='lat' dir='ltr'><strong>:estimare,</strong></span> <span class='ocrx_word' id='word_1_355' title='bbox 822 2686 967 2755; x_wconf 85' lang='lat' dir='ltr'><strong>quod</strong></span> <span class='ocrx_word' id='word_1_356' title='bbox 1000 2686 1208 2742; x_wconf 73' lang='lat' dir='ltr'><strong>Latinis</strong></span> <span class='ocrx_word' id='word_1_357' title='bbox 1230 2687 1497 2743; x_wconf 71' lang='lat' dir='ltr'><strong>inhaeresi</strong></span> <span class='ocrx_word' id='word_1_358' title='bbox 1526 2701 1633 2743; x_wconf 87' lang='lat' dir='ltr'><strong>non</strong></span> <span class='ocrx_word' id='word_1_359' title='bbox 1657 2686 1931 2743; x_wconf 81' lang='lat' dir='ltr'><strong>cxsisten-</strong></span> <span class='ocrx_word' id='word_1_360' title='bbox 2035 2688 2235 2743; x_wconf 89' lang='lat' dir='ltr'><strong>virtute</strong></span> <span class='ocrx_word' id='word_1_361' title='bbox 2264 2696 2321 2742; x_wconf 92' lang='lat' dir='ltr'><strong>et</strong></span> <span class='ocrx_word' id='word_1_362' title='bbox 2343 2688 2625 2758; x_wconf 83' lang='lat' dir='ltr'><strong>martyrio,</strong></span> <span class='ocrx_word' id='word_1_363' title='bbox 2678 2696 2734 2742; x_wconf 90' lang='lat' dir='ltr'><strong>et</strong></span> <span class='ocrx_word' id='word_1_364' title='bbox 2778 2688 3065 2745; x_wconf 87' lang='lat' dir='ltr'><strong>miraculis</strong></span> <span class='ocrx_word' id='word_1_365' title='bbox 3125 2689 3458 2758; x_wconf 75' lang='lat' dir='ltr'><strong>glornﬂcavit</strong></span> <span class='ocrx_word' id='word_1_366' title='bbox 3482 2706 3513 2742; x_wconf 65' lang='lat' dir='ltr'><strong>:z</strong></span> <span class='ocrx_word' id='word_1_367' title='bbox 3550 2698 3613 2742; x_wconf 90' lang='lat' dir='ltr'><strong>ut</strong></span> 
     </span>
    </p>
   </div>
   <div class='ocr_carea' id='block_1_42' title="bbox 356 2778 3626 2850">
    <p class='ocr_par' dir='ltr' id='par_1_42' title="bbox 356 2778 3626 2850">
     <span class='ocr_line' id='line_1_42' title="bbox 356 2778 3626 2850; baseline 0.002 -20"><span class='ocrx_word' id='word_1_368' title='bbox 356 2778 539 2845; x_wconf 81' lang='lat' dir='ltr'><strong>libus,</strong></span> <span class='ocrx_word' id='word_1_369' title='bbox 574 2778 975 2836; x_wconf 81' lang='lat' dir='ltr'><strong>rationabiliter</strong></span> <span class='ocrx_word' id='word_1_370' title='bbox 1025 2779 1081 2835; x_wconf 91' lang='lat' dir='ltr'><strong>bi</strong></span> <span class='ocrx_word' id='word_1_371' title='bbox 1116 2780 1335 2836; x_wconf 88' lang='lat' dir='ltr'><strong>illorum</strong></span> <span class='ocrx_word' id='word_1_372' title='bbox 1389 2779 1634 2837; x_wconf 76' lang='lat' dir='ltr'><strong>devitant</strong></span> <span class='ocrx_word' id='word_1_373' title='bbox 1678 2794 1933 2836; x_wconf 83' lang='lat' dir='ltr'><strong>commu-</strong></span> <span class='ocrx_word' id='word_1_374' title='bbox 2034 2779 2198 2834; x_wconf 86' lang='lat' dir='ltr'><strong>etiam</strong></span> <span class='ocrx_word' id='word_1_375' title='bbox 2226 2787 2469 2850; x_wconf 66' lang='lat' dir='ltr'><strong>utraque</strong></span> <span class='ocrx_word' id='word_1_376' title='bbox 2491 2788 2676 2850; x_wconf 85' lang='lat' dir='ltr'><strong>partes</strong></span> <span class='ocrx_word' id='word_1_377' title='bbox 2706 2780 2763 2835; x_wconf 88' lang='lat' dir='ltr'><strong>in</strong></span> <span class='ocrx_word' id='word_1_378' title='bbox 2822 2781 3031 2837; x_wconf 83' lang='lat' dir='ltr'><strong>sanctis</strong></span> <span class='ocrx_word' id='word_1_379' title='bbox 3086 2796 3183 2837; x_wconf 90' lang='lat' dir='ltr'><strong>eos</strong></span> <span class='ocrx_word' id='word_1_380' title='bbox 3247 2795 3626 2837; x_wconf 69' lang='lat' dir='ltr'><strong>connumera-</strong></span> 
     </span>
    </p>
   </div>
   <div class='ocr_carea' id='block_1_43' title="bbox 1472 2918 2485 2978">
    <p class='ocr_par' dir='ltr' id='par_1_43' title="bbox 1472 2918 2485 2978">
     <span class='ocr_line' id='line_1_43' title="bbox 1472 2918 2485 2978; baseline 0.001 -3"><span class='ocrx_word' id='word_1_381' title='bbox 1472 2918 1823 2976; x_wconf 71' lang='lat' dir='ltr'><strong>BARLAAMI</strong></span> <span class='ocrx_word' id='word_1_382' title='bbox 1849 2918 2125 2976; x_wconf 78' lang='lat' dir='ltr'><strong>CONTRA</strong></span> <span class='ocrx_word' id='word_1_383' title='bbox 2161 2920 2485 2978; x_wconf 76' lang='lat' dir='ltr'><strong>LATINOS.</strong></span> 
     </span>
    </p>
   </div>
   <div class='ocr_carea' id='block_1_44' title="bbox 351 3060 3610 3138">
    <p class='ocr_par' dir='ltr' id='par_1_44' title="bbox 351 3060 3610 3138">
     <span class='ocr_line' id='line_1_44' title="bbox 351 3060 3610 3138; baseline -0.001 -17"><span class='ocrx_word' id='word_1_384' title='bbox 351 3085 463 3122; x_wconf 85' lang='grc' dir='ltr'>των</span> <span class='ocrx_word' id='word_1_385' title='bbox 490 3065 680 3138; x_wconf 77' lang='grc' dir='ltr'>ἄρχειν</span> <span class='ocrx_word' id='word_1_386' title='bbox 706 3064 797 3119; x_wconf 85' lang='grc' dir='ltr'><strong>τδν</strong></span> <span class='ocrx_word' id='word_1_387' title='bbox 825 3065 1015 3119; x_wconf 50' lang='lat' dir='ltr'><strong>irim»:</strong></span> <span class='ocrx_word' id='word_1_388' title='bbox 1041 3062 1309 3126; x_wconf 73' lang='grc' dir='ltr'>κελεύεις,</span> <span class='ocrx_word' id='word_1_389' title='bbox 1356 3061 1451 3116; x_wconf 73' lang='grc' dir='ltr'>καὶ</span> <span class='ocrx_word' id='word_1_390' title='bbox 1480 3060 1611 3124; x_wconf 70' lang='grc' dir='ltr'>τοῦς</span> <span class='ocrx_word' id='word_1_391' title='bbox 1660 3060 1764 3132; x_wconf 71' lang='grc' dir='ltr'>μὶν</span> <span class='ocrx_word' id='word_1_392' title='bbox 1808 3060 1907 3115; x_wconf 79' lang='grc' dir='ltr'><strong>ἄλ·</strong></span> <span class='ocrx_word' id='word_1_393' title='bbox 1950 3062 1997 3127; x_wconf 83' lang='lat' dir='ltr'><strong><em>C</em></strong></span> <span class='ocrx_word' id='word_1_394' title='bbox 2028 3060 2387 3133; x_wconf 75' lang='grc' dir='ltr'><strong>ψηφιζόμεθα</strong></span> <span class='ocrx_word' id='word_1_395' title='bbox 2437 3066 2568 3134; x_wconf 79' lang='grc' dir='ltr'><strong>περὶ</strong></span> <span class='ocrx_word' id='word_1_396' title='bbox 2610 3065 2720 3119; x_wconf 83' lang='grc' dir='ltr'>τῶν</span> <span class='ocrx_word' id='word_1_397' title='bbox 2773 3063 3084 3134; x_wconf 81' lang='grc' dir='ltr'>πρεσϐείων</span> <span class='ocrx_word' id='word_1_398' title='bbox 3136 3064 3235 3132; x_wconf 82' lang='grc' dir='ltr'>τῆς</span> <span class='ocrx_word' id='word_1_399' title='bbox 3299 3065 3610 3135; x_wconf 75' lang='grc' dir='ltr'><strong>ἁγιωτάτης</strong></span> 
     </span>
    </p>
   </div>
   <div class='ocr_carea' id='block_1_45' title="bbox 350 3153 1924 3227">
    <p class='ocr_par' dir='ltr' id='par_1_45' title="bbox 350 3153 1924 3227">
     <span class='ocr_line' id='line_1_45' title="bbox 350 3153 1924 3227; baseline -0.003 -16"><span class='ocrx_word' id='word_1_400' title='bbox 350 3158 479 3221; x_wconf 76' lang='grc' dir='ltr'>λους</span> <span class='ocrx_word' id='word_1_401' title='bbox 505 3158 673 3213; x_wconf 68' lang='grc' dir='ltr'>αὐτὸν</span> <span class='ocrx_word' id='word_1_402' title='bbox 710 3157 1067 3227; x_wconf 73' lang='grc' dir='ltr'>ιπανορθοῦν,</span> <span class='ocrx_word' id='word_1_403' title='bbox 1102 3157 1271 3212; x_wconf 78' lang='grc' dir='ltr'>αὐτὸν</span> <span class='ocrx_word' id='word_1_404' title='bbox 1316 3154 1373 3209; x_wconf 78' lang='grc' dir='ltr'>δὲ</span> <span class='ocrx_word' id='word_1_405' title='bbox 1396 3154 1490 3209; x_wconf 77' lang='grc' dir='ltr'><strong>ὑπ’</strong></span> <span class='ocrx_word' id='word_1_406' title='bbox 1527 3153 1774 3220; x_wconf 74' lang='grc' dir='ltr'>οὐδενὸς.</span> <span class='ocrx_word' id='word_1_407' title='bbox 1822 3153 1924 3208; x_wconf 71' lang='grc' dir='ltr'>καὶ</span> 
     </span>
    </p>
   </div>
   <div class='ocr_carea' id='block_1_46' title="bbox 354 3249 1459 3324">
    <p class='ocr_par' dir='ltr' id='par_1_46' title="bbox 354 3249 1459 3324">
     <span class='ocr_line' id='line_1_46' title="bbox 354 3249 1459 3324; baseline -0.003 -18"><span class='ocrx_word' id='word_1_408' title='bbox 354 3252 667 3324; x_wconf 79' lang='grc' dir='ltr'>πράττοντα</span> <span class='ocrx_word' id='word_1_409' title='bbox 694 3249 875 3305; x_wconf 76' lang='grc' dir='ltr'>ὁτιοῦν</span> <span class='ocrx_word' id='word_1_410' title='bbox 901 3251 997 3305; x_wconf 80' lang='grc' dir='ltr'>καὶ</span> <span class='ocrx_word' id='word_1_411' title='bbox 1018 3250 1459 3318; x_wconf 75' lang='grc' dir='ltr'>δογματίζοντας</span> 
     </span>
    </p>
   </div>
   <div class='ocr_carea' id='block_1_47' title="bbox 974 3340 1328 3397">
    <p class='ocr_par' dir='ltr' id='par_1_47' title="bbox 974 3340 1328 3397">
     <span class='ocr_line' id='line_1_47' title="bbox 974 3340 1328 3397; baseline 0 0"><span class='ocrx_word' id='word_1_412' title='bbox 974 3342 1226 3397; x_wconf 73' lang='grc' dir='ltr'><strong>ΚΕΦᾹΔ.</strong></span> <span class='ocrx_word' id='word_1_413' title='bbox 1257 3340 1328 3397; x_wconf 82' lang='lat' dir='ltr'><strong>A&#39;.</strong></span> 
     </span>
    </p>
   </div>
   <div class='ocr_carea' id='block_1_48' title="bbox 427 3437 1941 3508">
    <p class='ocr_par' dir='ltr' id='par_1_48' title="bbox 427 3437 1941 3508">
     <span class='ocr_line' id='line_1_48' title="bbox 427 3437 1941 3508; baseline -0.003 -15"><span class='ocrx_word' id='word_1_414' title='bbox 427 3439 677 3493; x_wconf 64' lang='grc' dir='ltr'>Μάλιστα</span> <span class='ocrx_word' id='word_1_415' title='bbox 706 3438 761 3492; x_wconf 73' lang='grc' dir='ltr'>δὲ</span> <span class='ocrx_word' id='word_1_416' title='bbox 799 3439 1035 3507; x_wconf 71' lang='grc' dir='ltr'>φανερὸν</span> <span class='ocrx_word' id='word_1_417' title='bbox 1070 3439 1155 3491; x_wconf 78' lang='grc' dir='ltr'>ὅτι</span> <span class='ocrx_word' id='word_1_418' title='bbox 1198 3437 1434 3508; x_wconf 74' lang='grc' dir='ltr'>ὕστερον</span> <span class='ocrx_word' id='word_1_419' title='bbox 1481 3438 1588 3491; x_wconf 77' lang='grc' dir='ltr'><strong>ὑπὸ</strong></span> <span class='ocrx_word' id='word_1_420' title='bbox 1622 3438 1731 3491; x_wconf 82' lang='grc' dir='ltr'><strong>τῶν</strong></span> <span class='ocrx_word' id='word_1_421' title='bbox 1768 3437 1941 3506; x_wconf 69' lang='grc' dir='ltr'>ἁγίων</span> 
     </span>
    </p>
   </div>
   <div class='ocr_carea' id='block_1_49' title="bbox 356 3527 1943 3600">
    <p class='ocr_par' dir='ltr' id='par_1_49' title="bbox 356 3527 1943 3600">
     <span class='ocr_line' id='line_1_49' title="bbox 356 3527 1943 3600; baseline -0.003 -15"><span class='ocrx_word' id='word_1_422' title='bbox 356 3531 624 3600; x_wconf 77' lang='grc' dir='ltr'>Πατέρων</span> <span class='ocrx_word' id='word_1_423' title='bbox 661 3530 755 3584; x_wconf 69' lang='grc' dir='ltr'>καὶ</span> <span class='ocrx_word' id='word_1_424' title='bbox 786 3531 897 3582; x_wconf 86' lang='grc' dir='ltr'><strong>τῶν</strong></span> <span class='ocrx_word' id='word_1_425' title='bbox 918 3528 1342 3583; x_wconf 79' lang='grc' dir='ltr'>εὐσεϐεστάτων</span> <span class='ocrx_word' id='word_1_426' title='bbox 1394 3528 1665 3598; x_wconf 81' lang='grc' dir='ltr'>βασιλέων</span> <span class='ocrx_word' id='word_1_427' title='bbox 1723 3527 1943 3600; x_wconf 76' lang='grc' dir='ltr'>πρῶτος</span> 
     </span>
    </p>
   </div>
   <div class='ocr_carea' id='block_1_50' title="bbox 356 3613 1942 3695">
    <p class='ocr_par' dir='ltr' id='par_1_50' title="bbox 356 3613 1942 3695">
     <span class='ocr_line' id='line_1_50' title="bbox 356 3613 1942 3695; baseline -0.004 -19"><span class='ocrx_word' id='word_1_428' title='bbox 356 3624 552 3695; x_wconf 68' lang='grc' dir='ltr'>θρόνος</span> <span class='ocrx_word' id='word_1_429' title='bbox 598 3621 817 3690; x_wconf 67' lang='grc' dir='ltr'>ἐγένετο</span> <span class='ocrx_word' id='word_1_430' title='bbox 869 3620 897 3671; x_wconf 87' lang='lat'><strong>6</strong></span> <span class='ocrx_word' id='word_1_431' title='bbox 938 3619 1183 3690; x_wconf 85' lang='grc' dir='ltr'>Ῥώμης,</span> <span class='ocrx_word' id='word_1_432' title='bbox 1220 3619 1315 3672; x_wconf 76' lang='grc' dir='ltr'>καὶ</span> <span class='ocrx_word' id='word_1_433' title='bbox 1364 3621 1421 3685; x_wconf 77' lang='grc' dir='ltr'>ἐξ</span> <span class='ocrx_word' id='word_1_434' title='bbox 1454 3613 1530 3673; x_wconf 79' lang='grc' dir='ltr'><strong>ὧν</strong></span> <span class='ocrx_word' id='word_1_435' title='bbox 1591 3618 1749 3673; x_wconf 77' lang='grc' dir='ltr'>αὐτοὶ</span> <span class='ocrx_word' id='word_1_436' title='bbox 1784 3616 1942 3671; x_wconf 81' lang='grc' dir='ltr'>τοῦτο</span> 
     </span>
    </p>
   </div>
   <div class='ocr_carea' id='block_1_51' title="bbox 356 3688 1940 3785">
    <p class='ocr_par' dir='ltr' id='par_1_51' title="bbox 356 3688 1940 3785">
     <span class='ocr_line' id='line_1_51' title="bbox 356 3688 1940 3785; baseline -0.003 -16"><span class='ocrx_word' id='word_1_437' title='bbox 356 3688 779 3785; x_wconf 57' lang='grc' dir='ltr'>ιινομοδέτησαν.</span> <span class='ocrx_word' id='word_1_438' title='bbox 810 3695 869 3766; x_wconf 76' lang='lat' dir='ltr'><strong>El</strong></span> <span class='ocrx_word' id='word_1_439' title='bbox 898 3712 1010 3782; x_wconf 69' lang='grc' dir='ltr'>γὰρ</span> <span class='ocrx_word' id='word_1_440' title='bbox 1040 3688 1127 3784; x_wconf 77' lang='grc' dir='ltr'>ἦν</span> <span class='ocrx_word' id='word_1_441' title='bbox 1166 3712 1435 3782; x_wconf 85' lang='grc' dir='ltr'>πρότερον</span> <span class='ocrx_word' id='word_1_442' title='bbox 1475 3710 1713 3783; x_wconf 84' lang='grc' dir='ltr'>πρῶτος,</span> <span class='ocrx_word' id='word_1_443' title='bbox 1772 3710 1868 3765; x_wconf 76' lang='grc' dir='ltr'>καὶ</span> <span class='ocrx_word' id='word_1_444' title='bbox 1911 3712 1940 3764; x_wconf 89' lang='lat'><strong>6</strong></span> 
     </span>
    </p>
   </div>
   <div class='ocr_carea' id='block_1_52' title="bbox 357 3797 1947 3876">
    <p class='ocr_par' dir='ltr' id='par_1_52' title="bbox 357 3797 1947 3876">
     <span class='ocr_line' id='line_1_52' title="bbox 357 3797 1947 3876; baseline 0.001 -20"><span class='ocrx_word' id='word_1_445' title='bbox 357 3805 657 3868; x_wconf 79' lang='grc' dir='ltr'><strong>ἐπίσκοπος</strong></span> <span class='ocrx_word' id='word_1_446' title='bbox 693 3803 1030 3873; x_wconf 87' lang='grc' dir='ltr'>Ῥώμης.ποι</span> <span class='ocrx_word' id='word_1_447' title='bbox 1041 3803 1150 3876; x_wconf 81' lang='grc' dir='ltr'>μὴν</span> <span class='ocrx_word' id='word_1_448' title='bbox 1181 3804 1514 3871; x_wconf 83' lang='grc' dir='ltr'><strong>οἰκουμένης</strong></span> <span class='ocrx_word' id='word_1_449' title='bbox 1534 3797 1628 3872; x_wconf 77' lang='grc' dir='ltr'><strong>ἦν,</strong></span> <span class='ocrx_word' id='word_1_450' title='bbox 1658 3802 1947 3868; x_wconf 76' lang='grc' dir='ltr'>καταστὰς</span> 
     </span>
    </p>
   </div>
   <div class='ocr_carea' id='block_1_53' title="bbox 357 3895 1946 3968">
    <p class='ocr_par' dir='ltr' id='par_1_53' title="bbox 357 3895 1946 3968">
     <span class='ocr_line' id='line_1_53' title="bbox 357 3895 1946 3968; baseline -0.002 -15"><span class='ocrx_word' id='word_1_451' title='bbox 357 3900 465 3953; x_wconf 71' lang='grc' dir='ltr'><strong>ὑπὸ</strong></span> <span class='ocrx_word' id='word_1_452' title='bbox 497 3897 592 3953; x_wconf 80' lang='grc' dir='ltr'>τοῦ</span> <span class='ocrx_word' id='word_1_453' title='bbox 646 3897 790 3951; x_wconf 87' lang='grc' dir='ltr'>θείου</span> <span class='ocrx_word' id='word_1_454' title='bbox 819 3899 1031 3968; x_wconf 81' lang='grc' dir='ltr'><strong>Πέτρου</strong></span> <span class='ocrx_word' id='word_1_455' title='bbox 1056 3914 1069 3929; x_wconf 78' lang='grc' dir='ltr'><strong><em>ο</em></strong></span> <span class='ocrx_word' id='word_1_456' title='bbox 1095 3897 1198 3951; x_wconf 76' lang='grc' dir='ltr'>οὐκ</span> <span class='ocrx_word' id='word_1_457' title='bbox 1235 3897 1303 3950; x_wconf 81' lang='grc' dir='ltr'><strong>ἂν</strong></span> <span class='ocrx_word' id='word_1_458' title='bbox 1333 3898 1383 3949; x_wconf 84' lang='grc' dir='ltr'><strong>οί</strong></span> <span class='ocrx_word' id='word_1_459' title='bbox 1456 3895 1727 3950; x_wconf 82' lang='grc' dir='ltr'>θειότατοι</span> <span class='ocrx_word' id='word_1_460' title='bbox 1786 3895 1946 3965; x_wconf 83' lang='grc' dir='ltr'>βασι-</span> 
     </span>
    </p>
   </div>
   <div class='ocr_carea' id='block_1_54' title="bbox 356 3988 1942 4055">
    <p class='ocr_par' dir='ltr' id='par_1_54' title="bbox 356 3988 1942 4055">
     <span class='ocr_line' id='line_1_54' title="bbox 356 3988 1942 4055; baseline -0.001 -10"><span class='ocrx_word' id='word_1_461' title='bbox 356 3992 474 4054; x_wconf 76' lang='grc' dir='ltr'><strong>λεῖς</strong></span> <span class='ocrx_word' id='word_1_462' title='bbox 513 3991 929 4055; x_wconf 83' lang='grc' dir='ltr'>Κωνσταντῖνός</span> <span class='ocrx_word' id='word_1_463' title='bbox 978 4006 1040 4043; x_wconf 86' lang='grc' dir='ltr'><strong>τε</strong></span> <span class='ocrx_word' id='word_1_464' title='bbox 1076 3990 1174 4043; x_wconf 58' lang='grc' dir='ltr'><strong>καί⁸</strong></span> <span class='ocrx_word' id='word_1_465' title='bbox 1229 3989 1633 4053; x_wconf 82' lang='grc' dir='ltr'>’1ουστινιανδς,</span> <span class='ocrx_word' id='word_1_466' title='bbox 1670 3990 1747 4053; x_wconf 81' lang='grc' dir='ltr'>ὡς</span> <span class='ocrx_word' id='word_1_467' title='bbox 1785 3988 1942 4044; x_wconf 78' lang='grc' dir='ltr'>αὐτοὶ</span> 
     </span>
    </p>
   </div>
   <div class='ocr_carea' id='block_1_55' title="bbox 359 4082 1944 4156">
    <p class='ocr_par' dir='ltr' id='par_1_55' title="bbox 359 4082 1944 4156">
     <span class='ocr_line' id='line_1_55' title="bbox 359 4082 1944 4156; baseline -0.003 -15"><span class='ocrx_word' id='word_1_468' title='bbox 359 4086 541 4156; x_wconf 81' lang='grc' dir='ltr'>κύριοι</span> <span class='ocrx_word' id='word_1_469' title='bbox 599 4082 755 4147; x_wconf 75' lang='grc' dir='ltr'>ὄντες</span> <span class='ocrx_word' id='word_1_470' title='bbox 800 4083 895 4137; x_wconf 84' lang='grc' dir='ltr'><strong>τοῦ</strong></span> <span class='ocrx_word' id='word_1_471' title='bbox 951 4084 1303 4154; x_wconf 73' lang='grc' dir='ltr'>πράγματος,</span> <span class='ocrx_word' id='word_1_472' title='bbox 1341 4082 1765 4151; x_wconf 83' lang='grc' dir='ltr'>νομοθετοῦντες</span> <span class='ocrx_word' id='word_1_473' title='bbox 1821 4082 1944 4137; x_wconf 71' lang='grc' dir='ltr'>ἐλε-</span> 
     </span>
    </p>
   </div>
   <div class='ocr_carea' id='block_1_56' title="bbox 360 4172 1941 4247">
    <p class='ocr_par' dir='ltr' id='par_1_56' title="bbox 360 4172 1941 4247">
     <span class='ocr_line' id='line_1_56' title="bbox 360 4172 1941 4247; baseline -0.001 -17"><span class='ocrx_word' id='word_1_474' title='bbox 360 4195 480 4246; x_wconf 88' lang='grc' dir='ltr'>γον,</span> <span class='ocrx_word' id='word_1_475' title='bbox 514 4196 533 4229; x_wconf 80' lang='grc' dir='ltr'><strong>ι</strong></span> <span class='ocrx_word' id='word_1_476' title='bbox 567 4177 914 4246; x_wconf 76' lang='grc' dir='ltr'>Θεσπίζομεν</span> <span class='ocrx_word' id='word_1_477' title='bbox 936 4178 1022 4230; x_wconf 77' lang='grc' dir='ltr'><strong>ἵνα</strong></span> <span class='ocrx_word' id='word_1_478' title='bbox 1060 4179 1088 4229; x_wconf 89' lang='lat'><strong>6</strong></span> <span class='ocrx_word' id='word_1_479' title='bbox 1134 4177 1434 4239; x_wconf 75' lang='grc' dir='ltr'><strong>ἐπίσκοπος</strong></span> <span class='ocrx_word' id='word_1_480' title='bbox 1472 4172 1692 4245; x_wconf 82' lang='grc' dir='ltr'><strong>Ῥώμης</strong></span> <span class='ocrx_word' id='word_1_481' title='bbox 1724 4175 1941 4247; x_wconf 85' lang='grc' dir='ltr'>πρῶτος</span> 
     </span>
    </p>
   </div>
   <div class='ocr_carea' id='block_1_57' title="bbox 358 4247 1940 4344">
    <p class='ocr_par' dir='ltr' id='par_1_57' title="bbox 358 4247 1940 4344">
     <span class='ocr_line' id='line_1_57' title="bbox 358 4247 1940 4344; baseline -0.002 -20"><span class='ocrx_word' id='word_1_482' title='bbox 358 4247 638 4344; x_wconf 61' lang='grc' dir='ltr'>ᾖπὰντων</span> <span class='ocrx_word' id='word_1_483' title='bbox 670 4269 779 4323; x_wconf 80' lang='grc' dir='ltr'><strong>τῶν</strong></span> <span class='ocrx_word' id='word_1_484' title='bbox 806 4269 1019 4339; x_wconf 77' lang='grc' dir='ltr'><strong>ἱερέων.</strong></span> <span class='ocrx_word' id='word_1_485' title='bbox 1064 4289 1082 4322; x_wconf 78' lang='grc' dir='ltr'><strong>ι</strong></span> <span class='ocrx_word' id='word_1_486' title='bbox 1119 4269 1346 4339; x_wconf 81' lang='grc' dir='ltr'>Πρῶτον</span> <span class='ocrx_word' id='word_1_487' title='bbox 1393 4268 1495 4339; x_wconf 76' lang='grc' dir='ltr'>μὲν</span> <span class='ocrx_word' id='word_1_488' title='bbox 1546 4268 1629 4321; x_wconf 83' lang='grc' dir='ltr'>ὅτι</span> <span class='ocrx_word' id='word_1_489' title='bbox 1684 4268 1784 4321; x_wconf 74' lang='grc' dir='ltr'>οὐκ</span> <span class='ocrx_word' id='word_1_490' title='bbox 1832 4268 1940 4322; x_wconf 78' lang='grc' dir='ltr'>ἔδει</span> 
     </span>
    </p>
   </div>
   <div class='ocr_carea' id='block_1_58' title="bbox 362 4357 1943 4432">
    <p class='ocr_par' dir='ltr' id='par_1_58' title="bbox 362 4357 1943 4432">
     <span class='ocr_line' id='line_1_58' title="bbox 362 4357 1943 4432; baseline -0.003 -14"><span class='ocrx_word' id='word_1_491' title='bbox 362 4365 553 4432; x_wconf 82' lang='grc' dir='ltr'>νόμου,</span> <span class='ocrx_word' id='word_1_492' title='bbox 588 4357 708 4417; x_wconf 77' lang='grc' dir='ltr'>εἶτα</span> <span class='ocrx_word' id='word_1_493' title='bbox 766 4360 954 4427; x_wconf 78' lang='grc' dir='ltr'>ἔδοξαν</span> <span class='ocrx_word' id='word_1_494' title='bbox 995 4360 1064 4414; x_wconf 82' lang='grc' dir='ltr'><strong>ἂν</strong></span> <span class='ocrx_word' id='word_1_495' title='bbox 1120 4360 1362 4424; x_wconf 80' lang='grc' dir='ltr'>ἀσεϐεῖν,</span> <span class='ocrx_word' id='word_1_496' title='bbox 1412 4360 1514 4429; x_wconf 75' lang='grc' dir='ltr'>τὴν</span> <span class='ocrx_word' id='word_1_497' title='bbox 1581 4359 1675 4411; x_wconf 81' lang='grc' dir='ltr'>τοῦ</span> <span class='ocrx_word' id='word_1_498' title='bbox 1727 4359 1943 4430; x_wconf 72' lang='grc' dir='ltr'>Πέτρου.</span> 
     </span>
    </p>
   </div>
   <div class='ocr_carea' id='block_1_59' title="bbox 364 4450 1940 4521">
    <p class='ocr_par' dir='ltr' id='par_1_59' title="bbox 364 4450 1940 4521">
     <span class='ocr_line' id='line_1_59' title="bbox 364 4450 1940 4521; baseline -0.001 -12"><span class='ocrx_word' id='word_1_499' title='bbox 364 4456 615 4521; x_wconf 67' lang='grc' dir='ltr'>ἐξουσίαν</span> <span class='ocrx_word' id='word_1_500' title='bbox 650 4456 746 4508; x_wconf 75' lang='grc' dir='ltr'>καὶ</span> <span class='ocrx_word' id='word_1_501' title='bbox 767 4454 1095 4521; x_wconf 69' lang='grc' dir='ltr'><strong>νομοθεσίαν</strong></span> <span class='ocrx_word' id='word_1_502' title='bbox 1136 4455 1217 4515; x_wconf 87' lang='grc' dir='ltr'><strong>είς</strong></span> <span class='ocrx_word' id='word_1_503' title='bbox 1268 4453 1500 4515; x_wconf 74' lang='grc' dir='ltr'>ἑαυτοὺς</span> <span class='ocrx_word' id='word_1_504' title='bbox 1562 4450 1940 4521; x_wconf 77' lang='grc' dir='ltr'>ἐφελκόμενοι,</span> 
     </span>
    </p>
   </div>
   <div class='ocr_carea' id='block_1_60' title="bbox 365 4536 1945 4614">
    <p class='ocr_par' dir='ltr' id='par_1_60' title="bbox 365 4536 1945 4614">
     <span class='ocr_line' id='line_1_60' title="bbox 365 4536 1945 4614; baseline -0.001 -15"><span class='ocrx_word' id='word_1_505' title='bbox 365 4547 462 4599; x_wconf 78' lang='grc' dir='ltr'>καὶ</span> <span class='ocrx_word' id='word_1_506' title='bbox 531 4546 668 4614; x_wconf 79' lang='grc' dir='ltr'>ὅπερ</span> <span class='ocrx_word' id='word_1_507' title='bbox 720 4545 927 4607; x_wconf 75' lang='grc' dir='ltr'>ἐκεῖνος</span> <span class='ocrx_word' id='word_1_508' title='bbox 993 4544 1101 4614; x_wconf 76' lang='grc' dir='ltr'><strong>πρὸ</strong></span> <span class='ocrx_word' id='word_1_509' title='bbox 1162 4542 1436 4596; x_wconf 81' lang='grc' dir='ltr'><strong>τοσούτων</strong></span> <span class='ocrx_word' id='word_1_510' title='bbox 1474 4544 1688 4612; x_wconf 84' lang='grc' dir='ltr'>χρόνων</span> <span class='ocrx_word' id='word_1_511' title='bbox 1740 4536 1811 4613; x_wconf 72' lang='grc' dir='ltr'><strong>ἦν</strong></span> <span class='ocrx_word' id='word_1_512' title='bbox 1858 4561 1945 4597; x_wconf 86' lang='grc' dir='ltr'>νο·</span> 
     </span>
    </p>
   </div>
   <div class='ocr_carea' id='block_1_61' title="bbox 369 4635 1943 4709">
    <p class='ocr_par' dir='ltr' id='par_1_61' title="bbox 369 4635 1943 4709">
     <span class='ocr_line' id='line_1_61' title="bbox 369 4635 1943 4709; baseline 0 -17"><span class='ocrx_word' id='word_1_513' title='bbox 369 4637 703 4709; x_wconf 82' lang='grc' dir='ltr'>μοθετήσας,</span> <span class='ocrx_word' id='word_1_514' title='bbox 774 4637 933 4692; x_wconf 81' lang='grc' dir='ltr'>τοῦτο</span> <span class='ocrx_word' id='word_1_515' title='bbox 994 4637 1151 4690; x_wconf 74' lang='grc' dir='ltr'>αὐτοὶ</span> <span class='ocrx_word' id='word_1_516' title='bbox 1218 4635 1505 4701; x_wconf 75' lang='grc' dir='ltr'><strong>θεσπίζειν</strong></span> <span class='ocrx_word' id='word_1_517' title='bbox 1576 4636 1943 4701; x_wconf 78' lang='grc' dir='ltr'>ἀπαυθαδιζόο</span> 
     </span>
    </p>
   </div>
   <div class='ocr_carea' id='block_1_62' title="bbox 370 4751 547 4803">
    <p class='ocr_par' dir='ltr' id='par_1_62' title="bbox 370 4751 547 4803">
     <span class='ocr_line' id='line_1_62' title="bbox 370 4751 547 4803; baseline 0.006 -17"><span class='ocrx_word' id='word_1_518' title='bbox 370 4751 547 4803; x_wconf 86' lang='grc' dir='ltr'>μενοι.</span> 
     </span>
    </p>
   </div>
   <div class='ocr_carea' id='block_1_63' title="bbox 969 4824 1339 4881">
    <p class='ocr_par' dir='ltr' id='par_1_63' title="bbox 969 4824 1339 4881">
     <span class='ocr_line' id='line_1_63' title="bbox 969 4824 1339 4881; baseline 0.011 -4"><span class='ocrx_word' id='word_1_519' title='bbox 969 4824 1224 4879; x_wconf 82' lang='grc' dir='ltr'><strong>ΚΕΦΑΛ.</strong></span> <span class='ocrx_word' id='word_1_520' title='bbox 1262 4826 1339 4881; x_wconf 84' lang='lat' dir='ltr'><strong>E&#39;.</strong></span> 
     </span>
    </p>
   </div>
   <div class='ocr_carea' id='block_1_64' title="bbox 439 4914 1942 4987">
    <p class='ocr_par' dir='ltr' id='par_1_64' title="bbox 439 4914 1942 4987">
     <span class='ocr_line' id='line_1_64' title="bbox 439 4914 1942 4987; baseline 0.001 -20"><span class='ocrx_word' id='word_1_521' title='bbox 439 4914 740 4969; x_wconf 63' lang='grc' dir='ltr'>Τελευταία</span> <span class='ocrx_word' id='word_1_522' title='bbox 761 4916 819 4968; x_wconf 75' lang='grc' dir='ltr'>δὲ</span> <span class='ocrx_word' id='word_1_523' title='bbox 856 4916 948 4968; x_wconf 75' lang='grc' dir='ltr'>τοῦ</span> <span class='ocrx_word' id='word_1_524' title='bbox 980 4914 1140 4983; x_wconf 82' lang='grc' dir='ltr'>λόγου</span> <span class='ocrx_word' id='word_1_525' title='bbox 1176 4915 1476 4981; x_wconf 80' lang='grc' dir='ltr'>ἀπόδειξις,</span> <span class='ocrx_word' id='word_1_526' title='bbox 1508 4916 1645 4987; x_wconf 86' lang='grc' dir='ltr'>πρὸς</span> <span class='ocrx_word' id='word_1_527' title='bbox 1678 4916 1747 4987; x_wconf 75' lang='grc' dir='ltr'><strong>ἥν</strong></span> <span class='ocrx_word' id='word_1_528' title='bbox 1766 4916 1942 4979; x_wconf 77' lang='grc' dir='ltr'>οὐδεὶς</span> 
     </span>
    </p>
   </div>
   <div class='ocr_carea' id='block_1_65' title="bbox 366 5007 1946 5080">
    <p class='ocr_par' dir='ltr' id='par_1_65' title="bbox 366 5007 1946 5080">
     <span class='ocr_line' id='line_1_65' title="bbox 366 5007 1946 5080; baseline 0 -19"><span class='ocrx_word' id='word_1_529' title='bbox 366 5007 647 5061; x_wconf 71' lang='grc' dir='ltr'><strong>ἀντειπεῖν</strong></span> <span class='ocrx_word' id='word_1_530' title='bbox 680 5007 747 5060; x_wconf 81' lang='grc' dir='ltr'><strong>ἂν</strong></span> <span class='ocrx_word' id='word_1_531' title='bbox 772 5008 886 5078; x_wconf 75' lang='grc' dir='ltr'>ἔχοι</span> <span class='ocrx_word' id='word_1_532' title='bbox 908 5007 1020 5061; x_wconf 82' lang='grc' dir='ltr'>τῶν</span> <span class='ocrx_word' id='word_1_533' title='bbox 1041 5008 1354 5078; x_wconf 75' lang='grc' dir='ltr'><strong>δεχομένων</strong></span> <span class='ocrx_word' id='word_1_534' title='bbox 1392 5008 1524 5073; x_wconf 80' lang='grc' dir='ltr'>τοὺς</span> <span class='ocrx_word' id='word_1_535' title='bbox 1562 5009 1746 5080; x_wconf 74' lang='grc' dir='ltr'>ἱεροὺς</span> <span class='ocrx_word' id='word_1_536' title='bbox 1784 5007 1946 5062; x_wconf 85' lang='grc' dir='ltr'>κανό-</span> 
     </span>
    </p>
   </div>
   <div class='ocr_carea' id='block_1_66' title="bbox 367 5099 1948 5171">
    <p class='ocr_par' dir='ltr' id='par_1_66' title="bbox 367 5099 1948 5171">
     <span class='ocr_line' id='line_1_66' title="bbox 367 5099 1948 5171; baseline 0.001 -20"><span class='ocrx_word' id='word_1_537' title='bbox 367 5118 488 5165; x_wconf 79' lang='grc' dir='ltr'>νας,</span> <span class='ocrx_word' id='word_1_538' title='bbox 523 5101 553 5152; x_wconf 88' lang='lat'><strong>6</strong></span> <span class='ocrx_word' id='word_1_539' title='bbox 616 5100 862 5160; x_wconf 75' lang='grc' dir='ltr'>εἰκοστὸς</span> <span class='ocrx_word' id='word_1_540' title='bbox 892 5099 1080 5167; x_wconf 76' lang='grc' dir='ltr'>ὄγδοος</span> <span class='ocrx_word' id='word_1_541' title='bbox 1142 5100 1319 5155; x_wconf 86' lang='grc' dir='ltr'>κανὼν</span> <span class='ocrx_word' id='word_1_542' title='bbox 1347 5101 1447 5169; x_wconf 83' lang='grc' dir='ltr'>τῆς</span> <span class='ocrx_word' id='word_1_543' title='bbox 1491 5102 1760 5171; x_wconf 77' lang='grc' dir='ltr'><strong>τετάρτης</strong></span> <span class='ocrx_word' id='word_1_544' title='bbox 1790 5100 1948 5153; x_wconf 83' lang='grc' dir='ltr'>συνό-</span> 
     </span>
    </p>
   </div>
   <div class='ocr_carea' id='block_1_67' title="bbox 364 5192 1947 5263">
    <p class='ocr_par' dir='ltr' id='par_1_67' title="bbox 364 5192 1947 5263">
     <span class='ocr_line' id='line_1_67' title="bbox 364 5192 1947 5263; baseline 0.001 -18"><span class='ocrx_word' id='word_1_545' title='bbox 364 5192 493 5245; x_wconf 80' lang='grc' dir='ltr'>δον⁴</span> <span class='ocrx_word' id='word_1_546' title='bbox 529 5192 587 5254; x_wconf 83' lang='grc' dir='ltr'>ὃς</span> <span class='ocrx_word' id='word_1_547' title='bbox 628 5208 783 5261; x_wconf 77' lang='grc' dir='ltr'>φησι,</span> <span class='ocrx_word' id='word_1_548' title='bbox 823 5210 842 5243; x_wconf 79' lang='grc' dir='ltr'><strong>ι</strong></span> <span class='ocrx_word' id='word_1_549' title='bbox 880 5192 1161 5262; x_wconf 77' lang='grc' dir='ltr'>Πανταχοῦ</span> <span class='ocrx_word' id='word_1_550' title='bbox 1196 5195 1309 5255; x_wconf 86' lang='grc' dir='ltr'>τοῖς</span> <span class='ocrx_word' id='word_1_551' title='bbox 1347 5194 1455 5245; x_wconf 84' lang='grc' dir='ltr'><strong>τῶν</strong></span> <span class='ocrx_word' id='word_1_552' title='bbox 1488 5194 1655 5263; x_wconf 78' lang='grc' dir='ltr'>ἁγίων</span> <span class='ocrx_word' id='word_1_553' title='bbox 1689 5193 1947 5263; x_wconf 77' lang='grc' dir='ltr'>πατέρων</span> 
     </span>
    </p>
   </div>
   <div class='ocr_carea' id='block_1_68' title="bbox 366 5282 1945 5355">
    <p class='ocr_par' dir='ltr' id='par_1_68' title="bbox 366 5282 1945 5355">
     <span class='ocr_line' id='line_1_68' title="bbox 366 5282 1945 5355; baseline 0.003 -20"><span class='ocrx_word' id='word_1_554' title='bbox 366 5282 515 5351; x_wconf 82' lang='grc' dir='ltr'>ὅροις</span> <span class='ocrx_word' id='word_1_555' title='bbox 544 5283 827 5351; x_wconf 76' lang='grc' dir='ltr'>ἑπόμενοι,</span> <span class='ocrx_word' id='word_1_556' title='bbox 881 5285 977 5337; x_wconf 71' lang='grc' dir='ltr'>καὶ</span> <span class='ocrx_word' id='word_1_557' title='bbox 1011 5285 1103 5337; x_wconf 74' lang='grc' dir='ltr'><strong>τὸν</strong></span> <span class='ocrx_word' id='word_1_558' title='bbox 1133 5285 1339 5354; x_wconf 83' lang='grc' dir='ltr'>ἀρτίως</span> <span class='ocrx_word' id='word_1_559' title='bbox 1374 5285 1798 5355; x_wconf 80' lang='grc' dir='ltr'><strong>ἀναγνωσθέντα</strong></span> <span class='ocrx_word' id='word_1_560' title='bbox 1845 5302 1945 5339; x_wconf 86' lang='grc' dir='ltr'>κα-</span> 
     </span>
    </p>
   </div>
   <div class='ocr_carea' id='block_1_69' title="bbox 368 5376 1945 5447">
    <p class='ocr_par' dir='ltr' id='par_1_69' title="bbox 368 5376 1945 5447">
     <span class='ocr_line' id='line_1_69' title="bbox 368 5376 1945 5447; baseline 0.004 -22"><span class='ocrx_word' id='word_1_561' title='bbox 368 5376 498 5428; x_wconf 86' lang='grc' dir='ltr'>νόνα</span> <span class='ocrx_word' id='word_1_562' title='bbox 530 5378 641 5428; x_wconf 83' lang='grc' dir='ltr'>τῶν</span> <span class='ocrx_word' id='word_1_563' title='bbox 671 5377 869 5429; x_wconf 79' lang='grc' dir='ltr'>ἑκατὸν</span> <span class='ocrx_word' id='word_1_564' title='bbox 888 5381 1232 5447; x_wconf 80' lang='grc' dir='ltr'>πεντήκοντα</span> <span class='ocrx_word' id='word_1_565' title='bbox 1256 5378 1693 5447; x_wconf 77' lang='grc' dir='ltr'>θεοφιλεστάτων</span> <span class='ocrx_word' id='word_1_566' title='bbox 1716 5380 1945 5432; x_wconf 74' lang='grc' dir='ltr'>ἐπισκόο</span> 
     </span>
    </p>
   </div>
   <div class='ocr_carea' id='block_1_70' title="bbox 371 5468 1949 5540">
    <p class='ocr_par' dir='ltr' id='par_1_70' title="bbox 371 5468 1949 5540">
     <span class='ocr_line' id='line_1_70' title="bbox 371 5468 1949 5540; baseline 0.002 -22"><span class='ocrx_word' id='word_1_567' title='bbox 371 5480 491 5520; x_wconf 77' lang='grc' dir='ltr'><strong>πων</strong></span> <span class='ocrx_word' id='word_1_568' title='bbox 537 5469 922 5537; x_wconf 75' lang='grc' dir='ltr'><strong>γνωρίζοντες,</strong></span> <span class='ocrx_word' id='word_1_569' title='bbox 954 5468 1024 5522; x_wconf 85' lang='grc' dir='ltr'>τὰ</span> <span class='ocrx_word' id='word_1_570' title='bbox 1052 5468 1193 5523; x_wconf 73' lang='grc' dir='ltr'>αὐτὰ</span> <span class='ocrx_word' id='word_1_571' title='bbox 1246 5471 1343 5523; x_wconf 76' lang='grc' dir='ltr'>καὶ</span> <span class='ocrx_word' id='word_1_572' title='bbox 1379 5472 1539 5540; x_wconf 79' lang='grc' dir='ltr'>ἡμεῖς</span> <span class='ocrx_word' id='word_1_573' title='bbox 1568 5470 1828 5538; x_wconf 77' lang='grc' dir='ltr'>ὁρίζομεν</span> <span class='ocrx_word' id='word_1_574' title='bbox 1852 5469 1949 5521; x_wconf 56' lang='grc' dir='ltr'><strong>καί⁸</strong></span> 
     </span>
    </p>
   </div>
   <div class='ocr_carea' id='block_1_71' title="bbox 440 5647 1944 5721">
    <p class='ocr_par' dir='ltr' id='par_1_71' title="bbox 440 5647 1944 5721">
     <span class='ocr_line' id='line_1_71' title="bbox 440 5647 1944 5721; baseline -0.003 -15"><span class='ocrx_word' id='word_1_575' title='bbox 440 5654 517 5720; x_wconf 90' lang='lat' dir='ltr'><strong>(l)</strong></span> <span class='ocrx_word' id='word_1_576' title='bbox 570 5650 711 5705; x_wconf 83' lang='lat' dir='ltr'><strong>llinc</strong></span> <span class='ocrx_word' id='word_1_577' title='bbox 762 5650 1021 5720; x_wconf 77' lang='lat' dir='ltr'><strong>colligere</strong></span> <span class='ocrx_word' id='word_1_578' title='bbox 1074 5652 1218 5717; x_wconf 90' lang='lat' dir='ltr'><strong>licet,</strong></span> <span class='ocrx_word' id='word_1_579' title='bbox 1284 5666 1393 5721; x_wconf 91' lang='lat' dir='ltr'><strong>quo</strong></span> <span class='ocrx_word' id='word_1_580' title='bbox 1459 5660 1702 5717; x_wconf 85' lang='lat' dir='ltr'><strong>tempore</strong></span> <span class='ocrx_word' id='word_1_581' title='bbox 1748 5647 1944 5721; x_wconf 62' lang='lat' dir='ltr'><strong>vixerit</strong></span> 
     </span>
    </p>
   </div>
   <div class='ocr_carea' id='block_1_72' title="bbox 368 5719 1940 5850">
    <p class='ocr_par' dir='ltr' id='par_1_72' title="bbox 368 5719 1940 5850">
     <span class='ocr_line' id='line_1_72' title="bbox 368 5719 1940 5848; baseline -0.002 -72"><span class='ocrx_word' id='word_1_582' title='bbox 368 5724 637 5848; x_wconf 56' lang='lat' dir='ltr'><strong>garlaam.</strong></span> <span class='ocrx_word' id='word_1_583' title='bbox 693 5722 823 5777; x_wconf 66' lang='lat' dir='ltr'><strong>CAN.</strong></span> <span class='ocrx_word' id='word_1_584' title='bbox 881 5719 955 5760; x_wconf 54' lang='lat'><strong>4-</strong></span> <span class='ocrx_word' id='word_1_585' title='bbox 1012 5721 1167 5788; x_wconf 74' lang='lat' dir='ltr'><strong>Male,</strong></span> <span class='ocrx_word' id='word_1_586' title='bbox 1240 5719 1313 5775; x_wconf 72' lang='lat' dir='ltr'><strong>ut</strong></span> <span class='ocrx_word' id='word_1_587' title='bbox 1357 5721 1629 5775; x_wconf 75' lang='lat' dir='ltr'><strong>videbitur</strong></span> <span class='ocrx_word' id='word_1_588' title='bbox 1684 5719 1940 5774; x_wconf 80' lang='lat' dir='ltr'><strong>inferius.</strong></span> 
     </span>
     <span class='ocr_line' id='line_1_73' title="bbox 418 5810 534 5850; baseline -0.017 0"><span class='ocrx_word' id='word_1_589' title='bbox 418 5810 534 5850; x_wconf 67' lang='lat' dir='ltr'><strong>uti.</strong></span> 
     </span>
    </p>
   </div>
   <div class='ocr_carea' id='block_1_73' title="bbox 2056 3153 3618 3225">
    <p class='ocr_par' dir='ltr' id='par_1_73' title="bbox 2056 3153 3618 3225">
     <span class='ocr_line' id='line_1_74' title="bbox 2056 3153 3618 3225; baseline 0.001 -18"><span class='ocrx_word' id='word_1_590' title='bbox 2056 3153 2387 3225; x_wconf 83' lang='grc' dir='ltr'>Ἐκκλησίας</span> <span class='ocrx_word' id='word_1_591' title='bbox 2412 3156 3045 3217; x_wconf 78' lang='grc' dir='ltr'>Κωνσταντινουπό).εως</span> <span class='ocrx_word' id='word_1_592' title='bbox 3069 3155 3197 3219; x_wconf 82' lang='grc' dir='ltr'><strong>νέας</strong></span> <span class='ocrx_word' id='word_1_593' title='bbox 3237 3154 3479 3225; x_wconf 82' lang='grc' dir='ltr'><strong>Ῥώμης.</strong></span> <span class='ocrx_word' id='word_1_594' title='bbox 3504 3156 3618 3209; x_wconf 72' lang='grc' dir='ltr'><strong>Καὶ</strong></span> 
     </span>
    </p>
   </div>
   <div class='ocr_carea' id='block_1_74' title="bbox 2041 3245 3617 3319">
    <p class='ocr_par' dir='ltr' id='par_1_74' title="bbox 2041 3245 3617 3319">
     <span class='ocr_line' id='line_1_75' title="bbox 2041 3245 3617 3319; baseline 0 -20"><span class='ocrx_word' id='word_1_595' title='bbox 2041 3246 2153 3318; x_wconf 77' lang='grc' dir='ltr'><strong>γὰρ</strong></span> <span class='ocrx_word' id='word_1_596' title='bbox 2185 3246 2264 3316; x_wconf 82' lang='grc' dir='ltr'>τῷ</span> <span class='ocrx_word' id='word_1_597' title='bbox 2294 3247 2471 3319; x_wconf 84' lang='grc' dir='ltr'>θρόνῳ</span> <span class='ocrx_word' id='word_1_598' title='bbox 2517 3248 2898 3319; x_wconf 79' lang='grc' dir='ltr'>πρεσϐυτέρας</span> <span class='ocrx_word' id='word_1_599' title='bbox 2932 3245 3179 3318; x_wconf 81' lang='grc' dir='ltr'>Ῥώμης,</span> <span class='ocrx_word' id='word_1_600' title='bbox 3211 3248 3302 3301; x_wconf 78' lang='grc' dir='ltr'><strong>διὰ</strong></span> <span class='ocrx_word' id='word_1_601' title='bbox 3353 3249 3414 3301; x_wconf 77' lang='grc' dir='ltr'>τὸ</span> <span class='ocrx_word' id='word_1_602' title='bbox 3462 3245 3617 3316; x_wconf 82' lang='grc' dir='ltr'>βασι-</span> 
     </span>
    </p>
   </div>
   <div class='ocr_carea' id='block_1_75' title="bbox 2040 3339 3618 3413">
    <p class='ocr_par' dir='ltr' id='par_1_75' title="bbox 2040 3339 3618 3413">
     <span class='ocr_line' id='line_1_76' title="bbox 2040 3339 3618 3413; baseline 0.001 -20"><span class='ocrx_word' id='word_1_603' title='bbox 2040 3339 2343 3413; x_wconf 69' lang='grc' dir='ltr'>)εύεινξτὴν</span> <span class='ocrx_word' id='word_1_604' title='bbox 2370 3344 2526 3396; x_wconf 77' lang='grc' dir='ltr'>πόλιν</span> <span class='ocrx_word' id='word_1_605' title='bbox 2564 3343 2807 3413; x_wconf 71' lang='grc' dir='ltr'>εκείνην,</span> <span class='ocrx_word' id='word_1_606' title='bbox 2836 3342 2888 3395; x_wconf 78' lang='lat' dir='ltr'><strong>oi</strong></span> <span class='ocrx_word' id='word_1_607' title='bbox 2918 3341 3166 3411; x_wconf 82' lang='grc' dir='ltr'>Πατέρες</span> <span class='ocrx_word' id='word_1_608' title='bbox 3211 3343 3443 3404; x_wconf 68' lang='grc' dir='ltr'>εἰκότως</span> <span class='ocrx_word' id='word_1_609' title='bbox 3477 3341 3618 3395; x_wconf 77' lang='grc' dir='ltr'><strong>ἀπο·</strong></span> 
     </span>
    </p>
   </div>
   <div class='ocr_carea' id='block_1_76' title="bbox 2039 3432 3637 3505">
    <p class='ocr_par' dir='ltr' id='par_1_76' title="bbox 2039 3432 3637 3505">
     <span class='ocr_line' id='line_1_77' title="bbox 2039 3432 3637 3505; baseline 0.001 -20"><span class='ocrx_word' id='word_1_610' title='bbox 2039 3432 2313 3488; x_wconf 73' lang='grc' dir='ltr'><strong>δεδώκασι</strong></span> <span class='ocrx_word' id='word_1_611' title='bbox 2352 3432 2420 3487; x_wconf 80' lang='grc' dir='ltr'>τὰ</span> <span class='ocrx_word' id='word_1_612' title='bbox 2454 3434 2747 3503; x_wconf 82' lang='grc' dir='ltr'>πρεσϐεία.</span> <span class='ocrx_word' id='word_1_613' title='bbox 2784 3434 2895 3487; x_wconf 76' lang='grc' dir='ltr'><strong>Καὶ</strong></span> <span class='ocrx_word' id='word_1_614' title='bbox 2932 3434 3181 3505; x_wconf 78' lang='grc' dir='ltr'><strong>τῷαύτῷ</strong></span> <span class='ocrx_word' id='word_1_615' title='bbox 3221 3435 3413 3504; x_wconf 85' lang='grc' dir='ltr'>σκοπῷ</span> <span class='ocrx_word' id='word_1_616' title='bbox 3435 3432 3637 3487; x_wconf 75' lang='grc' dir='ltr'>κινού--</span> 
     </span>
    </p>
   </div>
   <div class='ocr_carea' id='block_1_77' title="bbox 2044 3525 3614 3595">
    <p class='ocr_par' dir='ltr' id='par_1_77' title="bbox 2044 3525 3614 3595">
     <span class='ocr_line' id='line_1_78' title="bbox 2044 3525 3614 3595; baseline 0.002 -18"><span class='ocrx_word' id='word_1_617' title='bbox 2044 3542 2197 3595; x_wconf 87' lang='grc' dir='ltr'>μενοι</span> <span class='ocrx_word' id='word_1_618' title='bbox 2232 3525 2281 3579; x_wconf 83' lang='grc' dir='ltr'>οῑ</span> <span class='ocrx_word' id='word_1_619' title='bbox 2316 3525 2514 3580; x_wconf 73' lang='grc' dir='ltr'>ἑκατὸν</span> <span class='ocrx_word' id='word_1_620' title='bbox 2553 3526 2896 3593; x_wconf 75' lang='grc' dir='ltr'>πεντήκοντα</span> <span class='ocrx_word' id='word_1_621' title='bbox 2930 3526 3340 3594; x_wconf 79' lang='grc' dir='ltr'>θεοφιλέστατοι</span> <span class='ocrx_word' id='word_1_622' title='bbox 3382 3527 3614 3581; x_wconf 75' lang='grc' dir='ltr'>ἐπίσκο-</span> 
     </span>
    </p>
   </div>
   <div class='ocr_carea' id='block_1_78' title="bbox 2038 3613 3631 3684">
    <p class='ocr_par' dir='ltr' id='par_1_78' title="bbox 2038 3613 3631 3684">
     <span class='ocr_line' id='line_1_79' title="bbox 2038 3613 3631 3684; baseline -0.004 -13"><span class='ocrx_word' id='word_1_623' title='bbox 2038 3634 2157 3679; x_wconf 77' lang='grc' dir='ltr'>ποι,</span> <span class='ocrx_word' id='word_1_624' title='bbox 2224 3615 2294 3670; x_wconf 81' lang='grc' dir='ltr'><strong>τὰ</strong></span> <span class='ocrx_word' id='word_1_625' title='bbox 2353 3616 2444 3668; x_wconf 82' lang='grc' dir='ltr'><strong>ίσα</strong></span> <span class='ocrx_word' id='word_1_626' title='bbox 2502 3613 2768 3684; x_wconf 78' lang='grc' dir='ltr'>πρεσϐεία</span> <span class='ocrx_word' id='word_1_627' title='bbox 2814 3614 3119 3683; x_wconf 79' lang='grc' dir='ltr'>ἀπένειμαν</span> <span class='ocrx_word' id='word_1_628' title='bbox 3190 3613 3269 3682; x_wconf 80' lang='grc' dir='ltr'>τῷ</span> <span class='ocrx_word' id='word_1_629' title='bbox 3334 3614 3434 3682; x_wconf 84' lang='grc' dir='ltr'>τῆς</span> <span class='ocrx_word' id='word_1_630' title='bbox 3486 3613 3631 3677; x_wconf 64' lang='grc' dir='ltr'>νέαςῖ</span> 
     </span>
    </p>
   </div>
   <div class='ocr_carea' id='block_1_79' title="bbox 2050 3703 3615 3777">
    <p class='ocr_par' dir='ltr' id='par_1_79' title="bbox 2050 3703 3615 3777">
     <span class='ocr_line' id='line_1_80' title="bbox 2050 3703 3615 3777; baseline -0.004 -16"><span class='ocrx_word' id='word_1_631' title='bbox 2050 3708 2273 3777; x_wconf 81' lang='grc' dir='ltr'>Ῥώμης</span> <span class='ocrx_word' id='word_1_632' title='bbox 2294 3705 2589 3777; x_wconf 78' lang='grc' dir='ltr'><strong>ἁγιωτάτῳ</strong></span> <span class='ocrx_word' id='word_1_633' title='bbox 2638 3704 2849 3776; x_wconf 81' lang='grc' dir='ltr'><strong>θρόνῳ’</strong></span> <span class='ocrx_word' id='word_1_634' title='bbox 2893 3704 3132 3772; x_wconf 73' lang='grc' dir='ltr'>εὐλόγως</span> <span class='ocrx_word' id='word_1_635' title='bbox 3198 3703 3480 3774; x_wconf 77' lang='grc' dir='ltr'>κρίνοντες</span> <span class='ocrx_word' id='word_1_636' title='bbox 3514 3703 3615 3774; x_wconf 84' lang='grc' dir='ltr'><strong>τὴν</strong></span> 
     </span>
    </p>
   </div>
   <div class='ocr_carea' id='block_1_80' title="bbox 2044 3796 3616 3871">
    <p class='ocr_par' dir='ltr' id='par_1_80' title="bbox 2044 3796 3616 3871">
     <span class='ocr_line' id='line_1_81' title="bbox 2044 3796 3616 3871; baseline -0.001 -17"><span class='ocrx_word' id='word_1_637' title='bbox 2044 3800 2295 3871; x_wconf 79' lang='grc' dir='ltr'>βασιλείᾳ</span> <span class='ocrx_word' id='word_1_638' title='bbox 2327 3800 2420 3853; x_wconf 76' lang='grc' dir='ltr'>καὶ</span> <span class='ocrx_word' id='word_1_639' title='bbox 2456 3798 2751 3869; x_wconf 75' lang='grc' dir='ltr'>συγκλήτῳ</span> <span class='ocrx_word' id='word_1_640' title='bbox 2778 3798 3103 3867; x_wconf 86' lang='grc' dir='ltr'>τιμηθεῖσαν</span> <span class='ocrx_word' id='word_1_641' title='bbox 3125 3798 3305 3862; x_wconf 77' lang='grc' dir='ltr'>πόλιν,</span> <span class='ocrx_word' id='word_1_642' title='bbox 3364 3796 3459 3851; x_wconf 74' lang='grc' dir='ltr'>καὶ</span> <span class='ocrx_word' id='word_1_643' title='bbox 3506 3798 3616 3852; x_wconf 83' lang='grc' dir='ltr'><strong>τῶν</strong></span> 
     </span>
    </p>
   </div>
   <div class='ocr_carea' id='block_1_81' title="bbox 2043 3888 3623 3963">
    <p class='ocr_par' dir='ltr' id='par_1_81' title="bbox 2043 3888 3623 3963">
     <span class='ocr_line' id='line_1_82' title="bbox 2043 3888 3623 3963; baseline -0.004 -15"><span class='ocrx_word' id='word_1_644' title='bbox 2043 3894 2175 3948; x_wconf 84' lang='grc' dir='ltr'>ῐσων</span> <span class='ocrx_word' id='word_1_645' title='bbox 2206 3892 2587 3946; x_wconf 78' lang='grc' dir='ltr'>ἀπολαύουσαν</span> <span class='ocrx_word' id='word_1_646' title='bbox 2621 3888 2933 3963; x_wconf 79' lang='grc' dir='ltr'>πρεσϐείων</span> <span class='ocrx_word' id='word_1_647' title='bbox 2968 3892 3035 3960; x_wconf 78' lang='grc' dir='ltr'>τῇ</span> <span class='ocrx_word' id='word_1_648' title='bbox 3072 3889 3425 3961; x_wconf 73' lang='grc' dir='ltr'>πρεσϐυτέρᾳ</span> <span class='ocrx_word' id='word_1_649' title='bbox 3466 3889 3623 3959; x_wconf 82' lang='grc' dir='ltr'>βασι-</span> 
     </span>
    </p>
   </div>
   <div class='ocr_carea' id='block_1_82' title="bbox 2040 3983 3618 4057">
    <p class='ocr_par' dir='ltr' id='par_1_82' title="bbox 2040 3983 3618 4057">
     <span class='ocr_line' id='line_1_83' title="bbox 2040 3983 3618 4057; baseline -0.003 -18"><span class='ocrx_word' id='word_1_650' title='bbox 2040 3986 2146 4039; x_wconf 82' lang='grc' dir='ltr'>λίδι</span> <span class='ocrx_word' id='word_1_651' title='bbox 2193 3984 2377 4057; x_wconf 77' lang='grc' dir='ltr'>Ῥώμῃ</span> <span class='ocrx_word' id='word_1_652' title='bbox 2417 3986 2512 4041; x_wconf 66' lang='grc' dir='ltr'><strong>καὶ⁸</strong></span> <span class='ocrx_word' id='word_1_653' title='bbox 2552 3985 2611 4039; x_wconf 83' lang='grc' dir='ltr'><strong>ὲν</strong></span> <span class='ocrx_word' id='word_1_654' title='bbox 2652 3989 2767 4049; x_wconf 78' lang='grc' dir='ltr'>τοῖς</span> <span class='ocrx_word' id='word_1_655' title='bbox 2794 3983 3301 4055; x_wconf 77' lang='grc' dir='ltr'>ὲκκλησιαστικοῖς,</span> <span class='ocrx_word' id='word_1_656' title='bbox 3345 3984 3425 4047; x_wconf 82' lang='grc' dir='ltr'>ὡς</span> <span class='ocrx_word' id='word_1_657' title='bbox 3475 3983 3618 4036; x_wconf 81' lang='grc' dir='ltr'>ὲκεί-</span> 
     </span>
    </p>
   </div>
   <div class='ocr_carea' id='block_1_83' title="bbox 2042 4074 3620 4147">
    <p class='ocr_par' dir='ltr' id='par_1_83' title="bbox 2042 4074 3620 4147">
     <span class='ocr_line' id='line_1_84' title="bbox 2042 4074 3620 4147; baseline -0.003 -16"><span class='ocrx_word' id='word_1_658' title='bbox 2042 4096 2162 4147; x_wconf 87' lang='grc' dir='ltr'>νην,</span> <span class='ocrx_word' id='word_1_659' title='bbox 2202 4075 2608 4146; x_wconf 78' lang='grc' dir='ltr'>μεγαλύνεσθαι</span> <span class='ocrx_word' id='word_1_660' title='bbox 2659 4078 2973 4147; x_wconf 83' lang='grc' dir='ltr'>πράγμασι,</span> <span class='ocrx_word' id='word_1_661' title='bbox 3025 4076 3289 4146; x_wconf 78' lang='grc' dir='ltr'>δευτέραν</span> <span class='ocrx_word' id='word_1_662' title='bbox 3325 4076 3443 4147; x_wconf 78' lang='grc' dir='ltr'>μετ’</span> <span class='ocrx_word' id='word_1_663' title='bbox 3475 4074 3620 4127; x_wconf 73' lang='grc' dir='ltr'>ὲκείο</span> 
     </span>
    </p>
   </div>
   <div class='ocr_carea' id='block_1_84' title="bbox 2042 4164 3619 4241">
    <p class='ocr_par' dir='ltr' id='par_1_84' title="bbox 2042 4164 3619 4241">
     <span class='ocr_line' id='line_1_85' title="bbox 2042 4164 3619 4241; baseline -0.001 -18"><span class='ocrx_word' id='word_1_664' title='bbox 2042 4187 2143 4241; x_wconf 88' lang='grc' dir='ltr'>νην</span> <span class='ocrx_word' id='word_1_665' title='bbox 2177 4170 2561 4240; x_wconf 76' lang='grc' dir='ltr'>ὑπάρχουσαν.</span> <span class='ocrx_word' id='word_1_666' title='bbox 2602 4189 2621 4223; x_wconf 75' lang='grc' dir='ltr'><strong>ι</strong></span> <span class='ocrx_word' id='word_1_667' title='bbox 2660 4171 2859 4239; x_wconf 76' lang='grc' dir='ltr'>Σαφῶς</span> <span class='ocrx_word' id='word_1_668' title='bbox 2898 4171 3006 4241; x_wconf 81' lang='grc' dir='ltr'>ἄρα</span> <span class='ocrx_word' id='word_1_669' title='bbox 3038 4164 3199 4231; x_wconf 71' lang='grc' dir='ltr'>οὗτος</span> <span class='ocrx_word' id='word_1_670' title='bbox 3229 4173 3256 4223; x_wconf 97' lang='lat'><strong>6</strong></span> <span class='ocrx_word' id='word_1_671' title='bbox 3288 4168 3473 4223; x_wconf 86' lang='grc' dir='ltr'>κανὼν</span> <span class='ocrx_word' id='word_1_672' title='bbox 3502 4171 3619 4222; x_wconf 84' lang='grc' dir='ltr'>δια-</span> 
     </span>
    </p>
   </div>
   <div class='ocr_carea' id='block_1_85' title="bbox 2043 4261 3619 4333">
    <p class='ocr_par' dir='ltr' id='par_1_85' title="bbox 2043 4261 3619 4333">
     <span class='ocr_line' id='line_1_86' title="bbox 2043 4261 3619 4333; baseline 0.003 -21"><span class='ocrx_word' id='word_1_673' title='bbox 2043 4261 2265 4331; x_wconf 81' lang='grc' dir='ltr'>γορεύει</span> <span class='ocrx_word' id='word_1_674' title='bbox 2324 4262 2419 4314; x_wconf 76' lang='grc' dir='ltr'>καὶ</span> <span class='ocrx_word' id='word_1_675' title='bbox 2494 4263 2599 4315; x_wconf 81' lang='grc' dir='ltr'><strong>ὑπὸ</strong></span> <span class='ocrx_word' id='word_1_676' title='bbox 2652 4264 2804 4326; x_wconf 87' lang='grc' dir='ltr'>τίνος</span> <span class='ocrx_word' id='word_1_677' title='bbox 2864 4264 3083 4331; x_wconf 68' lang='grc' dir='ltr'>ἐγένετο</span> <span class='ocrx_word' id='word_1_678' title='bbox 3146 4262 3339 4332; x_wconf 83' lang='grc' dir='ltr'>πρώτη</span> <span class='ocrx_word' id='word_1_679' title='bbox 3424 4264 3454 4333; x_wconf 75' lang='grc' dir='ltr'>ἡ</span> <span class='ocrx_word' id='word_1_680' title='bbox 3520 4264 3619 4331; x_wconf 75' lang='grc' dir='ltr'>τῆς</span> 
     </span>
    </p>
   </div>
   <div class='ocr_carea' id='block_1_86' title="bbox 2056 4352 3617 4425">
    <p class='ocr_par' dir='ltr' id='par_1_86' title="bbox 2056 4352 3617 4425">
     <span class='ocr_line' id='line_1_87' title="bbox 2056 4352 3617 4425; baseline 0.001 -20"><span class='ocrx_word' id='word_1_681' title='bbox 2056 4353 2277 4422; x_wconf 83' lang='grc' dir='ltr'>Ῥώμης</span> <span class='ocrx_word' id='word_1_682' title='bbox 2329 4352 2593 4424; x_wconf 70' lang='grc' dir='ltr'>καθέδρι,</span> <span class='ocrx_word' id='word_1_683' title='bbox 2653 4356 2749 4407; x_wconf 77' lang='grc' dir='ltr'>καὶ</span> <span class='ocrx_word' id='word_1_684' title='bbox 2803 4354 2901 4425; x_wconf 78' lang='grc' dir='ltr'>τὴν</span> <span class='ocrx_word' id='word_1_685' title='bbox 2964 4354 3184 4408; x_wconf 68' lang='grc' dir='ltr'>αἰτίανυ</span> <span class='ocrx_word' id='word_1_686' title='bbox 3217 4356 3300 4407; x_wconf 83' lang='grc' dir='ltr'>ὅτι</span> <span class='ocrx_word' id='word_1_687' title='bbox 3350 4356 3455 4407; x_wconf 69' lang='grc' dir='ltr'><strong>ὑπὸ</strong></span> <span class='ocrx_word' id='word_1_688' title='bbox 3509 4354 3617 4407; x_wconf 82' lang='grc' dir='ltr'>τῶν</span> 
     </span>
    </p>
   </div>
   <div class='ocr_carea' id='block_1_87' title="bbox 2047 4442 3621 4517">
    <p class='ocr_par' dir='ltr' id='par_1_87' title="bbox 2047 4442 3621 4517">
     <span class='ocr_line' id='line_1_88' title="bbox 2047 4442 3621 4517; baseline 0.003 -22"><span class='ocrx_word' id='word_1_689' title='bbox 2047 4442 2330 4512; x_wconf 84' lang='grc' dir='ltr'>Πατέρων,</span> <span class='ocrx_word' id='word_1_690' title='bbox 2379 4444 2475 4498; x_wconf 78' lang='grc' dir='ltr'>καὶ</span> <span class='ocrx_word' id='word_1_691' title='bbox 2512 4443 2603 4497; x_wconf 82' lang='grc' dir='ltr'><strong>διὰ</strong></span> <span class='ocrx_word' id='word_1_692' title='bbox 2668 4446 2725 4497; x_wconf 80' lang='grc' dir='ltr'>τὸ</span> <span class='ocrx_word' id='word_1_693' title='bbox 2785 4442 2931 4499; x_wconf 83' lang='grc' dir='ltr'>εἶναι</span> <span class='ocrx_word' id='word_1_694' title='bbox 2986 4447 3085 4517; x_wconf 82' lang='grc' dir='ltr'>τὴν</span> <span class='ocrx_word' id='word_1_695' title='bbox 3142 4446 3299 4499; x_wconf 80' lang='grc' dir='ltr'>πόλιν</span> <span class='ocrx_word' id='word_1_696' title='bbox 3371 4445 3621 4515; x_wconf 81' lang='grc' dir='ltr'>βασιλεύ-</span> 
     </span>
    </p>
   </div>
   <div class='ocr_carea' id='block_1_88' title="bbox 2048 4555 2239 4595">
    <p class='ocr_par' dir='ltr' id='par_1_88' title="bbox 2048 4555 2239 4595">
     <span class='ocr_line' id='line_1_89' title="bbox 2048 4555 2239 4595; baseline 0.016 -3"><span class='ocrx_word' id='word_1_697' title='bbox 2048 4555 2239 4595; x_wconf 81' lang='grc' dir='ltr'>ουσαν.</span> 
     </span>
    </p>
   </div>
   <div class='ocr_carea' id='block_1_89' title="bbox 2611 4633 3005 4703">
    <p class='ocr_par' dir='ltr' id='par_1_89' title="bbox 2611 4633 3005 4703">
     <span class='ocr_line' id='line_1_90' title="bbox 2611 4633 3005 4703; baseline 0.008 -15"><span class='ocrx_word' id='word_1_698' title='bbox 2611 4635 2867 4689; x_wconf 74' lang='grc' dir='ltr'>κειιιΑΑ.</span> <span class='ocrx_word' id='word_1_699' title='bbox 2913 4633 3005 4703; x_wconf 72' lang='grc' dir='ltr'><strong>ς’.</strong></span> 
     </span>
    </p>
   </div>
   <div class='ocr_carea' id='block_1_90' title="bbox 2122 4727 3614 4803">
    <p class='ocr_par' dir='ltr' id='par_1_90' title="bbox 2122 4727 3614 4803">
     <span class='ocr_line' id='line_1_91' title="bbox 2122 4727 3614 4803; baseline -0.003 -20"><span class='ocrx_word' id='word_1_700' title='bbox 2122 4733 2257 4803; x_wconf 71' lang='grc' dir='ltr'>Περὶ</span> <span class='ocrx_word' id='word_1_701' title='bbox 2294 4731 2350 4785; x_wconf 82' lang='grc' dir='ltr'>δὲ</span> <span class='ocrx_word' id='word_1_702' title='bbox 2380 4731 2489 4783; x_wconf 89' lang='grc' dir='ltr'>τῶν</span> <span class='ocrx_word' id='word_1_703' title='bbox 2534 4727 2842 4797; x_wconf 81' lang='grc' dir='ltr'>πρεσϐείων</span> <span class='ocrx_word' id='word_1_704' title='bbox 2871 4727 2963 4779; x_wconf 76' lang='grc' dir='ltr'><strong>τοῦ</strong></span> <span class='ocrx_word' id='word_1_705' title='bbox 2988 4727 3149 4795; x_wconf 79' lang='grc' dir='ltr'>τῆσδε</span> <span class='ocrx_word' id='word_1_706' title='bbox 3172 4727 3266 4795; x_wconf 77' lang='grc' dir='ltr'>τῆς</span> <span class='ocrx_word' id='word_1_707' title='bbox 3312 4727 3614 4795; x_wconf 71' lang='grc' dir='ltr'>μεγαλοπζ·</span> 
     </span>
    </p>
   </div>
   <div class='ocr_carea' id='block_1_91' title="bbox 2051 4814 3618 4895">
    <p class='ocr_par' dir='ltr' id='par_1_91' title="bbox 2051 4814 3618 4895">
     <span class='ocr_line' id='line_1_92' title="bbox 2051 4814 3618 4895; baseline -0.006 -18"><span class='ocrx_word' id='word_1_708' title='bbox 2051 4822 2183 4887; x_wconf 77' lang='grc' dir='ltr'>λεως</span> <span class='ocrx_word' id='word_1_709' title='bbox 2252 4824 2446 4895; x_wconf 86' lang='grc' dir='ltr'>θρόνου</span> <span class='ocrx_word' id='word_1_710' title='bbox 2488 4824 2517 4874; x_wconf 91' lang='lat'><strong>6</strong></span> <span class='ocrx_word' id='word_1_711' title='bbox 2588 4821 2686 4889; x_wconf 81' lang='grc' dir='ltr'>μὲν</span> <span class='ocrx_word' id='word_1_712' title='bbox 2746 4820 2928 4887; x_wconf 87' lang='grc' dir='ltr'>τρίτος</span> <span class='ocrx_word' id='word_1_713' title='bbox 2966 4814 3148 4870; x_wconf 86' lang='grc' dir='ltr'>κανὼν</span> <span class='ocrx_word' id='word_1_714' title='bbox 3200 4818 3299 4887; x_wconf 79' lang='grc' dir='ltr'>τῆς</span> <span class='ocrx_word' id='word_1_715' title='bbox 3359 4819 3618 4887; x_wconf 75' lang='grc' dir='ltr'>δευτέρας</span> 
     </span>
    </p>
   </div>
   <div class='ocr_carea' id='block_1_92' title="bbox 2048 4910 3618 4983">
    <p class='ocr_par' dir='ltr' id='par_1_92' title="bbox 2048 4910 3618 4983">
     <span class='ocr_line' id='line_1_93' title="bbox 2048 4910 3618 4983; baseline -0.003 -13"><span class='ocrx_word' id='word_1_716' title='bbox 2048 4917 2267 4969; x_wconf 69' lang='grc' dir='ltr'>συνόδου</span> <span class='ocrx_word' id='word_1_717' title='bbox 2299 4918 2328 4969; x_wconf 91' lang='lat'><strong>6</strong></span> <span class='ocrx_word' id='word_1_718' title='bbox 2358 4912 2549 4983; x_wconf 84' lang='grc' dir='ltr'>παρὼν</span> <span class='ocrx_word' id='word_1_719' title='bbox 2580 4912 2841 4981; x_wconf 72' lang='grc' dir='ltr'>ἐμνήσθη,</span> <span class='ocrx_word' id='word_1_720' title='bbox 2896 4913 2988 4963; x_wconf 72' lang='grc' dir='ltr'>καὶ</span> <span class='ocrx_word' id='word_1_721' title='bbox 3043 4910 3201 4979; x_wconf 77' lang='grc' dir='ltr'>φησὶ,</span> <span class='ocrx_word' id='word_1_722' title='bbox 3244 4930 3262 4961; x_wconf 79' lang='grc' dir='ltr'><strong>ι</strong></span> <span class='ocrx_word' id='word_1_723' title='bbox 3299 4911 3403 4964; x_wconf 74' lang='grc' dir='ltr'><strong>Τὸν</strong></span> <span class='ocrx_word' id='word_1_724' title='bbox 3434 4912 3618 4981; x_wconf 76' lang='grc' dir='ltr'>μέντοι</span> 
     </span>
    </p>
   </div>
   <div class='ocr_carea' id='block_1_93' title="bbox 2048 5000 3618 5075">
    <p class='ocr_par' dir='ltr' id='par_1_93' title="bbox 2048 5000 3618 5075">
     <span class='ocr_line' id='line_1_94' title="bbox 2048 5000 3618 5075; baseline -0.006 -13"><span class='ocrx_word' id='word_1_725' title='bbox 2048 5006 2683 5067; x_wconf 79' lang='grc' dir='ltr'>Κωνσταντινουπόλεως</span> <span class='ocrx_word' id='word_1_726' title='bbox 2717 5004 3040 5065; x_wconf 74' lang='grc' dir='ltr'>ἐπίσκοπον,</span> <span class='ocrx_word' id='word_1_727' title='bbox 3075 5003 3163 5056; x_wconf 82' lang='grc' dir='ltr'><strong>διὰ</strong></span> <span class='ocrx_word' id='word_1_728' title='bbox 3194 5006 3253 5057; x_wconf 78' lang='grc' dir='ltr'>τὸ</span> <span class='ocrx_word' id='word_1_729' title='bbox 3282 5000 3419 5056; x_wconf 69' lang='grc' dir='ltr'>εἶναι</span> <span class='ocrx_word' id='word_1_730' title='bbox 3446 5005 3618 5075; x_wconf 81' lang='grc' dir='ltr'>αὐτὴν</span> 
     </span>
    </p>
   </div>
   <div class='ocr_carea' id='block_1_94' title="bbox 2050 5094 3619 5168">
    <p class='ocr_par' dir='ltr' id='par_1_94' title="bbox 2050 5094 3619 5168">
     <span class='ocr_line' id='line_1_95' title="bbox 2050 5094 3619 5168; baseline -0.002 -17"><span class='ocrx_word' id='word_1_731' title='bbox 2050 5102 2174 5151; x_wconf 81' lang='grc' dir='ltr'>νέαν</span> <span class='ocrx_word' id='word_1_732' title='bbox 2210 5097 2456 5168; x_wconf 86' lang='grc' dir='ltr'>Ῥώμην,</span> <span class='ocrx_word' id='word_1_733' title='bbox 2528 5096 2670 5165; x_wconf 77' lang='grc' dir='ltr'>ἔχειν</span> <span class='ocrx_word' id='word_1_734' title='bbox 2722 5095 2789 5148; x_wconf 71' lang='grc' dir='ltr'><strong>τὰ</strong></span> <span class='ocrx_word' id='word_1_735' title='bbox 2842 5094 3110 5164; x_wconf 80' lang='grc' dir='ltr'>πρεσϐεῖα</span> <span class='ocrx_word' id='word_1_736' title='bbox 3142 5095 3242 5163; x_wconf 76' lang='grc' dir='ltr'>τῆς</span> <span class='ocrx_word' id='word_1_737' title='bbox 3272 5095 3435 5165; x_wconf 74' lang='grc' dir='ltr'>τιμῆς</span> <span class='ocrx_word' id='word_1_738' title='bbox 3480 5097 3619 5164; x_wconf 73' lang='grc' dir='ltr'>μετὰ</span> 
     </span>
    </p>
   </div>
   <div class='ocr_carea' id='block_1_95' title="bbox 2049 5188 3621 5259">
    <p class='ocr_par' dir='ltr' id='par_1_95' title="bbox 2049 5188 3621 5259">
     <span class='ocr_line' id='line_1_96' title="bbox 2049 5188 3621 5259; baseline -0.003 -15"><span class='ocrx_word' id='word_1_739' title='bbox 2049 5193 2140 5244; x_wconf 75' lang='grc' dir='ltr'>τὸν</span> <span class='ocrx_word' id='word_1_740' title='bbox 2168 5193 2267 5254; x_wconf 72' lang='grc' dir='ltr'>τῆς</span> <span class='ocrx_word' id='word_1_741' title='bbox 2305 5192 2524 5259; x_wconf 83' lang='grc' dir='ltr'>Ῥώμης</span> <span class='ocrx_word' id='word_1_742' title='bbox 2558 5190 2854 5241; x_wconf 74' lang='grc' dir='ltr'>ἐπίσκοπον</span> <span class='ocrx_word' id='word_1_743' title='bbox 2880 5203 2896 5218; x_wconf 72' lang='grc' dir='ltr'><strong>ο</strong></span> <span class='ocrx_word' id='word_1_744' title='bbox 2930 5207 2948 5237; x_wconf 77' lang='grc' dir='ltr'><strong>ι</strong></span> <span class='ocrx_word' id='word_1_745' title='bbox 2980 5191 3005 5240; x_wconf 88' lang='lat'><strong>6</strong></span> <span class='ocrx_word' id='word_1_746' title='bbox 3035 5188 3092 5241; x_wconf 79' lang='grc' dir='ltr'>δὲ</span> <span class='ocrx_word' id='word_1_747' title='bbox 3124 5190 3442 5258; x_wconf 71' lang='grc' dir='ltr'>τριακοστὸς</span> <span class='ocrx_word' id='word_1_748' title='bbox 3463 5188 3621 5250; x_wconf 67' lang='grc' dir='ltr'>ἕκτος</span> 
     </span>
    </p>
   </div>
   <div class='ocr_carea' id='block_1_96' title="bbox 2043 5280 3619 5354">
    <p class='ocr_par' dir='ltr' id='par_1_96' title="bbox 2043 5280 3619 5354">
     <span class='ocr_line' id='line_1_97' title="bbox 2043 5280 3619 5354; baseline -0.004 -17"><span class='ocrx_word' id='word_1_749' title='bbox 2043 5286 2143 5354; x_wconf 84' lang='grc' dir='ltr'>τῆς</span> <span class='ocrx_word' id='word_1_750' title='bbox 2196 5284 2362 5352; x_wconf 73' lang='grc' dir='ltr'>ἕκτης</span> <span class='ocrx_word' id='word_1_751' title='bbox 2420 5284 2619 5350; x_wconf 70' lang='grc' dir='ltr'>φησὶν,</span> <span class='ocrx_word' id='word_1_752' title='bbox 2685 5301 2704 5331; x_wconf 76' lang='grc' dir='ltr'><strong>ι</strong></span> <span class='ocrx_word' id='word_1_753' title='bbox 2748 5280 3161 5349; x_wconf 71' lang='grc' dir='ltr'>’Λνανεούμενοι</span> <span class='ocrx_word' id='word_1_754' title='bbox 3225 5281 3286 5331; x_wconf 80' lang='grc' dir='ltr'>τὰ</span> <span class='ocrx_word' id='word_1_755' title='bbox 3345 5280 3619 5349; x_wconf 66' lang='grc' dir='ltr'>παρὰ-τών</span> 
     </span>
    </p>
   </div>
   <div class='ocr_carea' id='block_1_97' title="bbox 2043 5367 3619 5442">
    <p class='ocr_par' dir='ltr' id='par_1_97' title="bbox 2043 5367 3619 5442">
     <span class='ocr_line' id='line_1_98' title="bbox 2043 5367 3619 5442; baseline -0.008 -12"><span class='ocrx_word' id='word_1_756' title='bbox 2043 5375 2242 5430; x_wconf 72' lang='grc' dir='ltr'>ἑκατὸν</span> <span class='ocrx_word' id='word_1_757' title='bbox 2270 5375 2614 5442; x_wconf 75' lang='grc' dir='ltr'>πεντήκοντα</span> <span class='ocrx_word' id='word_1_758' title='bbox 2646 5373 2817 5439; x_wconf 83' lang='grc' dir='ltr'>ἁγίων</span> <span class='ocrx_word' id='word_1_759' title='bbox 2846 5372 3103 5440; x_wconf 71' lang='grc' dir='ltr'>Πατέρων</span> <span class='ocrx_word' id='word_1_760' title='bbox 3138 5370 3248 5421; x_wconf 82' lang='grc' dir='ltr'>τῶν</span> <span class='ocrx_word' id='word_1_761' title='bbox 3288 5373 3345 5421; x_wconf 81' lang='grc' dir='ltr'>ἐν</span> <span class='ocrx_word' id='word_1_762' title='bbox 3378 5372 3443 5438; x_wconf 76' lang='grc' dir='ltr'>τῇ</span> <span class='ocrx_word' id='word_1_763' title='bbox 3494 5367 3619 5419; x_wconf 83' lang='grc' dir='ltr'>θεο-</span> 
     </span>
    </p>
   </div>
   <div class='ocr_carea' id='block_1_98' title="bbox 2048 5457 3619 5536">
    <p class='ocr_par' dir='ltr' id='par_1_98' title="bbox 2048 5457 3619 5536">
     <span class='ocr_line' id='line_1_99' title="bbox 2048 5457 3619 5536; baseline -0.006 -17"><span class='ocrx_word' id='word_1_764' title='bbox 2048 5466 2307 5536; x_wconf 75' lang='grc' dir='ltr'>φυ).ἁκτῳ</span> <span class='ocrx_word' id='word_1_765' title='bbox 2339 5464 2515 5533; x_wconf 79' lang='grc' dir='ltr'>ταύτῃ</span> <span class='ocrx_word' id='word_1_766' title='bbox 2545 5463 2637 5515; x_wconf 74' lang='grc' dir='ltr'>καὶ</span> <span class='ocrx_word' id='word_1_767' title='bbox 2661 5461 2897 5532; x_wconf 77' lang='grc' dir='ltr'>βασιλίδι</span> <span class='ocrx_word' id='word_1_768' title='bbox 2930 5462 3085 5513; x_wconf 81' lang='grc' dir='ltr'>πόλει</span> <span class='ocrx_word' id='word_1_769' title='bbox 3125 5460 3492 5512; x_wconf 74' lang='grc' dir='ltr'>συνελθόντων</span> <span class='ocrx_word' id='word_1_770' title='bbox 3520 5457 3619 5511; x_wconf 74' lang='grc' dir='ltr'>καὶ</span> 
     </span>
    </p>
   </div>
   <div class='ocr_carea' id='block_1_99' title="bbox 2125 5644 2673 5709">
    <p class='ocr_par' dir='ltr' id='par_1_99' title="bbox 2125 5644 2673 5709">
     <span class='ocr_line' id='line_1_100' title="bbox 2125 5644 2673 5709; baseline -0.009 -12"><span class='ocrx_word' id='word_1_771' title='bbox 2125 5644 2202 5709; x_wconf 68' lang='grc' dir='ltr'><strong>(Ξ)</strong></span> <span class='ocrx_word' id='word_1_772' title='bbox 2234 5644 2286 5697; x_wconf 77' lang='grc' dir='ltr'>ῘιΙ</span> <span class='ocrx_word' id='word_1_773' title='bbox 2322 5654 2401 5697; x_wconf 80' lang='lat' dir='ltr'><strong>est</strong></span> <span class='ocrx_word' id='word_1_774' title='bbox 2432 5644 2673 5696; x_wconf 73' lang='lat' dir='ltr'><strong>Missam.</strong></span> 
     </span>
    </p>
   </div>
   <div class='ocr_carea' id='block_1_100' title="bbox 2127 5706 3637 5783">
    <p class='ocr_par' dir='ltr' id='par_1_100' title="bbox 2127 5706 3637 5783">
     <span class='ocr_line' id='line_1_101' title="bbox 2127 5706 3637 5783; baseline -0.005 -14"><span class='ocrx_word' id='word_1_775' title='bbox 2127 5706 2203 5783; x_wconf 83' lang='lat'><strong>(5)</strong></span> <span class='ocrx_word' id='word_1_776' title='bbox 2266 5715 2336 5765; x_wconf 74' lang='lat' dir='ltr'><strong>lie</strong></span> <span class='ocrx_word' id='word_1_777' title='bbox 2378 5716 2584 5783; x_wconf 80' lang='lat' dir='ltr'><strong>azymis</strong></span> <span class='ocrx_word' id='word_1_778' title='bbox 2626 5713 2757 5783; x_wconf 76' lang='lat' dir='ltr'><strong>vide</strong></span> <span class='ocrx_word' id='word_1_779' title='bbox 2788 5708 3332 5783; x_wconf 42' lang='lat' dir='ltr'><strong>quaailnbilloniug</strong></span> <span class='ocrx_word' id='word_1_780' title='bbox 3367 5706 3519 5778; x_wconf 62' lang='lat' dir='ltr'><strong>praei&quot;.</strong></span> <span class='ocrx_word' id='word_1_781' title='bbox 3549 5706 3637 5762; x_wconf 73' lang='lat' dir='ltr'><strong>ad</strong></span> 
     </span>
    </p>
   </div>
   <div class='ocr_carea' id='block_1_101' title="bbox 2058 5779 3439 5853">
    <p class='ocr_par' dir='ltr' id='par_1_101' title="bbox 2058 5779 3439 5853">
     <span class='ocr_line' id='line_1_102' title="bbox 2058 5779 3439 5853; baseline -0.005 -11"><span class='ocrx_word' id='word_1_782' title='bbox 2058 5779 2197 5842; x_wconf 67' lang='grc' dir='ltr'>Αιιήζ</span> <span class='ocrx_word' id='word_1_783' title='bbox 2233 5783 2361 5839; x_wconf 81' lang='lat' dir='ltr'><strong>Ben.</strong></span> <span class='ocrx_word' id='word_1_784' title='bbox 2400 5779 2620 5840; x_wconf 44' lang='lat' dir='ltr'><strong>ct&#39;llona</strong></span> <span class='ocrx_word' id='word_1_785' title='bbox 2653 5785 2704 5840; x_wconf 87' lang='lat' dir='ltr'><strong>in</strong></span> <span class='ocrx_word' id='word_1_786' title='bbox 2737 5779 3029 5853; x_wconf 75' lang='lat' dir='ltr'><strong>Liiurgicis</strong></span> <span class='ocrx_word' id='word_1_787' title='bbox 3058 5780 3277 5839; x_wconf 77' lang='lat' dir='ltr'><strong>habent.</strong></span> <span class='ocrx_word' id='word_1_788' title='bbox 3302 5779 3439 5837; x_wconf 65' lang='lat' dir='ltr'><strong>Baeti</strong></span> 
     </span>
    </p>
   </div>
  </div>
