4086 6228
442 286 580 356 1273

1772 291 1929 353 PRO
1964 291 2194 357 ιΑΤιΝ
2208 294 2299 357 iS.

3558 300 3692 365 ιετι

438 404 790 476 singulariter
838 404 995 459 Petro
1026 404 1371 473 loquebatur.
1405 404 1609 461 Deinde
1633 417 1689 461 et
1737 406 2020 477 evangeli-
2047 412 2095 471 Α
2122 408 2406 482 oportebat
2454 398 2601 477 eum,
2639 414 2729 485 qui
2777 424 2894 469 erat
2932 415 3150 487 proprie
3197 422 3253 472 et
3299 430 3429 471 vere
3459 416 3697 471 aliorum

436 505 539 555 stac
566 505 621 552 et
653 497 707 552 in
745 496 1052 570 Erangeliis
1070 507 1126 551 et
1156 496 1210 553 in
1246 499 1417 561 Actis.
1450 500 1764 570 ubicunque
1786 516 2028 556 contine-

441 601 657 648 moraut
684 590 900 645 Petrum
938 606 1062 645 cum
1091 590 1236 657 aliis,
1272 592 1357 646 vel
1381 592 1663 658 omnibus.
1711 592 1797 647 vel
1824 592 2027 663 aliqui-

441 684 570 748 bus.
609 698 825 753 semper
868 694 924 737 et
980 684 1183 753 ubique
1232 686 1407 753 ipsum
1463 684 1588 741 aliis
1636 685 2027 756 praeordinant.

444 777 600 843 Quod
629 791 740 831 non
771 778 957 845 utique
987 777 1342 831 observantur
1375 776 1636 843 facerent,
1670 776 1775 833 nisi
1797 779 2029 845 scirent,

445 886 569 925 eum
616 870 851 941 primum
905 869 1133 924 aliorum
1169 886 1195 922 a
1238 871 1469 925 Domino
1508 872 1891 927 constitutum.
1941 871 2031 927 ln-

442 964 607 1018 venio
652 962 817 1018 etiam
852 962 1131 1031 apostolos
1174 963 1249 1016 illi
1295 973 1353 1017 ut
1396 979 1501 1020 suo
1562 963 1778 1033 primati
1814 978 2032 1035 semper

446 1060 719 1117 cedentes.
770 1062 831 1115 ln
882 1060 1108 1115 Actibus
1139 1059 1311 1123 enim,
1342 1062 1464 1117 aliis
1514 1062 1778 1132 apostolis
1827 1061 2033 1132 pariter

448 1170 574 1210 cum
603 1171 667 1209 eo
702 1156 1117 1223 exsistentilms,
1153 1156 1329 1225 ipsum
1363 1157 1521 1211 video
1565 1171 1781 1227 semper
1815 1171 2031 1212 sermo-

452 1262 575 1302 nem
621 1248 992 1313 iuchoantem.
1041 1248 1181 1303 alios
1224 1264 1354 1304 vero
1386 1257 1702 1318 sequentes.
1744 1248 1947 1305 Deinde
1979 1259 2035 1304 et

447 1336 585 1395 illud
621 1339 935 1402 considero,
972 1341 1117 1410 quod
1151 1355 1275 1394 cum
1319 1355 1385 1396 ea
1424 1356 1548 1411 quia
1580 1340 1908 1396 sacramenti
1944 1340 2035 1397 in-

448 1432 787 1489 eamationis
817 1433 992 1505 magis
1025 1445 1152 1488 sunt
1193 1435 1499 1489 necessaria
1520 1476 1535 1501 ,
1573 1434 1734 1492 sicuti
1758 1443 1841 1490 est
1871 1448 2034 1503 crux,

449 1524 656 1594 passio.
716 1540 888 1589 mors,
948 1526 1297 1588 resurrectio,
1342 1541 1443 1597 per
1477 1538 1719 1596 quatuor
1762 1527 2037 1598 evangeli-

452 1624 569 1673 stas
601 1616 814 1686 plenius
841 1617 1155 1673 scribantur
1178 1660 1193 1683 ,
1222 1633 1286 1674 ea
1316 1635 1443 1674 vero
1465 1635 1585 1690 quae
1614 1623 1668 1675 in
1690 1630 1901 1675 tantum
1924 1638 2036 1678 non

451 1716 581 1764 sunt
600 1711 932 1772 necessaria,
956 1710 1024 1763 ab
1054 1710 1175 1765 aliis
1202 1710 1555 1778 omittantur,
1585 1712 1657 1767 ab
1683 1713 1812 1768 aliis
1835 1712 2032 1769 dican-

455 1810 546 1855 tur
576 1818 593 1856 :
623 1801 714 1856 illa
747 1818 841 1871 per
879 1819 1000 1872 qua:
1039 1802 1180 1857 Petri
1212 1802 1482 1876 primatus
1543 1808 1871 1869 ostenditur.
1912 1817 2037 1863 tan—

455 1908 621 1961 quam
647 1893 963 1949 exsistentia
988 1895 1200 1950 illorum
1223 1912 1345 1969 quae
1363 1898 1537 1967 magis
1555 1908 1683 1953 sunt
1707 1901 2040 1965 necessaria,

456 1998 511 2042 et
540 2002 573 2042 a
602 1997 838 2055 quatuor
864 1992 1176 2055 conscripta
1198 1997 1349 2052 sunt.
1376 1997 1637 2060 tauquam
1668 1991 1829 2046 valde
1857 2007 2044 2048 ncces-

460 2080 665 2135 sarium
691 2080 785 2145 sit,
838 2096 1032 2135 omnes
1060 2082 1202 2137 scire
1225 2126 1239 2148 ,
1281 2081 1373 2139 cui
1405 2082 1666 2139 Ecclesia:
1705 2084 2046 2156 principatus

460 2188 491 2226 a
535 2172 766 2227 Domino
808 2172 1052 2229 ermiitus
1082 2184 1190 2229 est.

536 2269 604 2320 At
636 2280 766 2321 vero
799 2276 855 2321 et
878 2276 1098 2323 nmuus
1122 2266 1415 2338 Diooysius
1440 2266 1493 2325 in
1531 2271 1695 2324 tertio
1727 2269 1802 2323 De
1847 2270 2043 2326 divinis

458 2356 756 2414 nominibus
790 2358 1099 2414 verticalem
1130 2360 1507 2428 theologorum
1540 2363 1909 2417 summitatem
1940 2377 2048 2417 ma-

459 2467 629 2522 gnum
682 2451 904 2507 Petrum
935 2453 1183 2508 nominat
1215 2469 1231 2509 :
1264 2464 1316 2508 et
1350 2471 1415 2508 ex
1456 2462 1586 2511 tunc
1634 2457 1892 2511 universa
1940 2454 2047 2511 Ec-

460 2544 652 2609 clesia,
689 2542 875 2599 addito
901 2542 1003 2614 ipsi
1038 2543 1227 2599 divino
1258 2544 1451 2608 Paulo.
1484 2559 1731 2601 summos
1770 2545 2051 2614 apostolo-

464 2651 585 2689 rum
634 2634 853 2691 Petrum
900 2642 960 2690 et
993 2633 1221 2691 Paulum
1272 2637 1541 2700 nominat.
1580 2637 1734 2691 illum
1790 2637 2043 2693 similiter

462 2727 863 2799 praeordinans.
910 2728 1093 2797 Quare
1136 2730 1376 2799 undique
1417 2729 1774 2785 manifestum
1818 2740 1923 2794 est,
1973 2730 2042 2784 ab

463 2821 587 2893 ipso
624 2819 858 2876 Domino
875 2820 1093 2878 Christo
1131 2822 1308 2892 ipsum
1333 2823 1611 2892 accepisse
1634 2822 1865 2878 aliorum
1894 2823 2044 2892 prin-

462 2913 729 2985 cipatum.
778 2914 847 2972 Et
886 2914 992 2972 hoc
1032 2916 1190 2971 valde
1237 2916 1525 2974 decenterl.
1582 2915 1852 2982 Quoniam
1896 2916 2044 2973 enim

2127 502 2499 575 apostolorum
2531 506 2807 577 princeps,
2832 521 2940 561 non
2967 522 3185 577 semper
3222 508 3303 564 eis
3333 509 3700 578 corporalter

2128 592 2343 657 adesse.
2388 590 2486 649 sed
2519 596 2818 650 secundum
2859 597 3198 667 corporalem
3238 598 3579 667 praesentiam
3610 611 3702 653 re-

2129 684 2375 757 linquere
2402 701 2500 742 eos
2533 705 2551 743 :
2586 703 2755 743 unum
2792 688 2860 744 de
2886 686 3173 747 duodecim
3207 691 3326 747 vice
3360 704 3461 746 sua
3492 689 3698 763 princi-

2130 792 2251 847 pem
2282 778 2517 834 aliorum
2537 781 2818 850 praeponit,
2850 781 3125 838 hominem
3152 781 3436 837 hominum
3458 819 3475 847 ,
3500 789 3563 835 ut
3589 778 3701 835 fac-

2128 877 2184 926 ta
2226 867 2675 941 dispensationis,
2720 888 2896 946 neque
2941 873 2996 929 in
3042 872 3145 929 hoc
3178 873 3301 929 aliis
3348 871 3704 943 providentiae

2129 964 2394 1036 operibus
2440 966 2791 1036 appretianda
2821 977 2969 1024 sunt.
3015 966 3119 1023 Sed
3149 967 3429 1023 videamus
3472 964 3703 1037 reliqua.

2202 1056 2356 1116 Multi
2377 1068 2688 1115 nostrorum
2710 1059 2989 1117 doctorum
3012 1062 3165 1116 aiunt
3187 1061 3468 1132 pontiﬁces
3485 1059 3705 1131 quidem

2133 1152 2317 1209 locum
2349 1152 2597 1210 obtinere
2622 1155 2908 1211 duodecim
2938 1156 3313 1225 apostolorum
3359 1172 3376 1212 :
3429 1151 3707 1223 presbyte-

2134 1261 2227 1303 ros
2258 1261 2409 1311 vero,
2449 1245 2830 1318 Septuaginta.
2868 1248 3009 1319 Ergo
3038 1249 3199 1315 primi
3229 1247 3545 1319 pontiticum
3575 1259 3710 1316 apo-

2132 1342 2262 1400 stoli
2310 1351 2458 1398 sunt.
2492 1339 2586 1395 llis
2618 1342 2798 1398 adhuc
2824 1343 2971 1413 prior
3000 1342 3220 1412 quidem
3252 1341 3509 1413 primitus
3536 1338 3705 1396 Chri-

2134 1444 2276 1495 stus.
2300 1435 2553 1493 Secundo
2574 1451 2705 1491 vero
2730 1446 2785 1492 et
2815 1435 2883 1491 ab
2903 1436 3147 1490 omnium
3165 1434 3338 1504 primo
3362 1432 3710 1497 constitutus.

2134 1530 2204 1586 ad
2236 1529 2542 1585 habendam
2571 1528 2911 1599 principandi
2944 1528 3208 1583 rationem
3233 1527 3299 1583 ad
3328 1528 3486 1593 alios,
3516 1527 3713 1582 beatus

2136 1621 2351 1680 Petrus.
2384 1620 2525 1690 Quid
2550 1620 2761 1692 igitur?
2791 1629 3097 1690 oportetue,
3152 1620 3461 1690 pontiﬁcale
3492 1617 3711 1689 quidem

2140 1714 2506 1771 ministerium
2560 1730 2670 1770 non
2726 1715 2780 1770 in
2813 1714 2944 1786 ipsis
2994 1713 3257 1782 apostolis
3314 1710 3711 1773 circumscribi,

2139 1808 2234 1865 sed
2267 1808 2433 1863 etiam
2461 1807 2872 1863 successoribus
2902 1806 3077 1877 ipsum
3114 1806 3273 1872 tradi,
3306 1819 3485 1876 usque
3541 1803 3611 1860 ad
3654 1805 3716 1859 li-

2142 1917 2239 1956 nes
2263 1899 2617 1964 swcnlorum,
2652 1909 2710 1954 ut
2731 1914 2949 1969 semper
2979 1900 3031 1955 in
3061 1899 3263 1954 mundo
3285 1899 3397 1954 sint
3426 1898 3717 1969 pontifices

2140 2008 2489 2051 successores
2554 2008 2780 2061 eorum;
2842 1992 3193 2063 pontificatus
3242 2007 3371 2048 vero
3422 1991 3719 2062 primatum

2142 2088 2195 2141 in
2260 2086 2396 2156 ipsis
2458 2087 2745 2156 oportebat
2808 2083 2981 2151 ﬁniri,
3043 2093 3103 2139 ut
3155 2074 3619 2156 quemadmodum
3664 2084 3723 2136 in

2145 2181 2260 2236 illis
2318 2180 2495 2235 factus
2567 2187 2653 2235 est
2733 2178 2933 2248 aliquis
3011 2179 3230 2233 decreto
3308 2176 3402 2233 Dei
3465 2176 3717 2247 primus.

2147 2287 2309 2341 quem
2339 2269 2432 2325 alii
2460 2285 2558 2341 pro
2579 2270 2757 2340 capite
2782 2284 2884 2326 suo
2905 2269 3203 2335 ducebant,
3234 2271 3339 2326 hoc
3364 2282 3717 2339 nequaquam

2148 2362 2216 2416 ad
2258 2361 2501 2431 reliquos
2544 2369 2810 2427 transeat,
2839 2369 2895 2418 ut
2924 2362 3017 2417 alii
3078 2361 3311 2432 aliquem
3352 2374 3522 2415 unum
3558 2372 3721 2414 suum

2147 2453 2448 2523 principem
2479 2460 2711 2524 putent;
2742 2454 2838 2511 sed
2872 2468 3066 2510 omnes
3110 2468 3209 2525 per
3249 2452 3435 2506 omnia
3469 2463 3716 2520 coaequa-

2149 2546 2227 2601 les
2254 2545 2402 2601 sint?
2434 2545 2496 2600 Et
2522 2561 2587 2601 ex
2626 2560 2735 2616 qua
2762 2544 3067 2601 dili‘erentia
3097 2547 3200 2601 hoc
3254 2545 3481 2601 deberet
3510 2545 3732 2599 contin-

2148 2651 2296 2708 gere,
2328 2645 2388 2690 ut
2421 2637 2743 2706 pontiﬁcale."
2778 2636 3001 2707 quidem
3064 2634 3427 2690 ministerium
3485 2642 3729 2689 transeat

2148 2728 2215 2784 ad
2242 2742 2633 2783 successores:
2674 2727 3011 2797 principaudi
3045 2740 3173 2781 vero
3214 2723 3477 2786 oﬂlcium,
3527 2737 3725 2779 secun-

2150 2821 2281 2878 dum
2323 2822 2700 2893 pontificatum
2745 2820 2992 2886 minime,
3023 2835 3147 2874 cum
3204 2829 3436 2890 utraque
3479 2815 3731 2873 similiter

2150 2926 2393 2972 essenta
2422 2912 2654 2970 Domino
2682 2925 2925 2978 ostensa.
2976 2926 3027 2970 et
3083 2912 3337 2969 similiter
3395 2907 3730 2965 multitudini

1560 3028 1921 3085 BARLAAMI
1950 3027 2233 3087 CONTRA
2256 3028 2578 3088 LATINOS.

467 3169 579 3206 των
607 3147 838 3219 γνώμης
867 3163 921 3201 τι
951 3144 1140 3201 καινὸν
1168 3142 1525 3214 δογματίζειν
1546 3160 1565 3175 ·
1593 3146 1691 3201 καὶ
1727 3143 1819 3199 τίαν
1849 3146 2048 3216 ἡμέτε-
2078 3151 2121 3210 c
2153 3147 2304 3200 τικδν
2351 3140 2516 3201 εἶναι.
2568 3142 2921 3199 ΒΔΡΛΔΔΜ.
2952 3143 3018 3195 Τί
3048 3142 3181 3216 φῂς,
3211 3140 3504 3209 ᾶνθρωπις
3536 3138 3733 3211 νεκρὸν

473 3262 568 3318 ρον
618 3243 969 3313 πατριὰρχην
1002 3238 1115 3292 τῶν
1155 3238 1336 3292 αὐτῶν
1380 3238 1668 3306 ἀξιοῦσθαι
1718 3239 2049 3310 πρεσϐείων,

472 3339 567 3390 καὶ
611 3335 686 3398 ὡς
722 3337 932 3388 ἐκεῖνον
970 3336 1027 3388 ὲν
1072 3334 1184 3396 τοῖς
1236 3332 1715 3403 ἐκκλησιαστικαῖς
1752 3331 2053 3401 μεγαλύνε-

473 3430 603 3483 σῦαι
647 3428 977 3498 πράγμασιν
1006 3426 1057 3479 οί
1096 3426 1235 3481 θεῖοι
1264 3424 1425 3493 νόμοι
1454 3423 1868 3478 διακελεύονται
1892 3439 1910 3456 ⁸
1934 3423 2053 3483 πῶς

474 3524 625 3592 ἡμᾶς
650 3518 951 3575 ὑπακούειν
974 3520 1068 3571 καὶ
1092 3516 1379 3572 πείθεσθαι
1403 3515 1481 3588 τῷ
1502 3514 1664 3587 πάπᾳ
1687 3513 2052 3582 ἀναγκάζετε,

473 3614 566 3675 οὓς
599 3612 703 3666 uno
729 3611 841 3666 τῶν
886 3610 1209 3677 ἁγιωτάτων
1239 3608 1402 3678 ἡμῶν
1434 3606 1793 3678 πατριαρχῶν
1824 3605 2055 3675 ποιμαι-

475 3711 663 3765 νεσθαι
694 3708 899 3779 νόμος;
925 3703 1058 3762 Εῐτα
1074 3706 1193 3770 πῶς
1213 3702 1364 3776 αύτῷ
1389 3702 1673 3757 πείθεσθαι
1693 3702 1758 3756 οὐ
1787 3700 2056 3767 κελεύεις,

476 3804 712 3875 ἀκίνητα
762 3801 1087 3872 φυλάττοντι
1121 3800 1190 3853 τὰ
1227 3799 1337 3851 τῶν
1371 3795 1536 3851 Θείων
1583 3796 1851 3865 Πατέρων
1902 3795 2052 3864 ὅρια,

479 3897 575 3952 καὶ
628 3894 796 3967 μηδὲν
849 3893 956 3947 τῶν
1016 3892 1180 3946 δαίων
1231 3889 1525 3959 δογμάτων
1557 3884 2055 3959 παρακελεύοντιῆ

477 3988 838 4052 τούναντίονς
880 3985 1045 4040 ’Δλλὰ
1108 3984 1382 4056 μηδέποτε
1436 3978 1641 4051 γένοιτ’
1686 3981 1753 4035 ἂν
1792 3980 1943 4049 ἡμᾶς
1974 3979 2059 4042 είς

477 4079 737 4133 τοσοῦτον
780 4077 1113 4148 ἐληλακέναι
1168 4075 1396 4145 μανίας,
1441 4073 1583 4128 ὥστε
1616 4072 1898 4145 ὀρθόδοξον
1928 4072 2058 4125 δντα

478 4172 577 4225 καὶ
603 4168 880 4241 πανταχοῦ
929 4167 1041 4221 τῶν
1073 4167 1333 4238 Πατέρων
1383 4164 1721 4234 αοιχυῦντα,
1751 4166 2061 4232 ἀποστερῆ-

481 4282 574 4321 σαι
603 4264 768 4317 αὐτὸν
796 4264 895 4333 τῆς
925 4260 1114 4332 τιμῆς,
1144 4259 1214 4331 ην
1263 4258 1313 4312 oi
1362 4257 1605 4327 Πατέρες
1643 4255 1795 4325 αὐτῷ
1826 4253 2062 4309 δεδώκα-

483 4376 590 4412 σιν.
626 4357 690 4411 El
717 4356 773 4409 δὲ
806 4354 917 4408 τῶν
966 4351 1127 4406 θείων
1161 4349 1493 4421 παραϐάτης
1523 4348 1639 4402 ἐστὶ
1668 4347 1851 4415 νόμων
1878 4363 1939 4398 τε
1967 4347 2061 4398 καὶ

478 4449 767 4518 δογμάτων
789 4462 805 4477 ⁶
832 4446 884 4498 τί
937 4442 1146 4515 ζημίαν
1196 4438 1418 4511 ἡγεῖσθε
1450 4439 1497 4491 εί
1533 4438 1608 4505 μὴ
1641 4436 1739 4489 καὶ
1769 4437 1926 4505 ἡμεῖς
1960 4436 2060 4489 σὺν

482 4541 615 4611 ὑμῖν
653 4535 1053 4607 ἀπολλύμεθας
1100 4536 1161 4587 Et
1209 4533 1266 4587 δὲ
1303 4532 1397 4586 καὶ
1450 4531 1733 4601 αἱρετικὸν
1787 4528 1918 4583 ὅντα
1966 4528 2059 4582 καὶ

483 4630 1009 4706 παραδογματιστὴν
1040 4626 1195 4679 οὐδὲν
1226 4623 1462 4678 κωλύειν
1496 4624 1629 4694 φατὲ
1658 4621 1757 4676 καὶ
1786 4620 1929 4674 οὕτω
1948 4620 2063 4675 διά-

480 4728 641 4799 δοχον
674 4721 818 4779 εἶναι
868 4721 964 4776 τοῦ
1012 4721 1246 4790 Πέτρου,
1275 4718 1367 4771 καὶ
1395 4715 1493 4780 τὰς
1522 4715 1671 4777 κλεῖς
1712 4713 1811 4781 τῆς
1836 4712 1945 4766 τῶν
1970 4712 2063 4765 οὒ-

486 4818 667 4893 ρανῶν
719 4816 998 4887 βασιλείας
1029 4812 1199 4883 ἔχειν,
1234 4810 1339 4866 οὐκ
1390 4808 1769 4877 ἀντιλέγομεν.
1811 4805 2063 4875 Διάδοχος

488 4915 590 4984 μὶν
624 4911 807 4975 ἔσται,
853 4907 967 4960 ἀλλ’
998 4905 1072 4967 ὡς
1108 4904 1264 4967 νόσος
1310 4901 1545 4971 ὖγιείας,
1579 4900 1675 4953 καὶ
1726 4898 1863 4967 ζάλη
1896 4897 2065 4967 γαλή-

486 5022 606 5073 νης,
632 5002 724 5056 καὶ
756 5002 947 5063 σκότος
978 4996 1180 5065 φωτός.
1212 4995 1377 5059 κλεῖς
1410 4993 1468 5048 δὲ
1498 4996 1600 5063 τῆς
1626 4992 1879 5063 οὐρανῶν
1905 4990 2067 5060 βασι-

484 5092 635 5157 λείας
686 5091 799 5156 ἔξει
849 5090 909 5147 οὐ
963 5090 1061 5152 τὰς
1109 5084 1619 5153 ἁνοιγούσας,ἀλλὰ
1650 5084 1747 5148 τὰς
1780 5082 2065 5145 κλειούσας

486 5186 585 5241 καὶ
646 5183 853 5255 μηδένα
911 5182 1145 5238 είσιέναι
1207 5176 1653 5252 παραχωρούσας
1750 5175 1863 5229 τῶν
1920 5174 2068 5244 αύτῷ

487 5281 515 5337 ι
527 5279 796 5349 πομένων.

1096 5366 1352 5422 ΚΕΦΑΛ.
1393 5360 1496 5418 LV.

558 5460 1016 5521 ΦΡᾹΓΚΙΣΚΟΣ.
1062 5458 1210 5514 Ἀλλ’
1240 5457 1506 5514 ἀδύνατον
1537 5453 1628 5509 τδν
1679 5450 1870 5505 πάπαν
1917 5450 2063 5521 alpe-

562 5578 1031 5655 (I)Leo‘A_llatius
1073 5574 1538 5655 iunconfutatione
1592 5568 1792 5655 [aliquae
1833 5564 2062 5655 {supc-

467 5634 743 5724 'pis‘sn.—p.
775 5650 901 5715 249,
939 5658 1090 5719 putat
1117 5634 1460 5724 Barlaampm
1498 5634 1792 5724 scripsisse
1811 5634 2061 5724 -λξγομξ-

488 5712 611 5793 ζου,
635 5712 803 5793 dictu,
845 5712 952 5776 non
993 5719 1311 5787 γενομένου,
1362 5716 1543 5783 facta;
1573 5717 1728 5766 notat
1767 5712 2058 5779 praeterea,

2156 3238 2363 3308 βλέπω,
2410 3238 2507 3293 καὶ
2560 3236 2747 3306 λέγεις
2797 3253 2892 3305 μοι
2949 3235 3033 3289 δτι
3086 3233 3354 3289 ἀδύνατον
3387 3231 3729 3297 ἀποθανεῖνς

2152 3331 2615 3384 ΦΡΛΓΚῘΣΚΟΣ.
2673 3326 2837 3382 Ἀλλά
2891 3325 3229 3399 πατριάρχαι
3285 3324 3385 3395 μὲν
3443 3323 3632 3379 πολλοὶ
3672 3324 3737 3377 ιν

2153 3427 2268 3483 τοῖς
2298 3424 2550 3491 ἀρχαίοις
2580 3421 2797 3490 χρόνοις
2848 3420 3122 3491 αίριτικοὶ
3158 3418 3435 3485 ἐγένοντο,
3463 3416 3651 3477 πάπας
3672 3413 3733 3468 δὲ

2153 3513 2277 3567 οὐδὲ
2309 3508 2411 3575 εἷς.
2445 3511 2805 3566 BAPAAAM.
2830 3510 3042 3562 Οὐκοῦν
3068 3509 3377 3575 λεγέτωσαν
3401 3508 3497 3560 καὶ
3521 3508 3571 3559 οί
3605 3506 3735 3575 περὶ

2153 3604 2494 3659 Μακεδόνιον
2539 3602 2621 3655 ὅτι
2668 3599 2860 3670 ἐπειδὴ
2922 3600 3029 3667 πρὸ
3079 3598 3253 3653 αὐτοῦ
3312 3594 3612 3658 ὲπίσκοπός
3649 3611 3736 3658 τις

2156 3693 2795 3753 Κωνσταντινουπόλεως
2851 3690 3130 3759 αίρετικδς
3185 3690 3287 3743 οὐκ
3340 3689 3586 3756 ἐγένετο,
3616 3686 3730 3741 οὐδ’

2154 3789 2315 3851 αὐτὸς
2368 3789 2497 3858 ἄρα.
2550 3788 2620 3841 Ἢ
2683 3784 2905 3853 μᾶλλον,
2940 3784 3045 3836 ἵνα
3078 3781 3395 3850 οἰκειοτέρῳ
3440 3780 3736 3850 χρήσωμαι

2158 3880 2594 3951 παραδείγματι,
2625 3877 2678 3930 εἴ
2723 3894 2807 3940 τις
2844 3875 2987 3944 ὑπὲρ
3032 3874 3127 3928 τοῦ
3182 3872 3486 3927 ἀκολάστου
3522 3871 3736 3925 ἐκείνου

2157 3973 2382 4043 γυναίου
2412 3968 2507 4025 τοῦ
2542 3969 2841 4039 γενομένου
2878 3968 2957 4038 (1)
2986 3966 3146 4021 πάπα
3174 3963 3566 4033 ἀπολογεῖσθαι
3612 3964 3737 4016 ἑθέ-

2159 4064 2243 4117 λοι
2272 4079 2287 4093 '
2319 4062 2551 4130 λεγέτω,
2576 4062 2658 4113 ὅτι
2689 4058 2883 4130 ιπειδὴ
2916 4059 3025 4113 τῶν
3053 4058 3163 4130 πρὸ
3190 4057 3365 4127 αὐτῆς
3391 4055 3569 4117 οὐδεὶς
3598 4053 3738 4126 γυνὴ

2158 4153 2249 4228 ἦν,
2272 4156 2382 4209 οὐδ’
2410 4154 2553 4226 αὑτὴ
2589 4152 2715 4226 ἄρα’
2771 4154 2867 4206 καὶ
2896 4150 3015 4213 πῶς
3062 4149 3238 4205 ταῦτα
3294 4146 3570 4219 σώφρονος
3592 4144 3743 4213 λογις

2161 4250 2301 4321 σμοῦ
2331 4268 2346 4316 ;

2745 4337 2997 4392 ΚΕΦΑΛ.
3052 4334 3156 4393 lE’.

2190 4477 2203 4490 .
2245 4435 2399 4489 Ἐπεὶ
2430 4433 2485 4487 δὲ
2537 4430 2617 4492 είς
2658 4428 2993 4499 Ἐκκλησίαν
3047 4426 3365 4498 Ῥωμαϊκὴν
3414 4425 3512 4479 καὶ
3557 4423 3748 4479 πίστιν

2178 4526 2497 4596 Ῥωμαϊκὴν
2549 4527 2643 4577 καὶ
2677 4522 2877 4584 αὐτοὺς
2930 4517 3214 4573 πιστεύειν
3258 4518 3599 4590 ὁμολογεῖτε,
3646 4516 3743 4570 καὶ

2167 4619 2294 4680 τοὺς
2345 4618 2537 4679 ἄλλους
2584 4612 2729 4666 οὕτω
2782 4612 3063 4666 πιστεύειν
3102 4608 3466 4679 ἀναγκάζετε,
3509 4609 3592 4663 δεῖ
3644 4609 3741 4661 καὶ

2169 4713 2300 4781 περὶ
2329 4708 2533 4762 τούτων
2566 4702 2861 4760 διαλαϐεῖν.
2900 4702 3159 4772 Διαφέρει
3210 4700 3361 4770 παρὰ
3396 4704 3510 4764 τοῖς
3561 4698 3744 4770 ἁγίοις

2175 4801 2451 4872 Πατράσιν
2483 4797 2640 4870 ἡμῶν
2681 4793 3011 4863 Ἐκκλησίαν
3073 4790 3395 4864 Ῥωμαϊκὴν
3427 4794 3627 4859 είπεῖν,
3648 4792 3746 4845 καὶ

2170 4892 2483 4963 Καθολικὴν
2540 4887 2896 4959 Ἐκκλησίαν.
2952 4885 3261 4958 Καθολικὴν
3306 4886 3409 4957 μὲν
3445 4886 3553 4956 γὰρ
3622 4884 3745 4938 Ἐκ·-

2166 4981 2398 5052 κλησίαν
2427 4981 2703 5049 λέγοντες.
2731 4979 2791 5033 τὸ
2824 4977 3083 5048 σύστημα
3113 4975 3297 5031 νοοῦσι
3335 4977 3445 5030 τῶν
3497 4977 3745 5030 ἅπαντα-

2166 5076 2262 5148 χοῦ
2290 5076 2390 5145 τῆς
2414 5071 2743 5142 οἰκουμένης
2767 5068 3067 5140 ὀρθοδόξων
3089 5069 3464 5140 Χριστιανῶν,
3490 5069 3602 5120 τῶν
3623 5067 3744 5121 ἀκί-

2164 5186 2304 5240 νητα
2338 5169 2435 5223 καὶ
2464 5167 2746 5221 ἀσάλευτα
2774 5164 2845 5218 τὰ
2888 5162 2992 5234 τῆς
3032 5161 3321 5237 sodalicia;
3349 5161 3598 5232 δόγματα
3625 5163 3747 5215 δια-

2164 5258 2504 5332 τηρούντων.
2543 5256 2859 5327 Ῥωμαϊκὴν
2896 5255 2956 5308 δὲ
2996 5253 3330 5323 Ἐκκλησίαν
3360 5253 3491 5307 ὅταν
3517 5252 3737 5313 εἴπωσι,

2166 5353 2302 5423 πρὸς
2335 5348 2742 5416 ἁντιδιαστολὴν
2765 5345 2877 5399 τῶν
2904 5345 3081 5399 ἄλλων
3122 5345 3263 5398 κατά
3290 5344 3390 5415 τὴν
3412 5343 3742 5411 οίκουμένην

2171 5444 2416 5519 μερικῶν
2456 5440 2795 5512 Ἐκκλησιῶν
2844 5439 3005 5492 τοῦτο
3041 5439 3281 5508 λέγουσι,
3315 5436 3567 5506 καθάπερ
3598 5434 3628 5487 δ
3655 5434 3740 5487 ομ

2165 5560 2511 5615 Barlaamnm
2543 5556 2681 5612 hanc
2709 5552 2944 5607 fabulam
3001 5551 3266 5607 refutasse
3315 5552 3442 5605 dum
3506 5548 3741 5605 Benedi~

2166 5640 2315 5688 ctum
2348 5628 2516 5686 Leoni
2566 5624 2877 5683 immediate
2910 5622 3241 5677 successisse
3294 5633 3504 5689 narrat,
3541 5621 3627 5675 ubi
3669 5622 3738 5677 de

2168 5701 2489 5776 pontiﬁcum
2529 5696 2672 5755 serie
2702 5695 2899 5766 agitur.
2939 5693 3098 5748 Eon.
