4122 6240
423 207 577 276 ‘1277

1795 197 1944 263 PRO
1967 192 2213 269 LATIN
2224 210 2317 272 i-S.

3604 213 3736 281 1278

424 326 513 382 .tis
539 323 785 394 ejusdem
805 315 1388 405 Ecelesiafprimatum
1455 323 1724 383 statuunt,
1766 317 1824 371 in
1875 317 2030 388 parte
2056 314 2108 379 Α
2135 328 2381 386 ceztﬁeri
2405 324 2983 401 generale'c’ooeilium
3018 343 3131 398 ;.et
3167 333 3212 388 si
3242 331 3358 396 ﬁat,
3391 345 3558 400 l'Ottttt'
3626 349 3732 385 nun

441 419 664 488 pietatis
724 418 826 474 hoc
858 414 1163 480 iacientes,
1229 411 1519 468 manifeste
1586 411 2020 465 determinantes

444 510 747 566 Romanam
781 509 1082 564 Ecelesiani
1117 516 1372 575 oportere
1421 505 1620 559 habere
1652 505 1924 559 rationem
1957 504 2024 560 ad

444 604 686 675 reliquas
717 618 944 667 omnes,
978 613 1029 657 et
1056 602 1159 669 ipSI
1195 596 1493 654 convenire
1545 597 1816 653 omnium'
1851 598 2026 654 domi-

439 700 593 766 nari,
619 708 675 754 et
705 697 889 751 omnia
928 703 1227 750 retractare
1252 734 1269 761 ,
1300 702 1352 746 et
1381 706 1506 762 qua:
1565 691 1768 761 ubique
1802 692 1868 748 de
1925 692 2029 746 ﬁde

445 806 501 854 et
530 796 874 867 dogmatibus
903 792 1253 855 dubitantur,
1289 789 1353 843 ad
1389 789 1563 858 ipsam
1618 788 1830 853 referri,
1879 796 1933 844 et
1955 785 2026 841 ibi

450 882 866 945 convenientem
904 885 1369 941 examinatiouem
1402 895 1464 941 et'
1489 881 1862 940 deﬁnitionem
1896 875 2030 936 cori-

452 984 652 1053 Sequi‘;
685 992 849 1054 atque
870 981 1210 1040 Sardicensis
1242 983 1460 1039 concilii
1495 994 1756 1042 canones,
1786 975 2032 1033 omnium

455 1077 687 1132 aliorum
723 1078 1044 1148 pontiﬁcum
1110 1079 1413 1134 sententias
1475 1075 1788 1147 iudiciales,
1815 1075 1860 1129 si
1911 1071 2037 1141 quis

453 1171 518 1226 ad
549 1171 723 1242 ipsam
759 1173 1138 1244 appellaverit,
1176 1174 1350 1244 ipsam
1406 1184 1662 1242 oportere
1715 1180 2040 1238 retractare,

451 1275 505 1321 et
532 1265 983 1328 cenﬁrnlarenel
1025 1266 1267 1332 irritare,
1323 1266 1583 1322 similiter
1645 1275 1936 1331 statuunt;
1986 1277 2043 1323 et

456 1361 727 1426 generalia
764 1360 1010 1427 quaedam
1046 1361 1322 1425 concilia,
1369 1376 1520 1414 novae
1584 1360 1773 1415 Bootae
1823 1362 2043 1431 episco-

458 1469 582 1521 pum
621 1458 894 1507 honorare
928 1454 1186 1522 volentia,
1210 1466 1465 1523 oportere
1506 1455 1684 1525 ipsum
1715 1456 2044 1510 habere’de-

460 1557 689 1602 cernunt
707 1549 998 1616 primatum
1026 1559 1146 1618 post
1163 1551 1480 1620 episcopum
1499 1546 1737 1618 antiqua:
1757 1547 1944 1604 Roma?
1962 1569 1972 1614 ;
1992 1559 2046 1603 et

455 1642 600 1711 quod
630 1643 876 1698 omnium
911 1641 1212 1707 maximum
1250 1653 1356 1702 est.
1385 1642 1529 1712 quod
1563 1651 1616 1697 et
1651 1644 1702 1694 in
1739 1644 2044 1696 eanonibus

448 1735 733 1806 ‘etlegibus
760 1735 964 1790 nullius
979 1734 1237 1790 Ecclesia:
1261 1735 1420 1790 sedes
1441 1736 1743 1804 apostolica
1791 1735 2042 1787 nomina-

459 1838 568 1892 tur,
596 1827 698 1882 nisi
733 1835 947 1883 tantum
982 1823 1437 1884 Romanae.Umle
1470 1829 1620 1880 multi
1648 1827 1828 1897 magni
1853 1815 1950 1880 tiri
1975 1825 2041 1884 de

449 1918 716 1976 'Orientali
754 1920 995 1977 Ecclesia
1055 1922 1411 1980 arbitrantes.
1468 1936 1529 1975 se
1596 1920 1854 1990 injuriam
1915 1937 2038 1975 esse

455 2029 672 2086 passos,
695 2015 760 2069 ad
791 2014 974 2069 sedem
1005 2012 1154 2068 illam
1193 2012 1566 2083 refugerunt:
1597 2011 1827 2084 Magnus
1881 2013 2044 2070 Athal

457 2108 670 2173 nasius,
707 2117 930 2162 sanctus
953 2106 1262 2173 Maximus;
1291 2107 1385 2160 sed
1421 2114 1598 2174 neque
1648 2107 1840 2161 beatus
1863 2105 2040 2180 Chry-

457 2211 737 2256 sostomus
769 2216 930 2254 suum
952 2201 1226 2270 ignoravit
1250 2208 1434 2269 caput.
1483 2200 1682 2255 Passus
1699 2200 1843 2255 enim
1873 2193 2045 2255 maxi-

459 2290 940 2360 masiujurias,ad
977 2298 1108 2345 tunc
1167 2288 1547 2344 santissimum
1609 2305 1805 2359 papam
1858 2290 2042 2342 omnia

457 2385 647 2440 refert.
685 2382 787 2451 Qui
818 2392 1084 2452 quantum
1107 2384 1159 2436 in
1183 2398 1242 2439 se
1270 2390 1410 2446 erat,
1462 2398 1684 2437 manum
1736 2382 2043 2437 auxiliatri-

457 2493 574 2532 cem
597 2480 726 2531 dare
751 2476 1010 2546 injuriam
1042 2491 1230 2544 passo,
1256 2476 1410 2531 nullo
1444 2478 1606 2530 modo
1627 2476 1890 2545 neglexit.
1932 2475 2038 2531 Sed

456 2579 509 2621 et
534 2569 809 2639 Agapetus
835 2567 1224 2624 sanctissimus
1249 2583 1416 2638 papa,
1456 2583 1580 2622 cum
1605 2569 1916 2624 advenisset
1948 2569 2045 2624 ιιοὲ

459 2667 579 2716 tam
614 2657 840 2718 Romam
875 2671 1122 2732 tempore
1143 2661 1443 2716 Justiniani
1493 2661 1845 2724 imperatoris
1867 2704 1880 2725 ,
1906 2673 2045 2725 ouo-

462 2755 605 2808 niam
633 2757 766 2809 vidit
795 2735 1112 2809 Authimum
1151 2755 1522 2825 patriareham
1544 2757 1836 2824 quaoidam
1866 2756 2042 2812 luere-

461 2852 564 2905 sitn
593 2849 1002 2917 defendentem,
1029 2833 1179 2904 illum
1216 2850 1436 2918 quidem
1476 2850 1703 2920 deponit
1777 2851 1842 2904 de
1881 2851 2040 2907 sede:

462 2944 671 3000 Menam
696 2959 844 3010 vero,
892 2944 1069 2999 virum
1092 2944 1488 3008 orthodoxum,
1561 2945 1614 2997 in
1671 2945 2040 3012 patriarcham

2142 422 2382 478 habere:
2418 422 2737 493 quanquam
2764 420 3106 492 Ephesinum
3129 408 3588 495 conciliu'mni'bil
3625 421 3734 474 im-

2141 516 2349 587 pedivit
2393 515 2646 588 generale
2663 523 2719 571 et
2740 523 2934 572 esseet
2983 513 3281 570 nominari:
3313 513 3506 583 itaque
3547 513 3734 588 Antio-

2141 586 2320 662 cheno
2337 586 2654 679 patriarcha
2687 613 2979 680 praesente,
3034 621 3215 677 neque
3260 586 3733 675 Constantinum;

2144 698 2314 756 litano
2345 700 2711 768 assentiente;
2742 697 2802 757 et
2821 697 3582 764 Chalcedonense'slmiliter,
3611 698 3736 754 Ale-

2145 795 2414 850 xandrino
2447 794 2765 866 patriarcha
2794 812 2899 850 non
2934 792 3288 849 assentiente.

2212 889 2405 961 Neque
2459 890 2626 960 igitur
2662 891 2916 962 generale
2984 887 3308 950 concilium,
3369 903 3550 959 neque
3573 885 3724 942 aliud

2141 982 2442 1053 quidquam
2471 985 2538 1040 ad
2582 987 2824 1040 universi
2853 987 3174 1048 utilitatem.
3201 1000 3447 1050 unquam
3485 982 3733 1038 celebra-

2143 1087 2259 1134 tum
2275 1088 2373 1134 est
2392 1080 2521 1134 sine
2538 1077 2628 1132 illa
2651 1078 2798 1133 sede.
2817 1077 2960 1133 Etex
2985 1079 3072 1132 illa
3089 1078 3306 1148 quidem
3323 1075 3566 1131 Ecclesia
3584 1071 3733 1132 nulla

2145 1171 2372 1227 haeresis
2422 1169 2810 1240 superioribus
2873 1159 3214 1242 temporibus
3255 1177 3434 1224 ortum
3501 1167 3732 1223 habuit:

2148 1265 2296 1320 nulla
2333 1281 2462 1320 vero
2507 1264 2728 1320 aliunde
2758 1274 3009 1320 urtarum
3041 1263 3247 1320 occidit
3277 1265 3397 1320 sine
3426 1262 3576 1317 illius
3607 1275 3737 1333 pro-

2147 1359 2409 1415 videntia.
2449 1357 2716 1415 Omnibus
2743 1360 2963 1428 quidem
3014 1359 3213 1425 modis,
3243 1359 3603 1430 quibusjuste
3631 1353 3736 1409 ali-

2147 1441 2276 1526 quid
2306 1453 2674 1524 possideatur,
2706 1455 2873 1510 totius
2905 1453 3161 1511 Ecclesiaa
3189 1454 3276 1508 illa
3308 1453 3605 1522 primatum
3638 1447 3738 1502 ob—

2149 1540 2490 1604 tinuit'sedes
2511 1588 2527 1613 ,
2554 1547 2769 1604 scilicet
2802 1548 2989 1604 divina
3024 1549 3321 1609 sententia.
3350 1544 3735 1616 apostolorum

2077 1682 2122 1739 Β
2152 1641 2612 1705 institutionibus,
2666 1641 3004 1710 synodorum
3058 1640 3385 1703 canonibus,
3411 1647 3730 1693 sanctorum

2150 1734 2404 1801 decretis,
2466 1734 2832 1789 multitudinis
2865 1749 3118 1799 assensu,
3147 1732 3412 1802 temporis
3446 1731 3738 1799 praeserip-

2151 1828 2316 1892 tione,
2349 1827 2418 1882 ab
2439 1828 2696 1882 omnibus
2714 1842 3008 1891 consensu,
3036 1827 3248 1896 etquod
3281 1809 3540 1880 omnibus
3568 1836 3734 1891 supe-

2149 1920 2392 1977 rioribus
2425 1922 2760 1992 temporibus
2785 1922 2873 1992 pie
2895 1930 2950 1976 et
2985 1921 3146 1976 rebus
3176 1919 3561 1974 communibus
3591 1900 3740 1970 utili-

2152 2021 2234 2070 ter
2265 2014 2566 2068 dominium
2603 2014 2869 2069 exercuit.
2905 2013 3048 2070 Nam
3091 2012 3196 2068 etsi
3230 2012 3430 2080 aliquis
3466 2011 3634 2066 semel
3669 2009 3739 2063 il-

2149 2109 2329 2163 lorum
2389 2108 2708 2178 pontiﬁcum
2745 2107 2909 2163 alicui
2943 2105 3137 2162 lueresi
3171 2122 3433 2163 assensus
3464 2121 3564 2170 ρει,
3642 2105 3735 2160 sed

2151 2201 2259 2258 non
2290 2203 2342 2257 in
2383 2203 2627 2273 longum,
2655 2212 2751 2255 aut
2797 2203 2862 2254 de
2885 2203 3049 2270 longo
3073 2201 3242 2270 hujus
3263 2198 3588 2254 remedium.
3619 2196 3742 2252 Sta-

2154 2295 2251 2351 tim
2274 2286 2420 2352 enim
2444 2295 2635 2349 eadem
2669 2294 2933 2360 Ecclesia,
2966 2296 3252 2351 adversata
3278 2293 3350 2356 ei,
3371 2290 3586 2346 illorum
3616 2303 3742 2345 orso

2153 2391 2321 2452 tione,
2352 2389 2480 2443 sede
2495 2389 2658 2443 simul
2686 2399 2736 2442 et
2755 2389 2864 2441 vita
2893 2389 3162 2457 privatur.
3190 2385 3329 2452 Quid
3356 2393 3533 2439 autem
3560 2384 3606 2439 si
3641 2385 3740 2438 dc-

2151 2483 2441 2552 cusipsum
2471 2481 2835 2573 etptilitatem
2863 2484 3214 2549 qumramus‘!
3243 2494 3425 2534 nonne
3448 2474 3739 2532 videbitur

2151 2575 2437 2631 decentius
2458 2568 2601 2635 esse.
2625 2583 2676 2627 et
2700 2588 2796 2642 per
2824 2571 3032 2636 omnia,
3064 2580 3122 2624 ut
3162 2572 3233 2625 ita
3260 2570 3499 2634 dicatur,
3519 2568 3736 2633 utilius,

2151 2682 2205 2729 et
2237 2672 2330 2726 Dei
2366 2683 2494 2742 erga
2519 2685 2616 2724 nos
2653 2668 2852 2740 pietate
2884 2667 3125 2738 dignius,
3185 2673 3248 2720 ut
3284 2664 3366 2719 illi.
3395 2663 3542 2734 genti
3570 2662 3739 2718 totius

2115 2799 2118 2803 -
2152 2766 2303 2820 orbis
2333 2764 2623 2835 przlatura
2672 2771 2838 2833 atque
2882 2775 3016 2829 cura
3040 2759 3331 2830 credatur,
3373 2772 3495 2828 qua
3526 2755 3738 2829 legibus

2152 2868 2207 2913 et
2239 2857 2388 2913 civili
2433 2856 2683 2911 doctrina
2743 2854 2980 2909 maxime
3018 2851 3265 2906 omnium
3313 2851 3560 2920 gaudet,
3613 2865 3764 2920 quae.

2152 2964 2372 3008 omnem
2401 2948 2747 3012 inﬁnitatem,
2777 2957 2832 3002 et
2854 2946 3346 3010 inordinationem,
3364 2950 3420 2998 et
3443 2943 3736 3014 inaequali-'-

463 3049 633 3095 rreat.
665 3038 730 3094 Et
762 3055 883 3094 cum
911 3038 1206 3108 aliquando
1235 3047 1472 3107 quatuor
1528 3039 1857 3107 patriarchae
1914 3055 2038 3094 cum

2151 3059 2339 3115 tatem,
2359 3057 2412 3102 et
2431 3045 2768 3110 violentiam,
2790 3052 2845 3098 et
2867 3042 3128 3114 iniuriam
3158 3051 3212 3095 et
3236 3039 3642 3118 detractionem
3671 3039 3739 3094 de
3789 3101 3793 3104 ,

462 3133 792 3204 imperatore
827 3131 1096 3211 adversus
1157 3131 1500 3186 venerabiles
1545 3131 1812 3200 imagines
1869 3131 2036 3201 impie

458 3218 787 3297 gessissent,
820 3240 930 3280 non
981 3228 1280 3294 paucisque
1304 3226 1462 3278 armis
1514 3224 1643 3278 huic
1665 3225 1859 3280 ltzrresi
1921 3225 2046 3295 per-

457 3323 827 3387 severassent,
860 3307 1028 3395 atque
1048 3318 1118 3372 ad
1150 3316 1410 3371 delendas
1433 3317 1787 3373 honorabiles
1839 3320 2045 3389 ﬁguras

459 3413 772 3470 communia
813 3414 1062 3482 quasdam
1087 3409 1344 3471 concilia,
1380 3422 1502 3473 qua:
1535 3409 1809 3477 generalia
1831 3424 1957 3482 esse
1988 3421 2044 3464 et

462 3507 736 3564 nominari
767 3505 1096 3574 probabant,
1141 3502 1548 3568 celebrasseut,
1577 3510 1633 3556 et
1650 3502 1767 3556 suis
1812 3501 2046 3556 decretis

462 3605 679 3659 beatum
711 3599 1048 3670 Stephanum
1085 3612 1146 3653 se
1182 3597 1550 3658 subscribere
1597 3611 1794 3665 cogere
1844 3596 2044 3651 voluis-

458 3707 619 3752 sent:
652 3679 902 3767 repudiat
954 3706 1049 3749 eos
1091 3690 1451 3756 illesanctus,
1519 3705 1625 3744 non
1653 3704 1718 3743 ex
1747 3689 1879 3750 alio,
1940 3688 2043 3743 uisi

462 3791 609 3857 quod
641 3804 750 3844 non
779 3787 1052 3842 habebant
1074 3785 1513 3850 consentientem
1563 3782 1870 3836 Romanum
1905 3797 2041 3850 port-

463 3881 689 3946 tiﬁcem,
725 3877 1291 3948 dicenszhujusmodi
1344 3879 1614 3947 synodum
1675 3890 1783 3931 non
1848 3875 2045 3930 debere

459 3977 769 4046 generalem
800 3972 1099 4036 nominari,
1133 3972 1227 4026 illo
1272 3972 1519 4035 absente,
1548 3984 1658 4039 quo
1687 3968 1804 4024 sine
1837 3983 1944 4023 non
1982 3961 2044 4023 li?

2142 3141 2445 3212 republica,
2494 3135 2564 3194 ab
2593 3136 2752 3192 initio
2811 3135 3101 3193 consuevit
3129 3133 3428 3203 extirpare,
3464 3147 3630 3202 quam
3663 3132 3744 3193 al-

2144 3232 2246 3290 teri
2307 3231 2660 3304 cuicunque?

2217 3328 2351 3394 Qua:
2382 3327 2527 3382 enim
2558 3327 2669 3380 alia
2695 3338 2864 3388 causa
2909 3322 3143 3377 inveniri
3191 3329 3394 3389 potest,
3429 3319 3500 3372 ob
3575 3329 3741 3378 quem

2153 3418 2319 3475 etiam
2345 3428 2472 3474 ante
2511 3417 2947 3472 incarnationem
2964 3415 3150 3480 Verbi,
3181 3420 3416 3478 quatuor
3434 3408 3736 3465 secundum

2151 3511 2429 3569 Danielem
2463 3508 2781 3580 magnorum
2806 3510 3021 3565 illorum
3044 3521 3360 3577 regnorum,
3382 3503 3480 3556 soli
3501 3499 3739 3556 navissi-

2152 3623 2242 3660 mo
2297 3616 2353 3659 et
2386 3589 2780 3667 Romanorum,
2823 3610 2972 3657 totus
2997 3600 3150 3656 orbis
3181 3614 3209 3654 a
3249 3594 3596 3668 providentia
3623 3591 3737 3650 Dei.

2149 3691 2486 3758 commissus
2539 3706 2665 3762 est,
2707 3695 2814 3751 nisi
2856 3693 3001 3764 quod
3064 3690 3295 3746 Romani
3348 3685 3645 3743 humanius
3685 3695 3740 3734 et

2149 3792 2390 3856 civilius,
2440 3799 2494 3845 et
2537 3788 2787 3860 legalius,
2830 3794 2886 3859 et
2914 3784 3179 3856 aequalius
3209 3780 3448 3840 subditis
3505 3777 3737 3834 uteban-

2149 3884 2278 3940 tur?

2188 4026 2192 4029 ,
2224 3975 2360 4043 Quia
2387 3989 2524 4044 vero
2556 3970 2928 4028 Romanorum
2955 3968 3256 4024 Ecclesiam
3281 3964 3577 4037 principem
3616 3974 3741 4016 esse

1566 4111 1918 4167 BARLAAMI
1944 4111 2232 4171 CONTRA
2262 4110 2580 4168 LATINOS.

456 4243 650 4314 ὥσπερ
685 4241 846 4304 ἄλλος
898 4237 1004 4293 ὑπὸ
1053 4238 1149 4292 τοῦ
1206 4235 1509 4307 κορυφαίου
1567 4233 2038 4304 κεχειροτόνηται,

457 4340 554 4392 καὶ
582 4335 709 4391 οὕτε
737 4334 957 4405 πρῶτος
988 4331 1116 4385 οὔτε
1157 4329 1387 4400 ἔσχατος
1418 4328 1447 4379 ό
1477 4326 1697 4397 Ῥώμης
1729 4322 1798 4396 ἦν
1829 4326 2040 4394 θρόνος,

2141 4236 2219 4306 ,ἐμ
2229 4235 2450 4307 μένοντι
2484 4232 2587 4304 μὲν
2616 4229 2695 4302 τῷ
2722 4230 2884 4302 πάπᾳ
2927 4229 3038 4293 τοϊς
3067 4226 3176 4282 τῶν
3206 4224 3474 4296 Πατέρων
3497 4204 3747 4290 δόγμασξ

2147 4329 2259 4402 χρὴ
2294 4329 2594 4395 ἀπονέμειν
2635 4324 2786 4395 αὐτῷ
2848 4322 3123 4392 τοσαύτην
3155 4318 3348 4391 τιμὴν,
3380 4316 3596 4387 ὅσην-οἱ
3629 4331 3730 4368 κα-

453 4431 564 4486 ύπό
600 4447 660 4483 τε
697 4430 808 4481 τῶν
836 4427 1011 4492 ἁγίων
1053 4424 1313 4494 Πατέρων
1345 4420 1508 4492 ἡμῶν
1540 4419 1635 4474 καὶ
1663 4419 1774 4473 τῶν
1824 4419 2049 4472 εὐσεύε-
2083 4433 2124 4487 ι)
2153 4426 2303 4487 νόνες
2327 4421 2690 4494 διορίζονται·
2714 4417 2926 4472 δίκαιον
2956 4415 3088 4484 γάρν
3127 4413 3205 4486 μὴ
3244 4411 3576 4483 ὲίιιμηένθνθίπν
3605 4408 3738 4496 φίύέ

459 4525 676 4580 στάτων
711 4521 980 4593 βασιλέων
1011 4517 1343 4588 νομοθεσίας
1389 4514 1608 4584 πρῶτος
1641 4514 1893 4583 ἐγένετοο
1925 4514 2049 4584 τρί-

458 4618 576 4677 τον.
603 4606 689 4670 ὅτι
738 4619 837 4670 κα.)⁵
889 4613 984 4667 τδν
1034 4614 1135 4684 τῆς
1183 4611 1313 4675 νέας
1353 4607 1576 4679 Ῥώμης
1613 4607 1806 4680 θρόνον
1839 4607 1938 4662 καὶ
1970 4607 2050 4669 ὡς

463 4712 676 4767 ἰκτῖνον
707 4711 766 4764 ιν
807 4709 924 4772 τοῖς
959 4706 1444 4776 ἐκκλησιαστικαῖς
1505 4688 1908 4773 μεγαλύνεσθάι
1934 4700 2053 4755 ἑθέ-

465 4820 671 4858 σπισαν
702 4801 997 4872 πράγμασι
1016 4813 1031 4830 ⁸
1066 4799 1356 4867 τέταρτον,
1390 4797 1475 4850 ὅτι
1503 4792 1627 4849 οὔτε
1653 4796 1819 4865 νόμος
1843 4812 1929 4857 τις
1957 4811 2052 4847 κε-

466 4895 641 4963 λεύει,
676 4894 804 4948 οὔτε
862 4891 1122 4963 συνήθεια
1179 4889 1498 4960 κεκράτηκε
1536 4887 1665 4952 τοὺς
1697 4887 2050 4957 πατριάρχας

468 4990 575 5044 ὑπὸ
598 4988 691 5042 τοῦ
720 4987 880 5040 πάπα
903 4983 1359 5058 χειροτονεῖσθαι,
1389 4965 1495 5047 καὶ,
1514 4981 1624 5048 μὴν
1653 4980 1773 5033 οὐδὲ
1805 4978 2046 5048 ἐγένετο·

469 5085 743 5146 πέμπτον,
793 5078 875 5135 ὃτι
927 5079 1032 5132 οὐκ
1079 5076 1374 5147 ἐξῆρχενλὸ
1408 5074 1599 5138 πάπας
1633 5073 1740 5126 τῶν
1792 5074 2049 5137 συνόδων,

465 5176 588 5231 ἀλλ’
609 5177 667 5230 αἱ
704 5174 913 5228 σύνοδοι
947 5176 1042 5226 καὶ
1065 5175 1129 5242 τῇ
1162 5169 1294 5240 περὶ
1323 5169 1488 5223 αὑτὸν
1533 5169 1834 5241 Ἐκκλησία
1861 5169 2047 5238 ἐνομο-

369 5340 376 5345 I
465 5271 704 5325 essent!“
725 5267 1018 5340 Extemﬁ‘n
1053 5262 1305 5335 διεκρίθη
1353 5261 1458 5316 ὑπὸ
1509 5261 1624 5316 τῶν
1659 5261 1819 5315 θείων
1870 5261 2049 5317 Πατέ-

465 5380 584 5436 ρων
611 5361 773 5434 ἡμῶν
808 5357 961 5422 τίνας
1003 5357 1111 5412 τῶν
1155 5356 1297 5412 κατὰ
1340 5354 1442 5425 τὴν
1485 5355 1818 5426 οἰκουμένην
1844 5355 2048 5426 ὲκκληο

466 5453 969 5510 σιῶνῦποκεῖσθαι
1001 5451 1085 5503 δεῖ
1133 5449 1212 5519 τῷ
1264 5449 1449 5518 πάπᾳ,
1484 5448 1578 5500 καὶ
1625 5449 1779 5510 τίνας
1830 5449 2049 5519 ἑκάστῳ

461 5548 584 5603 τῶν
617 5544 822 5599 λοιπῶν
862 5529 1252 5614 πατρεαρχῶν*
1278 5540 1546 5608 ἕϐδομον,
1594 5540 1676 5592 ὅτι
1717 5539 1818 5592 οὐκ
1871 5539 2048 5604 ἔξεστί

460 5660 577 5696 τινι
637 5639 747 5693 τῶν
799 5636 1160 5709 πατριαρχῶν
1230 5636 1261 5706 ἢ
1312 5634 1390 5704 τῷ
1451 5633 1609 5704 πάπᾳ
1667 5634 1923 5702 περιττόν
1997 5654 2047 5688 τι

458 5732 821 5806 δογματίζειν
873 5733 1002 5784 ἄνευ
1034 5731 1133 5799 τῆς
1169 5730 1388 5782 πάντων
1433 5727 1656 5798 γνώμης
1683 5742 1695 5756 ·
1725 5725 1933 5794 ὃγδοον,
1963 5726 2044 5782 ὅτι
2088 5778 2090 5780 ,

2153 4533 2272 4583 γειν
2308 4515 2472 4569 αὐτὸν
2496 4513 2572 4577 ὡς
2606 4513 2774 4567 λύκον
2813 4512 2908 4565 καὶ
2937 4509 3197 4580 λυμεῶνα
3225 4505 3326 4576 τῆς
3363 4503 3693 4574 Ἐκκλησίας
3715 4517 3732 4545 r

2153 4608 2395 4672 ἔννατον,
2424 4609 2509 4661 ὅτι
2541 4607 2621 4668 εἰς
2651 4605 2752 4675 τὴν
2803 4600 3101 4671 καθολικὴν
3137 4596 3478 4668 Ἐκκλησίαν
3508 4594 3603 4648 καὶ
3643 4593 3736 4648 πί-

2154 4719 2275 4755 στιν
2331 4699 2614 4754 πιστεύειν
2668 4698 2751 4749 δεῐ
2794 4695 2923 4757 τοὺς
2961 4687 3345 4762 Χριστιανοὺς,
3373 4690 3470 4742 καὶ
3522 4688 3621 4741 οὐκ
3654 4688 3735 4750 εἰς

2156 4794 2395 4866 μερικήν
2421 4808 2434 4820 ·
2471 4789 2617 4844 οὕτω
2647 4789 2758 4859 γὰρ
2806 4786 2864 4852 ἐξ
2904 4784 3081 4857 ἀρχῆς
3114 4783 3511 4852 νενομοθέτητο
3535 4799 3548 4810 ·
3576 4780 3738 4833 δέκα-

2154 4900 2270 4951 τον,
2303 4884 2397 4936 ἐπὶ
2439 4882 2609 4937 πᾶσιν
2639 4881 2724 4933 ὃτι
2769 4879 2937 4948 μέρος
2976 4875 3435 4945 ἀποκεκομμένον
3473 4873 3566 4941 τῆς
3616 4872 3734 4924 όλόο

2152 4993 2316 5047 τητος
2347 4974 2448 5048 τῆς
2475 4971 2776 5041 καθολικῆς
2818 4969 3152 5040 Ἐκκλησίας
3190 4968 3310 5021 ἐστὶ
3337 4965 3434 5019 καὶ
3464 4981 3734 5033 νενεκρωο

2157 5072 2319 5144 μένον
2343 5058 2397 5124 οί
2432 5071 2528 5134 τὰς
2569 5067 2678 5122 τῶν
2715 5066 2892 5135 ἁγίων
2941 5064 3263 5120 ἀποστόλων
3300 5063 3398 5115 καὶ
3423 5059 3530 5115 τῶν
3572 5058 3732 5135 θείων

2154 5164 2416 5236 Πατέρων
2458 5162 2619 5233 ἡμῶν
2663 5159 3037 5229 summa;
3090 5153 3441 5227 παραδόσεις,
3502 5151 3594 5204 καὶ
3654 5140 3730 5210 είς

2156 5257 2394 5329 μερικὴν
2459 5253 2794 5321 Ἐκκλησίαν
2843 5255 2937 5304 καὶ
2990 5249 3179 5302 πίστιν
3220 5244 3499 5301 πιστεύειν
3535 5241 3731 5312 ὁμολο-

2106 5379 2112 5384 -
2152 5349 2403 5419 γοῦντες.
2447 5341 2545 5410 Οἷς
2577 5347 2635 5398 δὲ
2670 5343 2826 5398 οὐδὲν
2863 5343 3082 5396 οὐδέπω
3120 5339 3222 5408 τῆς
3271 5336 3568 5403 καθολικῆς
3613 5332 3736 5385 Ἐκ-

2152 5440 2382 5513 κλησίας
2416 5435 2776 5510 παραδόσεως
2800 5434 3115 5503 νενόμισται
3139 5428 3558 5500 προτιμότερον,
3582 5420 3730 5479 οὗτοι

2148 5536 2324 5607 δήπου
2356 5532 2418 5586 τὸ
2451 5532 2696 5600 ὑγιαῖνον
2735 5527 3049 5597 ὑπάρχουσι
3080 5523 3270 5595 μέρος,
3308 5516 3386 5583 οἷς
3419 5524 3513 5571 καὶ
3546 5518 3730 5588 μόνοις

2152 5631 2299 5694 εἰκὸς
2346 5630 2428 5691 είς
2476 5623 2807 5695 Ἐκκλησίαν
2847 5619 3144 5689 καθολικὴν
3197 5617 3364 5688 φάναι
3418 5613 3718 5667 πιστεύειν.

2152 5724 2340 5778 Ταῦτα
2385 5723 2482 5794 μὲν
2518 5715 2612 5775 οὖν
2667 5716 2776 5787 ἐγὼ
2828 5717 3039 5770 δίκαιον
3078 5712 3269 5783 ἔκρινα
3309 5711 3442 5779 πρὸς
3475 5710 3574 5779 τὴν
3617 5703 3716 5778 σὴν
