4086 6228
503 223 645 292 νϊῖθ

1594 227 1744 290 BAR
1759 227 2003 290 LAA‘MI
2037 228 2134 289 DE
2177 226 2331 287 SEM
2345 225 2619 287 lNAlilA

3624 220 3773 289 1280

499 336 734 393 aliarum
761 333 1155 400 Ecclesiarum,
1179 350 1320 407 opus
1361 343 1446 392 est
1470 338 1655 391 omnia
1678 337 1998 392 decorantis
2018 343 2073 390 et
2102 338 2147 395 Δ
2177 344 2291 404 ipsa
2352 335 2582 388 liberata
2635 331 2786 388 omni
2841 331 3114 388 mundana
3180 330 3489 403 tyrannide,
3558 340 3613 386 et
3647 332 3767 389 suis

501 433 708 489 utiliter
729 431 1071 503 disponentis
1090 430 1471 498 Providentiae,
1493 442 1705 487 certum
1736 441 1820 487 est
1848 448 1914 487 ex
1943 434 2035 488 illo
2056 450 2070 487 :

500 524 699 592 siquis
725 523 875 578 enim
925 524 1330 580 considerando
1372 526 1657 579 hominum
1686 526 2075 595 dispositiones

497 625 550 671 et
574 616 906 674 voluntates.
934 624 990 671 et
1040 614 1318 671 naturales
1340 632 1533 671 eorum
1589 618 1895 693 passiones,
1926 633 2076 688 quae-

498 722 719 777 cunque
764 710 1138 763 communiter
1190 710 1454 764 erunibus
1503 709 1783 777 accidunt,
1811 719 1865 765 et
1925 727 2077 781 qure-

497 814 715 868 cnnque
763 799 887 855 aliis
926 801 1087 854 aliter
1133 802 1458 871 contingere
1488 812 1744 873 possunt,
1782 813 1949 875 atque
1974 804 2076 859 hu-

496 908 786 947 manarum
844 911 1051 957 rerum,
1091 896 1208 951 sive
1259 898 1475 952 illarum
1514 915 1636 968 quae
1688 901 1742 953 in
1781 901 1939 955 nobis
1966 917 2072 957 non

498 988 647 1038 sunt,
668 981 909 1036 velocem
932 983 1314 1050 mutationem,
1334 996 1389 1042 et
1404 1003 1529 1042 cum
1549 987 1634 1041 his
1651 989 1780 1044 olim
1802 1004 1951 1047 ortas
1968 990 2077 1047 bae-

498 1083 647 1124 reses
670 1079 833 1140 atque.
864 1076 1180 1143 temporalis
1196 1075 1424 1133 dominii
1448 1080 1503 1134 in
1534 1089 1612 1135 tot
1645 1083 2073 1151 separatiouem,

500 1161 686 1217 animo
712 1163 840 1217 velit
874 1165 1079 1233 videre,
1109 1182 1359 1236 quamam
1392 1179 1528 1225 tetra
1558 1173 1850 1229 subsecuta
1869 1185 2073 1243 essent,

496 1252 543 1306 si
564 1267 757 1310 omnes
784 1255 1038 1313 Ecclesia
1067 1259 1141 1313 ita
1182 1274 1411 1329 prorsus
1450 1263 1638 1319 divisa:
1664 1272 1876 1329 essent,
1905 1275 1963 1320 ut
1990 1267 2076 1320 al-

496 1355 616 1403 tera
655 1347 884 1403 alterius
933 1366 1041 1403 non
1075 1351 1471 1413 dominaretur,
1520 1353 1769 1409 inveniet
1793 1372 1891 1425 pro
1922 1366 2075 1413 certo

497 1437 764 1496 infinities
808 1442 1004 1497 melius
1038 1459 1180 1508 esse,
1212 1453 1264 1497 et
1291 1445 1357 1497 ad
1389 1444 1557 1501 decus
1578 1459 1629 1503 et
1662 1447 1728 1502 ad
1759 1448 2072 1516 utilitatem,

496 1528 638 1585 alias
669 1533 773 1584 sub
814 1531 940 1587 aliis
990 1534 1272 1589 ordinatas
1306 1549 1452 1602 esse,
1479 1544 1533 1591 et
1570 1547 1849 1606 postremo
1883 1554 2077 1596 omnes

496 1621 601 1676 sub
629 1638 758 1685 una,
782 1639 945 1692 quam
970 1625 1012 1679 si
1046 1625 1203 1678 aliter
1222 1642 1280 1680 se
1305 1626 1591 1683 haberent.
1614 1630 1723 1700 Ego
1746 1632 1892 1684 enim
1923 1632 2079 1688 arbi-

497 1722 635 1779 tror,
652 1717 794 1785 quod
819 1732 943 1772 cum
960 1720 1139 1773 multis
1162 1719 1283 1774 aliis
1295 1721 1560 1788 adversis,
1581 1733 2079 1793 quaepossentcon-

498 1806 728 1875 tingere,
765 1807 895 1863 illud
928 1812 1237 1866 certissime
1258 1814 1772 1886 contigisset;quod
1793 1833 1969 1887 neque
1988 1833 2079 1874 ac-

495 1908 675 1948 censae
703 1894 940 1951 haereses
970 1899 1257 1954 exstinctae
1279 1912 1553 1967 essent,et
1582 1904 1701 1959 alia:
1729 1913 1810 1959 tot
1842 1908 2078 1964 haereses

494 1994 785 2043 ct'errores
810 1989 1076 2058 vigerent.
1109 2002 1168 2047 ut
1198 1994 1391 2049 divisis
1412 1996 1486 2049 ita
1527 1997 1596 2051 ab
1617 1997 1851 2053 invicem
1885 1998 2077 2056 Eccle-

499 2076 620 2139 siis,
676 2079 983 2148 coaequales
1006 2093 1212 2148 essent,
1256 2085 1503 2154 qualibet
1532 2087 1782 2143 videlicet
1810 2105 1876 2145 ex
1902 2090 2076 2146 multa

495 2178 766 2236 potestate
793 2188 948 2228 suam
986 2172 1334 2232 defendente.
1401 2177 1523 2244 Quo
1547 2180 1682 2235 nihil
1711 2192 1856 2237 esset
1883 2184 2078 2241 Eccle-

496 2264 599 2320 siis
654 2265 854 2323 foedius
890 2276 948 2322 et
996 2270 1388 2340 perniciosius.
1423 2271 1569 2343 Ergo
1602 2273 1651 2330 si
1679 2291 1781 2346 qua
1818 2294 1966 2334 nunc
1991 2288 2077 2335 est

497 2354 742 2412 Ecclesia
774 2357 982 2415 habens
1022 2370 1076 2416 et
1094 2359 1665 2439 faciensquaecunque
1723 2376 2076 2436 oporteretet

496 2445 699 2503 habere
751 2448 1015 2506 etfacere
1071 2467 1193 2508 eam
1248 2469 1372 2523 qua:
1428 2470 1493 2509 ex
1518 2455 1631 2511 Deo
1662 2469 1810 2514 esset
1840 2460 2072 2519 aliarum

495 2540 845 2597 dominatura
865 2560 883 2597 :
940 2542 1053 2599 haec
1081 2557 1164 2599 est
1187 2561 1310 2612 quae
1346 2546 1617 2604 divinitus
1643 2550 1947 2609 dominium
1979 2554 2078 2611 ha-

496 2633 611 2693 bet.
644 2641 699 2688 et
747 2636 836 2690 cui
868 2635 971 2691 rite
1028 2640 1289 2694 convenit
1314 2639 1615 2707 dominari,
1663 2650 1829 2713 atque
1863 2646 1990 2704 aliis
2020 2646 2072 2706 ei

496 2727 740 2783 Credere.

567 2822 639 2878 At
678 2840 809 2879 vero
843 2823 1084 2881 Ecclesia
1107 2823 1352 2883 Romana
1388 2830 1605 2887 videtur
1628 2833 1683 2888 in
1716 2834 1987 2905 integrum
2018 2844 2074 2890 et

499 2914 702 2973 lubere
748 2926 802 2970 et
834 2916 1035 2985 facere,
1078 2935 1420 2991 quacunque
1454 2934 1732 2993 oporteret
1766 2942 1909 2993 eam,
1951 2944 2073 2999 quae

500 3023 564 3062 ex
599 3005 707 3061 Deo
737 3018 883 3064 esset
914 3009 1146 3063 aliarum
1184 3011 1552 3080 dominatur-.1,
1583 3026 1637 3070 et
1670 3016 1869 3072 habere
1904 3030 1959 3074 et
1987 3022 2072 3074 fa-

500 3113 650 3154 cere.

578 3190 820 3244 Primum
844 3190 989 3246 enim
1016 3202 1291 3263 oporteret
1307 3196 1469 3267 digne
1496 3199 1742 3255 omnium
1766 3201 2077 3259 dominatu-

503 3296 621 3337 ram
678 3297 743 3337 ex
777 3283 912 3339 viris
966 3287 1251 3343 collectam
1289 3304 1432 3356 esse,
1463 3292 1559 3361 qui
1600 3302 1863 3361 quantum
1907 3297 2080 3353 domi-

504 3379 621 3439 nio,
652 3383 864 3431 tantum
891 3379 1157 3449 sapientia
1187 3392 1245 3436 et
1278 3398 1492 3450 morum
1527 3385 1726 3442 virtute
1754 3390 2084 3447 excellerent

502 3470 670 3524 alios.
704 3469 815 3524 lloc
839 3486 965 3526 vero
998 3473 1444 3529 abundanter-illa
1470 3477 1668 3543 habet;
1706 3480 1752 3535 si
1781 3482 1903 3549 quis
1932 3484 2078 3537 enim

506 3562 740 3617 voluerit
772 3562 950 3616 videre
981 3578 1196 3619 sacrum
1228 3564 1377 3620 illum
1407 3566 1552 3621 circa
1585 3584 1776 3638 papam
1807 3582 2084 3644 senatum,

506 3667 561 3709 ct
587 3670 679 3711 cos
699 3653 791 3723 qui
810 3654 956 3710 circa
986 3656 1135 3711 illum
1166 3665 1314 3722 sunt,
1344 3657 1587 3713 inveniet
1607 3661 1900 3717 Ecclesiam
1937 3666 2083 3720 illam

509 3764 617 3803 non
652 3749 829 3803 solum
862 3749 929 3803 ad
966 3765 1406 3821 unamquamque
1430 3752 1659 3808 aliarum
1684 3758 2082 3824 comparando,

509 3844 603 3897 sed
634 3841 795 3895 simul
824 3841 889 3894 ad
931 3843 1156 3907 multas,
1194 3852 1249 3897 et
1270 3845 1622 3901 multitudine
1650 3848 1977 3918 elegantium
2001 3851 2079 3903 vi-

510 3949 722 3995 rorum,
751 3942 803 3986 et
834 3932 1074 3988 scientia:
1108 3936 1289 4004 specie
1315 3938 1489 4000 omni,
1517 3950 1568 3992 et
1594 3954 1805 3993 morum
1837 3940 2086 4010 benigni-

512 4034 624 4079 tate
684 4034 735 4078 et
767 4024 1077 4090 honestate,
1134 4042 1299 4097 quam
1351 4028 1647 4098 plurimum
1671 4031 1795 4087 aliis
1840 4034 2091 4103 praecuti-

512 4127 753 4173 neulezu.

586 4212 718 4265 item
766 4220 981 4282 oportet
1036 4210 1174 4265 bene
1206 4212 1446 4267 omnium
1477 4212 1910 4283 dominaturam,
1940 4216 2090 4271 nullo

516 4303 680 4358 modo
722 4303 991 4358 subditam
1041 4318 1164 4357 esse
1194 4305 1474 4372 temporali
1507 4306 1767 4361 dominio.
1818 4308 2086 4373 Quoniam

512 4397 659 4449 enim
713 4394 853 4449 facta
894 4394 1149 4450 Ecclesiae
1184 4400 1615 4465 correspondent
1660 4400 1887 4464 animm,
1949 4410 2085 4455 tem-

2182 424 2447 479 membris
2508 422 2766 479 erunibus
2809 421 3053 478 eamdem
3095 420 3374 491 impartita
3418 428 3503 477 est
3542 420 3766 479 liberta-

2182 524 2312 572 tem.
2988 576 2991 579 λ

2249 611 2496 667 Tertium
2531 628 2656 667 vero
2691 626 2745 667 et
2780 611 3100 675 maximum,
3161 617 3443 680 oporteret
3478 609 3767 665 immorta-

2178 704 2244 759 lis
2276 704 2534 761 Ecclesiae
2583 706 2954 774 principatum
3009 702 3064 759 in
3121 703 3307 774 aliquo
3358 703 3763 771 incorruptibili

2178 813 2338 853 suum
2376 798 2543 853 robur
2566 806 2619 852 et
2651 797 2962 852 firmitatem
3010 796 3227 861 habere,
3253 802 3309 851 et
3344 810 3455 852 non
3486 796 3762 866 corrupti-

2177 889 2314 953 bili,
2378 906 2443 944 ne
2478 891 2578 945 hoc
2604 897 2864 960 corrupto
2890 903 2981 944 res
3043 888 3427 944 ecclesiastica:
3483 887 3762 942 labantur.

2179 978 2333 1046 Quod
2382 992 2443 1035 ut
2492 982 2793 1052 plurimum
2836 980 3057 1050 regibus
3108 980 3419 1050 contingit;
3475 978 3763 1050 quibusin

2178 1075 2424 1146 pecuniis
2455 1085 2509 1129 et
2540 1072 2870 1128 exercitibus
2898 1081 2953 1128 et
2984 1073 3227 1128 virorum
3279 1072 3544 1135 consiliis,
3580 1082 3635 1126 et
3660 1073 3759 1128 hu-

2178 1167 2358 1221 manis
2390 1166 2622 1237 legibus,
2670 1175 2724 1221 et
2748 1163 2855 1221 alia
2886 1165 3032 1221 civili
3063 1166 3285 1230 virtute,
3318 1180 3473 1222 suam
3504 1165 3760 1220 virtutem

2177 1258 2512 1313 habentibus
2541 1300 2556 1323 ,
2591 1245 2828 1314 subditae
2875 1257 2957 1315 eis
2988 1259 3263 1324 civitates,
3300 1257 3467 1313 rebus
3506 1258 3760 1324 mutatis,

2177 1367 2302 1407 cum
2351 1352 2534 1406 vident
2578 1361 2632 1406 et
2660 1351 2920 1421 possibile
2973 1351 3100 1417 sibi,
3135 1359 3191 1406 et
3222 1351 3341 1407 sine
3395 1350 3665 1422 periculo,
3702 1362 3757 1408 et

2178 1443 2297 1498 suis
2348 1442 2507 1497 rebus
2561 1441 2880 1510 expediens,
2910 1440 3197 1496 servitutis
3242 1440 3433 1511 iugum
3467 1449 3751 1507 excutere,

2184 1550 2291 1588 non
2346 1542 2603 1589 verentur
2651 1533 2755 1587 hoc
2790 1532 2993 1587 facere.
3038 1532 3106 1586 At
3151 1546 3282 1588 vero
3328 1532 3441 1587 illa.
3477 1532 3528 1587 in
3563 1532 3766 1603 quibus

2181 1626 2413 1681 firmitas
2456 1624 2716 1680 Romanae
2738 1623 2999 1680 Ecclesiae
3033 1624 3304 1683 consistit.
3340 1622 3481 1679 caelo
3511 1632 3564 1677 et
3618 1632 3766 1679 terra

2184 1727 2312 1771 sunt
2359 1717 2821 1787 permanentiora.
2881 1714 3093 1771 Virtute
3130 1715 3274 1772 enim
3331 1715 3625 1770 verborum
3662 1714 3766 1768 Do-

2185 1809 2319 1863 mini
2348 1807 2413 1861 ad
2448 1806 2692 1871 Petrum,
2752 1805 2981 1862 subditae
3012 1805 3062 1860 ei
3088 1813 3276 1875 gentes
3336 1804 3769 1860 contremiscunt

2181 1916 2302 1956 eam
2333 1910 2387 1956 et
2426 1910 2715 1966 metuunt,
2763 1912 2815 1954 et
2844 1901 2914 1954 ab
2953 1902 3069 1969 ipsa
3098 1898 3379 1953 discedere
3409 1914 3439 1953 a
3496 1898 3608 1952 Deo
3657 1898 3769 1952 dis-

2182 1995 2375 2049 cedere
2398 2006 2539 2057 csse,
2560 1993 2760 2048 virtute
2784 1992 2999 2047 illorum
3031 1992 3319 2046 verborum
3341 2004 3530 2045 omnes
3552 1998 3766 2060 putant.

2255 2085 2390 2141 Item
2420 2084 2468 2139 si
2498 2086 2871 2153 perquiratur,
2929 2098 3180 2154 quaenam
3221 2084 3333 2139 sint
3361 2100 3604 2153 congrua
3636 2099 3771 2153 ope-

2183 2194 2239 2235 ra
2280 2176 2539 2232 divinitus
2569 2177 2815 2231 omnium
2842 2176 3181 2231 dondnantis
3213 2176 3489 2244 Ecclesiae,
3526 2176 3770 2232 inveniet

2180 2269 2371 2325 eadem
2406 2267 2523 2337 ipsa
2550 2276 2603 2322 et
2632 2267 2912 2322 Romanae.
2980 2270 3203 2338 Oportet
3232 2268 3378 2322 enim
3412 2266 3589 2337 primo
3627 2278 3769 2323 nutu

2182 2361 2376 2417 divino
2408 2361 2654 2415 omnium
2712 2358 3087 2416 dominantem
3128 2360 3422 2431 plurimum
3448 2375 3574 2416 esse
3612 2359 3767 2415 solli-

2185 2455 2376 2519 citam,
2400 2464 2459 2509 ut
2494 2452 2695 2523 ubique
2725 2462 2779 2507 et
2803 2453 3060 2513 omnibus
3088 2464 3142 2509 et
3173 2468 3391 2526 semper
3417 2454 3769 2524 evangelicus

2179 2546 2508 2617 praedicetur
2563 2561 2765 2611 sermo,
2816 2554 2875 2599 ut
2902 2555 2958 2601 et
2983 2547 3028 2602 si
3064 2560 3170 2602 non
3202 2546 3348 2603 aliud
3376 2587 3391 2611 ,
3429 2547 3525 2602 sed
3558 2562 3622 2602 ea
3646 2561 3771 2618 qua

2178 2641 2235 2697 in
2271 2652 2524 2711 promptu
2549 2648 2697 2707 sunt,
2731 2649 2784 2695 et
2817 2641 2997 2697 eli'erri
3023 2649 3251 2711 possunt
3283 2649 3630 2698 sacramenta
3667 2653 3768 2695 uo.

2181 2740 2307 2788 stre
2324 2732 2605 2801 religionis
2630 2741 2683 2786 et
2716 2732 2979 2788 salutaria
3011 2732 3225 2788 Domini
3266 2742 3535 2803 prmeepta
3561 2742 3616 2787 et
3637 2746 3771 2788 eon-

2184 2822 2333 2885 silia,
2364 2824 2568 2893 etquid
2596 2839 2625 2875 a
2659 2824 2905 2894 quolibet
2924 2822 3255 2894 exigendum
3286 2833 3403 2892 est,
3440 2824 3637 2880 nullus
3669 2823 3767 2894 qui

2181 2930 2375 2984 magno
2408 2916 2629 2970 nomine
2656 2928 2915 2972 censetur
2930 2926 2985 2973 et
3012 2917 3195 2972 divina
3230 2917 3353 2973 luce
3377 2918 3629 2987 signatus
3661 2926 3769 2983 est,

2181 3010 2408 3079 ignoret.
2475 3007 2608 3061 Item
2659 3009 3061 3078 schismaticos,
3136 3018 3193 3064 et
3247 3025 3344 3081 per
3395 3010 3661 3082 epistolas
3714 3013 3774 3065 et

2183 3118 2276 3173 per
2328 3100 2568 3165 nuntios,
2626 3102 2722 3155 niti
2781 3104 2851 3157 ad
2910 3119 2972 3159 se
3021 3119 3316 3171 revocare,
3373 3105 3770 3176 redarguendo,

2188 3192 2545 3263 increpando,
2600 3194 2968 3263 admonendo,
3022 3196 3312 3262 hortando,
3362 3197 3444 3253 vel
3502 3197 3769 3268 rogando,

2188 3285 2402 3340 amicti:
2456 3282 2791 3347 Christianis
2832 3302 2932 3357 pro
2956 3302 3119 3358 posse
3142 3288 3411 3343 auxiliari
3440 3288 3696 3358 pecunia,
3724 3288 3771 3343 si

2190 3381 2374 3447 habet,
2404 3390 2457 3437 ct
2484 3398 2581 3451 per
2605 3398 2663 3437 se.
2687 3389 2929 3451 petentes
2960 3379 3223 3449 adjuvare
3280 3379 3573 3445 hortando,
3600 3387 3655 3435 et
3684 3378 3773 3435 in-

2182 3462 2385 3544 juriam
2447 3488 2641 3544 passos
2684 3482 2741 3529 et
2781 3472 2845 3526 ad
2893 3486 3014 3526 eam
3073 3468 3403 3541 refugientes
3458 3471 3771 3537 defendere,

2190 3567 2433 3621 omnium
2457 3573 2677 3637 peccata
2704 3581 2924 3635 quoquo
2957 3566 3117 3620 modo
3151 3565 3422 3639 corrigere
3442 3566 3653 3620 conari.

2266 3657 2337 3711 At
2364 3657 2477 3712 hac
2504 3656 2710 3723 omnia,
2739 3664 2793 3711 et
2823 3656 2872 3710 si
2903 3656 3049 3726 quod
3076 3657 3309 3713 alterum
3347 3656 3595 3726 legaliter
3618 3657 3766 3727 prin-

2190 3748 2396 3818 cipanti
2435 3751 2715 3819 congruit,
2753 3764 2967 3803 summe
3020 3747 3269 3803 Romana
3301 3747 3547 3805 Ecclesia
3581 3748 3767 3805 facere

2190 3843 2426 3896 videtur.
2461 3841 2580 3895 Alia
2617 3856 2745 3895 vero
2769 3842 2921 3896 orbis
2955 3838 3327 3896 Ecclesiarum
3358 3842 3505 3895 nulla
3527 3853 3633 3906 est,
3654 3857 3776 3912 quae

2194 3933 2393 3987 habeat
2428 3943 2481 3987 et
2518 3934 2684 3987 faciat
2712 3946 3055 4001 quxecunque
3088 3942 3367 4001 oporteret
3396 3933 3663 3989 divinitus
3685 3936 3777 3988 do-

2196 4027 2522 4079 minaturam
2556 4026 2753 4078 habere
2778 4034 2831 4077 et
2862 4024 3064 4079 facere.

2270 4119 2533 4185 Quoniam
2572 4136 2701 4188 ergo
2736 4134 2961 4173 movens
3012 4134 3161 4172 meas
3205 4120 3592 4188 cogitationes,
3628 4121 3781 4175 undi-

2197 4230 2303 4283 que
2331 4212 2546 4266 invenio
2573 4227 2670 4280 per
2705 4212 2883 4264 omnia
2921 4214 3114 4265 melius
3132 4227 3270 4275 esse,
3296 4223 3351 4266 ut
3376 4213 3449 4267 sit
3469 4213 3657 4273 aliqua
3682 4215 3780 4268 Ee-

2197 4304 2386 4365 clesia,
2425 4303 2528 4358 sub
2557 4319 2661 4372 qua
2712 4303 2831 4357 aliae
2860 4304 3123 4357 ordinatae
3173 4302 3303 4365 sint,
3338 4313 3395 4357 et
3430 4304 3525 4357 has
3556 4305 3781 4373 perqui-

2197 4410 2345 4459 rens,
2376 4395 2547 4448 solam
2608 4394 2766 4449 video
2799 4392 3171 4447 Romanorum
3229 4402 3287 4448 et
3312 4393 3602 4449 habentem
3626 4401 3682 4448 et
3704 4392 3785 4449 fa-

516 4486 702 4557 porale
733 4502 866 4541 vero
888 4488 1185 4541 dominium
1222 4491 1471 4559 corpori;
1501 4501 1555 4546 et
1584 4500 1664 4547 est
1701 4494 2091 4552 coudeceutius
2126 4506 2173 4563 ι)
2196 4487 2445 4550 ciem-ein.
2499 4500 2838 4556 (Ιιιίεοιιιιίινιθ
2907 4494 3205 4553 oporteret.
3261 4486 3448 4539 divino
3509 4486 3777 4557 bellepla-

518 4580 757 4633 animam
798 4579 1068 4634 dominari
1098 4582 1339 4650 corpori,
1371 4598 1535 4652 quam
1566 4600 1595 4640 e
1627 4600 1892 4640 converso
1922 4600 2097 4640 :con-

521 4683 719 4737 gruum
753 4667 941 4736 utique
996 4679 1079 4725 est
1110 4677 1162 4724 et
1191 4675 1546 4735 conveniens,
1582 4672 1952 4728 Ecclesiarum
1993 4677 2093 4735 do-

522 4761 753 4813 minium
803 4760 955 4814 nullo
987 4759 1151 4815 modo
1188 4762 1469 4834 subditum
1500 4780 1622 4820 esse
1652 4767 1961 4834 principum
1994 4768 2093 4822 hu-

512 4852 604 4923 jus
630 4853 813 4906 mundi
845 4852 1107 4908 dominio.

591 4942 765 4997 Etiam
804 4946 957 5011 utile,
994 4959 1052 5001 ut
1087 4965 1260 5020 neque
1289 4960 1431 5005 metu
1462 4949 1623 5003 ullius
1654 4951 1881 5004 dominii
1916 4952 2095 5007 minus

520 5045 727 5091 rectum
766 5039 945 5093 lacere
979 5042 1057 5092 \el
1086 5044 1383 5098 i-0ncedcre
1416 5052 1665 5111 cogatur,
1692 5060 1867 5111 neque
1892 5042 2096 5114 aliquis

518 5136 707 5180 contra
743 5130 1077 5184 voluntatem
1104 5132 1306 5195 dejure
1328 5134 1627 5188 electorum
1652 5134 1857 5190 insiliat
1878 5135 2010 5189 sedi.
2038 5136 2103 5188 At.

521 5230 650 5268 vero
692 5215 931 5271 Romana
986 5218 1226 5275 Ecclesia
1259 5223 1385 5277 olim
1418 5223 1519 5278 hoc
1550 5225 1691 5279 bono
1729 5226 1893 5279 ditata
1922 5236 2024 5289 est,
2050 5235 2101 5279 et

2199 4578 2331 4641 cito,
2372 4578 2621 4633 euntium
2674 4576 3080 4630 dominaturam
3136 4586 3190 4630 et
3212 4576 3412 4631 habere
3462 4586 3517 4631 et
3553 4576 3774 4633 facere:

2196 4686 2305 4724 non
2347 4684 2593 4739 possum.
2630 4668 3025 4737 providentiam
3053 4683 3174 4722 esse
3211 4667 3467 4732 credens,
3501 4668 3765 4724 Romana

2200 4761 2463 4816 Ecclesia:
2526 4761 2893 4829 majestatem,
2941 4768 2996 4811 et
3046 4758 3437 4815 sublimitatem
3467 4760 3703 4814 fortuna
3726 4768 3781 4814 et

2199 4854 2351 4909 casui
2385 4853 2537 4919 dare,
2562 4861 2745 4908 etnon
2778 4853 2829 4905 in
2860 4852 3115 4905 maximis
3144 4852 3506 4922 providentiae
3522 4854 3781 4922 operibus

2201 4955 2253 5001 et
2290 4944 2739 5011 solemnissimis,
2764 4952 2820 4998 et
2856 4945 2957 4999 hoc
2988 4954 3324 5013 computare.

2278 5040 2355 5095 Ex
2392 5040 2479 5096 his
2520 5039 2685 5110 igitur
2713 5038 3007 5109 primatum
3034 5037 3180 5092 illius
3212 5037 3473 5094 Ecclesia:
3509 5036 3781 5093 sufﬁcien-

2210 5144 2291 5188 ter
2312 5134 2744 5188 demoustratum
2775 5146 2895 5187 esse
2940 5140 3091 5201 puto.
3128 5127 3299 5189 Venio
3362 5146 3555 5188 rursus
3580 5132 3646 5185 ad
3680 5130 3783 5186 Pa-

2208 5225 2394 5279 racieti
2416 5224 2846 5293 proccssionem.

1636 5339 1719 5392 BA
1729 5338 1989 5395 RLAAill
2019 5338 2302 5396 CONTRA
2331 5338 2647 5395 LATINOS.

521 5446 749 5516 ἀγάπην
781 5447 1019 5519 πέμψαι,
1056 5450 1332 5521 πανταχοῦ
1358 5452 1457 5521 τῆς
1484 5452 1746 5523 ἀληθείας
1776 5456 2095 5526 φροντίσας,

526 5542 624 5591 καὶ
669 5539 837 5609 μηδὲν
880 5544 1024 5595 κατὰ
1082 5544 1253 5608 πάθος
1293 5546 1572 5616 ιίρηκὼς·
1608 5547 1671 5599 σὺ
1706 5547 1762 5600 δὲ
1813 5548 1985 5600 ταῦτα
2017 5548 2100 5600 δε-

534 5629 760 5699 ξάμενος
800 5636 892 5687 καὶ
926 5638 1217 5704 ἀναγνοὺς.
1251 5639 1303 5689 εἰ
1337 5654 1391 5689 τι
1426 5638 1493 5690 ἂν
1530 5638 1717 5707 σχοέης
1744 5639 2023 5691 ἀντειπεῖν
2065 5639 2097 5710 ἢ

2204 5456 2370 5508 πᾶσιν
2396 5455 2427 5523 ἢ
2453 5454 2596 5505 τιοὶν
2622 5451 2654 5521 ἢ
2686 5450 2768 5505 ἐνί
2791 5467 2854 5520 γε
2878 5451 3080 5517 αὐτῶν,
3106 5450 3279 5521 ἐχέτω
3306 5451 3405 5521 τὴν
3429 5451 3613 5507 πεστιν
3635 5454 3664 5505 ὁ
3690 5451 3786 5516 σὸς

2205 5547 2360 5611 λλῧγος
2389 5544 2449 5607 ἐξ
2480 5537 2555 5599 ὧν
2587 5543 2815 5612 εἴπομεν
2841 5543 3053 5613 ἀρχῶν,
3084 5543 3179 5596 καὶ
3212 5543 3585 5616 μακροθύμως
3610 5546 3787 5600 ἀκου-

2209 5636 2420 5707 σόμεθὰ
2453 5654 2569 5689 σου.

1167 5733 1283 5785 Huc
1322 5748 1484 5802 usque
1517 5732 1845 5786 Barlaami“
1883 5734 1942 5785 de
1981 5733 2237 5801 primatu,
2274 5736 2379 5786 imo
2414 5741 2602 5784 contra
2640 5730 2935 5800 primatum
2970 5728 3154 5801 Paper.
