4122 6240
385 329 520 403 1281

1746 308 1894 370 PRO
1939 307 2264 370 LATINIS.

3495 297 3638 363 1282

1591 479 1662 534 De
1683 480 2021 549 processioue
2063 477 2302 544 Spiritus
2336 475 2531 529 δωρεά.

462 632 729 703 Quoniam
796 627 982 683 multis
1034 624 1198 681 annis
1246 631 1368 695 post
1412 629 1618 689 septem
1691 616 1963 688 generalia
1995 627 2040 681 Α
2070 616 2253 686 quiete
2278 615 2502 670 obedire
2524 654 2541 678 ,
2576 613 2669 669 sed
2698 621 2968 668 tantorum
2999 611 3212 666 Patrum
3244 621 3296 666 et
3322 610 3508 667 Matris
3541 609 3644 667 Ee-

389 727 624 785 concilia
664 725 795 785 udit
832 724 1019 778 eadem
1061 717 1302 774 Ecclesia
1390 715 1601 783 aliquos
1637 725 1827 765 eorum
1862 707 1956 776 qui

392 821 574 876 denuo
595 824 992 872 consueverant
1046 813 1103 866 in
1126 811 1359 866 haereses
1395 804 1734 878 frequentius
1759 803 1962 867 delabi,

395 921 703 967 asserentes
763 907 1028 977 Spiritum
1060 913 1307 959 sanctum
1336 919 1400 957 ex
1427 902 1546 957 solo
1576 901 1738 955 Patre
1769 911 1963 967 proce-

391 1004 539 1070 dere,
578 1013 632 1056 et
660 1001 888 1055 minime
911 1014 974 1053 ex
1010 995 1172 1062 Filio,
1204 1003 1258 1050 et
1289 993 1639 1049 sermonibus
1686 988 1965 1061 persuasi-

397 1094 598 1149 bilibos
625 1107 688 1145 ex
717 1091 955 1144 humana
992 1095 1171 1142 mente
1224 1086 1327 1140 hoc
1362 1085 1557 1153 dogma
1601 1081 1962 1144 aiilrmantes;

397 1184 839 1256 propinquiorcm
887 1196 1017 1235 vero
1054 1180 1157 1236 sibi
1193 1178 1621 1236 multitudinem.
1674 1185 1726 1229 et
1751 1174 1817 1229 ad
1851 1173 1965 1227 hce-

399 1291 549 1331 reses
587 1265 799 1346 semper
833 1273 1125 1330 tardiorem
1152 1289 1178 1324 a
1205 1270 1480 1340 principio
1507 1270 1810 1337 sapientem
1847 1265 1973 1337 Spi-

399 1371 560 1424 ritum
608 1379 855 1423 sanctum
886 1382 918 1422 a
961 1365 1127 1420 Patre
1152 1362 1398 1433 Filioque
1448 1361 1742 1433 procedere
1782 1379 1796 1414 :
1838 1358 1968 1427 quid

399 1477 517 1517 eam
543 1477 666 1530 quae
713 1475 929 1532 semper
960 1466 1342 1520 conSUeVerat,
1399 1452 1712 1526 hujusmodi
1756 1464 1982 1508 contro-

401 1554 592 1610 Vt’l'SiiS
621 1553 781 1607 ﬁnem
815 1567 1118 1622 congruum
1153 1553 1450 1620 imponere,
1485 1556 1538 1602 et
1570 1548 1827 1602 unitatem
1855 1561 1974 1600 om-

397 1648 562 1702 nibus
626 1654 961 1707 monstrare,
1006 1643 1248 1713 oportuit
1276 1637 1502 1696 facere?
1539 1638 1832 1694 silentione
1855 1653 1966 1692 rem

399 1739 700 1810 praeterire,
758 1746 814 1792 et
873 1736 1125 1791 ordinem
1183 1748 1343 1790 suum
1403 1729 1694 1789 deserere?
1723 1729 1829 1784 Sed
1860 1743 1969 1784 non

401 1841 518 1885 erat
579 1829 681 1885 hoc
732 1829 874 1899 ejus.
910 1829 990 1883 An
1024 1827 1090 1882 ad
1132 1823 1511 1881 Aristotelicas
1569 1821 1883 1886 methodos,
1913 1831 1971 1877 et

404 1919 716 1976 Platonicas
784 1919 1113 1984 divisiones,
1170 1925 1227 1972 et
1272 1914 1693 1971 mathematicas
1745 1913 1974 1970 demon-

2072 707 2358 762 clesiarum
2390 705 2692 770 sententi-.15
2737 705 2803 760 de
2825 720 2881 759 re
2929 704 3176 759 vincente
3207 701 3351 759 vires
3382 702 3645 758 naturalis

2072 798 2422 868 cogitationis
2448 812 2799 868 praeposuere
2825 811 2998 851 meam
3027 794 3434 868 cognitionem?
3467 809 3644 866 neque

2073 892 2205 947 illud
2237 891 2420 946 valens
2449 890 2821 954 considerare,
2861 889 3002 959 quod
3036 888 3317 957 indignum
3346 895 3463 941 erat
3488 887 3644 960 peni-

2078 995 2167 1042 tus
2200 987 2381 1042 divina
2416 985 2776 1056 providentia.
2815 998 2920 1037 non
2955 983 3130 1039 solum
3158 982 3303 1037 illam
3341 973 3642 1037 Ecclesiam

2077 1077 2396 1138 sublimare,
2429 1087 2481 1130 et
2504 1085 2664 1145 mput
2711 1074 2995 1128 catholica!
3033 1072 3291 1127 Ecclesia:
3319 1086 3347 1125 a
3379 1070 3650 1142 principio

2078 1171 2280 1233 facere,
2324 1184 2485 1239 quam
2523 1169 2674 1222 novit
2710 1167 3090 1222 insatiabiliter
3125 1181 3379 1220 casuram
3429 1173 3484 1220 et
3518 1165 3645 1219 inti.

2076 1265 2222 1318 nitas
2251 1261 2627 1316 multitudines
2661 1275 2848 1315 secum
2877 1258 3231 1313 dimissuram
3264 1299 3278 1322 ,
3317 1256 3410 1311 sed
3440 1265 3494 1312 et
3521 1274 3645 1312 cum

2075 1370 2106 1410 a
2131 1355 2299 1409 rectis
2334 1354 2532 1409 cecidit
2577 1353 2949 1425 dogmatibus,
2988 1351 3165 1406 adhuc
3197 1352 3371 1420 magis
3398 1351 3650 1420 magnill-

2079 1464 2228 1514 care,
2271 1457 2325 1503 et
2356 1447 2612 1503 omnibus
2637 1444 2794 1503 bonis
2820 1446 3024 1512 ditare;
3049 1459 3168 1498 eam
3197 1460 3323 1498 vero
3350 1457 3472 1514 quae
3507 1453 3652 1498 recto

2095 1557 2125 1597 e
2161 1556 2189 1595 a
2220 1540 2490 1611 principio
2522 1540 2744 1599 restitit.
2785 1539 3119 1594 contrarium
3152 1537 3259 1608 pati
3293 1537 3652 1608 permittere?

2153 1633 2264 1704 Ego
2292 1645 2421 1686 vero
2453 1642 2506 1686 et
2528 1629 2673 1684 aliud
2699 1633 2902 1700 cogito,
2939 1630 3082 1698 quod
3109 1636 3295 1698 portas
3325 1627 3480 1682 inferi
3507 1642 3650 1682 nun-

2081 1738 2246 1796 quam
2283 1722 2546 1778 adversus
2590 1719 2890 1776 Ecclesiam
2931 1720 3306 1791 praevalituras
3352 1733 3493 1784 esse,
3525 1734 3649 1774 cum

2080 1819 2154 1876 sit
2182 1824 2549 1880 verissimum,
2594 1812 2724 1869 olim
2761 1823 2935 1884 portat
2983 1809 3141 1866 inferi
3168 1811 3432 1866 adversus
3459 1808 3652 1865 Eccle-

2081 1914 2219 1970 siam
2253 1911 2344 1965 Dei
2378 1906 2806 1982 praevalueruut,
2839 1905 3110 1977 siquidem
3137 1902 3381 1960 Romana
3415 1901 3656 1958 Ecclesia

407 2009 724 2069 strationes.
765 2017 820 2063 et
843 1982 1210 2078 cogitationes
1255 2006 1526 2062 humanas
1583 2009 1900 2068 recurrere,
1925 2011 1980 2060 et
2011 1982 2056 2039 Β
2085 2004 2299 2060 cecidit.
2327 2001 2461 2055 Nam
2498 2002 2543 2055 si
2581 1998 2823 2054 Ecclesia
2875 1998 2977 2053 soli
3010 1995 3230 2068 quidem
3282 1994 3444 2064 hujus
3481 1996 3657 2063 partis

407 2116 472 2156 ex
500 2100 608 2155 illis
636 2099 990 2170 quasitorurn
1043 2099 1328 2156 veritatem
1367 2098 1682 2170 perquirere
1703 2097 1726 2152 τ
1749 2097 1853 2152 Sed
1885 2111 1984 2152 ne-

407 2208 518 2264 que
554 2195 655 2247 hoc
683 2192 927 2248 decrevit
962 2191 1174 2259 facere,
1220 2192 1400 2246 sciens
1433 2190 1677 2261 proiecto
1711 2190 1852 2244 hanc
1871 2204 1984 2244 rem

411 2283 797 2339 transcendere
824 2296 1041 2337 onmem
1070 2282 1365 2337 humanam
1395 2290 1450 2334 et
1486 2290 1748 2344 mentem,
1787 2289 1842 2334 et
1876 2295 1991 2333 tne-

409 2375 659 2441 thodum,
681 2384 738 2431 et
763 2374 1323 2430 demonstrationem.
1352 2371 1494 2439 Quid
1527 2373 1694 2441 igitur
1723 2372 1896 2429 fecit?
1918 2373 1984 2426 ad

413 2479 541 2522 suos
569 2466 842 2533 doctcres,
886 2479 1024 2536 quos
1059 2463 1234 2535 longis
1265 2480 1482 2519 sursum
1524 2462 1863 2532 temporibus
1891 2477 1988 2533 pro

414 2560 622 2614 sanctis
651 2558 864 2622 habuit,
890 2559 1148 2624 recurrit,
1199 2558 1412 2623 beatos,
1440 2557 1827 2629 Augustinum,
1857 2557 1990 2610 Am-

416 2650 687 2716 brosium,
745 2649 1162 2722 Hieronymum,
1216 2658 1272 2706 et
1298 2651 1652 2721 Gregorium,
1705 2659 1761 2705 et
1791 2649 1987 2704 horum

416 2748 621 2814 scripta
720 2754 1094 2815 perscrutato,
1180 2745 1330 2799 videt
1420 2759 1516 2800 eos
1591 2752 1850 2814 tanquam
1921 2758 1988 2797 ex

419 2848 530 2889 uno
603 2847 736 2898 ore,
809 2831 998 2908 multis
1067 2830 1206 2887 locis
1256 2839 1312 2888 et
1383 2831 1724 2903 frequentius
1811 2830 1990 2902 Spiri-

420 2935 533 2982 tum
588 2934 842 2981 sanctum
889 2939 956 2980 es
987 2924 1149 2981 Patre
1201 2936 1257 2980 et
1291 2923 1434 2980 Filio
1485 2925 1784 2996 procedere
1835 2938 1993 2979 asse-

422 3027 629 3075 rentes.
654 3014 720 3071 Et
740 3029 920 3088 neque
953 3030 1130 3087 usque
1159 3013 1226 3070 ad
1254 3013 1359 3070 hoc
1383 3023 1510 3071 stat.
1541 3012 1646 3069 Sed
1673 3021 1728 3067 et
1750 3012 1997 3067 orienta-

421 3110 490 3166 lis
520 3107 802 3165 'Ecclcsia
849 3105 1042 3163 Patres
1089 3107 1380 3178 perquirit,
1435 3115 1493 3161 et
1521 3107 1666 3161 videt
1689 3106 1886 3160 borum
1921 3104 1997 3160 sl-

423 3202 627 3257 militer
645 3203 828 3273 plores
852 3208 909 3255 et
931 3199 1368 3271 principaliores,
1398 3198 1452 3254 id
1479 3200 1660 3268 ipsum
1687 3211 1746 3252 sa
1755 3198 1994 3267 pientes,

421 3292 664 3365 reliquos
709 3307 840 3348 vero
872 3291 1102 3348 minime
1149 3289 1398 3346 omnium
1468 3289 1734 3353 dicentes,
1800 3295 1996 3360 prater

427 3401 598 3442 unum
625 3384 836 3440 scilicet
861 3384 1278 3449 Damascenum,
1295 3383 1390 3455 qui
1411 3380 1627 3437 videtur
1652 3382 1996 3437 contrarium

431 3479 635 3536 dicere.
675 3479 999 3549 Quanquam
1034 3492 1144 3532 non
1208 3477 1340 3533 dicit
1393 3477 1532 3546 ipse,
1561 3475 1707 3546 quod
1764 3471 2002 3543 Spiritus

427 3583 654 3628 sanctus
709 3587 816 3626 non
849 3580 936 3626 est
965 3588 1032 3627 cx
1067 3567 1230 3638 Filio,
1267 3570 1361 3626 sed
1407 3571 1536 3641 quia
1570 3585 1676 3624 non
1707 3567 1913 3625 dicitur
1935 3580 2006 3621 cx

430 3666 600 3722 Filio.
656 3665 728 3720 ὁ.
755 3679 886 3720 vero
945 3663 1162 3720 videtur
1209 3672 1263 3720 et
1327 3664 1445 3735 ipse
1499 3663 1687 3719 dicere
1737 3661 2002 3733 Spiritum

431 3769 735 3814 sanctuma
772 3756 929 3812 Patre
960 3771 1061 3828 per
1083 3755 1282 3811 Filium
1325 3771 1607 3821 emanare,
1629 3764 1684 3810 et
1711 3754 2002 3827 imaginem

431 3863 555 3906 esse
583 3848 706 3904 Filii
735 3849 1026 3921 Spiritum,
1079 3857 1135 3906 et
1164 3851 1230 3904 ad
1261 3848 1477 3903 Patrem
1505 3852 1579 3902 ita
1611 3863 1671 3903 se
1701 3849 1902 3904 habere
1919 3847 2012 3903 Fi-

444 3944 582 4001 lium
608 3951 662 3997 et
694 3942 988 4015 Spiritum.
1033 3939 1494 4012 quemadmodum
1525 3939 1594 3994 ad
1619 3940 1791 3995 solem
1824 3955 1883 3995 se
1915 3940 2010 3994 ha-

437 4039 567 4091 bent
587 4036 770 4090 radius
796 4044 848 4089 et
870 4033 1222 4101 illuminatio,
1244 4048 1366 4101 qua:
1397 4044 1625 4104 utraque
1646 4047 1711 4087 ex
1740 4032 1856 4088 sole
1885 4033 2013 4102 qui-

439 4128 565 4184 dem
595 4134 742 4193 sunt,
779 4127 875 4182 sed
908 4142 1006 4197 per
1043 4126 1254 4180 radium
1279 4126 1824 4180 aitilluminationem
1856 4125 2017 4181 nobis

444 4222 585 4277 dari.
615 4221 692 4276 Ex
725 4221 930 4290 quibus
960 4218 1175 4272 videtur
1202 4227 1256 4272 et
1287 4218 1402 4288 ipse
1423 4234 1532 4272 non
1561 4217 1781 4288 penitus
1798 4226 2020 4272 contra-

440 4319 588 4372 rium
614 4324 824 4370 tenere.
853 4314 1038 4384 ipsum
1060 4313 1205 4368 enim
1239 4313 1693 4368 illuminatiouem
1715 4322 1770 4367 et
1797 4327 1864 4367 ex
1899 4313 2019 4367 solo

447 4425 543 4482 per
577 4409 795 4465 radium
851 4421 974 4462 esse
1009 4405 1217 4468 dicere,
1249 4415 1302 4459 et
1331 4421 1523 4460 rursus
1548 4423 1610 4460 es
1631 4407 1745 4460 sole
1765 4415 1820 4460 et
1844 4406 2018 4472 radio,

445 4516 639 4556 verum
672 4510 792 4555 est:
843 4499 1308 4570 quemadmodum
1346 4498 1481 4553 etin
1539 4497 1829 4561 Trinitate.
1869 4497 2017 4565 Quo—

447 4610 570 4650 rum
602 4593 749 4648 enim
782 4599 868 4647 est
916 4588 1290 4646 communiter
1336 4599 1531 4647 auctor
1562 4589 1722 4645 Pater
1742 4599 1796 4646 et
1825 4589 2022 4660 Filius,

2087 2107 2234 2160 Sunt,
2267 2106 2327 2151 ut
2362 2093 2665 2151 secundum
2694 2090 3078 2145 multitudines
3100 2103 3197 2143 eos
3230 2087 3296 2142 ad
3327 2102 3388 2142 se
3428 2101 3656 2143 conver-

2089 2197 2228 2256 tant,
2264 2187 2414 2242 nullo
2451 2185 2668 2256 penitus
2700 2183 3020 2243 essistente,
3071 2182 3164 2251 qui
3215 2181 3430 2252 publice
3462 2183 3664 2251 praedi-

2088 2283 2264 2338 cando
2297 2280 2555 2348 pupulum
2603 2276 2943 2330 confortaret
2975 2275 3028 2329 in
3065 2274 3168 2329 ﬁde
3203 2289 3578 2344 perseverare,
3607 2285 3664 2326 et

2091 2388 2177 2428 res
2234 2372 2306 2426 ita
2337 2371 2516 2425 adhuc
2545 2385 2604 2423 se
2631 2368 2853 2432 habent,
2889 2380 2948 2421 ut
2973 2367 3027 2420 in
3061 2366 3238 2436 primo
3272 2367 3437 2420 misso
3479 2367 3543 2419 ad
3570 2382 3665 2419 vos

2089 2481 2341 2522 sermone
2365 2464 2582 2517 recitavi
2611 2462 3031 2528 :jamadversus
3050 2459 3346 2515 Ecclesium
3382 2473 3548 2529 portae
3580 2460 3663 2512 in-

2091 2556 2192 2612 l'eri
2233 2555 2657 2626 prmvaluerunt.
2698 2552 2806 2609 Sed
2839 2554 2942 2608 hoc
2970 2553 3106 2607 falso
3140 2554 3466 2615 exsisteute,
3500 2567 3666 2620 cogor

2091 2647 2396 2703 Romanam
2428 2646 2730 2701 Ecclesium
2767 2645 3129 2700 orthodoxam
3167 2645 3222 2698 in
3251 2645 3509 2700 oinnibus
3566 2660 3669 2712 pu-

2089 2749 2232 2804 tare,
2264 2749 2318 2793 et
2348 2739 2491 2794 hanc
2522 2738 2695 2794 solam
2745 2754 2866 2793 esse
2893 2753 3020 2792 cum
3055 2737 3160 2792 sibi
3195 2739 3439 2806 subjecta
3474 2742 3668 2790 inulti-

2094 2832 2306 2901 tudine,
2337 2847 2528 2898 unum,
2561 2842 2829 2897 sanctam,
2853 2831 3203 2893 catholicam,
3237 2841 3290 2885 et
3313 2830 3668 2900 apes-lubeant

2094 2928 2395 2985 Ecclesiam
2421 2967 2436 2992 ,
2472 2930 2526 2983 in
2564 2941 2732 2998 quam
2768 2929 2993 2981 credere
3016 2927 3295 2996 jultemur,
3321 2937 3372 2977 et
3407 2923 3674 2977 adversus

2095 3037 2259 3094 quam
2289 3031 2460 3092 portae
2511 3020 2674 3076 iul’eri
2711 3033 2887 3089 neque
2916 3018 3334 3087 praestituerunt,
3371 3030 3546 3084 neque
3571 3031 3678 3069 un-

2096 3130 2283 3186 quam,
2325 3113 2434 3169 Deo
2456 3113 2631 3184 ipsam
2669 3122 2926 3182 tauquam
2963 3123 3162 3164 novum
3189 3107 3443 3163 lsraelem
3479 3124 3676 3178 regen-

2099 3217 2173 3276 te,
2201 3208 2590 3281 praevalebunt.

2022 3333 2068 3391 ῧ
2104 3345 2344 3414 Epistula
2376 3343 2553 3414 Alexi}
2585 3341 2864 3398 Calocheti
2887 3340 2955 3394 ad
2977 3339 3248 3393 dominum
3301 3336 3676 3414 Barlaamum,

2173 3419 2473 3479 episcopum
2505 3410 2877 3481 Gyracensem,
2907 3424 3088 3479 petens
3121 3414 3187 3460 ab
3217 3425 3274 3461 eo
3308 3407 3676 3475 quorumdam

2175 3487 2431 3566 librorum
2457 3481 2770 3536 Latinorum
2807 3482 3215 3534 translationem
3251 3491 3458 3547 propter
3491 3489 3682 3531 venunt

2175 3569 2407 3610 κηιοιω.

2182 3669 2328 3725 Tuas
2346 3664 2716 3724 communiter
2734 3667 2802 3721 ad
2825 3666 3033 3722 amicos
3063 3667 3255 3720 missas
3283 3665 3540 3736 epistolas
3557 3678 3683 3716 cum

2111 3762 2472 3827 vidissemus,
2504 3774 2604 3830 ego
2643 3769 2697 3814 ct
2729 3769 2932 3814 nostra:
2971 3758 3208 3814 civitatis
3239 3761 3315 3812 tui
3351 3756 3540 3821 amici,
3587 3758 3687 3810 ho-

2115 3871 2234 3910 rum
2261 3853 2464 3925 quibus
2501 3862 2648 3907 recte
2677 3851 2986 3908 contradici
3020 3851 3216 3923 possit,
3248 3850 3381 3905 nihil
3416 3849 3471 3903 in
3499 3850 3579 3904 eis
3602 3849 3682 3902 in-

2113 3947 2387 4002 venimus.
2433 3944 2622 4016 lgnota
2653 3959 2786 3999 vero
2818 3943 3035 4014 penitus
3070 3961 3101 4000 a
3147 3943 3310 4000 nobis
3337 3942 3506 3998 multa
3547 3942 3689 3997 vidi-

2116 4053 2262 4098 mus.
2280 4039 2374 4094 Δία
2390 4041 2536 4095 enim
2557 4039 2612 4093 in
2636 4038 2873 4093 secunda
2895 4038 3146 4109 epistola,
3167 4038 3383 4109 signum
3405 4050 3527 4090 esse
3543 4035 3687 4104 ejus.

2117 4132 2265 4203 quod
2301 4129 2548 4186 Romana
2567 4129 2807 4186 Ecclesia
2830 4145 2858 4183 a
2884 4131 3150 4201 principio
3164 4130 3408 4185 omnium
3443 4128 3695 4182 domina-

2121 4226 2286 4281 batur
2304 4266 2319 4291 ,
2349 4224 2480 4291 quia
2507 4222 2740 4278 Romani
2760 4224 3064 4293 pontiﬁces,
3082 4240 3111 4277 a
3138 4225 3295 4278 beato
3309 4222 3587 4278 Clemente
3611 4222 3695 4274 ln-

2119 4319 2392 4392 cipiendo,
2421 4327 2679 4388 tanquam
2709 4317 2876 4371 totius
2897 4316 3050 4372 orbis
3068 4331 3257 4370 curam
3284 4329 3474 4384 gerere
3492 4312 3694 4368 deben-

2119 4419 2222 4478 tes,
2267 4411 2596 4466 universalia
2654 4409 3045 4464 administrare
3091 4424 3217 4462 mox
3247 4415 3574 4478 coeperunt:
3624 4405 3700 4461 ad

2126 4506 2412 4560 universos
2444 4502 2722 4575 regulares
2763 4501 3031 4573 epistolas
3067 4501 3369 4563 mittentes.
3412 4509 3467 4554 et
3494 4499 3699 4568 ubique

2125 4608 2350 4672 peccata
2376 4602 2654 4668 corrigere
2704 4596 2942 4652 nitentes
2970 4608 3025 4650 et
3071 4596 3341 4667 agendum
3375 4605 3701 4652 statuentes.

447 4690 564 4745 btec
594 4694 648 4744 et
680 4696 917 4754 utroque
973 4684 1138 4739 modo
1163 4683 1270 4739 dici
1310 4699 1500 4739 verum
1532 4693 1637 4750 est,
1688 4693 1744 4739 et
1769 4699 1836 4739 ex
1862 4684 1997 4741 Patri

2129 4693 2224 4772 Es.
2240 4694 2440 4764 quibus
2473 4690 2719 4760 epistolis
2750 4692 2916 4744 multa
2947 4705 3139 4744 eorum
3182 4705 3305 4759 qua:
3358 4704 3504 4745 nunc
3529 4690 3702 4742 etiam

449 4796 548 4854 per
573 4779 773 4836 Filium
799 4796 814 4834 :
837 4787 892 4834 et
923 4793 989 4831 es
1023 4776 1204 4844 Patre,
1237 4786 1291 4831 et
1314 4794 1380 4832 ex
1409 4775 1570 4834 Filio.

535 4874 838 4930 Tantorum
871 4869 1055 4939 itaque
1080 4867 1302 4923 Patrum
1334 4868 1682 4923 concordiam
1715 4882 1838 4924 cum
1867 4867 2036 4922 vidis-

463 4977 572 5034 set,
622 4974 678 5020 et
718 4971 939 5036 propter
986 4959 1064 5014 rei
1095 4959 1523 5030 magnitudinem
1571 4959 1751 5015 adhuc
1803 4960 1895 5015 bis
1927 4974 2034 5013 non

415 5043 424 5052 ’
465 5067 746 5124 contenta,
798 5062 1065 5112 convocat
1099 5054 1166 5108 ad
1219 5068 1278 5109 se
1331 5054 1617 5109 universos
1667 5050 2035 5107 Ecclesiarum

465 5153 748 5224 praelatos,
784 5149 850 5203 ad
903 5146 1314 5218 inquisitionem
1348 5142 1880 5200 communicandam.
1913 5143 2032 5199 Uno

461 5247 645 5318 itaque
666 5243 836 5297 verbo
857 5240 946 5296 his
968 5241 1061 5310 qui
1092 5241 1382 5295 voluerunt
1409 5240 1677 5294 interesse
1710 5238 1875 5293 simul
1904 5254 2044 5308 cons

455 5336 721 5414 gregatis,
746 5347 799 5391 et
815 5335 1069 5388 omnibus
1089 5343 1210 5402 post
1227 5333 1422 5386 factam
1448 5331 1522 5387 rei
1541 5347 1832 5401 congruam
1857 5333 2034 5402 inqui-

457 5431 740 5490 sitionem,
776 5425 843 5478 ad
874 5423 1015 5477 idem
1034 5423 1523 5487 consentientibus,
1553 5423 1790 5492 denique
1819 5432 2036 5494 aposto-

460 5523 567 5580 lica
610 5516 960 5580 auctoritate,
991 5514 1094 5568 hoc
1124 5526 1248 5567 esse
1281 5512 1426 5580 quod
1472 5522 1693 5586 oportet.
1737 5515 1915 5578 credi,
1937 5517 2033 5568 de-

461 5613 724 5676 claranda
743 5607 1093 5674 determinat,
1121 5617 1175 5662 et
1199 5603 1534 5660 contrarium
1557 5607 1796 5663 dicentes
1818 5609 1873 5663 in
1901 5625 2033 5680 por-

461 5711 615 5766 tione
646 5703 1030 5763 bareticorum
1061 5698 1324 5755 decernit.

537 5801 670 5873 Quae
713 5799 882 5870 igitur
928 5793 1034 5850 erit
1060 5807 1206 5849 nunc
1246 5807 1361 5846 mea
1385 5791 1699 5858 excusatio,
1722 5793 1767 5849 si
1810 5792 2034 5849 noluero

2130 4785 2185 4838 in
2235 4782 2474 4839 Ecclesia
2529 4779 2842 4835 Graecorum
2896 4780 3051 4846 fiunt,
3110 4781 3438 4851 principium
3492 4782 3700 4834 habuco

2134 4886 2280 4930 ῐιιιιι.

2203 4968 2314 5023 Nos
2341 4983 2469 5023 vero
2508 4983 2686 5038 neque
2712 4967 2813 5022 bas
2837 4967 3096 5038 epistolas
3128 4967 3382 5033 vidimus,
3409 4980 3585 5038 neque
3606 4981 3708 5036 pu—

2136 5057 2373 5111 tavimus
2411 5055 2466 5109 in
2506 5055 2692 5112 Graeca
2719 5057 2906 5127 lingua
2939 5059 3085 5127 ipsas
3113 5074 3258 5112 nunc
3280 5072 3422 5112 esse.
3458 5061 3589 5112 Item
3624 5059 3715 5114 ais

2140 5148 2359 5204 beatum
2392 5151 2768 5215 Ambrosium,
2813 5152 3165 5223 Gregorium,
3201 5150 3591 5222 llierouymum
3623 5153 3709 5205 dt-

2139 5256 2266 5296 cere
2297 5241 2352 5296 in
2383 5243 2500 5298 suis
2525 5244 2764 5312 scriptis,
2801 5242 3067 5313 Spiritum
3099 5256 3348 5298 sanctum
3388 5255 3442 5298 et
3475 5260 3538 5298 ex
3575 5242 3718 5298 Filio

2141 5337 2476 5402 procedere:
2506 5349 2628 5402 qua:
2660 5337 2860 5403 scripta
2899 5353 2999 5389 nos
3027 5337 3279 5392 similiter
3315 5351 3424 5390 non
3453 5337 3714 5388 vidimus.

2140 5425 2272 5481 ltem
2319 5426 2422 5491 ais,
2475 5428 2622 5496 quod
2661 5425 2902 5480 Romana
2946 5427 3187 5482 Ecclesia
3237 5430 3305 5482 de
3354 5427 3542 5481 eodem
3587 5425 3716 5494 ipso

2139 5522 2464 5575 convocavit
2487 5523 2770 5574 unittersos
2799 5521 3160 5576 Ecclesiarum
3182 5523 3454 5590 prailatos,
3480 5521 3551 5576 ad
3568 5537 3715 5576 com-

2144 5613 2530 5666 municandam
2569 5614 2726 5684 bnjns
2778 5614 3211 5682 inquisitionem,
3257 5629 3309 5668 et
3360 5615 3446 5668 his
3489 5614 3585 5685 qui
3623 5631 3719 5670 vo-

2145 5705 2364 5760 luerunt
2392 5705 2658 5761 interesse
2691 5705 2852 5761 simul
2880 5707 3206 5777 aegregatis,
3231 5717 3284 5761 et
3307 5708 3563 5762 omnibus
3595 5719 3722 5778 post

2148 5796 2562 5853 convenientem
2594 5797 2792 5854 factam
2825 5799 3258 5868 inquisitionem,
3292 5800 3358 5855 ad
3394 5801 3535 5857 idem
3585 5815 3723 5857 cou-
3755 5831 3760 5836 ’
