4086 6228
312 305 330 365 l
341 306 446 370 289

1461 305 1706 366 EPIST.
1744 305 1845 366 AD
1886 303 2390 365 BARLAAMUM.

3421 298 3554 362 1290

297 419 364 470 At
391 432 513 472 vero
537 432 658 488 quae
696 417 762 473 de
795 417 902 473 Deo
943 423 1092 480 sunt,
1122 429 1184 471 ea
1212 416 1784 484 supersubstantialia,
1817 424 1872 471 et
1897 420 1944 479 Α
1972 415 2232 482 Quamvis
2295 413 2397 469 etsi
2430 413 2484 468 in
2524 411 2780 469 omnibus
2827 409 3043 467 cntilius
3073 411 3350 468 videretur
3392 413 3565 482 major

297 525 460 578 super
486 510 916 580 intelligentiam,
947 519 1002 564 ct
1028 509 1604 578 incomprehensibilia
1644 525 1766 566 esse
1787 510 1874 564 di~

299 598 478 655 cimus
516 617 532 656 :
568 611 621 654 et
655 601 890 654 maxime
946 615 1010 654 ea
1044 614 1166 670 qua
1222 601 1287 657 de
1323 602 1468 657 trino
1519 615 1872 672 personarum

299 694 579 754 dicuntur.
636 693 840 748 credita
878 692 1096 763 quidem
1143 707 1313 749 sacrm
1369 692 1664 764 Scriptura:
1700 695 1872 750 tradi-

295 789 461 849 tione,
522 787 795 840 naturales
825 801 954 842 vcro
986 793 1202 843 nostras
1233 787 1618 858 intelliget-tias
1665 788 1873 858 fugieno

297 878 390 943 tia,
423 892 488 930 eo
517 877 662 947 quod
693 876 873 934 nullus
899 877 1146 934 videatur
1180 879 1234 934 in
1267 879 1351 934 his
1380 894 1501 950 quae
1530 896 1560 935 a
1600 880 1760 936 nobis
1791 880 1879 934 in-

295 969 632 1039 tciliguntur,
659 969 856 1024 modus
883 969 1166 1026 Trinitatis
1199 991 1213 1027 :
1247 971 1618 1028 intliﬂercnter
1640 989 1732 1044 per
1759 987 1878 1027 om-

293 1060 384 1114 nia
411 1076 470 1114 se
502 1060 709 1116 habens
738 1060 812 1114 illi
843 1077 1008 1130 super
1046 1062 1384 1118 intellectum
1415 1062 1698 1120 Trinitati.

362 1149 497 1216 Quis
519 1166 647 1222 ergo
677 1159 762 1208 est
784 1153 856 1206 ita
875 1153 1065 1208 tardus
1091 1164 1294 1221 mente,
1315 1163 1374 1209 ut
1401 1163 1571 1225 putet,
1588 1156 1873 1224 hujnsmo-

297 1242 349 1296 di
381 1259 704 1300 communes
732 1247 1007 1313 notiones,
1029 1261 1153 1316 quae
1172 1251 1603 1319 correspondent
1637 1249 1724 1306 his
1756 1265 1877 1321 quae

287 1348 319 1387 a
367 1337 525 1391 nobis
572 1335 810 1405 perfecte
856 1339 1256 1408 intelliguntur,
1289 1344 1478 1409 rebus,
1511 1361 1704 1403 omnes
1738 1349 1876 1404 sim-

290 1426 504 1496 pliciter
547 1428 712 1482 etiam
767 1428 902 1494 illis,
937 1446 1060 1499 qua:
1087 1448 1252 1504 super
1279 1445 1526 1491 nostram
1567 1437 1875 1510 intelligen-

290 1519 422 1573 tiam
453 1530 604 1586 sunt,
639 1525 980 1591 congruere?
1008 1526 1101 1580 ubi
1148 1543 1323 1596 neque
1351 1529 1496 1597 quod
1536 1540 1665 1584 sunt
1697 1530 1752 1586 in
1781 1548 1877 1587 na-

291 1611 559 1667 turalibus
590 1629 734 1678 vere,
761 1613 874 1682 jam
901 1616 1064 1670 etiam
1092 1617 1493 1675 mathematicis
1516 1622 1872 1699 conveniunt,

288 1703 372 1758 vel
394 1720 423 1758 e
456 1719 745 1772 converso,
773 1722 950 1776 neque
974 1710 1122 1778 quod
1152 1712 1522 1770 arithmeticis
1539 1715 1622 1770 vel
1651 1716 1874 1771 musicis

1977 508 2317 581 propositio,
2355 507 2535 564 adhuc
2563 516 2793 564 restaret
2839 505 3136 575 ambigere,
3193 515 3376 559 utrum
3438 503 3580 561 illa.-

1977 618 2095 656 rnm
2131 611 2216 657 est
2271 598 2728 670 propositionum,
2762 614 2884 668 quae
2930 607 2983 653 et
3035 598 3089 653 in
3140 597 3360 656 cutibus
3404 605 3456 653 et
3506 598 3558 651 in

1976 693 2418 763 superessentiali
2464 691 2728 748 vetilicari
2763 703 3014 762 possunt,
3058 697 3128 745 an
3157 707 3290 744 non.
3325 689 3432 744 Sed
3459 690 3564 744 dif-

1977 787 2079 842 l'ert
2103 787 2320 858 quidem
2358 786 2595 857 Spiritus
2627 785 3032 856 personalitera
3059 785 3218 849 Filio,
3247 799 3352 838 non
3379 794 3560 838 tamen

1976 880 2278 936 secundum
2326 881 2564 949 aliquem
2600 894 2631 933 a
2668 878 2826 933 nobis
2883 877 3227 948 cognitorum
3259 877 3311 932 in
3337 875 3560 931 cutibus
3603 902 3607 905 -

1976 974 2287 1027 modorum.
2313 973 2376 1027 Et
2406 982 2562 1028 estne
2583 987 2708 1026 vera
2741 971 2830 1025 illa
2860 968 3079 1025 Patrqu
3109 968 3561 1038 sententia,quod

1976 1067 2028 1122 in
2059 1066 2160 1121 hac
2181 1067 2292 1122 vita
2322 1065 2660 1135 impossibile
2686 1074 2769 1120 est
2793 1064 3052 1118 distincte
3079 1073 3134 1118 ct
3180 1078 3438 1133 expresse
3471 1077 3564 1118 co-

1975 1159 2164 1226 gnosci
2189 1158 2344 1223 illud,
2372 1172 2481 1228 quo
2516 1156 2753 1227 Spiritus
2783 1156 2965 1212 dillert
2996 1174 3020 1207 a
3047 1138 3185 1210 Filio
3211 1155 3234 1209 ζ’
3267 1170 3375 1210 non
3409 1153 3556 1208 enim

1977 1245 2110 1301 illud
2141 1249 2246 1302 erit
2279 1263 2449 1304 ausus
2479 1249 2678 1318 aliquis
2735 1249 2941 1312 dicere,
2997 1248 3139 1317 quod
3192 1247 3558 1302 necessarium

1975 1351 2078 1404 est,
2109 1349 2204 1396 aut
2232 1340 2359 1396 sciri
2394 1340 2710 1410 hujusmodi
2741 1341 3196 1416 diﬂ'erettliant,et
3220 1341 3286 1395 ad
3321 1341 3558 1410 aliqum)

1977 1448 2008 1487 a
2045 1434 2206 1489 nobis
2255 1443 2512 1490 notarum
2548 1436 2755 1501 reduci,
2813 1445 2908 1490 aut
2944 1451 3291 1504 nequaquam
3324 1449 3469 1490 esse.

2048 1527 2180 1582 ltem
2226 1537 2281 1584 et
2328 1529 2487 1583 talem
2536 1529 2720 1584 audivi
2757 1529 3162 1601 syllogismum,
3196 1531 3248 1583 in
3285 1543 3394 1597 quo
3436 1536 3560 1581 tan-

1978 1635 2141 1690 quam
2185 1621 2368 1677 minor
2412 1621 2714 1691 propositio
2749 1622 3159 1691 supponebatur
3196 1636 3210 1674 :
3247 1602 3384 1686 Quia
3418 1620 3560 1675 sicut

1977 1726 2035 1766 se
2065 1711 2229 1767 habet
2255 1713 2469 1782 spirare
2511 1713 2576 1768 ad
2610 1714 2927 1784 procedere,
2967 1713 3040 1768 ita
3086 1727 3146 1767 se
3183 1711 3346 1767 habet
3393 1727 3559 1781 gene-

292 1794 451 1848 rcbus
486 1797 940 1866 correspondent,
972 1799 1088 1868 jam
1151 1801 1317 1857 etiam
1365 1806 1725 1875 geometricas
1785 1809 1868 1862 vel
1907 1808 1945 1860 ιι
1980 1820 2101 1860 rare
2125 1807 2190 1861 ad
2210 1807 2481 1877 generari.
2501 1807 2787 1878 Tanquam
2819 1803 2944 1862 vero
2961 1807 3134 1876 major
3151 1805 3556 1870 assumebatur,

288 1889 656 1956 perspectivas
685 1891 982 1958 attingunt.
1005 1890 1174 1948 Multo
1203 1909 1335 1965 ergo
1364 1895 1544 1953 minus
1570 1901 1870 1968 putandum

285 1988 372 2034 est
399 1981 953 2048 supersubstantialia
982 1985 1188 2040 eisdem
1222 1989 1644 2046 necessitatibus
1668 1993 1872 2050 servire

288 2087 412 2126 cum
462 2073 715 2144 his,qute
758 2075 864 2133 sub
919 2076 1277 2150 intelligentia
1336 2093 1518 2138 nostra
1566 2094 1712 2140 sunt.
1754 2085 1870 2142 Non

286 2176 420 2232 ergo
462 2165 833 2220 necessarium
861 2177 968 2234 est,
1008 2183 1171 2224 omne
1197 2170 1343 2241 quod
1367 2173 1699 2242 praedicatur
1724 2176 1871 2231 allir-

289 2257 491 2312 mative
513 2257 598 2312 vel
617 2260 864 2328 negativc
888 2259 955 2316 de
975 2261 1066 2316 illa
1091 2278 1170 2328 re,
1193 2279 1318 2335 quae
1349 2274 1536 2322 nostra
1555 2266 1870 2340 intelligen-

291 2351 365 2404 tia
387 2354 889 2420 comprehenditur,
910 2355 1012 2412 hoc
1033 2356 1199 2412 etiam
1224 2359 1294 2414 de
1323 2359 1414 2414 illa
1437 2375 1518 2425 re,
1543 2378 1664 2429 quae
1687 2373 1871 2421 trans-

290 2445 474 2499 cendit
513 2455 758 2501 nostram
795 2446 1235 2519 intelligentiam.
1265 2451 1520 2508 similiter
1561 2456 1867 2523 praedicari.

360 2537 500 2609 Ergo
534 2549 629 2594 aut
656 2539 802 2594 nulla
825 2540 1141 2612 hujusmodi
1171 2545 1547 2601 communium
1584 2547 1868 2603 notionum

290 2646 464 2699 usque
497 2631 562 2685 ad
595 2631 739 2686 illam
767 2633 1348 2707 supersubstantialem
1377 2647 1431 2693 et
1451 2637 1872 2711 incomprehen-

289 2724 506 2780 sibilem
536 2727 826 2780 essentiam
859 2730 1104 2797 pervenit
1136 2747 1151 2783 :
1181 2740 1275 2785 aut
1303 2730 1496 2802 aliquae
1543 2733 1643 2798 ita,
1684 2746 1736 2788 ct
1765 2735 1866 2790 ali-

289 2831 412 2886 qua:
446 2831 576 2870 non.
602 2815 706 2870 Sed
741 2827 794 2873 et
828 2817 930 2871 hoc
958 2817 1174 2874 sutlicit.
1196 2819 1339 2890 Ergo
1369 2830 1422 2877 et
1451 2823 1554 2877 hoc
1576 2837 1863 2890 concesso,

288 2907 542 2977 quoniam
577 2909 758 2978 aliqua
809 2909 1139 2966 discretione
1168 2914 1477 2969 necessaria
1530 2929 1639 2970 non
1690 2915 1868 2971 habeo

289 3001 634 3070 cor15picerc,
673 3016 796 3071 qure
827 3017 1016 3058 earum
1061 3003 1260 3073 quteiu
1287 3005 1507 3060 entibus
1545 3019 1684 3062 vera:
1737 3018 1867 3062 sunt

287 3093 564 3158 notiones,
597 3103 652 3148 et
696 3094 762 3149 ad
814 3094 1157 3166 superﬁciale
1189 3105 1243 3151 et
1283 3096 1862 3168 superintelligentiam

287 3185 679 3241 transferenda:
703 3196 854 3253 sunt,
875 3196 927 3242 et
943 3203 1064 3258 qua:
1093 3203 1201 3243 non
1226 3206 1240 3255 ς
1283 3204 1407 3244 cum
1421 3191 1584 3245 audio
1601 3189 1774 3246 Latini
1798 3206 1863 3247 es

289 3279 602 3349 hujusmodi
641 3279 1131 3350 propositionibus,
1179 3281 1246 3337 de
1267 3281 1545 3352 proposita
1565 3285 1864 3352 quaestione

283 3373 926 3444 syllogismmn;ctiamsi
952 3373 1064 3429 sint
1100 3375 1152 3428 in
1186 3375 1441 3430 omnibus
1479 3377 1697 3431 entibus
1739 3393 1867 3446 pro-

285 3465 589 3533 positiones
629 3480 794 3532 νει-κ,
824 3475 1062 3521 attamen
1093 3467 1359 3538 nequiens
1385 3467 1520 3524 satis
1552 3469 1864 3523 discernere

283 3557 443 3629 cujus
463 3557 680 3628 generis
705 3568 862 3614 sunt:
891 3569 1072 3614 utrum
1097 3560 1242 3616 illius
1265 3560 1408 3630 quod
1430 3576 1496 3615 ex
1539 3560 1758 3616 cutibus
1794 3559 1862 3615 ad

285 3651 740 3721 superessentiale
766 3654 1131 3709 conscendere
1153 3654 1434 3720 valeat,an
1462 3668 1569 3706 non
1591 3669 1608 3718 ;
1647 3653 1864 3724 penitus

287 3743 530 3812 ambigo,
563 3751 619 3796 et
646 3742 835 3798 dubito
870 3744 1210 3800 conclusioni
1258 3745 1571 3816 bnjusmodi
1616 3746 1865 3816 syllogis—

283 3835 359 3890 mi
389 3839 664 3893 assentiri.
711 3838 1051 3894 Generalitcr
1097 3839 1315 3908 quidem
1374 3838 1448 3892 ita
1480 3853 1511 3894 a
1551 3854 1636 3893 me
1671 3847 1861 3894 osten-

284 3946 407 3986 sum
455 3933 548 3998 sit,
596 3932 667 3986 ob
704 3948 868 4002 quam
903 3947 1127 3988 causam
1165 3948 1260 4003 per
1292 3947 1484 3988 eorum
1519 3933 1677 3988 verba
1724 3947 1864 3987 non-

282 4023 414 4079 dum
477 4024 606 4079 mihi
666 4039 986 4092 persuasum
1043 4025 1124 4082 cis
1174 4025 1422 4080 credere.
1487 4024 1606 4080 Non
1634 4025 1739 4082 erit
1772 4041 1862 4096 pe-

279 4115 372 4184 jus
401 4115 539 4171 forte
571 4125 627 4170 et
652 4117 865 4187 aliquos
898 4117 1259 4189 particulares
1296 4119 1645 4191 syllogismos
1667 4134 1859 4176 eorum

283 4223 742 4266 commemorare.

352 4298 550 4354 Audivi
593 4299 889 4371 aliquando
939 4303 1206 4371 quosdam
1245 4301 1470 4359 Latinos
1513 4303 1588 4359 ita
1635 4305 1857 4376 syllogi-

284 4399 490 4446 zantes.
526 4389 908 4463 Supponentes
937 4395 1080 4448 enim
1123 4404 1383 4465 tanquam
1418 4395 1682 4450 minorem
1728 4411 1857 4464 pru-

1975 1896 2116 1965 Quia
2158 1901 2486 1968 generaliter
2517 1902 2572 1956 in
2618 1901 2874 1958 omnibus
2905 1902 3141 1963 entihus.
3177 1901 3223 1956 si
3257 1901 3327 1955 sit
3361 1909 3418 1954 ut
3448 1901 3558 1970 pri-

1976 2008 2124 2047 mum
2163 1993 2230 2047 ad
2286 1995 2612 2060 secundum,
2655 1994 2727 2050 ita
2772 1997 2993 2049 tertium
3045 1995 3112 2049 ad
3164 2004 3419 2064 quartum
3455 2009 3470 2048 :
3505 2001 3560 2048 ct

1976 2086 2323 2152 permutatim
2345 2086 2596 2157 sumptis,
2611 2097 2696 2142 est
2711 2088 2851 2142 sicut
2875 2087 3109 2158 primum
3127 2085 3192 2141 ad
3219 2086 3459 2152 tertium,
3479 2101 3559 2140 se-

1974 2177 2210 2232 cundum
2237 2179 2302 2233 ad
2327 2189 2607 2248 quartum.
2638 2180 2699 2234 Et
2729 2197 2791 2236 ex
2821 2182 2906 2236 his
2939 2179 3554 2250 concludebatur,qnod

1973 2268 2117 2324 sicut
2147 2284 2206 2324 se
2227 2269 2389 2324 habet
2428 2270 2640 2340 spirare
2671 2272 2736 2324 ad
2767 2284 3048 2342 generare,
3083 2270 3152 2322 ita
3183 2285 3240 2324 se
3269 2268 3430 2322 debet
3459 2269 3556 2320 lia-

1974 2359 2103 2417 bere
2122 2369 2176 2416 et
2205 2363 2499 2430 procedere
2528 2364 2595 2417 ad
2624 2364 2897 2432 generari.
2927 2363 3132 2432 litquia
3157 2359 3412 2416 dicebant
3441 2357 3525 2427 spi

1973 2465 2095 2504 rare
2120 2461 2174 2506 et
2197 2467 2461 2520 generare
2489 2455 2876 2510 concurrentia
2899 2452 3062 2507 simul
3085 2453 3136 2508 in
3165 2467 3272 2506 una
3300 2466 3552 2520 persona,

1974 2542 2182 2604 scilicet
2203 2544 2385 2611 Patre,
2425 2562 2536 2602 non
2561 2546 2766 2603 faciunt
2792 2545 3150 2601 differentiam
3187 2545 3553 2613 personalem.

1973 2635 2092 2691 Non
2140 2654 2272 2709 ergo
2296 2639 2592 2710 procedere
2634 2651 2685 2694 et
2716 2639 3106 2710 generarijipsa
3159 2653 3255 2708 per
3299 2651 3360 2692 se
3392 2637 3550 2691 ὡσε-

1973 2739 2154 2784 rentes
2179 2729 2412 2786 eilicicnt
2447 2745 2731 2800 personas.
2766 2732 2830 2786 Et
2867 2734 2940 2786 ita
2967 2731 3128 2785 aliam
3160 2729 3393 2801 aliquam
3428 2744 3553 2798 per-

1972 2820 2213 2875 sonalem
2236 2822 2600 2878 dill'erentiatn
2633 2823 2872 2892 Spiritus
2913 2823 2977 2878 ad
3010 2822 3207 2877 Filium
3244 2827 3551 2890 qurercntes

1971 2920 2248 2979 postremo
2289 2914 2579 2969 veniebant
2605 2913 2675 2968 ad
2708 2913 3168 2977 concludendum,
3210 2919 3264 2965 et
3304 2925 3370 2965 ex
3412 2907 3550 2961 Filio

1967 3016 2101 3071 ergo
2129 3002 2396 3074 Spiritum
2437 3005 2754 3075 procedere.
2784 3004 2867 3059 Me
2899 3020 3076 3076 neque
3125 3004 3225 3058 hos
3254 3001 3408 3072 sequi
3452 3015 3550 3053 va-

1972 3093 2117 3148 lente
2140 3135 2155 3160 ,
2198 3094 2520 3165 perquirens
2548 3095 2696 3151 enim
2731 3096 2785 3150 in
2830 3109 2916 3148 me
2943 3094 3063 3162 ipso
3095 3093 3238 3146 entia
3262 3130 3278 3156 ,
3307 3089 3549 3145 invenico

1969 3184 2092 3239 bam
2121 3185 2173 3238 in
2209 3186 2393 3242 multis
2418 3188 2680 3257 majorem
2707 3183 3378 3256 propositionem‘l‘alsam,
3406 3183 3548 3235 mul—

1970 3279 2038 3332 tis
2064 3277 2196 3331 visis
2221 3319 2236 3340 ,
2285 3289 2340 3334 ct
2387 3279 2441 3340 in
2477 3277 2805 3336 substantiis
2863 3287 2916 3334 ct
2949 3280 3002 3332 in
3036 3275 3458 3348 quantitatibus,
3489 3280 3549 3328 et

1967 3368 2022 3422 in
2062 3370 2324 3424 relativis.
2361 3371 2467 3426 Sed
2499 3373 2734 3441 primam
2783 3370 3107 3441 positionem
3150 3370 3310 3440 primi
3357 3367 3426 3422 ad
3457 3382 3551 3422 se-

1966 3459 2230 3526 cundum,
2264 3463 2564 3517 secundum
2604 3479 2736 3517 vero
2773 3463 2933 3532 primi
2983 3463 3047 3516 ad
3098 3463 3341 3527 tertium,
3373 3469 3427 3516 et
3461 3476 3550 3515 se-
3586 3495 3590 3498 -

1966 3550 2130 3605 eundi
2162 3551 2228 3606 ad
2259 3560 2539 3622 quartum,
2584 3570 2692 3608 non
2741 3554 3090 3610 servantibus
3121 3554 3548 3624 proportionali-

1968 3653 2134 3698 tatem
2169 3663 2181 3696 :
2211 3644 2495 3716 quamvis,
2524 3656 2581 3700 ut
2606 3647 2766 3716 paulo
2819 3655 2946 3700 ante
2972 3645 3108 3722 dixi,
3138 3647 3238 3702 etsi
3279 3647 3334 3701 in
3366 3648 3546 3701 omni-

1966 3736 2067 3790 bus
2095 3751 2215 3806 quze
2245 3736 2385 3791 inl’ra
2415 3748 2651 3793 mentem
2681 3747 2924 3792 nostram
2953 3748 3102 3804 sunt,
3132 3738 3412 3794 videretur
3451 3740 3551 3792 ltu-

1959 3826 2202 3898 jnsmodi
2229 3843 2351 3884 esse
2377 3845 2564 3885 verum
2602 3846 2615 3882 :
2651 3830 2919 3886 incertum
2955 3830 3135 3887 adhuc
3164 3841 3334 3895 esset,
3362 3843 3546 3887 utrum

1964 3920 2090 3977 etin
2123 3922 2211 3976 illa
2243 3937 2322 3988 re,
2342 3938 2462 3994 quae
2481 3939 2697 3978 omnem
2722 3934 2956 3980 mentem
2978 3925 3215 3987 excellit.
3241 3940 3427 3979 verum
3453 3928 3548 3986 sit.

2035 4015 2166 4073 ltem
2197 4027 2251 4072 et
2279 4018 2356 4074 sic
2385 4019 2606 4088 quidam
2640 4028 3094 4088 argumentantur
3130 4037 3144 4074 :
3181 4020 3377 4075 Omnia
3419 4029 3548 4076 sunt

1963 4109 2274 4165 communia
2323 4110 2502 4167 Patris
2542 4119 2598 4166 et
2645 4111 2788 4175 Filii.
2839 4121 3033 4179 prazter
3064 4113 3177 4178 illa,
3211 4114 3412 4183 quibus
3447 4117 3545 4169 ad—

1965 4210 2216 4257 versatur
2247 4217 2434 4257 eorum
2487 4204 2629 4258 inter
2661 4219 2721 4259 se
2770 4204 2986 4260 relatio.
3027 4207 3098 4260 At
3148 4221 3281 4260 vero
3333 4210 3548 4276 spiran.

1964 4305 2071 4348 tem
2093 4296 2389 4364 potentiam
2415 4313 2522 4352 non
2548 4297 2874 4352 adversatur
2901 4295 3083 4352 Patris
3113 4299 3179 4352 ad
3210 4297 3430 4362 Filium,
3463 4299 3546 4354 vcl

1964 4386 2086 4441 Filii
2123 4387 2190 4441 ad
2222 4387 2435 4442 Patrem
2473 4389 2696 4456 relatio;
2727 4390 2984 4459 spirativa
3021 4406 3151 4462 ergo
3180 4394 3420 4462 petentia
3446 4394 3548 4448 Pa-

285 4480 633 4550 positionem,
685 4484 829 4553 quod
870 4481 1108 4552 Spiritus
1147 4497 1371 4540 sanctus
1419 4476 1638 4539 realiter
1679 4485 1858 4539 ditl‘ert
1889 4501 1938 4561 ι)
1967 4481 2063 4536 tris
2097 4490 2146 4536 et
2178 4479 2320 4537 Filii.
2350 4483 2460 4552 Ego
2485 4496 2615 4536 vero
2648 4497 2824 4552 neque
2853 4483 2983 4540 huic
3012 4484 3329 4556 syllogismo
3355 4504 3544 4542 assen-

283 4588 312 4626 a
342 4573 497 4638 Filio,
525 4584 577 4630 et
602 4575 861 4632 addentes
889 4587 1146 4646 tanquam
1173 4578 1458 4648 majorem,
1486 4578 1630 4649 quad
1673 4577 1858 4632 omnia

283 4685 405 4738 quae
441 4669 561 4723 sine
590 4669 817 4723 materia
861 4671 931 4725 ab
981 4669 1213 4725 invicem
1265 4671 1543 4736 diﬂ'erunt,
1595 4681 1690 4725 aut
1718 4671 1862 4727 sicut

285 4759 558 4813 contraria
589 4759 868 4824 dill‘erunt,
905 4768 999 4814 aut
1043 4762 1184 4816 sicut
1232 4763 1450 4818 habitus
1495 4774 1549 4818 et
1604 4764 1858 4832 privatio,

283 4859 378 4904 aut
419 4849 562 4904 sicut
611 4850 896 4905 aﬂirmatio
927 4861 980 4906 et
1014 4855 1251 4924 negatio,
1299 4863 1390 4908 aut
1422 4857 1562 4910 sicut
1589 4857 1810 4911 relativa
1846 4875 1862 4926 ;

286 4942 482 4996 deinde
528 4944 896 5007 ostendentes,
943 4946 1086 5014 quod
1123 4948 1314 4999 horum
1349 4956 1458 5002 tres
1489 4949 1860 5017 prtecedentcs

287 5032 434 5088 modi
461 5033 566 5088 illis
596 5034 794 5090 divinis
821 5036 1072 5106 personis
1097 5036 1319 5091 minime
1339 5053 1638 5108 congruere
1659 5040 1858 5106 vulcttt;

286 5125 688 5182 concludebant
715 5143 866 5198 ergo,
891 5128 1035 5198 quod
1059 5129 1361 5185 secundum
1391 5129 1617 5185 relativa
1647 5141 1856 5187 tantum

287 5219 523 5292 Spiritus
563 5232 788 5277 sanctus
819 5230 999 5292 potest
1036 5221 1297 5293 distingui
1329 5239 1358 5276 a
1391 5223 1548 5288 Filio,
1585 5232 1639 5277 et
1663 5225 1733 5278 ita
1766 5240 1858 5293 per

277 5314 528 5369 Ordinem
568 5316 944 5382 procedentes,
979 5316 1266 5371 veniebant
1294 5316 1362 5370 ad
1396 5317 1611 5370 linalem
1638 5319 1859 5373 conclu-

283 5411 516 5465 sionem.
557 5408 662 5464 Sed
706 5426 790 5465 mc
817 5411 1042 5466 minime
1076 5426 1172 5481 per
1215 5412 1318 5466 hoc
1365 5423 1669 5468 moverunt.
1720 5411 1860 5467 Ven-

286 5514 401 5557 tum
432 5504 574 5558 enim
610 5505 674 5558 ad
716 5505 936 5575 angelos
982 5515 1034 5558 ct
1080 5506 1315 5568 animas,
1356 5515 1406 5562 et
1446 5510 1859 5565 mathematicos

283 5609 545 5650 numeros
579 5606 632 5652 et
661 5597 856 5652 horum
889 5597 1125 5652 maxime
1157 5599 1525 5666 superliciales
1547 5611 1600 5654 et
1631 5603 1857 5670 solidos,

285 5691 456 5746 multa
499 5694 602 5746 vidi
633 5705 687 5748 et
719 5692 839 5746 sine
871 5693 1094 5746 materia
1129 5708 1262 5763 pure
1293 5693 1588 5760 intellecta,
1623 5705 1671 5749 et
1710 5697 1858 5750 nullo

285 5786 665 5852 prtrdictorum
687 5794 923 5855 quatuor
947 5787 1230 5840 modorum
1246 5785 1315 5840 ab
1338 5785 1571 5840 invicem
1599 5787 1853 5844 discreta.

621 5896 874 5940 annue.
903 5881 1018 5940 ϐιι.
1051 5880 1198 5940 CLI.

1965 4574 2101 4640 tior,
2163 4587 2383 4645 propter
2446 4572 2589 4644 quod
2640 4575 2829 4646 utique
2881 4577 3041 4630 habet
3096 4578 3326 4647 vitium;
3396 4583 3543 4651 quod

1961 4669 2104 4725 enim
2132 4671 2418 4739 quaeritur,
2460 4668 2697 4722 sumitur
2727 4676 2787 4722 ut
2821 4667 3165 4723 manifestum
3193 4688 3209 4734 ;
3251 4672 3302 4724 in
3340 4673 3544 4741 majore

1961 4763 2104 4817 cnim
2142 4761 2512 4832 propositione
2561 4776 2656 4830 pcr
2697 4762 3008 4816 communia
3045 4772 3095 4816 et
3128 4763 3234 4818 alia
3275 4767 3433 4820 verba
3463 4768 3544 4820 la-

1963 4865 2138 4911 tenter
2167 4859 2297 4926 pctit
2331 4855 2682 4925 principium.

2030 4950 2224 5006 Nullus
2256 4951 2401 5005 cnim
2432 4967 2617 5006 eorum
2651 4951 2742 5022 qui
2771 4951 2837 5008 dc
2861 4952 3212 5008 conclusione
3237 4953 3539 5026 ambigunt,

1963 5043 2224 5114 majorem
2272 5045 2536 5099 concedet
2579 5044 3033 5116 propositionem.
3071 5045 3208 5101 Cum
3259 5047 3404 5100 enim
3447 5049 3538 5101 illa

1961 5148 2215 5203 persona,
2269 5151 2388 5204 qua:
2420 5133 2494 5189 ita
2532 5143 2614 5191 est
2647 5145 2705 5190 ut
2734 5151 2764 5191 a
2815 5135 2964 5192 nullo
3009 5138 3100 5204 sil,
3132 5139 3414 5208 aequaliter
3443 5141 3536 5194 ha.

1962 5227 2086 5282 beat
2115 5238 2169 5282 et
2214 5244 2478 5298 generare
2512 5240 2564 5283 et
2612 5230 2823 5300 spirare
2863 5249 2876 5284 :
2915 5233 3200 5300 qu:eritur.
3253 5244 3440 5289 utrum
3472 5252 3538 5288 ex

1961 5332 2192 5392 utraque
2226 5324 2340 5376 haec
2380 5325 2599 5393 propria
2643 5334 2774 5378 sunt
2799 5325 2919 5394 ejus
2958 5327 3280 5398 simpliciter
3311 5348 3325 5382 :
3361 5345 3536 5397 neque

1961 5411 2118 5477 Filio,
2156 5429 2330 5484 neque
2381 5414 2588 5484 Spiritu
2626 5431 2686 5470 ea
2721 5417 3069 5473 habentibus.
3125 5421 3206 5473 An
3258 5423 3327 5474 ad
3367 5419 3539 5488 Spiri-

1963 5519 2074 5560 tum
2109 5507 2327 5578 quidem
2357 5510 2576 5578 propria
2611 5518 2736 5563 sunt
2769 5511 2913 5576 ejus,
2946 5512 3009 5565 ad
3049 5511 3247 5566 Filium
3280 5528 3409 5567 vero
3433 5530 3537 5566 non

1962 5600 2146 5662 ambo.
2177 5599 2272 5654 scd
2307 5601 2482 5654 solum
2518 5614 2801 5670 generare,
2849 5602 3057 5673 spirare
3089 5618 3217 5660 vero
3248 5618 3540 5659 commune

1961 5695 2121 5748 habet
2159 5709 2282 5748 cum
2319 5710 2405 5749 eo.

2030 5788 2142 5844 lloe
2178 5789 2383 5858 itaque,
2432 5803 2554 5845 cum
2597 5796 2895 5861 queratur,
2934 5806 3149 5845 sumere
3198 5789 3542 5862 simpliciter,

3142 5888 3214 5947 [tl
