4086 6228
546 314 675 380 lilii

1814 290 2187 354 DEMETRII
2218 286 2526 350 CYDONII

3667 284 3807 351 1292

538 428 679 496 quod
724 427 885 480 Pater
921 431 1182 491 generare
1227 412 1449 487 quidem
1474 410 1664 469 .habet
1699 410 1869 472 solus,
1904 406 2141 477 spirare.
2152 412 2192 465 Α
2223 400 2400 454 adhuc
2438 414 2529 475 per
2561 394 2813 467 generale
2858 395 3177 461 concilium,
3224 394 3370 471 quod
3404 394 3601 457 sciam,
3632 397 3809 451 rguiﬁ-

537 535 665 577 vero
693 532 818 573 cum
852 511 993 568 Filio
1033 529 1045 564 :
1084 508 1209 580 quid
1234 507 1382 561 aliud
1424 515 1508 561 est
1539 520 1703 573 quam
1738 502 1934 573 petitio
1964 498 2119 569 prin-

538 608 959 683 cipiimtiamsi
1014 622 1123 662 non
1182 614 1369 674 aperte
1417 609 1583 671 ponat
1634 598 1727 669 qui
1783 596 1970 661 sumit,
2025 593 2119 649 sed

532 724 639 779 per
696 701 1080 760 rommuniora
1124 698 1286 765 verba
1310 695 1559 751 eumdem
1583 694 1819 749 oceultet
1842 705 2063 748 sensum
2094 688 2119 743 ἲ

608 801 878 856 Caeterum
914 794 1045 866 quid
1094 792 1352 864 prohibet
1395 796 1801 859 supponeutem
1842 784 2119 847 similiter,

536 889 683 967 quod
713 891 898 947 omnia
932 889 1042 943 sint
1071 884 1382 941 communia
1431 880 1716 949 spiratoris
1752 886 1805 932 et
1853 876 2118 947 Spiritus,

534 994 733 1061 praeter.
764 983 874 1045 illa,
910 976 1461 1049 quibusadvcrsatur
1489 988 1682 1027 eorum
1719 973 1859 1024 inter
1884 985 1943 1024 se
1979 969 2119 1023 rela-

540 1060 657 1149 tio;
690 1094 786 1153 per
824 1075 1023 1132 similia
1056 1071 1228 1127 media
1262 1066 1589 1123 concludere
1620 1080 1633 1117 :
1674 1063 1817 1133 quod
1853 1072 1906 1116 et
1948 1060 2121 1131 Spiri-

542 1185 631 1231 tus
672 1152 895 1229 sanctus
928 1167 1141 1241 genitor
1166 1164 1292 1219 est?
1320 1163 1462 1232 Ergo
1493 1156 1635 1215 sicut
1685 1159 1808 1221 hoc,
1849 1156 1920 1210 ita
1956 1152 2121 1209 etiam

534 1268 675 1321 illud
707 1262 1107 1336 paralogismus
1139 1267 1243 1311 cst.

613 1359 744 1412 Item
781 1356 917 1411 alias
948 1367 1072 1407 rum
1112 1346 1448 1403 audivissem
1480 1350 1788 1399 sumentcm
1827 1338 2123 1409 quemdam

540 1464 607 1507 *ut
647 1448 1024 1507 manifestum,
1074 1443 1239 1497 Deum
1275 1439 1490 1493 Patrem
1525 1435 1832 1505 intelligere
1876 1441 1930 1487 et
1964 1431 2126 1494 velle,

546 1554 599 1599 et
627 1560 691 1600 ex
718 1537 1073 1609 intelligendo
1102 1535 1493 1606 producentem
1521 1527 1719 1583 Filium
1749 1543 1763 1593 ;
1793 1527 1861 1581 de
1896 1524 2128 1578 volendo

543 1650 726 1694 autem
758 1632 1045 1705 Spiritum,
1078 1639 1131 1681 et
1161 1642 1258 1697 per
1291 1622 1540 1694 quaedam
1584 1619 1758 1674 media
1817 1611 1946 1683 alia,
1978 1631 2127 1686 qua:-

552 1732 792 1789 Stionem
827 1723 1242 1782 concludentem
1268 1735 1283 1771 :
1309 1717 1463 1771 initio
1485 1714 1703 1785 quidem
1732 1726 1869 1784 pene
1898 1708 2125 1772 credidi,

548 1838 812 1895 tanquam
846 1823 982 1876 bene
1026 1826 1167 1871 esset
1200 1814 1408 1868 dictum
1438 1828 1454 1865 :
1485 1808 1649 1881 paulo
1695 1820 1825 1861 vero
1858 1810 1981 1874 post
2011 1801 2130 1855 ani-

553 1920 927 1978 madv'ertcns,
953 1913 1107 1983 quia,
1140 1904 1419 1979 quomodo
1449 1901 1705 1972 intelligit
1724 1909 1778 1955 et
1806 1898 1923 1953 vult
1948 1896 2131 1963 Pater,

553 2013 745 2068 eodem
790 2006 1163 2062 indillerenter
1190 2012 1244 2058 et
1276 2002 1470 2065 Filius,
1507 2010 1562 2055 et
1599 1996 1840 2069 Spiritus
1886 2000 2132 2056 sanctus,

553 2115 607 2162 et
632 2112 745 2159 tota
770 2100 1013 2156 Trinitas
1047 2096 1301 2165 intelligit
1322 2106 1375 2149 et
1407 2092 1546 2158 vult,
1581 2100 1635 2146 et
1665 2088 1840 2144 nihilo
1866 2086 2042 2156 magis
2066 2098 2133 2138 ex

554 2200 636 2256 eis
669 2199 828 2252 aliter
869 2194 1065 2256 Filius,
1096 2191 1181 2247 vel
1219 2189 1375 2245 aliter
1423 2185 1662 2257 Spiritus
1694 2191 1914 2239 emanat
1946 2200 1960 2237 :
2000 2179 2134 2234 nihil

553 2290 942 2349 necessarium
977 2285 1128 2341 illum
1154 2284 1357 2339 dixisse
1387 2280 1594 2351 putavi,
1630 2278 1720 2332 sed
1757 2276 1937 2345 potius
1967 2272 2136 2330 multa

555 2378 999 2438 inconvenientia
1068 2373 1317 2447 perspexi
1383 2378 1450 2427 de
1518 2367 1831 2439 huiusmodi
1881 2376 2137 2419 sermone

560 2474 809 2533 orientia.

630 2568 825 2623 Causae
852 2563 1097 2634 quidem,
1129 2575 1224 2631 per
1263 2572 1403 2629 quas
1441 2570 1551 2611 non
1596 2551 1731 2609 mihi
1778 2549 1997 2606 videtur
2045 2560 2140 2601 ne-

556 2661 865 2718 cessarium
905 2671 1050 2719 esse,
1103 2670 1201 2727 per
1232 2652 1397 2708 verba
1445 2661 1639 2704 eorum
1675 2644 1807 2703 sciri
1855 2643 1937 2699 vel
1986 2642 2133 2697 credi

564 2756 828 2830 Spiritum
867 2752 1068 2808 factum
1092 2762 1146 2805 et
1172 2763 1239 2803 ex
1276 2744 1413 2801 Filio
1440 2741 1760 2815 procedere,
1793 2740 1877 2794 hac.
1905 2744 2058 2795 sunt.

632 2849 770 2906 Volo
802 2858 981 2903 autem
1014 2842 1109 2900 tibi
1140 2840 1448 2901 ostendere,
1483 2845 1538 2892 et
1566 2834 1801 2905 qualiter
1832 2846 1920 2889 me
1954 2830 2140 2885 habeo

554 2960 689 3016 erga
717 2943 863 2999 dicta
903 2941 1216 2996 sanctorum
1250 2944 1560 2989 nostrorum
1587 2928 1829 2991 Patrum,
1863 2926 1955 2997 qui
1984 2924 2037 2980 id
2064 2925 2143 2994 ip-

559 3056 687 3097 sum
723 3040 866 3109 quod
896 3035 1052 3091 aiunt
1081 3032 1257 3088 Latini
1289 3034 1343 3087 in
1372 3030 1487 3086 suis
1534 3026 1756 3095 scriptis
1784 3022 1995 3078 dicunt.
2026 3020 2140 3093 Ego

2224 503 2411 553 catum
2445 501 2547 546 est.
2586 488 2728 561 Ergo
2757 488 2972 557 etiamsi
3008 506 3037 544 a
3083 489 3272 545 multis
3313 489 3519 545 sanctis
3549 488 3600 543 id
3630 490 3806 558 ipsum

2224 587 2445 657 dicitur,
2479 585 2622 640 nolle
2653 581 2930 659 assentiri,
2968 584 3175 642 nullum
3212 582 3517 653 periculum
3561 580 3697 635 mihi
3726 582 3809 635 vi-

2224 686 2379 741 detur
2409 699 2551 741 esse.
2602 682 2790 738 Restat
2839 696 2970 750 ergo
3017 680 3373 738 considerare
3422 678 3805 750 auctoritatem

2224 778 2487 834 Romanae
2532 773 2813 838 Ecclesiae,
2858 789 2929 830 ne
2970 773 3341 829 necessarium
3393 771 3488 837 sit,
3544 771 3805 838 quoniam

2227 880 2399 926 mater
2426 878 2531 933 est,
2564 876 2617 921 et
2647 866 2818 935 prima
2865 862 3121 919 omnium
3158 862 3548 925 Ecclesiarum,
3582 862 3809 915 credere

2225 963 2572 1033 simpliciter,
2624 960 2991 1030 quodcunque
3028 958 3141 1028 ipsa
3186 971 3402 1026 semper
3431 958 3498 1011 de
3544 955 3655 1009 Deo
3680 955 3811 1024 dog-

2226 1059 2474 1112 matizat.

2300 1152 2405 1206 Sed
2439 1151 2505 1205 ad
2541 1150 2644 1203 hoc
2676 1147 2862 1202 evenit
2898 1146 3030 1200 mihi
3063 1159 3257 1200 rursus
3280 1142 3551 1203 haesitare,
3582 1156 3651 1195 ne
3676 1140 3815 1195 forte

2230 1245 2283 1300 in
2314 1244 2668 1313 dogmatibus
2727 1240 2878 1307 fidei,
2910 1238 3111 1310 quibus
3145 1236 3320 1293 ﬁdelis
3373 1236 3441 1288 ab
3483 1234 3688 1289 inﬁdeli
3725 1233 3810 1286 di-

2231 1338 2548 1408 stinguitur,
2607 1351 2714 1390 non
2751 1335 2953 1389 idonea
2996 1333 3070 1387 sit
3115 1331 3260 1387 illius
3288 1329 3541 1385 Ecclesiae
3573 1328 3816 1383 auctori-

2231 1443 2318 1488 tas
2349 1474 2365 1499 ,
2400 1430 2495 1487 sed
2542 1427 2875 1500 requirenda
2928 1426 3090 1481 etiam
3149 1423 3475 1479 universalis
3528 1421 3810 1477 Ecclesiae.

2232 1528 2345 1583 Hoc
2373 1535 2552 1579 autem
2582 1524 2770 1578 dubito
2802 1536 2864 1577 ex
2896 1520 3110 1579 multis.

2303 1620 2571 1681 Primum,
2630 1620 2775 1686 quod
2808 1616 2861 1669 in
2902 1612 3167 1682 Symbolo
3221 1610 3343 1665 lidei
3394 1625 3503 1666 non
3577 1608 3815 1664 dicimus

2234 1710 2461 1767 credere
2483 1710 2537 1764 in
2558 1707 2858 1763 Romanam
2888 1704 3211 1765 Ecclesiam,
3239 1704 3335 1759 sed
3368 1703 3424 1757 in
3459 1701 3813 1758 catholicam.

2236 1806 2561 1871 Quanquam
2614 1799 2741 1868 quid
2788 1797 3075 1871 prohibeat
3107 1796 3269 1852 etiam
3320 1794 3451 1849 illud
3477 1810 3577 1850 nos
3608 1792 3815 1857 dicere,

2239 1896 2282 1950 si
2312 1893 2447 1950 satis
2474 1892 2659 1948 esset?

2308 1986 2514 2043 Deinde
2545 1985 2673 2039 olim
2692 1983 2743 2039 in
2772 1982 3004 2039 diversis
3030 1981 3181 2037 orbis
3206 1980 3472 2049 partibus,
3510 1994 3635 2037 cum
3671 1979 3819 2035 mul-

2237 2092 2305 2137 tae
2330 2090 2465 2135 ortae
2492 2078 2723 2133 fuissent
2758 2078 2997 2133 haereses
3023 2085 3079 2130 et
3102 2073 3455 2145 quaestiones.
3487 2084 3541 2128 et
3567 2073 3632 2128 de
3657 2070 3817 2137 Filio,

2236 2187 2289 2234 et
2327 2176 2394 2231 de
2419 2174 2623 2246 Spiritu
2647 2181 2859 2236 sancto,
2888 2182 2945 2227 et
2980 2172 3049 2226 de
3083 2169 3478 2231 incarnatione,
3517 2185 3625 2223 non
3679 2168 3821 2222 refe-

2238 2268 2497 2325 rebantur
2535 2266 2766 2337 quaesita
2820 2265 2888 2322 ad
2918 2261 3221 2319 Romanam
3285 2260 3586 2316 Eccl-siam
3607 2302 3620 2323 ,
3654 2269 3714 2314 ut
3743 2259 3818 2314 ibi

2237 2360 2548 2417 examinata
2596 2368 2651 2412 et
2676 2356 3038 2414 determinata
3078 2354 3337 2410 omnibus
3380 2356 3691 2415 tradantur,
3721 2368 3818 2406 ne-

2238 2470 2345 2524 que
2399 2453 2490 2509 alii
2524 2452 2589 2507 ad
2620 2452 2724 2506 hoc
2783 2451 2963 2507 solum
3010 2449 3399 2520 respiciebant,
3426 2447 3693 2519 quidnam
3718 2447 3808 2501 illa

2241 2548 2480 2605 Ecclesia
2512 2547 2580 2601 de
2617 2546 2697 2601 eis
2752 2543 3221 2607 determinaverit,
3273 2543 3366 2597 sed
3418 2540 3694 2611 generalia
3730 2556 3821 2612 ag-

2240 2644 2608 2716 gregabantur
2670 2640 2927 2706 concilia,
2971 2648 3027 2693 et
3062 2639 3231 2693 totius
3291 2636 3553 2699 Ecclesia:
3583 2637 3823 2705 cognitio

2240 2746 2296 2792 et
2314 2735 2582 2792 sententia
2614 2734 2683 2790 de
2702 2733 2968 2789 dubitatis
2998 2732 3295 2796 vocabatur
3323 2749 3335 2784 :
3364 2746 3493 2787 cum
3532 2730 3635 2785 hoc
3677 2740 3825 2787 esset

2243 2830 2413 2886 multo
2484 2828 2755 2885 dillicilius
2784 2843 2948 2899 quam
3010 2828 3166 2881 illud.
3216 2826 3283 2881 Et
3310 2826 3454 2895 quod
3512 2826 3688 2894 magis
3717 2834 3822 2882 est.

2242 2940 2423 2996 neque
2451 2923 2609 2994 jussu
2649 2937 2799 2993 papte
2839 2922 2927 2976 illa
2959 2920 3191 2976 concilia
3228 2918 3691 2996 aggregahantur,
3729 2917 3820 2971 sed

2244 2995 2403 3088 prout
2426 3023 2670 3086 apparet,
2697 3022 2752 3069 et
2775 3029 2870 3084 per
2895 3013 3183 3067 clironieas
3205 3021 3257 3066 et
3289 2995 3599 3082 imperiales
3624 3011 3830 3081 cpisto-

563 3106 782 3205 quidem
804 3128 988 3184 inveni
1021 3125 1241 3189 multos,
1265 3122 1357 3193 qui
1389 3122 1491 3177 hoc
1515 3119 1753 3187 sapiunt,
1787 3115 1997 3173 scilicet
2018 3128 2147 3169 san-
2177 3122 2219 3181 ο
2254 3110 2361 3171 las.
2423 3117 2478 3165 et
2499 3125 2595 3180 per
2634 3108 2989 3162 allocutiones
3045 3106 3287 3176 ipsorum
3333 3106 3729 3176 imperatorum
3761 3108 3824 3161 ad

564 3234 717 3281 ctum
750 3220 1140 3288 Angustinum,
1174 3223 1422 3269 sanctum
1459 3210 1779 3281 Gregorium
1816 3206 2151 3280 Nyssenum,

562 3326 819 3375 sanctum
850 3314 1110 3386 Cyri‘lum
1133 3312 1191 3365 in
1222 3311 1381 3363 dictis
1397 3308 1512 3363 suis
1545 3305 1815 3360 thesauris
1860 3314 1914 3358 et
1949 3302 2000 3356 in
2032 3303 2154 3357 aliis

562 3409 689 3463 suis
762 3405 1026 3474 dialogis;
1065 3411 1313 3457 sanctum
1367 3396 1724 3452 Athanasium
1770 3403 1822 3448 et
1888 3392 2153 3463 quosdam

566 3502 731 3556 alios.
766 3498 869 3551 Sed
897 3494 1030 3549 illud
1094 3492 1330 3547 arbitror
1384 3503 1471 3543 me
1513 3496 1660 3541 recte
1708 3483 1942 3555 cogitare
1967 3522 1984 3549 ,
2016 3482 2155 3552 quod

569 3592 815 3647 omnium
874 3604 997 3657 qua:
1055 3585 1109 3640 hi
1143 3584 1359 3648 docent,
1395 3567 1485 3635 illa
1525 3587 1733 3634 tantum
1771 3575 2153 3633 necessitatem

570 3685 835 3740 habemus
876 3680 1141 3748 recipere,
1183 3681 1304 3747 ‘qnze
1323 3678 1403 3730 vel
1424 3690 1488 3730 ex
1524 3673 1642 3745 ipsa
1662 3687 1813 3728 sacra
1848 3668 2153 3738 Scriptura,

498 3847 502 3851 .
581 3775 931 3850 apertissime
980 3784 1031 3827 et
1065 3768 1579 3827 indubitabilissime
1621 3764 2031 3829 ostenduntur,
2072 3761 2154 3816 vel

580 3884 684 3939 per
751 3866 1042 3922 concilium
1098 3861 1349 3933 generale
1414 3872 1674 3927 expresse
1734 3855 2042 3911 examinata
2100 3860 2155 3907 et

566 3960 933 4018 determinata
988 3958 1182 4025 adepta
1238 3963 1364 4009 sunt
1413 3952 1764 4014 sententiam,
1816 3958 1877 4003 ut
1926 3948 2155 4003 debeant

574 4070 767 4110 omnes
794 4068 857 4109 ea
890 4049 1200 4111 admittare,
1248 4046 1330 4099 vel
1370 4044 1533 4099 etiam
1579 4058 1673 4111 per
1721 4049 1963 4097 nostram
1996 4048 2153 4095 natu-

572 4148 744 4203 ralem
779 4145 1043 4200 ratiouem
1077 4141 1213 4198 satis
1242 4135 1609 4192 demonstrari
1638 4135 1835 4189 valent.
1865 4131 1997 4198 Qua:
2026 4145 2154 4185 vero

576 4258 685 4298 non
718 4240 847 4294 talia
879 4244 1026 4302 sunt,
1070 4249 1177 4289 non
1213 4233 1344 4288 mihi
1376 4230 1592 4287 videtur
1647 4228 1890 4283 debitum
1933 4241 2055 4283 esse
2089 4242 2152 4282 ea

576 4332 891 4394 admittere,
948 4340 1124 4395 neque
1160 4323 1482 4393 periculum.
1520 4334 1625 4375 non
1660 4319 1863 4375 credita
1892 4326 1945 4371 et
1973 4326 2155 4379 spreta

578 4424 738 4480 nobis
776 4423 1000 4477 inferre.
1032 4417 1151 4473 Non
1194 4418 1337 4471 enim
1372 4417 1588 4486 penitus
1626 4413 1779 4469 illius
1808 4410 2152 4468 auctoritatis

2255 3223 2349 3263 eos
2379 3208 2470 3276 qui
2503 3206 2557 3261 in
2591 3205 2698 3260 illis
2752 3204 3004 3260 conciliis
3054 3214 3235 3270 erant,
3284 3203 3664 3274 imperialibus
3689 3204 3830 3259 cclc-

2256 3300 2559 3357 brabantnr
2584 3298 2773 3370 jussis.
2801 3294 2855 3350 In
2888 3296 3091 3367 quibus
3128 3293 3396 3365 conciliis,
3431 3295 3557 3350 licet
3580 3296 3817 3365 primum

2257 3395 2433 3455 locum
2456 3409 2595 3464 papa
2616 3390 2913 3457 obtinebat,
2935 3392 3014 3448 vel
3039 3392 3158 3459 ejus
3183 3392 3366 3462 legati,
3390 3400 3568 3445 tamen
3593 3407 3829 3445 canones

2256 3501 2315 3556 et
2340 3485 2696 3543 determinata
2730 3485 2982 3555 dogmata
3013 3500 3119 3537 non
3154 3494 3282 3540 sunt
3310 3484 3555 3551 exposita
3586 3485 3829 3552 singula-

2260 3581 2394 3634 riter
2408 3594 2471 3633 ex
2498 3593 2727 3648 persona
2747 3592 2916 3648 papae,
2942 3578 3034 3633 sed
3054 3592 3115 3629 ex
3139 3591 3367 3647 persona
3397 3577 3559 3630 totius
3585 3578 3827 3631 concilii.

2330 3670 2411 3729 Ad
2443 3672 2557 3727 lucc
2608 3673 2769 3740 igitur
2814 3670 2946 3724 mihi
2999 3670 3331 3739 resp‘cienti,
3378 3670 3540 3724 nimis
3572 3686 3829 3726 nccessa-
3890 3648 3901 3653 ’

2260 3766 2400 3821 rium
2435 3766 2671 3829 videtur,
2709 3775 2761 3820 et
2796 3762 2847 3818 in
2878 3764 3127 3833 praesenti
3161 3762 3477 3829 quaestione,
3507 3773 3569 3817 ut
3593 3780 3827 3819 concur-

2259 3869 2341 3915 rat
2374 3858 2533 3914 simul
2564 3874 2688 3913 cum
2748 3856 2991 3912 Romana
3026 3856 3287 3922 Ecclesit,
3327 3856 3489 3910 etiam
3522 3859 3698 3913 totius
3730 3858 3829 3913 Ee-

2259 3951 2439 4008 clesiaa
2497 3950 2797 4006 auctoritas
2846 3958 3007 4016 atque
3046 3949 3305 4019 cognitio.
3334 3948 3615 4018 Siquidem
3648 3960 3703 4003 et
3731 3950 3831 4004 hoc

2259 4062 2324 4101 ex
2355 4044 2540 4099 debito
2560 4044 2901 4097 necessitatis
2925 4043 3029 4095 erit
3058 4042 3416 4095 credendum.
3443 4040 3586 4108 Quid
3626 4042 3830 4111 igitur?

2261 4136 2722 4191 Ad'crcdendum
2780 4148 2847 4189 ne
2899 4148 2963 4187 ex
3027 4130 3164 4186 Filio
3219 4133 3510 4201 procedere
3567 4131 3830 4201 Spiritum

2262 4239 2511 4286 sanctum
2566 4227 2692 4282 dico
2724 4241 2810 4280 me
2841 4225 3114 4290 haesitare,
3147 4242 3210 4280 ex
3246 4226 3365 4281 solo
3386 4241 3513 4280 vero
3564 4225 3730 4283 Patre
3758 4228 3835 4296 ip-

2260 4338 2378 4380 sum
2408 4322 2728 4392 procedere,
2783 4319 2927 4390 quod
2975 4317 3367 4381 multidicunt,
3416 4320 3655 4376 arbitror
3688 4332 3832 4376 recte

2265 4414 2510 4469 dictum?
2554 4412 2777 4466 Multum
2828 4411 3043 4466 delicio.
3082 4411 3187 4466 Sed
3214 4413 3258 4466 si
3284 4422 3465 4482 potest
3491 4413 3622 4481 dici,
3663 4416 3835 4469 multo

577 4516 913 4571 mstimamus
939 4511 1061 4566 illos
1090 4524 1231 4573 esse,
1260 4506 1418 4577 cujus
1447 4506 1738 4577 prophetas
1774 4514 1826 4557 et
1856 4504 2151 4583 apostolos,
2185 4479 2233 4541 D
2261 4507 2439 4561 adhuc
2488 4503 2849 4561 dubitabilius
2880 4514 2935 4559 et
2963 4479 3338 4562 incredibilius
3384 4506 3449 4561 ad
3486 4507 3591 4561 hoc
3610 4479 3710 4562 me
3742 4510 3835 4561 ba-

582 4618 641 4662 nt
673 4604 998 4675 simpliciter
1028 4600 1487 4671 quemadmodum
1536 4597 1667 4667 illis,
1710 4597 1785 4651 ita
1827 4605 1881 4651 et
1932 4598 2015 4652 bis
2059 4611 2156 4667 per

578 4698 767 4752 omnia
808 4696 1107 4751 debeamus
1157 4705 1372 4762 parere.
1414 4693 1808 4757 Argumentum
1843 4696 2156 4752 autemest,

574 4790 725 4863 quod
756 4787 1042 4861 propheta:
1071 4785 1291 4855 quidem
1339 4792 1393 4838 et
1429 4781 1659 4853 apostoli
1692 4782 1758 4835 de
1789 4780 1937 4835 nulla
1964 4795 2020 4835 re
2053 4780 2156 4836 sibi

577 4884 877 4940 secundum
923 4898 1038 4936 rem
1095 4880 1267 4949 ipsam
1304 4877 1577 4931 contraria
1627 4875 1836 4930 dicunt.
1884 4873 2015 4930 Post
2060 4875 2157 4931 hos

580 4994 712 5033 vero
745 4978 994 5032 doctores
1027 4974 1188 5027 nimis
1223 4971 1276 5025 in
1310 4970 1495 5024 multis
1524 4980 1577 5023 ct
1608 4984 1715 5024 non
1752 4968 1956 5039 parvis,
1991 4977 2043 5022 et
2066 4981 2160 5031 ex,-

584 5068 835 5138 ponendo
888 5067 1254 5136 Scripturam,
1294 5075 1345 5118 ct
1393 5062 1829 5133 dogmatisando,
1884 5062 2159 5117 contraria

584 5164 691 5219 sibi
724 5162 976 5223 invicem,
1009 5159 1310 5213 secundum
1347 5171 1462 5209 rem
1491 5156 1661 5223 ipsam
1692 5154 1879 5208 dicunt
1911 5170 1926 5208 :
1961 5164 2019 5208 ut
2044 5153 2159 5208 sine

584 5258 835 5329 periculo
870 5256 1028 5309 nobis
1056 5255 1167 5323 jam
1202 5252 1313 5316 liat,
1352 5251 1437 5304 cui
1490 5248 1746 5304 volumus
1782 5248 2060 5323 assentiri.
2088 5248 2159 5303 At

580 5368 712 5408 sero
731 5351 995 5423 Spiritum
1016 5356 1265 5404 sanctum
1288 5354 1342 5401 et
1368 5359 1431 5399 ex
1466 5344 1605 5399 Filio
1633 5343 1950 5413 procedere,
1982 5357 2157 5414 neque

586 5465 680 5518 per
711 5446 1014 5500 naturalem
1067 5450 1308 5497 nostram
1346 5440 1614 5496 rationem
1662 5436 2158 5507 comprehensibile

587 5540 719 5596 mihi
746 5556 863 5595 esse
888 5539 1146 5602 videtur;
1186 5550 1362 5607 neque
1393 5550 1457 5589 ex
1506 5536 1619 5604 ipsa
1664 5548 1819 5591 sacra
1851 5532 2155 5603 Scriptura,

585 5636 701 5690 sine
745 5634 894 5689 omni
934 5630 1292 5701 ambiguitate
1341 5629 1644 5687 certissime
1692 5626 1933 5693 ostendi,
1986 5643 2160 5697 ueqtte

662 5815 679 5845 ⁷
721 5813 877 5870 Joao.
922 5812 1130 5875 “.96.
1175 5854 1178 5858 .

2256 4601 2377 4656 beo.

2306 4694 2573 4749 Primum
2624 4698 2767 4748 enim
2824 4710 2920 4763 per
2955 4708 3278 4747 communes
3338 4701 3389 4747 et
3424 4695 3710 4749 naturales
3743 4712 3834 4749 no-

2261 4783 2633 4853 tionesipsum
2673 4784 3060 4847 demonstrari,
3081 4798 3179 4852 per
3206 4782 3425 4836 easdem
3461 4783 3678 4852 utique,
3702 4799 3833 4853 quas

2262 4890 2314 4933 et
2360 4878 2511 4947 prius
2567 4878 2676 4931 dixi
2744 4892 2965 4942 causas,
3014 4876 3349 4945 impossibile
3408 4876 3540 4929 milii
3599 4877 3833 4930 videtur.

2273 4967 2478 5023 Deinde
2506 4976 2557 5021 et
2595 4967 2648 5020 in
2672 4974 2779 5020 tota
2817 4981 2973 5019 sacra
3003 4976 3056 5020 et
3088 4966 3271 5019 divina
3302 4967 3586 5033 Scriptura
3616 4968 3827 5019 nullum

2263 5063 2539 5116 invenitur
2586 5059 2790 5113 dictum
2842 5058 2965 5121 tale,
3004 5074 3097 5128 per
3132 5058 3299 5126 quod,
3357 5072 3460 5111 non
3495 5059 3619 5112 dico
3650 5071 3835 5129 aperte

2264 5152 2670 5223 demonstrari,
2704 5150 2799 5206 sed
2832 5152 2911 5204 vel
2944 5151 3255 5222 conjectura
3291 5163 3341 5204 et
3362 5152 3675 5221 suspicione
3709 5167 3833 5221 per-

2263 5249 2367 5319 cipi
2413 5248 2623 5318 possit,
2658 5245 2802 5315 quod
2839 5259 2911 5299 ex
2938 5243 3057 5299 solo
3118 5242 3277 5298 Patre
3341 5244 3580 5311 Spiritus
3611 5256 3838 5299 sanctus

2268 5348 2529 5417 procedit.
2565 5342 2749 5413 Neque
2768 5342 2913 5398 enim
2950 5342 3211 5410 quoniam
3230 5341 3363 5394 dixit
3388 5339 3653 5395 Dominus
3684 5360 3696 5395 :
3730 5338 3835 5406 Qui

2268 5458 2299 5493 α
2326 5438 2488 5495 Patre
2534 5435 2765 5507 procedit
2795 5432 2840 5501 ⁷,
2885 5433 3006 5488 ideo
3054 5433 3234 5487 statim
3285 5431 3461 5502 putari
3491 5432 3676 5493 debet,
3710 5435 3839 5501 quia

2270 5550 2376 5587 non
2420 5550 2481 5587 ex
2514 5532 2631 5601 ipso
2688 5543 2907 5600 quoque
2951 5526 3213 5598 procedit.
3245 5526 3535 5583 Assuetum
3568 5527 3713 5580 enim
3753 5537 3841 5581 est

2270 5630 2369 5700 ipsi
2429 5625 2720 5691 Salvatori,
2784 5637 2883 5680 sua
2936 5632 2989 5676 et
3021 5618 3197 5676 Patris
3248 5620 3562 5676 communia
3594 5618 3743 5674 Patri
3779 5626 3840 5671 ut
