4086 6228
336 321 470 386 1293

1486 310 1727 374 EPIST.
1775 311 1877 374 AD
1918 308 2276 377 BABLAAM
2291 307 2426 368 ΠΜ.

3429 303 3565 370 129ἐ

336 435 629 502 plurimum
678 428 997 494 attribuere,
1043 442 1149 482 non
1197 425 1485 484 addentem
1533 424 1701 480 verbo
1731 433 1785 478 et
1821 437 1900 478 se.
1934 427 1976 490 Α
2009 429 2157 476 recte
2192 435 2403 490 sapere,
2448 420 2501 472 in
2544 415 2805 490 Symboio
2856 423 3038 479 tamen
3069 415 3189 486 ipsa
3234 430 3344 472 non
3369 431 3571 488 posue-

331 528 401 583 Ut
432 528 487 580 in
522 524 679 579 illis:
732 522 917 577 Omnis
962 521 1223 590 plantatio
1281 535 1437 589 quam
1494 535 1596 572 mm
1636 518 1896 587 plantavit

335 619 497 675 Pater
515 635 659 673 meus
682 615 926 679 calestis,
944 612 1304 667 eradicabitur
1323 613 1344 645 ⁸
1365 629 1381 678 ;
1412 621 1464 666 et
1490 630 1505 666 :
1546 609 1714 664 Nemo
1733 619 1900 681 potest

331 711 506 768 uenire
563 706 635 763 ad
683 721 786 773 me,
819 707 922 758 nisi
981 707 1146 759 Pater
1203 719 1350 761 meus
1401 704 1636 756 attrahat
1670 702 1897 770 ipsum’.

316 801 612 868 .Quatnvis,
649 802 776 870 quis
807 814 1006 868 negare
1051 797 1490 868 praesumpserit,
1515 805 1570 849 et
1600 795 1779 865 ipsum
1813 793 1907 850 Fi-

335 897 467 950 lium
517 895 763 964 plantare
822 893 875 947 in
941 892 1141 962 pietate
1175 890 1414 945 fidelium
1476 897 1704 952 mentes,
1753 897 1806 941 et
1835 883 1902 940 ad

332 987 562 1042 salutem
607 987 884 1040 attrahere
943 983 1082 1039 eas?
1108 981 1288 1048 Quare
1333 990 1494 1035 restat
1529 991 1580 1033 et
1608 979 1676 1033 de
1703 993 1905 1048 propo~

332 1077 439 1133 sito
464 1078 761 1147 ambigere,
802 1092 871 1130 ne
911 1075 1051 1132 forte
1105 1074 1287 1130 simile
1339 1072 1565 1140 sitillis,
1607 1086 1727 1141 qum
1756 1070 1902 1125 Patri

332 1169 709 1226 attribuuntur
785 1169 1032 1241 quidem,
1087 1177 1215 1225 sunt
1284 1176 1467 1223 autem
1563 1170 1686 1224 aliis
1755 1183 1908 1227 como

334 1267 542 1319 munia.
593 1261 759 1316 Multa
796 1263 943 1316 enim
987 1262 1116 1317 talia
1175 1262 1231 1317 in
1285 1264 1592 1332 Evangeliis
1621 1266 1907 1337 reperiun-

336 1365 428 1411 tur
454 1372 470 1422 ;
494 1354 586 1410 ubi
612 1354 714 1409 etsi
751 1354 1142 1424 distinguendo
1167 1353 1430 1411 dixisset:
1459 1354 1559 1423 Qui
1591 1373 1622 1410 a
1655 1358 1773 1413 solo
1799 1357 1908 1413 Pa-

335 1459 419 1504 tre
439 1448 713 1518 procedit:
760 1463 940 1517 neque
969 1449 1051 1503 sic
1085 1449 1362 1503 tolleretur
1387 1450 1612 1505 omnino
1641 1465 1906 1520 quaerere,

337 1553 408 1597 ne
433 1549 490 1594 et
518 1554 582 1594 ex
610 1553 675 1594 eo
701 1539 981 1609 procedat.
1042 1537 1175 1595 Nam
1217 1539 1326 1594 alio
1355 1540 1480 1597 loco
1532 1542 1641 1597 ait:
1675 1542 1802 1595 Ηιεε
1827 1550 1906 1596 est

337 1635 447 1690 vita
475 1639 696 1694 (eterna,
722 1644 780 1686 ut
806 1640 1124 1701 cognoscant
1152 1642 1199 1686 te
1217 1632 1391 1686 solum
1439 1650 1612 1688 verum
1647 1634 1811 1688 Deum
1842 1636 1907 1701 '°,

334 1725 588 1792 Quamvis
623 1734 676 1778 et
716 1723 831 1791 ipse
864 1738 1025 1779 verus
1074 1722 1217 1779 Deus
1277 1727 1570 1780 exslstens.
1621 1723 1690 1780 Et
1740 1724 1907 1781 illud:

338 1818 507 1875 Nato
541 1817 804 1888 cognoscit
826 1816 1020 1873 Filium
1040 1819 1145 1874 nisi
1177 1818 1336 1874 Pater
1364 1819 1429 1884 “,
1467 1828 1545 1886 et,
1577 1819 1791 1878 Patrem
1820 1837 1911 1874 ne-

335 1924 421 1961 mo
478 1910 766 1978 cognoscit,
809 1908 913 1963 nisi
939 1907 1112 1964 Filius
1159 1911 1229 1967 “z
1277 1912 1530 1981 quamvis
1586 1922 1640 1970 et
1699 1913 1905 1982 Spiritu

335 2011 528 2057 sancto
559 2004 813 2058 similiter
839 2012 1222 2074 cognoscente,
1249 2013 1303 2059 et
1329 2006 1563 2073 Patrem,
1595 2016 1648 2060 et
1679 2005 1903 2066 Filium.

334 2092 518 2158 Quare
550 2102 605 2148 et
638 2093 692 2146 in
728 2093 824 2148 illo
855 2093 902 2147 si
932 2093 1185 2150 similiter
1235 2095 1441 2149 dictum
1475 2095 1692 2161 fuisset,
1723 2106 1908 2167 posset

335 2188 527 2257 utique
573 2185 796 2259 ambigi,
826 2200 894 2241 ne
913 2186 1052 2242 forte
1083 2185 1262 2256 ipsum
1295 2187 1404 2244 tale
1447 2196 1612 2255 esset,
1645 2190 1745 2244 soli
1781 2191 1908 2260 qui-

339 2279 462 2335 dem
494 2277 638 2333 Patri
673 2279 1023 2346 attributum,
1076 2280 1248 2334 nihilo
1279 2280 1462 2339 minus
1493 2290 1674 2337 autem
1701 2292 1754 2338 et
1785 2283 1907 2339 Filii

337 2357 629 2432 assistens.
660 2373 853 2428 Adhuc
879 2381 1060 2428 autem
1097 2374 1198 2430 etsi
1223 2384 1409 2444 aperte
1443 2374 1638 2434 fuisset
1665 2377 1903 2432 dictum:

339 2469 443 2535 Qui
477 2482 584 2531 non
613 2481 646 2530 a
672 2481 777 2532 me,
813 2468 906 2525 sed
938 2483 969 2521 a
1000 2465 1161 2523 Patre
1207 2469 1485 2537 procedit;
1513 2470 1664 2525 stlta
1700 2472 1773 2525 nil
1809 2473 1910 2526 mi-

344 2575 447 2616 nus
477 2549 677 2632 ambigi
700 2573 918 2632 posset.
978 2560 1140 2614 Multa
1173 2563 1320 2616 enim
1371 2563 1742 2618 communium
1775 2564 1912 2618 dixit

343 2657 522 2726 neque
558 2669 615 2710 se
646 2653 868 2721 habere,
905 2669 1086 2724 neque
1125 2653 1326 2710 facere.
1358 2653 1476 2708 Mea
1505 2656 1770 2723 doctrina,
1810 2658 1908 2722 ait.

344 2763 450 2802 non
485 2756 560 2802 est
590 2763 730 2810 atra,
754 2757 844 2802 sed
877 2746 1057 2803 Patris
1088 2748 1158 2813 ¹³;
1189 2756 1276 2804 et:
1319 2745 1440 2803 Non
1472 2750 1587 2804 veni
1611 2748 1787 2816 facere
1818 2767 1911 2805 vo-

342 2843 600 2897 luntatem
639 2857 832 2906 meam,
867 2842 957 2895 sed
978 2842 1430 2912 voluntatemcjtis
1457 2844 1549 2914 qui
1569 2845 1712 2899 misit
1737 2862 1817 2898 me
1847 2846 1908 2900 “.

345 2930 447 2984 Et:
501 2929 699 2989 Sedere
738 2946 769 2983 a
816 2931 1017 2984 dextris
1045 2941 1093 2984 et
1122 2948 1153 2983 a
1203 2933 1441 2988 sinistris
1504 2934 1652 3000 meis,
1699 2952 1801 2989 non
1834 2951 1910 2990 est

343 3038 513 3078 meum
541 3021 674 3076 dare
697 3023 859 3090 vobis,
883 3025 971 3078 sed
999 3024 1077 3077 his
1106 3023 1292 3094 quibus
1317 3038 1562 3093 paratum
1593 3037 1669 3080 est
1700 3045 1732 3082 a
1755 3025 1914 3083 Patre

1996 523 2147 567 runt.
2194 511 2372 577 Quare
2392 520 2563 566 restat
2601 511 2900 581 ambigere,
2942 526 3010 567 ne
3057 509 3201 565 forte
3230 522 3286 567 et
3314 512 3417 572 hoc
3447 511 3570 570 illo-

2003 620 2124 658 rum
2150 604 2245 672 sit,
2280 618 2400 674 quat
2431 603 2485 658 in
2520 603 2771 676 symbolo
2798 602 3018 672 quidem
3040 617 3148 657 non
3181 602 3578 666 dicuntur,ali-

2002 709 2088 754 ter
2108 712 2236 754 vero
2263 695 2334 751 ab
2359 697 2445 752 bis
2461 695 2779 752 creduntur.
2807 694 3127 765 Quanquam
3153 705 3374 750 sanctus
3405 695 3579 753 Aiba-

2005 792 2216 853 nasius,
2257 799 2314 851 et
2343 806 2571 861 magnus
2611 790 2869 853 Basilius,
2900 799 2954 844 et
2983 789 3151 851 frater
3178 789 3300 859 ejus
3325 831 3340 855 ,
3374 801 3467 860 qut
3493 790 3575 843 di.

2003 893 2208 938 cuntur
2246 884 2560 939 interfuisse
2585 884 2858 954 praedictis
2881 884 3151 949 conciliis,
3185 883 3471 944 manifeste
3497 882 3578 937 vi-

2005 972 2202 1030 dentur
2233 972 2496 1043 idipsum,
2527 973 2671 1044 quod
2699 973 2880 1030 Latini
2915 975 3128 1038 dicunt,
3165 975 3459 1043 sapientes.
3495 976 3574 1028 An

2008 1065 2151 1120 dicet
2184 1065 2385 1135 aliquis
2413 1076 2673 1134 corrupta
2707 1079 2829 1120 esse
2857 1066 3049 1118 borum
3089 1063 3326 1134 scripta?
3356 1065 3448 1119 sed
3478 1078 3598 1132 ego-

2004 1167 2062 1213 et
2104 1157 2212 1213 hoc
2252 1157 2461 1213 incerto
2508 1158 2832 1224 exsisteute,
2885 1159 3083 1213 merito
3109 1157 3297 1228 utique
3335 1156 3576 1228 ambigo.

2079 1251 2285 1308 Deinde
2314 1265 2493 1321 neque
2537 1250 2642 1305 hoc
2676 1260 3042 1305 servaverunt
3068 1249 3293 1304 omnino
3326 1248 3380 1304 in
3419 1247 3580 1320 Sym-

2009 1345 2154 1411 bolo,
2185 1355 2245 1400 ut
2274 1345 2585 1399 communia
2623 1343 2787 1398 trium
2828 1357 3186 1415 personarum
3213 1344 3295 1397 vel
3348 1343 3581 1400 duarum

2009 1439 2292 1508 assignent
2343 1448 2402 1494 ut
2439 1440 2774 1503 communia,
2808 1441 3021 1508 protiria
3052 1453 3181 1493 vero
3221 1439 3337 1493 sola
3368 1437 3583 1494 unicui-

2011 1548 2117 1602 que
2167 1531 2492 1596 attribuant,
2522 1531 2616 1586 sed
2656 1545 2686 1585 e
2725 1534 3005 1586 contrario
3046 1532 3098 1586 in
3134 1531 3320 1586 multis
3359 1539 3584 1601 propter

2013 1623 2428 1691 compendium,
2487 1631 2545 1675 ut
2590 1622 2820 1686 aestimo,
2859 1621 3127 1676 fecerunt.
3162 1622 3295 1675 Nam
3327 1620 3588 1692 Omnipo—

2015 1725 2134 1770 tens
2163 1731 2289 1778 cum
2340 1724 2486 1771 esset
2543 1730 2858 1778 commune,
2896 1715 3111 1770 Patrem
3149 1722 3583 1786 omnipotentem

2017 1808 2282 1877 dicentes,
2348 1808 2484 1863 Filio
2535 1808 2620 1863 vel
2654 1807 2877 1878 Spiritui
2913 1808 3016 1862 hoc
3062 1823 3169 1862 non
3217 1806 3505 1878 dederunt.
3546 1805 3587 1866 Ε

2012 1917 2279 1959 converso
2310 1918 2438 1957 vero
2465 1903 2534 1957 de
2567 1900 2801 1957 Domino
2829 1901 3100 1965 fecerunt,
3135 1898 3332 1955 Filium
3380 1912 3434 1957 et
3463 1901 3588 1973 Spi-

2013 1993 2179 2050 ritum
2205 1993 2493 2048 Dominum
2516 1994 2796 2050 dicentes:
2840 1995 2968 2058 item
3010 1994 3182 2051 factor
3212 1994 3430 2064 quidem
3467 2010 3592 2050 ont-

2015 2087 2165 2141 nium
2221 2086 2459 2156 Spiritus
2492 2095 2714 2142 sanctus
2758 2093 2868 2150 est,
2900 2085 2994 2140 sed
3028 2085 3134 2140 hoc
3179 2087 3330 2141 Patri
3370 2098 3422 2142 et
3453 2085 3593 2142 Filio

2018 2183 2339 2250 tribuentes,
2388 2183 2456 2238 de
2513 2181 2722 2252 Spiritu
2770 2183 2906 2238 nihil
2964 2185 3158 2240 horum
3220 2185 3494 2242 dixerunt.
3551 2185 3595 2241 Ε

2016 2292 2280 2333 converso
2324 2292 2454 2333 vero
2497 2278 2856 2335 vivificantem
2909 2294 3056 2342 esse,
3091 2288 3145 2333 et
3185 2278 3428 2333 locutum
3471 2294 3594 2336 esse

2017 2385 2111 2438 per
2145 2372 2462 2441 prophetas,
2484 2387 2605 2426 cum
2627 2380 2812 2427 essent
2831 2371 3163 2435 communia,
3191 2388 3297 2426 non
3329 2371 3477 2427 Patri
3510 2372 3590 2425 vel

2016 2461 2176 2530 Filio,
2229 2466 2320 2519 sed
2357 2463 2586 2533 Spiritui
2614 2465 2988 2522 reddiderunt.
3015 2466 3226 2521 Rursus
3255 2480 3380 2521 esse
3398 2467 3588 2521 lumen

2017 2555 2082 2609 de
2113 2557 2336 2621 lumine,
2361 2569 2412 2610 et
2449 2556 2615 2611 Deum
2651 2573 2836 2612 verum
2865 2558 2933 2612 de
2974 2559 3081 2611 Deo
3113 2573 3242 2613 vero
3267 2560 3588 2621 communia

2019 2657 2146 2705 sunt
2187 2647 2305 2703 Filii
2327 2661 2379 2703 et
2397 2649 2634 2720 Spiritus
2660 2667 2675 2705 :
2706 2650 2780 2704 illi
2807 2666 2936 2712 vero
2956 2652 3022 2707 de
3046 2651 3205 2716 Filio,
3230 2666 3341 2708 non
3375 2653 3442 2707 de
3466 2653 3594 2722 Spi-

2018 2741 2124 2796 ritu
2162 2742 2275 2798 hzec
2301 2742 2578 2797 dixerunt.
2613 2743 2754 2811 Quis
2785 2743 2951 2814 igitur
2985 2744 3156 2810 novit,
3197 2745 3344 2814 quod
3376 2761 3484 2801 non
3513 2748 3596 2802 si-

2021 2837 2220 2893 militer
2267 2852 2556 2893 commune
2609 2837 2789 2904 Patris
2837 2849 2893 2894 et
2944 2837 3064 2894 Filii
3133 2843 3409 2911 sapientes
3444 2857 3592 2905 esse.

2018 2927 2163 2996 quod
2195 2945 2260 2985 ex
2316 2931 2398 2987 eis
2426 2930 2668 3001 Spiritus
2701 2940 2927 2989 sanctus
2959 2934 3228 3005 procedit,
3267 2925 3403 2990 Satis
3439 2945 3596 3006 puta-

2021 3029 2222 3076 verunt
2254 3021 2357 3077 hoc
2387 3037 2587 3091 ponere
2621 3022 2676 3077 in
2717 3023 2917 3082 Patre?
2938 3026 3045 3094 Ego
3066 3028 3209 3082 enim
3237 3043 3302 3083 ex
3335 3032 3437 3085 hoc
3464 3046 3597 3085 neu-

345 3132 460 3172 meo
485 3118 565 3180 ης
596 3128 647 3173 et
674 3133 688 3170 :
717 3115 922 3170 Horam
977 3117 1155 3182 illam,
1198 3135 1362 3188 neque
1388 3117 1564 3174 Filius
1611 3122 1776 3186 novit,
1810 3123 1910 3176 nisi

2021 3118 2166 3171 trum
2201 3111 2452 3168 concludi
2505 3113 2818 3181 considero,
2856 3130 3031 3186 neque
3060 3119 3206 3185 quod
3239 3134 3305 3173 ex
3343 3121 3460 3176 solo
3496 3120 3600 3175 Pa-

343 3209 491 3265 sohts
523 3210 683 3265 Pater
728 3210 790 3266 ¹⁵.
839 3210 1021 3276 Quare
1049 3211 1093 3266 si
1137 3211 1267 3267 illud
1296 3212 1553 3269 similiter
1609 3213 1914 3271 fuissetdi-

346 3312 518 3366 ctum,
542 3292 691 3358 esset
717 3303 894 3360 adhuc
948 3305 1101 3362 locus
1137 3306 1450 3376 ambigendi
1481 3347 1496 3371 ,
1531 3323 1598 3362 ne
1625 3309 1761 3363 forte
1790 3325 1914 3364 cum

349 3396 438 3450 his
461 3410 624 3454 sensu
653 3393 857 3449 dictum
892 3394 1080 3454 fuisset
1121 3401 1370 3467 quamvis
1411 3415 1724 3456 commune.

422 3489 524 3546 Ubi
561 3493 721 3562 igitur
768 3503 824 3548 et
862 3504 1141 3549 assuetum
1200 3500 1284 3547 est
1345 3491 1568 3549 Christo
1602 3496 1914 3549 communia

348 3584 496 3640 Patri
529 3587 850 3650 attribuere,
884 3595 938 3640 et
970 3601 1149 3654 neque
1181 3586 1568 3656 distinguendo
1605 3587 1744 3642 dixit
1773 3604 1787 3644 :
1813 3589 1913 3654 Qui

346 3694 374 3733 a
399 3680 518 3734 solo
553 3678 713 3735 Patre
741 3679 1023 3748 procedit;
1054 3694 1247 3746 neque,
1285 3678 1440 3744 Quod
1476 3695 1582 3735 non
1607 3696 1635 3734 a
1677 3697 1792 3745 me;
1819 3682 1918 3737 du-

347 3772 570 3826 bitabile
609 3786 832 3841 prorsus
872 3779 926 3826 et
980 3771 1296 3842 ambiguum
1347 3773 1599 3840 efficitur,
1647 3775 1916 3843 quomodo

350 3865 490 3920 dixit
525 3865 629 3919 hoc
659 3864 951 3920 Salvator:
984 3874 1174 3921 utrum.
1198 3874 1258 3920 ut
1283 3867 1624 3934 intelligatur
1656 3869 1704 3924 id
1742 3870 1916 3927 solius

347 3958 524 4013 Patris
557 3958 834 4026 proprium
866 3973 1008 4021 esse,
1045 3974 1110 4012 an
1145 3959 1338 4014 volens
1373 3975 1691 4024 commune,
1718 3961 1768 4015 id
1805 3971 1911 4028 est,

343 4052 448 4106 sibi
479 4060 534 4106 et
571 4049 746 4108 Patris
770 4051 1000 4120 intelligi
1030 4069 1042 4104 :
1076 4050 1539 4121 quemadmodum
1578 4062 1630 4110 et
1661 4054 1764 4107 alia
1794 4070 1915 4124 quae

346 4144 601 4200 similiter
623 4145 692 4199 ab
726 4160 790 4199 eo
821 4144 968 4200 dicta
993 4155 1143 4202 sunt.
1195 4145 1456 4201 Similiter
1486 4156 1539 4200 et
1575 4149 1624 4200 in
1660 4146 1916 4218 Symbolo

347 4239 493 4302 fidei,
522 4240 666 4309 quod
695 4239 972 4303 Nicaenun)
1005 4239 1297 4299 concilium
1325 4239 1628 4307 inchoavit,
1687 4253 1740 4297 et
1771 4245 1916 4298 Con-

345 4334 892 4404 stantiuopulitanum
929 4332 1350 4397 consummavit,
1381 4333 1576 4400 legitur
1600 4335 1816 4403 quidem
1840 4335 1914 4390 ita

336 4427 699 4496 simpliciter:
745 4426 850 4492 Qui
879 4441 944 4479 ex
963 4425 1120 4478 Patre
1152 4427 1406 4491 procedit.
1442 4425 1547 4480 Sed
1581 4435 1763 4480 utrum
1797 4427 1914 4482 ideo

2024 3215 2106 3260 tre
2133 3221 2309 3276 neque
2329 3206 2475 3276 quod
2499 3223 2561 3262 ex
2591 3205 2728 3263 Filio
2756 3211 3017 3276 procedit,
3059 3211 3199 3273 sicut
3220 3229 3395 3285 neque
3414 3216 3483 3272 de
3505 3217 3598 3272 illo

2023 3301 2276 3362 superius
2325 3311 2756 3360 commemorato
2787 3307 3098 3374 evangelica
3115 3307 3285 3366 dicto.

2093 3391 2198 3445 Sed
2239 3400 2292 3445 et
2319 3393 2485 3447 nimis
2535 3396 2705 3449 miror
2738 3396 2806 3449 de
2841 3397 2976 3465 illis,
3007 3400 3099 3468 qui
3142 3413 3352 3463 certum
3378 3404 3596 3474 aliquid

2023 3497 2302 3556 putantse
2341 3503 2407 3540 ex
2459 3489 2541 3545 his
2575 3491 2812 3547 habere:
2851 3493 2918 3548 de
2968 3495 3190 3564 scriptis
3220 3513 3351 3552 vero
3379 3512 3600 3555 sancto-

2023 3596 2142 3634 rum
2176 3589 2483 3641 nostrorum
2518 3581 2766 3648 Patrum,
2799 3600 2926 3654 qua:
2952 3587 3018 3641 ad
3069 3603 3222 3642 meas
3251 3605 3445 3648 manus
3473 3609 3600 3661 per—

2025 3684 2323 3740 venerunt,
2355 3675 2520 3730 trium
2556 3677 2663 3730 vidi
2693 3677 2860 3740 dicta.
2897 3694 3019 3750 qua:
3073 3680 3328 3740 videntur
3360 3686 3603 3753 praebere

2022 3769 2086 3820 ad
2119 3767 2449 3837 propesitttm
2477 3770 2711 3839 aliquam
2745 3770 3114 3829 dillicultatem
3145 3791 3160 3828 :
3203 3778 3375 3832 sancti
3405 3779 3601 3850 Dimty-

2021 3861 2086 3914 'sii
2129 3863 2486 3933 Areopagitae,
2505 3872 2560 3917 et
2589 3865 2763 3918 sancti
2787 3864 3059 3935 Gregorii.
3081 3877 3140 3922 et
3167 3870 3343 3926 sancti
3374 3869 3602 3928 Joannis

2023 3953 2362 4012 Damasceui.
2383 3954 2482 4021 Ubi
2507 3967 2730 4012 sanctus
2763 3957 2981 4027 quidem
3010 3958 3297 4032 Dionysius
3319 3965 3394 4018 ait
3425 3966 3600 4020 solum

2021 4065 2140 4104 esse
2157 4049 2355 4105 fontem
2372 4052 2911 4121 supersubstautialis
2932 4054 3154 4110 Deitatis
3171 4055 3407 4115 Patrem.
3426 4059 3602 4120 Thro-

2025 4145 2178 4212 l0gus
2212 4160 2339 4198 vero
2374 4148 2650 4214 geminum
2708 4148 2915 4203 radium
2943 4148 3121 4206 Patris
3145 4153 3599 4210 nontinatFilium

2022 4248 2075 4292 et
2098 4237 2358 4306 Spiritum
2380 4248 2647 4295 sanciunt.

2096 4332 2464 4391 Damascenus
2512 4350 2640 4390 vere
2674 4335 2828 4400 dicit,
2862 4337 3006 4407 quod
3045 4337 3285 4406 Spiritus
3331 4355 3437 4395 non
3465 4343 3602 4396 dici-

2026 4433 2114 4478 tur
2151 4439 2218 4477 ex
2258 4423 2414 4483 Filio.
2446 4426 2520 4479 De
2573 4429 2772 4496 quibus
2819 4430 2948 4484 illud
3003 4433 3238 4501 primum
3290 4434 3602 4498 considero.

349 4494 827 4583 nonaddiderunt,
861 4530 908 4572 et
942 4535 1004 4572 ex
1045 4517 1210 4583 Filio,
1241 4519 1504 4588 quoniam
1550 4535 1721 4588 neque
1745 4521 1921 4591 sapie-
1958 4494 1999 4550 θ
2031 4520 2172 4588 quod
2203 4519 2306 4574 etsi
2361 4520 2766 4590 apertissimum
2800 4534 2966 4589 esset,
3015 4527 3294 4594 ipsosper
3321 4526 3436 4581 llch
3456 4527 3603 4585 dicta

348 4614 480 4670 bant
509 4615 611 4671 hoc
641 4614 739 4684 ipsi
766 4614 1098 4685 syuotlorum
1133 4613 1348 4667 illarum
1369 4612 1580 4680 Patres,
1609 4614 1920 4670 nullatenus

349 4706 479 4760 mihi
520 4712 728 4761 certum
782 4715 951 4775 patet.

391 4796 666 4853 Primum
713 4796 860 4852 enim
912 4805 1196 4868 praeter-ea
1231 4798 1646 4870 dogmata,qu:e
1678 4799 1731 4855 in
1767 4798 1922 4872 Sym-

347 4890 474 4945 bolo
507 4898 660 4952 sunt,
688 4891 856 4945 multa
886 4900 1014 4945 sunt
1041 4901 1094 4945 et
1125 4891 1230 4945 alia
1256 4892 1418 4948 nimis
1443 4895 1747 4951 necessaria
1768 4895 1833 4950 ad
1860 4895 1919 4951 fl-

347 4983 470 5038 dem
535 4982 811 5049 dogmata,
869 4992 923 5039 et
977 4983 1045 5038 de
1082 4982 1208 5048 Deo,
1255 4993 1308 5040 et
1344 4986 1410 5040 de
1456 4987 1817 5056 providentia,
1852 4989 1920 5044 de

344 5072 561 5128 duabus
598 5075 806 5130 naturis
827 5082 881 5130 et
906 5074 1279 5132 voluntatibus
1311 5085 1364 5132 et
1401 5079 1835 5146 operationibus,
1859 5081 1925 5137 de

345 5182 453 5221 una
513 5181 765 5236 persona,
822 5167 890 5222 de
945 5168 1304 5237 poenitentia,
1335 5171 1404 5224 de
1457 5173 1924 5228 sacramentoEu-

347 5261 647 5324 cbaristire,
671 5261 740 5318 de
780 5276 885 5318 non
918 5275 1040 5316 esse
1077 5263 1560 5330 praeexsistentiam
1593 5264 1924 5329 animarum,

350 5356 436 5415 vel
463 5355 792 5425 principium
839 5355 1201 5412 substantiale
1233 5357 1523 5424 malorum,
1555 5369 1609 5414 et
1638 5358 1704 5414 de
1735 5360 1920 5415 multis

384 5449 440 5497 10.
1819 5458 1821 5460 ·

348 5467 376 5506 2
407 5465 493 5503 ΙΙΒ.

414 5542 572 5599 Circa
623 5559 744 5614 quae
783 5543 907 5598 illos
955 5545 1174 5615 quidem
1228 5545 1415 5600 Patres
1480 5547 1776 5602 verisimile
1799 5559 1917 5604 erat

419 5731 440 5762 ‘
476 5729 661 5784 Matth.
698 5746 786 5786 xv.
825 5734 908 5789 15.
1013 5733 1032 5764 ’
1072 5729 1232 5787 Joan.
1286 5745 1360 5790 Vl.
1418 5731 1507 5784 ιιι.

345 5803 388 5836 ⁸⁵
418 5799 573 5854 Junii.
609 5817 680 5866 vt,
719 5802 804 5856 58.
887 5805 928 5834 ¹⁵
961 5802 1150 5859 Matth.
1180 5819 1271 5859 ax.
1303 5803 1396 5857 25.

1609 5731 1652 5761 ⁸⁸
1689 5728 1845 5784 Joan.
1876 5747 2009 5796 ml,
2042 5733 2096 5786 3.
2175 5732 2212 5765 "
2248 5732 2433 5789 Matth.
2471 5750 2545 5799 XI,
2569 5732 2658 5786 27.

1480 5803 1519 5833 “
1572 5801 1761 5856 Matth.
1797 5804 1945 5868 χέων,
1980 5803 2067 5857 '56.
2338 5802 2344 5816 ⁷

2029 4626 2240 4680 sapere,
2277 4614 2424 4681 quod
2451 4613 2690 4684 Spiritus
2713 4627 2936 4672 sanctus
2975 4633 3039 4671 ex
3075 4619 3194 4672 solo
3226 4619 3384 4673 Patre
3413 4634 3603 4688 prore-

2030 4705 2125 4766 dit.
2154 4716 2205 4763 et
2237 4721 2367 4770 non,
2407 4716 2460 4762 et
2479 4723 2542 4763 ex
2559 4705 2740 4773 Filio;
2773 4714 3015 4765 nondum
3046 4712 3158 4769 hoc
3183 4727 3278 4778 per
3305 4712 3599 4768 conciliant

2027 4798 2277 4867 generale
2307 4814 2562 4869 expresse
2601 4817 2663 4855 ex
2679 4803 2927 4860 aminato
2950 4812 3003 4856 et
3030 4803 3372 4865 conﬁrmato,
3395 4802 3600 4859 nullum

2030 4901 2173 4947 esset
2218 4903 2440 4962 propter
2460 4895 2710 4948 eamdem
2760 4897 2973 4965 utique,
3025 4912 3184 4964 quam
3211 4908 3264 4951 et
3288 4897 3600 4966 priusdixi,

2025 5001 2275 5045 causam.
2316 4986 2457 5041 nolle
2487 4989 2713 5043 credere
2740 4989 3078 5059 periculum:
3118 4998 3172 5044 et
3205 5004 3331 5046 cum
3366 4989 3450 5046 bis
3477 4991 3597 5060 plu-

2029 5077 2180 5134 ribus
2208 5082 2411 5136 sanctis
2441 5083 2778 5138 contrarium
2812 5086 3145 5149 dicentibus,
3177 5093 3236 5139 Et
3270 5084 3602 5154 explicanti-
3689 5100 3694 5104 ·

2033 5173 2160 5238 bus,
2192 5186 2241 5228 et
2287 5174 2448 5230 latius
2498 5177 2776 5245 problema
2828 5177 3604 5239 discutieutibus.sicutsan-

2029 5277 2151 5322 ctus
2184 5267 2544 5337 Augustinus,
2582 5278 2636 5322 ct
2658 5283 2884 5324 sanctus
2910 5269 3466 5340 C)’l't"il3,llllll|3q"8
3511 5271 3603 5323 ha-

2028 5357 2282 5413 bentibus
2317 5359 2382 5414 de
2423 5370 2611 5415 sancta
2638 5362 2917 5430 Scriptura
2961 5363 3129 5426 dicta,
3169 5379 3275 5416 non
3313 5363 3594 5415 min'mam

2022 5452 2394 5519 suspicionem
2445 5454 2739 5524 praebentia
2781 5455 2945 5523 hujus
2990 5455 3281 5526 dogmatis.
3316 5453 3382 5506 Et
3417 5452 3595 5507 adhuc

1993 5556 2200 5604 _matre
2230 5545 2474 5600 omnium
2526 5546 2920 5612 Ecclesiarum,
2958 5563 3077 5618 quas
3105 5561 3381 5617 nunquam
3435 5559 3597 5612 snpeo

2758 5733 2802 5762 "
2832 5730 2961 5785 ibid.
3049 5730 3089 5761 ¹³
3138 5728 3295 5785 Joan.
3357 5746 3445 5796 vtt,
3512 5726 3595 5789 16⁸
