4086 6228
564 305 717 368 19.95

1848 296 2222 361 DEMETRII
2261 298 2579 362 CYDONiI

3693 298 3830 364 1296

576 418 817 474 tioribus
844 413 1187 485 temporibus
1216 411 1557 483 deprehensa
1583 421 1665 466 est
1699 411 1941 482 aliquam
1973 417 2146 469 haere-
2170 427 2221 487 Α
2249 414 2364 468 11οε
2396 430 2502 469 non
2536 413 2760 479 dicitur,
2795 421 2848 469 et
2875 454 2890 476 ,
2929 410 3043 468 Hoc
3078 427 3181 468 non
3224 420 3308 469 est
3337 431 3354 482 ;
3389 412 3441 469 in
3475 413 3658 470 multis
3691 419 3828 471 enim

572 512 675 564 sim
706 507 1018 572 defendere,
1047 505 1280 573 idipsum
1301 503 1630 560 afﬁrmante.
1661 504 1842 570 Quid?
1869 505 2049 576 potius
2071 505 2157 560 his

575 600 752 654 tribus
775 599 1105 652 credendum
1136 598 1262 660 erit.
1287 597 1456 654 semel
1487 599 1588 652 hoc
1603 598 1915 654 dicentibus
1937 608 1990 653 et
2007 596 2159 654 Scri-

570 684 854 764 pturarum
873 692 1180 746 testimonia
1198 690 1543 762 bujusipsius
1562 691 1785 747 minime
1808 692 2158 747 habentibus?

647 780 854 836 Deinde
903 780 1224 851 huiusmodi
1258 782 1403 844 dicta
1456 782 1678 853 penitus
1696 791 1828 837 sunt
1867 784 2151 853 ambigua.

569 876 635 930 Et
659 884 720 929 ut
754 873 996 945 primum
1021 875 1292 943 deprime
1319 874 1526 938 dicam,
1559 875 1815 944 quaniam
1839 876 1883 930 si
1911 875 2150 945 Spiritus

562 979 798 1022 sanctus
840 968 1082 1034 procedit
1130 978 1183 1022 et
1241 983 1306 1022 ex
1350 967 1709 1036 Filio,'Filius
1745 970 1848 1024 hoc
1893 970 2055 1025 habet
2083 984 2150 1024 ex

571 1059 755 1124 Patre.
776 1071 829 1115 et
852 1059 1014 1115 Pater
1040 1059 1324 1126 est‘Fons,
1346 1062 1439 1130 qui
1477 1077 1586 1115 non
1607 1076 1672 1115 ex
1699 1062 1806 1116 alio
1833 1062 2050 1128 habeat,
2084 1073 2167 1130 ut_

569 1153 641 1209 sit
677 1154 845 1219 Fons,
874 1154 1049 1209 vel-ex
1096 1153 1205 1209 alio
1227 1165 1486 1209 emanat:
1521 1153 1690 1211 Filius
1714 1171 1842 1210 vero
1895 1156 1950 1208 lit
1969 1155 2145 1210 veluti

561 1247 706 1301 'fons
759 1249 824 1302 de
875 1246 1047 1312 fonte,
1106 1247 1568 1317 quemadmodum
1615 1258 1668 1302 et
1721 1248 2047 1317 principium
2081 1247 2146 1302 de

571 1339 1092 1408 priucipiodicitur,
1125 1341 1394 1395 incertum
1437 1355 1665 1410 prorsus
1732 1341 1808 1406 iit,
1837 1356 1946 1410 quo
1976 1357 2141 1396 sensu

570 1434 672 1484 hoc
704 1431 845 1484 dixit
877 1432 966 1485 ille
989 1445 1252 1487 sanctus:
1279 1446 1460 1487 utrum
1492 1433 1740 1502 Sapiens,
1771 1434 1900 1504 quia
1921 1450 1985 1488 ex
2024 1435 2143 1489 solo

567 1521 740 1578 Patre
777 1526 1024 1593 procedit
1071 1525 1328 1594 Spiritus,
1369 1541 1435 1578 an
1470 1536 1620 1580 etex
1657 1525 1791 1581 Filio
1816 1527 2030 1596 quidem
2059 1530 2140 1596 ip-

568 1630 692 1669 sum
721 1620 959 1686 sapiens.
996 1617 1194 1673 Dicens
1226 1633 1356 1673 vero
1393 1619 1523 1673 illu’d
1560 1620 1806 1684 verbum,
1836 1634 1900 1674 ac
1929 1620 1975 1675 si
1996 1620 2142 1673 dice-

568 1723 674 1780 ret,
703 1711 1008 1766 solusfons
1033 1710 1584 1779 supersubstautialis
1620 1709 1870 1776 Deitatis,
1900 1712 1996 1780 qui
2028 1727 2134 1765 non

2261 508 2548 571 dissonat,
2582 523 2706 562 cum
2758 507 2862 563 sint
2927 507 3094 561 multa
3152 523 3272 576 qua:
3311 523 3419 563 non
3471 509 3754 576 dicuntur,
3781 521 3831 566 et

2259 609 2408 672 sunt.
2443 596 2601 654 Velut
2624 600 2667 654 si
2701 599 2824 669 quis
2851 599 3071 665 dixerit,
3105 598 3368 670 Spiritum
3432 614 3684 658 sanctum
3728 620 3827 658 non

2260 689 2364 744 dici
2425 690 2477 744 in
2512 691 2833 760 Scriptura:
2866 691 3035 746 Deum
3062 707 3236 746 verum
3295 694 3360 746 de
3385 692 3491 747 Deo
3525 711 3661 752 vero.
3697 695 3830 765 Ergo

2257 783 2513 852 quoniam
2580 783 2946 838 Damascenus
3010 799 3120 838 non
3185 783 3364 849 dixit,
3403 787 3548 856 quod
3599 786 3830 857 Spiritus

2257 883 2479 929 sanctus
2502 891 2608 928 non
2649 887 2733 931 est
2789 891 2853 930 ex
2917 875 3069 942 Filio,
3134 877 3231 932 sed
3263 879 3407 947 quod
3463 894 3575 933 non
3634 881 3830 935 dicitur

2253 984 2317 1021 ex
2343 964 2504 1025 Filio.
2533 969 2796 1022 incertum
2819 971 3006 1041 utique
3034 979 3116 1026 est
3145 973 3271 1041 quid
3303 971 3369 1026 de
3400 973 3501 1026 hoc
3525 974 3828 1028 sentiebat:

2256 1067 2437 1113 utrum
2492 1069 2697 1114 tantum
2764 1077 2939 1132 neque
2985 1072 3332 1130 ente,neque
3377 1065 3557 1126 dicto,
3609 1082 3676 1119 an
3714 1076 3828 1121 tan-

2251 1167 2411 1221 quam
2443 1168 2550 1205 nun
2579 1151 2742 1219 dicto,
2781 1165 2836 1208 at
2861 1163 3004 1209 eute.
3064 1154 3168 1210 Sed
3209 1155 3276 1210 de
3331 1157 3415 1211 his
3441 1157 3575 1212 satis
3609 1157 3706 1214 sit.

2322 1243 2618 1301 Videamus
2649 1263 2777 1318 ergo
2812 1262 2864 1302 et
2896 1249 3228 1303 fortissimos
3256 1249 3322 1303 ad
3355 1256 3455 1305 hoc
3499 1267 3693 1306 eorum
3723 1251 3824 1322 syl-

2250 1337 2535 1409 logismos.
2595 1340 2872 1409 Exponam
2925 1351 3105 1396 autem
3163 1357 3258 1397 eos
3311 1358 3417 1398 non
3471 1359 3586 1398 mea
3647 1345 3828 1399 erudi-

2248 1434 2415 1495 tione.
2434 1432 2528 1488 sed
2556 1444 2609 1487 ut
2634 1435 2696 1487 de
2717 1434 2882 1488 rcrho
2907 1435 2972 1488 ad
3003 1436 3227 1490 verbum
3247 1451 3342 1491 eos
3365 1437 3586 1506 exponit
3608 1438 3826 1507 quidam

2244 1533 2552 1578 nostratnm
2587 1525 2919 1594 sapientum,
2957 1527 3008 1580 in
3041 1542 3144 1581 suo
3193 1535 3383 1583 contra
3445 1529 3670 1586 Latinos
3721 1539 3827 1584 tra-

2239 1624 2420 1669 ctatu.
2457 1616 2546 1670 Ait
2575 1618 2720 1670 enim
2751 1617 2832 1672 sic
2860 1636 2875 1672 :
2914 1615 2969 1672 Si
2999 1617 3240 1688 Spiritus
3273 1632 3497 1678 sanctus
3513 1625 3829 1694 proceditet

2241 1724 2308 1763 ex
2365 1708 2526 1777 Filio,
2582 1721 2640 1765 ut
2694 1712 2847 1766 aiunt
2901 1710 3430 1787 Latini,-contingit
3493 1721 3826 1785 necessario,

565 1815 787 1861 emanat
829 1820 894 1859 ex
948 1803 1062 1857 alio
1129 1803 1278 1856 fonte
1302 1843 1320 1868 ,
1352 1810 1407 1856 et
1450 1816 1514 1856 ex
1548 1818 1657 1871 quo
1695 1802 1838 1857 alius
1869 1801 2053 1867 habet,
2091 1815 2146 1857 ut
2175 1803 2221 1864 Β
2251 1815 2345 1856 aut
2375 1802 2485 1857 duo
2510 1803 2774 1874 principia
2823 1819 2947 1860 esse
2979 1807 3031 1860 in
3085 1806 3334 1863 Deitatc:
3370 1819 3463 1864 aut
3513 1807 3733 1866 Patrem
3776 1828 3828 1874 ει

567 1899 638 1953 sit
665 1898 806 1959 fons.
843 1897 1001 1952 Pater
1030 1903 1136 1960 est,
1173 1896 1314 1965 apud
1347 1910 1508 1966 quem
1542 1905 1627 1949 est
1663 1893 1806 1962 fons,
1831 1894 2022 1960 Filius,
2057 1897 2136 1951 vi-

569 2001 659 2056 tre,
687 1988 902 2045 scilicet
951 1987 1219 2057 Spiritus.
1265 1987 1344 2040 Ad
1381 1993 1671 2054 utrumque
1720 1986 1863 2040 enim
1914 2001 2138 2042 sensum

567 2089 703 2142 satis
736 2102 794 2141 se
825 2093 1004 2156 potest
1029 2084 1232 2139 habere
1275 2080 1406 2138 illud
1436 2082 1680 2138 verbum.

642 2177 936 2233 Rursusde
964 2176 1188 2246 gemino
1232 2175 1404 2229 radio.
1453 2169 1637 2228 Primo
1668 2172 1887 2243 quidem
1920 2171 2138 2228 dubita-

552 2283 657 2327 ‘tur
688 2273 776 2326 ille
802 2287 1006 2333 sermo,
1046 2270 1098 2322 in
1147 2283 1258 2339 quo
1292 2269 1398 2323 hoc
1425 2267 1691 2339 scriptum
1718 2276 1821 2332 est,
1859 2277 2040 2323 utrum
2067 2267 2140 2322 sit

562 2362 870 2432 'I‘heologi,
931 2361 1163 2416 multum
1236 2360 1382 2414 enim
1435 2359 1606 2414 distat
1659 2360 1728 2414 ab
1785 2360 1904 2430 ejus
1951 2360 2138 2432 style:

562 2459 756 2513 deinde
784 2455 919 2511 nihil
952 2455 1205 2525 prohibet
1258 2461 1314 2509 et
1342 2460 1572 2520 utraque
1607 2453 1854 2522 intelligi,
1889 2462 1942 2508 et
1965 2452 2141 2523 gemi—

562 2567 696 2607 num
761 2551 973 2604 radium
1027 2564 1148 2604 esse
1179 2546 1359 2603 Patris
1420 2545 1618 2602 Filium
1645 2557 1700 2602 et
1725 2546 2018 2616 Spiritum,
2079 2547 2134 2601 in

564 2655 829 2712 quantum
883 2640 1122 2710 perfecte
1151 2652 1206 2694 et
1249 2639 1414 2695 ambo
1447 2654 1516 2694 ex
1570 2635 1733 2693 Patre
1763 2637 1963 2693 habent
1995 2654 2138 2694 esse.

551 2739 634 2793 νει
669 2753 862 2791 rursus
899 2734 1163 2805 Spiritum
1197 2741 1252 2786 et
1279 2747 1344 2788 ex
1385 2731 1524 2787 Filio
1577 2731 1893 2803 procedere,
1951 2733 2140 2787 eadem

558 2846 672 2883 una
701 2839 752 2883 et
775 2827 1011 2897 simplici
1040 2824 1412 2896 processione,
1437 2839 1542 2895 qua
1573 2834 1627 2878 et
1651 2839 1716 2878 ex
1746 2821 1911 2878 Patre
1948 2838 2142 2893 proce—

558 2924 665 2986 dit,
703 2939 807 2976 una
840 2921 1138 2974 exsistente
1193 2919 1248 2972 in
1288 2916 1449 2972 Patre
1479 2925 1534 2970 et
1577 2916 1715 2971 Filio
1752 2916 2012 2985 spirativa
2047 2930 2144 2986 po-

554 3016 740 3069 'lentia
765 3056 779 3075 ,
806 3014 958 3067 nullo
993 3010 1264 3075 mirando,
1295 3010 1341 3066 si
1373 3010 1427 3065 in
1465 3008 1770 3064 visibilibns
1797 3007 1964 3063 radiis
1980 3007 2143 3076 hujus

563 3105 875 3173 exetnplum
933 3119 1040 3156 non
1097 3101 1333 3155 videtur.
1389 3099 1661 3155 Incertum
1696 3113 1828 3168 ergo
1857 3099 1917 3153 ﬁt
1945 3113 2006 3152 ex
2041 3099 2143 3154 hoc

556 3202 755 3258 verbo,
783 3196 1043 3267 quidnam
1077 3196 1169 3264 qui
1199 3195 1300 3248 hoc
1329 3194 1489 3255 dixit,
1513 3192 1581 3248 de
1612 3193 1896 3262 pr0posito
1928 3192 2138 3247 sentie-

565 3290 679 3343 bat.
716 3287 777 3342 Et
808 3288 1044 3342 maxime
1075 3289 1219 3357 quod
1251 3287 1370 3357 ipse
1395 3283 1706 3357 Theologus
1754 3285 1942 3340 dicens
1969 3284 2035 3340 de
2054 3284 2141 3340 Fi-

557 3381 658 3445 lio,
711 3380 854 3450 quod
887 3380 1039 3436 solus
1066 3380 1134 3434 de
1165 3379 1320 3443 solo;
1358 3378 1427 3434 de
1446 3392 1555 3448 quo
1593 3390 1753 3433 nemo
1806 3385 1924 3433 erat
1954 3377 2139 3448 suspi-

580 3483 829 3536 caturus,
860 3488 928 3526 ne
964 3472 1102 3526 forte
1128 3470 1428 3526 secundum
1477 3470 1766 3535 Deitatem,
1797 3485 1904 3525 non
1927 3486 1992 3524 ex
2021 3471 2140 3525 solo

572 3568 646 3623 sit
675 3566 856 3621 Patre.
889 3565 964 3620 De
995 3564 1202 3636 Spiritu
1235 3572 1428 3619 sancto
1483 3577 1754 3632 nusquam
1800 3562 1916 3617 ait:
1947 3562 2135 3618 Solum

567 3663 635 3717 de
659 3662 798 3715 solo.
840 3658 916 3713 Ex
951 3673 1060 3728 quo
1091 3673 1197 3711 non
1223 3671 1444 3726 parram
1480 3655 1854 3727 suspicionem
1887 3666 2136 3724 prtestat,

552 3769 636 3808 ne
665 3751 803 3807 forte
833 3761 887 3807 et
915 3749 1154 3815 exFilio
1189 3751 1388 3805 sentiat
1423 3748 1626 3818 ipsum.

641 3845 1008 3901 Damascenus
1038 3860 1166 3901 vero
1196 3859 1331 3914 pene
1372 3844 1585 3899 videtur
1610 3845 1726 3897 sola
1757 3858 1886 3898 voce
1935 3842 2143 3898 discre-

553 3935 698 4008 pare
730 3939 797 3993 ah
824 3938 928 4000 his,
969 3937 1062 4007 qui
1095 3937 1284 3992 dicunt
1325 3952 1390 3991 ex
1440 3935 1578 3990 Filio
1605 3935 1863 4006 Spiritum
1888 3948 2137 3992 sanctum

565 4031 877 4099 procedere,
907 4046 1014 4085 non
1034 4039 1212 4084 tamen
1236 4040 1287 4086 et
1306 4045 1382 4085 re.
1408 4031 1486 4084 lta
1511 4045 1571 4084 se
1589 4028 1789 4084 habere
1811 4029 1876 4084 ad
1901 4027 2140 4096 Patrem,

565 4123 761 4180 Filium
796 4133 848 4178 et
893 4121 1178 4193 Spiritum,
1234 4122 1697 4192 quemadmodum
1744 4122 1814 4177 ad
1871 4121 2041 4176 solem
2082 4137 2141 4176 se

567 4220 732 4273 habet
763 4216 950 4270 radius
977 4225 1030 4268 et
1058 4212 1389 4269 illuminatio
1416 4230 1428 4266 :
1463 4229 1584 4283 qua:
1647 4223 1879 4282 utraque
1918 4214 2138 4283 quidem

560 4320 695 4366 sunt
721 4325 789 4364 ex
821 4307 955 4363 sole.
979 4307 1082 4362 Per
1107 4306 1318 4362 radium
1351 4320 1478 4360 vero
1503 4307 1662 4361 nobis
1685 4305 2138 4361 illuminatiunetn

565 4403 704 4458 tradi
733 4405 826 4456 ait.
862 4405 928 4456 At
969 4417 1096 4455 vero
1128 4401 1362 4468 idipsum
1415 4415 1555 4469 pene
1592 4411 1699 4464 est,
1749 4409 1804 4454 et
1835 4401 1978 4469 quod
2013 4414 2138 4455 scn-

2167 3163 2212 3221 ϐ

2246 1895 2444 1950 Filium
2498 1913 2661 1951 unam
2733 1915 2856 1954 esse
2907 1911 3158 1970 respectu
3213 1901 3453 1974 Spiritus
3509 1921 3821 1975 personam.

2245 1988 2388 2043 Duas
2419 1990 2564 2044 enim
2617 1991 2821 2046 scimus
2855 1991 3189 2051 differentias
3235 2010 3424 2051 eorum
3472 2012 3594 2067 quae
3621 1998 3687 2053 de
3715 1997 3822 2054 Deo

2245 2081 2526 2135 dicuntur.

2313 2175 2432 2229 Alia
2465 2176 2606 2230 enim
2643 2186 2768 2231 sunt
2799 2192 2986 2234 eorum
3015 2180 3397 2236 substantialis
3451 2190 3506 2238 et
3528 2184 3822 2246 naturalia.

2245 2282 2586 2336 quaecunque
2613 2279 2664 2322 et
2688 2269 2903 2324 dirisim
2927 2273 2991 2325 de
3011 2273 3253 2340 qualibet
3277 2289 3505 2344 persona
3524 2277 3828 2343 praedican-

2249 2369 2433 2420 tur.et
2454 2360 2808 2428 singulariter
2852 2363 3012 2417 simul
3053 2364 3120 2418 de
3167 2365 3448 2430 tribus;ut
3467 2365 3690 2434 bonum,
3736 2383 3824 2424 sa-

2246 2455 2400 2518 piens
2427 2462 2476 2507 et
2510 2453 2738 2510 similia.
2770 2455 2888 2509 Alia
2924 2466 3053 2510 sunt
3081 2459 3384 2528 personalia
3406 2501 3420 2525 ,
3443 2475 3681 2530 quorum
3712 2461 3825 2518 sin-

2244 2547 2427 2613 gulnm
2469 2557 2562 2601 aut
2592 2549 2654 2604 de
2681 2564 2786 2603 una
2815 2548 2926 2602 sola
2966 2565 3195 2618 persona
3233 2552 3561 2621 praedicatur
3580 2592 3601 2620 ,
3630 2563 3728 2608 aut
3775 2555 3821 2611 si

2244 2639 2579 2707 praedicatur
2641 2641 2858 2696 divisim
2906 2643 2972 2697 de
3031 2642 3299 2713 pluribus,
3339 2644 3683 2715 impossibile
3743 2657 3822 2702 ta-

2245 2750 2365 2788 men
2407 2745 2526 2799 est,
2552 2735 2717 2790 simul
2749 2734 3098 2806 singulariter
3143 2737 3211 2792 de
3248 2719 3456 2793 eisdem
3514 2739 3818 2810 praedicari.

2247 2821 2318 2877 Ut
2343 2838 2597 2877 emanare
2626 2839 2692 2878 ex
2717 2823 2847 2888 alio,
2877 2839 3000 2878 cum
3042 2825 3113 2879 sit
3156 2826 3464 2895 personale,
3493 2829 3822 2898 praedicatur

2249 2926 2303 2970 et
2327 2916 2391 2969 de
2422 2915 2581 2980 Filio,
2614 2925 2669 2971 et
2695 2918 2759 2971 de
2799 2915 3006 2986 Spiritu
3041 2928 3138 2981 ;et
3171 2926 3256 2972 est
3307 2916 3477 2974 Filius
3527 2935 3818 2985 emanans,

2244 3017 2301 3063 et
2372 3007 2607 3076 Spiritus
2649 3025 2952 3076 emanans;
3005 3025 3113 3064 non
3160 3021 3342 3065 tamen
3403 3011 3455 3066 bi
3508 3013 3617 3067 duo
3673 3029 3820 3068 unus

2246 3117 2510 3156 emanans
2553 3113 2654 3172 est,
2689 3101 2782 3157 sed
2842 3103 2951 3157 duo
2983 3111 3324 3158 emanantes.
3350 3101 3487 3158 Vere
3523 3103 3670 3160 enim
3713 3103 3827 3160 im-

2229 3188 2510 3264 possibile
2559 3206 2659 3257 est,
2698 3210 2858 3249 unam
2916 3195 3260 3265 personalem
3314 3195 3706 3266 proprietatem
3753 3199 3822 3253 de

2246 3289 2458 3344 duabus
2516 3289 2806 3359 personis,
2849 3288 3068 3344 etiamsi
3116 3289 3226 3345 sint
3272 3287 3513 3358 ejusdem
3564 3291 3827 3346 substan-

2248 3377 2353 3442 tite,
2385 3378 2733 3446 singulariter
2766 3378 3072 3447 praedicari.

2315 3474 2575 3540 Quamvis
2606 3473 2750 3528 enim
2791 3474 2958 3545 aliqui
2983 3474 3093 3531 duo
3119 3474 3260 3530 idem
3314 3475 3564 3540 audiunt,
3619 3477 3707 3540 vel
3741 3476 3824 3532 vi-

2243 3568 2391 3634 dent,
2436 3569 2517 3623 vel
2547 3568 2878 3640 intelligunt,
2933 3569 3016 3624 vel
3053 3569 3264 3634 volunt,
3315 3570 3398 3624 vel
3446 3571 3820 3642 quodcunque

2243 3668 2450 3729 agunt:
2491 3673 2594 3712 non
2619 3666 2798 3713 tamen
2837 3672 3130 3727 possumus
3166 3659 3514 3730 dicere,quod
3555 3677 3700 3715 unus
3725 3678 3822 3715 au-

2243 3749 2418 3809 dirns.
2447 3750 2527 3804 vel
2571 3749 2780 3816 videns,
2825 3749 2908 3805 vel
2959 3752 3287 3821 intelligens,
3337 3753 3420 3806 vel
3467 3753 3654 3808 volens
3698 3764 3818 3819 est,

2240 3844 2334 3895 sed
2367 3845 2498 3896 duo.
2538 3840 2678 3913 Ergo
2717 3843 2979 3912 quoniam
3016 3858 3143 3899 esse
3193 3843 3522 3914 principium
3562 3841 3824 3914 Spiritus,

2242 3943 2297 3988 et
2330 3935 2538 4002 spitare
2585 3933 2875 4004 Spiritum,
2927 3951 3036 3991 non
3087 3945 3171 3992 est
3219 3937 3663 3993 substantialium
3697 3953 3823 4009 pro-

2244 4027 2558 4095 prietatum,
2605 4028 2698 4082 sed
2730 4029 3139 4098 personalium;
3167 4044 3273 4085 non
3313 4031 3459 4085 enim
3493 4030 3825 4101 przmliCattll'

2242 4119 2309 4170 de
2361 4115 2592 4188 Spiritu,
2643 4119 2935 4189 siqttidem,
2991 4130 3049 4174 ut
3102 4121 3204 4191 ipsi
3253 4122 3427 4189 aiunt,
3476 4132 3531 4176 et
3583 4122 3654 4178 de
3683 4122 3824 4178 Filio

2241 4212 2607 4280 pratdicatur:
2666 4213 3038 4268 necessarium
3091 4227 3196 4282 est,
3256 4215 3438 4270 dicere
3497 4216 3715 4272 Patrem
3771 4227 3825 4272 et

2243 4303 2438 4360 Filium
2500 4309 2636 4361 duos
2703 4307 3023 4375 spiratores,
3088 4317 3142 4361 et
3208 4308 3314 4363 duo
3378 4309 3647 4380 principia
3701 4326 3824 4366 esse

2244 4397 2481 4467 Spiritus
2521 4399 2718 4453 sancti.
2747 4397 2901 4464 Quod
2939 4413 3037 4468 pro
3078 4409 3229 4455 certo
3278 4401 3668 4456 inconveniens
3719 4411 3822 4456 est.

559 4500 728 4562 tiuut,
769 4505 821 4550 et
863 4512 928 4551 ex
965 4493 1104 4549 Filio
1136 4493 1398 4564 Spiritum
1453 4501 1703 4548 sanctum
1753 4508 1879 4548 esse
1929 4493 2135 4547 dicunt.
2174 4507 2213 4559 ι)
2315 4493 2371 4547 Si
2406 4507 2531 4547 vero
2563 4491 2692 4546 dicit
2720 4491 2940 4561 aliquis,
2995 4494 3251 4561 quOniam
3289 4507 3394 4546 uno
3419 4502 3473 4548 et
3503 4492 3740 4563 simplici
3771 4504 3825 4545 et

565 4591 719 4644 Sicut
757 4591 904 4646 enim
942 4588 1128 4642 radius
1156 4587 1319 4642 simul
1345 4587 1586 4656 procedit
1606 4587 1674 4641 de
1705 4587 1844 4655 sole,
1897 4597 1952 4642 et
1981 4602 2140 4641 acce—

565 4685 640 4752 pit
663 4698 727 4737 ex
759 4697 847 4747 eo,
879 4691 938 4736 ut
984 4681 1252 4736 emitteret
1313 4679 1764 4734 illuminationem
1798 4695 1814 4736 :
1865 4679 1940 4733 ita
1968 4687 2021 4734 et
2053 4679 2141 4733 Fi-

564 4779 691 4840 lius,
732 4786 789 4833 ut
826 4778 1001 4841 aiunt,
1037 4775 1199 4831 simul
1235 4785 1393 4829 natus
1425 4783 1510 4828 est
1555 4789 1616 4827 ex
1655 4771 1834 4837 Patre,
1862 4783 1915 4827 et
1943 4773 2140 4840 accipit

566 4867 634 4920 ab
658 4881 723 4920 eo
765 4866 973 4933 spirare
1013 4865 1304 4932 Spiritum.
1340 4861 1402 4916 Et
1437 4863 1582 4918 sicut
1615 4863 1729 4916 sive
1761 4862 1976 4917 dicatur
2016 4862 2140 4917 illu-

567 4959 794 5014 minatio
818 4961 932 5028 ipsa
961 4970 1014 5013 et
1038 4975 1103 5014 ex
1138 4960 1251 5014 sole
1288 4974 1428 5024 esse,
1463 4968 1516 5012 et
1565 4973 1629 5011 ex
1668 4957 1842 5023 radio,
1900 4957 2016 5012 sive
2072 4973 2137 5010 ex

565 5050 679 5103 sole
707 5066 800 5119 per
837 5049 1069 5113 radium,
1093 5065 1195 5104 non
1225 5060 1481 5119 tanquam
1507 5065 1570 5102 ex
1589 5047 1802 5102 duobus
1833 5047 2139 5117 principiis,

567 5143 679 5195 sole
694 5154 746 5196 et
765 5141 1282 5206 radio,illuminatio
1316 5157 1437 5196 esse
1467 5141 1689 5205 dicitur,
1713 5141 1791 5194 ita
1814 5151 1867 5194 et
1893 5140 1996 5209 ipsi
2038 5139 2138 5192 mi-

568 5235 711 5287 nime
733 5235 886 5287 aiunt
918 5244 1174 5302 tanquam
1199 5248 1262 5287 ex
1317 5233 1530 5289 duobus
1566 5233 1847 5303 principiis
1874 5231 2136 5302 Spiritum

561 5338 811 5381 sanctum
833 5328 1128 5395 procedere
1159 5341 1225 5381 ex
1255 5325 1410 5378 Patre
1438 5323 1725 5394 Filioque;
1753 5324 1847 5380 sed
1880 5334 2135 5394 tanquam

564 5435 628 5474 ex
667 5436 794 5473 uno.
815 5419 1000 5484 Quare
1027 5419 1294 5475 eteadem
1322 5434 1459 5490 pene
1487 5418 1700 5472 videtur
1733 5419 1938 5471 sentire
1971 5416 2055 5471 his
2086 5426 2140 5472 et

569 5511 954 5566 Damasccuus.

637 5606 708 5657 At
736 5607 852 5658 sine
891 5606 996 5660 hoc
1035 5603 1171 5660 radii
1210 5613 1264 5659 et
1302 5602 1714 5658 illuminatinnis
1766 5602 2034 5673 exemplo,
2061 5602 2142 5655 di-

565 5709 714 5753 ctum
751 5699 881 5751 illud
916 5714 1009 5767 per
1041 5713 1120 5763 se,
1176 5713 1284 5766 quo
1317 5697 1449 5752 dicit
1476 5715 1490 5752 :
1518 5697 1754 5768 Spiritus
1805 5711 1910 5750 non
1942 5695 2137 5749 dicitur

567 5803 630 5842 ex
659 5788 810 5855 Fdio,
845 5791 1157 5860 ambiguum
1189 5801 1288 5845 est.
1317 5789 1434 5845 Non
1469 5790 1612 5843 enim
1649 5786 1792 5843 idem
1819 5795 1904 5843 est
1932 5788 2134 5854 dicere,

2242 4589 2428 4637 eodem
2461 4585 2620 4636 modo
2675 4599 2739 4635 ex
2798 4593 3028 4651 utroque
3060 4583 3326 4653 procedit,
3384 4583 3508 4639 ideo
3538 4600 3684 4638 unus
3739 4595 3826 4640 est

2243 4675 2566 4742 simpliciter
2600 4677 2838 4743 spirator
2868 4675 3106 4742 Spiritus
3130 4676 3304 4730 sancti
3340 4677 3502 4732 Pater
3528 4688 3582 4732 et
3613 4677 3820 4734 Filius:

2244 4766 2336 4820 ille
2396 4766 2707 4819 necessario
2760 4765 2950 4820 incidit
2999 4766 3053 4820 in
3108 4767 3341 4821 alterum
3403 4768 3824 4824 inconveniens.

2246 4858 2318 4911 De
2353 4857 2554 4926 quibus
2592 4859 2736 4911 enim
2787 4874 2889 4912 una
2926 4874 3154 4912 numero
3185 4862 3487 4929 personalis
3519 4863 3826 4930 pr0prietas

2242 4967 2335 5005 seu
2363 4949 2669 5005 didereutia
2701 4951 3052 5021 singulariter
3085 4953 3412 5019 praedicatur
3439 4993 3454 5018 ,
3489 4956 3579 5010 illa
3636 4957 3830 5026 utique

2242 5046 2542 5100 secundum
2599 5059 2762 5097 unam
2823 5059 3049 5098 numero
3113 5045 3558 5115 praedicationem
3631 5053 3824 5105 eadem

2243 5152 2469 5191 numero
2507 5148 2656 5192 sunt.
2688 5135 2913 5201 Quare?
2949 5137 3076 5207 quia
3120 5136 3441 5207 spiratorem
3482 5155 3606 5195 esse
3635 5158 3829 5210 perso-

2243 5230 2382 5283 nalis
2425 5239 2506 5284 est
2564 5231 2868 5298 proprietas
2927 5245 3022 5284 seu
3074 5230 3400 5292 diﬂ‘erentia,
3455 5248 3829 5305 aggregantur

2243 5323 2402 5378 Pater
2431 5333 2482 5376 et
2523 5322 2693 5377 Filius
2723 5323 3026 5378 secundum
3050 5324 3099 5376 id
3135 5324 3310 5393 ipsum
3341 5326 3486 5394 quod
3517 5340 3644 5380 sunt
3675 5345 3824 5382 unus

2244 5414 2490 5484 Spirator
2519 5415 2584 5467 ad
2617 5429 2777 5467 unam
2813 5430 3126 5484 personam.
3169 5416 3324 5469 Pater
3381 5433 3511 5485 ergo
3568 5429 3622 5472 et
3653 5418 3832 5476 Filius

2245 5512 2294 5562 in
2341 5519 2600 5578 quantum
2655 5510 2720 5563 ad
2765 5509 2995 5562 invicem
3048 5510 3382 5588 referuntur,
3412 5512 3532 5567 dua:
3578 5529 3834 5583 persona

2241 5613 2387 5658 sunt.
2446 5604 2548 5658 Per
2583 5604 2632 5656 id
2667 5618 2793 5657 vero
2846 5602 2991 5673 quod
3039 5617 3180 5657 unus
3235 5604 3469 5673 spirator
3524 5618 3674 5673 sunt,
3719 5624 3831 5664 una

2243 5713 2473 5764 persona
2497 5707 2646 5750 sunt.

2316 5788 2372 5842 Si
2406 5805 2534 5845 vero
2568 5789 2698 5845 dicit
2733 5790 2959 5861 aliquis,
2991 5791 3137 5862 quod
3179 5792 3320 5848 sicut
3354 5790 3513 5847 Pater
3570 5806 3622 5848 et
3656 5792 3834 5853 Filius
