4122 6240
365 261 499 329 1'297

1545 266 1788 327 EPIS'I‘.
1833 265 1932 324 AD
1965 264 2494 335 BAR-LAA-MTUML,

3479 278 3638 355 ηπ

361 400 506 441 unus
560 383 702 441 Deus
752 392 840 442 est
864 395 919 441 et
963 401 1105 442 unus
1149 393 1406 452 mternus,
1444 383 1517 438 ita
1561 395 1615 440 et
1653 400 1793 439 unus
1851 390 1935 437 est
1965 387 2005 442 Α
2040 384 2207 442 Deum
2236 392 2571 464 superiorem
2589 393 2752 449 etiam
2770 408 2888 450 esse
2933 395 3205 466 praedictis
3223 393 3436 450 duabus
3465 409 3617 448 com-

359 478 596 545 spirator
616 477 850 545 Spiritus
883 480 1096 534 sancti:
1132 477 1581 548 respondebitur,
1618 477 1760 546 quod
1787 477 1931 533 sicut

361 568 527 623 Deum
552 585 692 634 esse,
710 579 765 624 et
783 579 1046 624 aeternum
1073 585 1192 625 esse
1211 581 1265 624 et
1283 569 1388 624 alia
1407 569 1786 624 substantialia
1805 569 1924 624 sin-

356 663 624 732 gulariter
653 664 719 718 de
751 662 912 719 Patre
937 674 992 719 et
1020 661 1158 718 Filio
1186 663 1497 732 prazdicata,
1527 671 1927 733 reprasentant

357 771 542 810 eorum
573 772 736 812 unam
773 757 1135 812 substantiam
1164 765 1219 812 et
1248 757 1547 812 essentiam
1576 775 1592 812 :
1622 758 1798 828 magis
1826 773 1928 812 au-

361 859 465 901 tem
496 864 593 917 per
620 847 674 904 id
707 849 851 920 quod
883 865 1071 904 eorum
1133 857 1218 905 est
1255 850 1595 915 simpliciter,
1631 857 1684 904 et
1715 865 1931 905 summe

357 955 464 996 una
494 942 796 998 substantia
824 958 842 1002 :
866 942 1135 1013 contingit
1175 951 1229 998 et
1254 945 1369 998 ilch
1408 943 1788 1000 substantialia
1817 945 1932 998 sin-

351 1036 475 1102 gula
511 1033 615 1088 iter
657 1035 725 1087 de.
767 1034 848 1088 eis
873 1036 1177 1104 praedicari,
1235 1034 1308 1090 ita
1334 1043 1387 1089 et
1412 1050 1536 1091 esse
1560 1035 1926 1104 spiratorem;

355 1138 480 1176 cum
540 1123 613 1202 sit
654 1124 958 1188 personalis
1015 1127 1321 1196 proprietas
1373 1142 1469 1181 seu
1519 1125 1826 1182 diti'erentia
1875 1136 1931 1182 et

356 1216 717 1285 singulariter
753 1218 1080 1286 praedicetur
1111 1219 1178 1273 de
1207 1217 1366 1272 Patre
1393 1226 1448 1274 et
1481 1217 1641 1282 Filio,
1675 1221 1928 1290 assigna-

355 1308 432 1362 bit
465 1323 653 1362 eorum
701 1324 866 1364 unam
915 1325 1041 1365 esse
1095 1311 1394 1367 secundum
1453 1311 1554 1366 hoc
1612 1326 1922 1380 personam.

351 1402 521 1474 lingis
548 1413 728 1458 autem
760 1418 827 1458 ex
859 1419 944 1468 eo,
982 1405 1126 1476 quod
1157 1414 1305 1460 esset
1357 1405 1658 1460 secundum
1716 1407 1927 1474 spirare

351 1509 542 1550 eorum
571 1511 678 1549 una
715 1510 948 1566 persona
975 1533 991 1560 ,
1033 1498 1372 1568 contingeret
1422 1497 1525 1551 hoc
1576 1497 1928 1567 singulariter

350 1589 420 1640 de
451 1587 532 1642 eis
581 1587 890 1660 praedicari.
944 1588 1001 1643 Si
1035 1603 1166 1645 vero
1198 1589 1302 1646 hoc
1341 1589 1677 1660 impossibile
1725 1599 1826 1656 est,
1873 1602 1926 1647 et

351 1679 481 1735 illud
511 1695 578 1736 ex
607 1697 717 1750 quo
746 1692 924 1738 ortum
956 1684 1061 1739 hoc
1090 1693 1174 1739 est
1205 1685 1568 1753 impossibile.

419 1771 536 1828 Hoc
564 1782 654 1827 .est
694 1773 838 1828 illius
868 1787 1271 1845 argumentum,
1302 1777 1446 1846 quod
1481 1777 1633 1832 multi
1680 1779 1834 1834 aiunt
1867 1779 1926 1836 in

351 1866 498 1921 milio
563 1867 792 1921 deficere
842 1866 918 1937 (l)
954 1867 1019 1921 ad
1075 1868 1458 1925 necessitatem
1509 1885 1540 1924 a
1594 1874 1922 1939 geometrica

349 1960 836 2015 demonstratione.
864 1957 1061 2014 Totum
1094 1975 1222 2015 vero
1284 1961 1452 2015 robur
1477 1961 1595 2030 ejus
1628 1963 1823 2031 pendet
1855 1979 1923 2020 ex

348 2054 562 2108 duabus
588 2053 978 2109 communibus
1039 2052 1404 2110 notionibus:
1444 2071 1550 2110 una
1607 2071 1732 2127 qum
1769 2058 1925 2124 ponit

350 2144 688 2217 impossibile
734 2162 881 2214 esse,
933 2162 1097 2202 unam
1139 2149 1482 2218 personatam
1535 2149 1926 2219 proprietatem

349 2239 416 2294 de
441 2242 652 2296 duabus
699 2243 947 2309 personis
995 2240 1345 2308 singulariter
1379 2241 1683 2309 pmdimri.
1741 2243 1924 2300 Altera

348 2345 479 2384 vero
511 2346 633 2398 qua:
672 2332 859 2395 sumit,
888 2331 955 2386 de
985 2332 1184 2399 quibus
1216 2347 1322 2386 una
1365 2348 1594 2388 numero
1624 2336 1926 2404 personalis

349 2423 649 2492 proprietas
684 2423 1029 2493 singulariter
1067 2425 1396 2494 pradicatur
1419 2465 1434 2490 ,
1472 2427 1559 2480 illa
1618 2427 1924 2484 secundum

348 2513 488 2568 idem
524 2515 712 2570 eadem
745 2530 864 2571 esse
905 2530 1151 2573 numero.
1211 2515 1276 2572 Et
1334 2532 1458 2572 vere
1506 2518 1554 2572 si
1586 2519 1783 2574 scirem
1824 2536 1923 2590 pro

347 2616 518 2670 certo,
555 2607 653 2661 bas
679 2607 928 2664 notiones
956 2623 1279 2665 communes
1311 2625 1468 2666 veras
1509 2626 1631 2666 esse
1660 2621 1713 2667 et
1745 2613 1796 2668 in
1828 2630 1923 2669 su-

347 2700 786 2768 persubstantiali
822 2701 1083 2765 essentia,
1128 2704 1426 2772 reciperem
1489 2705 1674 2774 utique
1703 2715 1756 2760 et
1788 2723 1923 2761 con-

346 2790 668 2845 clusionem.
704 2791 808 2846 Sed
858 2807 958 2862 ego
999 2792 1101 2846 hoc
1155 2793 1318 2848 nimis
1377 2794 1590 2865 ignoro.
1627 2795 1691 2850 Et
1734 2798 1923 2854 eadem

346 2883 479 2939 mihi
513 2883 772 2939 eveniunt
798 2884 1077 2950 haesitare,
1109 2901 1231 2956 qua
1280 2888 1346 2942 ad
1403 2887 1721 2944 Latinorum
1753 2891 1922 2963 syllo-

344 2978 548 3046 gismos
593 2978 844 3047 superius
897 2979 1234 3039 dubitabam.
1267 2979 1401 3036 Nam
1442 2985 1544 3039 etsi
1593 2987 1925 3042 concedatur

2039 481 2296 536 munibus
2313 484 2650 541 notionibus.
2692 485 2807 542 Hoc
2832 487 2962 541 mihi
3003 487 3170 542 multo
3207 486 3378 542 tutius
3406 495 3459 540 et
3489 486 3616 540 relio

2039 575 2247 643 giosius
2278 576 2518 635 videtur.

2109 666 2402 724 Videamus
2431 669 2485 724 si'
2500 670 2673 739 placet
2688 681 2740 724 et
2763 669 2906 724 aliud
2935 668 3178 740 ejusdem
3207 676 3610 738 argumentum.

2039 759 2332 826 Quoniam,
2371 764 2466 828 ait,
2495 761 2657 818 Pater
2683 773 2735 818 et
2789 762 2961 818 Filius
2987 771 3115 835 sunt
3150 773 3204 818 et
3237 777 3426 824 unum,
3486 768 3614 814 sunt

2030 864 2085 907 et
2113 854 2241 908 duo.
2279 857 2385 910 Aut
2417 856 2659 925 procedit
2709 856 2946 925 Spiritus
2989 871 3052 911 ex
3084 855 3244 910 Patre
3278 865 3334 910 et
3361 853 3526 920 Filio,
3557 854 3612 906 in

2033 958 2301 1016 quantum
2360 963 2527 1002 unum
2580 957 2729 1015 sunt,
2762 958 2854 1004 aut
2903 949 2957 1003 in
3005 957 3269 1016 quantum
3315 948 3425 1002 duo
3452 955 3613 1010 sunt;

2031 1040 2125 1095 sed
2154 1040 2198 1094 si
2219 1041 2271 1094 in
2297 1051 2563 1111 quantum
2587 1041 2696 1096 duo
2713 1050 2862 1108 sunt,
2888 1052 3048 1096 erunt
3069 1041 3192 1096 dua:
3231 1039 3615 1111 processiones

2032 1140 2088 1186 et
2109 1131 2219 1185 duo
2257 1132 2562 1202 principia;
2603 1135 2648 1188 si
2680 1147 2809 1187 vero
2837 1133 2890 1186 in
2941 1141 3206 1204 quantum
3251 1146 3420 1187 unum
3460 1138 3608 1194 sunt,

2031 1223 2292 1290 quoniam
2327 1223 2428 1277 hoc
2459 1239 2624 1279 unum
2646 1235 2728 1278 est
2757 1225 3064 1280 substantia
3096 1233 3151 1277 et
3187 1232 3380 1284 natura
3409 1233 3461 1276 et
3489 1223 3615 1276 Dei-

2032 1321 2137 1374 tas,
2171 1311 2334 1367 Pater
2360 1297 2489 1385 ergo
2535 1326 2589 1370 et
2639 1313 2832 1383 Filius,
2880 1331 2977 1390 per
3026 1317 3079 1371 id
3123 1322 3266 1387 quod
3323 1333 3428 1369 una
3481 1324 3614 1370 sunt

2030 1407 2342 1461 substantia
2403 1416 2458 1461 ct
2492 1416 2688 1463 natura
2739 1417 2794 1464 et
2828 1409 3032 1475 Deitas,
3070 1411 3281 1479 spirant
3322 1410 3608 1481 Spiritum.

2028 1497 2100 1551 At
2127 1513 2256 1553 vero
2306 1499 2606 1555 secundum
2657 1502 2707 1556 id
2760 1502 2905 1573 quod
2957 1503 3170 1573 spirant
3216 1500 3502 1571 Spiritum,
3554 1508 3611 1555 et

2031 1589 2390 1646 diﬂ'eruntab
2441 1607 2528 1647 eo.
2575 1595 2740 1651 Pater
2783 1609 2916 1666 ergo
2971 1605 3024 1650 et
3077 1594 3249 1649 Filius
3301 1596 3608 1650 secundum

1956 1729 2000 1784 Β
2033 1699 2221 1746 unam.
2273 1703 2434 1756 quam
2491 1688 2695 1745 habent
2743 1690 3109 1746 substantiam
3165 1698 3220 1745 et
3249 1699 3521 1745 naturam
3555 1698 3612 1745 et

2030 1775 2321 1842 Deitatem,
2364 1778 2682 1834 diiierunta
2733 1779 2964 1849 Spiritu.
3019 1779 3138 1836 Non
3189 1795 3320 1850 ergo
3369 1780 3610 1849 Spiritus

2027 1868 2270 1934 ejusdem
2305 1880 2389 1925 est
2415 1872 2641 1925 omnino
2675 1887 2799 1927 cum
2845 1873 3002 1926 Patre
3034 1883 3089 1928 et
3116 1872 3253 1927 Filio
3278 1873 3605 1927 substantiae

2025 1968 2080 2015 et
2115 1973 2318 2017 natura:
2339 1971 2391 2015 et
2421 1963 2678 2028 Deitatis;
2709 1963 2855 2033 quod
2905 1972 3114 2019 contra.
3156 1963 3315 2018 iidem
3365 1971 3609 2017 mstram

2027 2062 2131 2107 est.
2164 2052 2258 2108 Est
2281 2065 2460 2108 autem
2488 2055 2578 2110 hic
2606 2055 3028 2126 paralogismus,
3061 2071 3156 2125 per
3185 2056 3237 2110 id
3269 2054 3415 2124 quod
3445 2053 3616 2109 sumit

2026 2145 2378 2216 simpliciter,
2409 2147 2554 2216 quod
2587 2147 2890 2202 secundum
2944 2148 3074 2217 quid
3107 2147 3452 2202 conceditur.
3507 2142 3612 2198 La-

2029 2238 2126 2292 tini
2156 2236 2303 2293 enim
2341 2254 2518 2309 neque
2557 2255 2658 2309 per
2693 2240 2758 2294 id
2777 2241 2921 2310 quod
2955 2240 3066 2295 duo
3099 2249 3227 2295 sunt
3258 2240 3417 2293 Pater
3443 2249 3496 2293 et
3525 2235 3614 2292 Fi-

2028 2330 2158 2392 lius.
2199 2330 2350 2385 aiunt
2384 2346 2447 2385 ex
2496 2331 2632 2402 ipsis
2658 2332 2954 2402 procedere
2995 2331 3281 2401 Spiritum,
3317 2345 3490 2400 neque
3521 2343 3611 2401 see

2025 2423 2267 2479 cundum
2297 2424 2442 2495 quod
2471 2424 2800 2495 simpliciter
2821 2441 2990 2479 unum
3013 2433 3165 2488 sunt,
3188 2425 3284 2479 sed
3309 2421 3612 2480 secundum

2026 2514 2078 2569 id
2100 2518 2244 2586 quod
2265 2516 2469 2587 aliquid
2495 2533 2664 2571 unum
2687 2526 2836 2584 sunt,
2856 2517 3062 2573 scilicet
3096 2517 3396 2572 secundum
3419 2529 3609 2578 unam,

2025 2625 2188 2683 quam
2224 2611 2432 2666 habent
2465 2610 2786 2682 Spirativam
2845 2611 3168 2680 potentiam.
3207 2607 3350 2677 Quid
3401 2607 3611 2678 igitur!

2024 2706 2108 2761 illi
2146 2707 2448 2761 secumlum
2498 2705 2702 2776 aliquid
2737 2702 3086 2760 concedunt:
3122 2703 3227 2758 iste
3285 2700 3611 2770 simpliciter

2025 2816 2248 2857 sumens
2273 2799 2701 2870 paralogismum
2753 2798 2901 2854 fecit.
2956 2795 3053 2852 Est
3079 2805 3260 2852 autem
3286 2795 3530 2866 ejusdem
3556 2803 3614 2850 et

2027 2892 2134 2945 tale
2165 2899 2570 2963 argumentum.

2098 2982 2233 3045 Nos,
2268 2983 2365 3048 ait,
2393 2981 2589 3037 Filium
2619 2991 2671 3036 et
2705 2982 2966 3052 Spiritum
3010 2997 3038 3035 a
3074 2980 3190 3036 solo
3234 2980 3396 3035 Patre
3425 2980 3610 3034 dicen.-

343 3073 398 3126 in
437 3073 523 3128 his
553 3071 736 3136 rebus,
760 3087 880 3142 qua:
911 3073 1015 3128 sub
1052 3087 1234 3131 mente
1275 3083 1460 3131 nostra
1503 3085 1654 3144 sunt,
1677 3094 1908 3148 quarum
1938 3070 1982 3128 (Ξ
2016 3083 2094 3130 tes
2127 3074 2325 3130 habere
2351 3073 2669 3138 essentiam,
2728 3075 2872 3144 quod
2927 3089 3020 3143 per
3058 3073 3242 3126 omnia
3286 3072 3433 3126 entia
3482 3087 3613 3126 con-

344 3165 594 3221 videlicet
623 3164 969 3234 lntelligendo
996 3167 1364 3232 dominamur,
1397 3178 1451 3224 et
1475 3185 1612 3238 quas
1645 3172 1920 3241 tangimus

343 3273 397 3315 et
443 3259 982 3330 comprehendimus,
1030 3274 1190 3316 veras
1224 3277 1347 3316 esse
1379 3263 1556 3317 dictas
1600 3279 1919 3322 communes

345 3354 622 3415 notiones,
651 3351 798 3422 quod
828 3351 991 3406 etiam
1043 3352 1219 3422 ipsum
1259 3353 1454 3410 multas
1491 3367 1676 3428 potest.
1718 3357 1919 3411 habere

345 3442 829 3508 contradictiones,
882 3457 1005 3512 quze
1052 3443 1356 3499 necessitas
1398 3453 1504 3511 est,
1560 3454 1618 3500 ut
1669 3446 1830 3500 etiam
1863 3447 1920 3502 in

344 3524 703 3590 dissimilibus
732 3544 786 3590 et
816 3533 976 3589 aliter
1026 3550 1085 3590 se
1134 3534 1460 3590 habentibus
1510 3537 1672 3592 rebus
1734 3547 1791 3592 et
1821 3554 1922 3595 no-

345 3641 491 3686 stras
515 3627 758 3684 inﬁrmas
790 3627 1166 3698 intelligentias
1199 3627 1690 3684 iniiniticsinﬁnite
1710 3629 1921 3702 fugien-

349 3720 537 3781 tibus,
575 3727 632 3774 et
689 3717 809 3772 ideo
867 3718 1508 3787 incomprehensibilibus
1567 3729 1620 3776 et
1665 3724 1920 3792 superin-

349 3812 716 3881 telllgibilibus
747 3812 945 3866 eaedem
982 3812 1092 3867 sint
1126 3813 1310 3868 verae?
1359 3812 1416 3868 Si
1472 3816 1616 3871 enim
1665 3833 1792 3874 vero
1830 3835 1921 3874 su-

346 3907 530 3974 perius
575 3904 917 3969 dicebamus,
971 3919 1080 3958 non
1135 3922 1327 3960 omnes
1379 3906 1432 3961 in
1490 3908 1710 3964 entibus
1762 3927 1920 3968 veras

347 4012 668 4051 communes
693 3996 967 4060 neliones,
996 4009 1048 4050 et
1078 4011 1250 4065 usque
1285 3999 1350 4052 ad
1393 4000 1921 4069 supersubstantiale

345 4105 506 4161 posse
537 4088 949 4145 conscendere:
983 4089 1125 4142 unde
1178 4105 1275 4157 pro
1334 4100 1483 4146 certo
1512 4094 1773 4159 sciemus,
1809 4096 1929 4152 haec

346 4199 578 4252 quarum
606 4195 756 4244 sunt,
798 4190 981 4236 utrum
1029 4197 1244 4248 earum,
1283 4198 1404 4252 quae
1437 4200 1608 4253 usque
1645 4185 1772 4242 illuc
1822 4203 1920 4242 ex-

345 4274 663 4335 tenduntur,
691 4289 757 4327 an
789 4273 944 4326 non?
977 4270 1166 4342 Neque
1213 4275 1357 4328 enim
1391 4274 1444 4328 in
1501 4276 1647 4330 notis
1686 4277 1849 4332 rebus
1889 4294 1918 4332 a

347 4368 506 4421 nobis
534 4364 882 4434 reperiuntur
907 4362 1010 4418 alia
1042 4362 1173 4426 duo,
1209 4378 1332 4430 qua:
1364 4380 1459 4434 per
1505 4366 1688 4419 omnia
1740 4367 1814 4422 ita
1863 4384 1922 4423 se

345 4461 549 4516 habent
591 4459 733 4514 inter
770 4474 849 4521 se,
909 4458 1052 4512 sicut
1118 4455 1192 4510 ibi
1236 4455 1394 4510 Pater
1443 4466 1495 4511 et
1547 4456 1722 4513 Filius
1775 4459 1920 4514 inter

339 4570 468 4610 sese
515 4554 738 4608 habent.
773 4551 1032 4605 Fortasse
1086 4548 1232 4604 enim
1264 4559 1318 4604 et
1378 4567 1520 4605 unus
1551 4560 1633 4607 est
1683 4552 1920 4622 spirator

342 4646 580 4716 Spiritus
629 4644 804 4700 saneti
861 4643 1026 4697 Pater
1063 4652 1116 4697 et
1174 4640 1368 4708 Filius,
1406 4653 1460 4697 et
1498 4641 1703 4698 Deitnte
1737 4653 1920 4700 trans-

336 4739 636 4795 scendente
668 4739 831 4792 etiam
888 4739 1022 4794 duas
1052 4738 1227 4793 dictas
1284 4751 1603 4792 communes
1642 4738 1920 4804 notiones,

338 4831 494 4887 nullo
515 4831 676 4888 modo
726 4830 989 4897 contingit
1024 4845 1186 4884 unam
1224 4843 1512 4898 personam
1547 4843 1669 4882 esse
1701 4825 1918 4884 Patrem

335 4934 398 4978 et
429 4922 622 4977 Filium
651 4929 901 4993 respectu
922 4921 1179 4991 Spiritus.
1212 4920 1276 4975 Et
1315 4921 1548 4992 qualiter
1580 4936 1686 4974 non
1709 4920 1925 4975 contin-

338 5018 422 5088 git
449 5017 570 5079 hoc,
601 5015 810 5069 nullum
841 5015 1167 5069 miraculum
1215 5023 1298 5068 est
1331 5028 1432 5067 nos
1491 5014 1744 5081 ignorare
1787 5011 1919 5066 illud

337 5126 450 5180 quo
481 5109 763 5180 processio
789 5124 818 5161 a
845 5108 1197 5178 generatione
1226 5105 1601 5176 distinguitur.
1629 5106 1756 5159 Item
1789 5121 1912 5159 cum

336 5200 714 5257 necessarium
745 5200 835 5265 sit,
881 5209 974 5253 aut
1001 5182 1310 5253 credentem
1346 5206 1398 5252 et
1432 5196 1483 5250 in
1527 5196 1727 5250 divinis
1760 5210 1917 5249 veras

332 5310 462 5350 esse
496 5294 780 5361 praedictas
827 5306 1150 5346 communes
1200 5291 1473 5352 notiones,
1525 5288 1784 5356 deceptos
1818 5305 1917 5352 pn-

334 5395 478 5448 tare,
507 5393 561 5438 et
585 5392 835 5440 sanctum
871 5382 1255 5451 Augustinum,
1283 5389 1336 5434 et
1360 5387 1604 5433 sanctum
1630 5377 1914 5448 Cyrillum,

329 5488 392 5532 et
418 5477 573 5542 alios,
606 5478 698 5546 qui
729 5473 1015 5528 manifeste
1049 5474 1234 5527 dicunt
1263 5472 1523 5541 Spiritum
1561 5478 1808 5526 sanvtum
1859 5479 1913 5524 et

328 5585 403 5624 ex
445 5567 578 5622 Filio
621 5567 956 5638 procedere:
990 5578 1077 5619 aut
1131 5568 1215 5618 his
1267 5564 1654 5618 assentientem
1692 5562 1911 5616 (ει-οιιυτο

413 5753 491 5823 (1)
524 5750 744 5806 S;ilicct
787 5761 941 5817 nugae
971 5745 1317 5801 Graecanica.
1349 5744 1510 5799 CANIS

2020 3167 2259 3222 vincitur
2313 3182 2505 3222 verum
2557 3182 2680 3222 esse
2767 3165 3020 3222 dicimus.
3059 3166 3115 3218 in
3173 3166 3426 3218 omnibus
3461 3167 3608 3218 enim

2020 3261 2204 3315 unitas
2227 3259 2506 3314 dualitatis
2526 3268 2609 3314 est
2645 3258 2997 3330 principium.
3035 3257 3112 3310 illi
3170 3273 3296 3311 vero
3347 3257 3607 3327 Spiritum

2021 3369 2086 3406 ex
2130 3353 2292 3407 Patre
2325 3363 2377 3405 et
2408 3351 2550 3406 Filio
2592 3367 2712 3406 esse
2744 3352 3016 3414 dicentes,
3051 3352 3236 3404 omnia
3291 3352 3433 3403 entia
3472 3364 3609 3404 cun-

2021 3444 2344 3500 tradicentia
2388 3444 2613 3498 habent.
2636 3444 2912 3514 Nusquam
2932 3443 3076 3497 enim
3095 3443 3324 3496 dualitas
3347 3449 3430 3497 est
3457 3441 3602 3509 priu-

2022 3537 2220 3607 cipium
2240 3537 2484 3593 unitatis.
2499 3535 2557 3589 in
2582 3535 2665 3590 his
2687 3536 2916 3605 primum
2935 3536 3151 3605 quidem
3174 3534 3606 3588 videturnumeri

2021 3627 2376 3700 superlicialis
2407 3627 2473 3682 ab
2503 3626 2710 3682 unitate
2737 3641 3083 3696 progressum
3125 3627 3462 3692 conspicere,
3499 3639 3606 3677 non

2024 3733 2202 3776 tamen
2236 3731 2289 3776 et
2318 3719 2532 3775 linealis
2561 3719 2774 3773 numeri
2825 3731 3182 3788 progressum
3215 3753 3229 3768 .
3253 3715 3310 3768 ln
3339 3715 3430 3767 illo
3459 3715 3604 3768 enim

2023 3817 2132 3868 duo
2162 3812 2474 3868 immediate
2497 3827 2562 3867 ex
2597 3826 2707 3866 uno
2738 3809 3201 3880 progrediuntur:
3233 3807 3286 3861 in
3329 3807 3432 3861 hoc
3476 3821 3605 3860 vero

2022 3917 2076 3963 et
2115 3909 2220 3962 duo
2245 3923 2308 3962 ex
2349 3921 2458 3960 uno
2488 3902 2791 3976 procedunt
2810 3947 2825 3969 ,
2853 3913 2908 3958 et
2935 3903 3092 3958 tertia
3120 3902 3306 3957 unitas
3327 3916 3394 3956 ex
3429 3901 3604 3970 prima

2022 4009 2076 4054 et
2124 3999 2360 4054 secunda
2389 3997 2651 4068 procedit.

2094 4091 2198 4146 Sed
2232 4105 2333 4159 ego
2367 4105 2542 4159 neque
2603 4098 2825 4158 pr0pter
2869 4087 3192 4156 phantasma
3246 4083 3605 4157 superficialis

2023 4183 2262 4249 numeri,
2305 4199 2368 4238 ex
2411 4181 2527 4235 solo
2587 4180 2746 4234 Patre
2806 4180 2983 4233 dicam
3034 4178 3298 4248 Spiritum
3355 4185 3604 4232 sanctum

2023 4275 2350 4344 procedere;
2382 4288 2558 4341 neque
2615 4280 2840 4340 propter
2871 4271 3193 4340 phantasma
3249 4269 3460 4324 linealis
3501 4285 3605 4322 nu.

2027 4366 2186 4430 meri,
2225 4375 2277 4418 et
2305 4380 2368 4418 ex
2401 4361 2541 4416 Filio
2575 4362 2879 4416 allirmabo.
2911 4360 3098 4430 Neque
3121 4363 3266 4414 enim
3304 4369 3482 4414 tutum
3516 4375 3610 4413 ne-

2027 4475 2136 4527 que
2166 4458 2482 4526 religiosum
2539 4464 2690 4524 puto,
2734 4453 3048 4522 hujusmodi
3083 4454 3289 4509 nostris
3341 4454 3604 4522 imagine.

2025 4548 2268 4603 tionibus
2287 4557 2544 4616 tanquam
2569 4545 2770 4614 regulis
2788 4547 2839 4598 in
2859 4544 3478 4614 supersubstantialibus
3506 4546 3604 4600 uti.

2100 4643 2302 4698 Deinde
2335 4640 2517 4696 Latini
2571 4656 2678 4693 non
2732 4640 2883 4693 aiunt
2918 4639 3233 4693 dualitatem
3275 4638 3604 4708 principium

2029 4748 2151 4788 esse
2180 4732 2446 4798 unitatis;
2481 4732 2573 4786 sed
2604 4731 2816 4785 Patrem
2853 4741 2908 4784 et
2962 4729 3183 4796 Filium,
3237 4747 3330 4800 per
3375 4731 3427 4784 id
3459 4733 3612 4799 quod

2032 4825 2239 4895 aliquid
2269 4839 2438 4878 unum
2466 4824 2684 4890 habent,
2719 4815 2888 4876 unum
2913 4838 3034 4878 esse
3087 4825 3432 4892 principium,
3495 4839 3603 4876 non

2031 4919 2140 4972 duo
2200 4917 2389 4971 unius.
2436 4915 2510 4970 De
2568 4916 2902 4987 syllogismis
2951 4915 3171 4984 quidem
3229 4917 3444 4970 illorum
3490 4919 3604 4970 hrec

2029 5008 2176 5061 dicta
2208 5006 2502 5061 sufﬁciant.
2536 5005 2599 5058 lii
2623 5005 2768 5061 enim
2797 5017 2929 5062 sunt
2962 5022 3148 5060 eorum
3177 5023 3316 5076 quos
3346 5008 3478 5071 vidi,
3512 5011 3604 5077 qui

2029 5103 2283 5155 videntur
2305 5116 2427 5154 esse
2454 5099 2764 5156 fortissimi.
2799 5099 2992 5169 Cogito
3016 5110 3195 5154 autem
3231 5109 3279 5152 et
3305 5098 3376 5152 ita
3403 5115 3417 5151 :
3453 5099 3604 5165 Qum

2025 5192 2168 5245 niam
2204 5191 2495 5262 Spiritum
2541 5208 2569 5246 a
2625 5195 2744 5248 solo
2813 5192 2970 5247 Patre
3043 5192 3364 5262 procedere,
3430 5209 3605 5261 neque

2031 5283 2293 5337 sensibile
2326 5294 2430 5344 est,
2461 5292 2516 5335 ut
2559 5285 2731 5352 possit
2763 5300 2857 5352 per
2890 5299 3109 5337 sensum
3144 5284 3345 5354 percipi
3373 5323 3388 5345 ,
3430 5297 3607 5351 neque

2023 5376 2291 5439 naturale,
2315 5377 2394 5430 vel
2421 5376 2622 5445 aliquid
2648 5378 3096 5446 contingentium,
3123 5388 3179 5426 ut
3201 5377 3369 5444 possit
3398 5391 3459 5428 ea
3485 5389 3607 5441 qum

2020 5466 2238 5536 proprie
2256 5467 2453 5520 dicitur
2469 5466 2722 5535 Opinione
2746 5474 2797 5518 et
2814 5465 3200 5532 imaginatione
3219 5467 3494 5533 cognosci,
3510 5463 3605 5518 sed

2018 5568 2101 5614 est
2135 5572 2295 5630 super
2323 5574 2544 5614 sensum
2581 5568 2633 5614 et
2656 5561 3046 5627 sempiternum
3095 5557 3495 5612 :necessariem
3519 5569 3609 5614 ess
