4122 6240
462 233 598 302 1ῑ99

1574 229 1968 290 BARLAAMI
2012 229 2109 292 DE
2151 228 2590 292 SEMINARIA

3637 233 3782 300 1300

463 360 522 403 nt
562 349 636 402 sit
683 355 827 403 recte
875 347 929 402 ei
985 345 1530 410 assentiendum,aut
1573 345 1800 402 scientia
1837 355 1930 401 aut
1955 345 2058 400 lide
2086 349 2132 406 Α
2164 356 2217 402 et
2253 349 2597 419 perquirens,
2634 358 2815 405 utrum
2847 350 3045 408 falsum
3081 354 3376 420 exsistens,
3414 359 3640 429 majoris
3667 360 3744 414 sit

464 444 569 498 hoc
611 441 810 496 facere.
867 439 974 497 Sed
1024 455 1126 510 ego
1183 450 1377 511 putare
1425 443 1530 495 hoc
1589 454 1710 496 esse
1765 440 1957 496 scihilo
1998 450 2054 497 et

463 534 889 590 demonstrabile
930 546 998 594 et
1047 535 1432 593 communibus
1480 537 1684 593 nostris
1731 535 2050 592 notionibus

461 627 979 699 comprehensibile,
1023 631 1264 685 carentis
1318 630 1544 686 scientia
1615 630 1853 685 arbitror
1905 642 2046 686 esse.

464 721 655 777 Restat
699 722 886 790 itaque
921 724 1072 779 lides.

538 812 608 868 At
641 831 775 869 vero
801 815 892 870 illa
919 816 1112 872 talium
1148 818 1464 888 dogmatum
1498 818 1734 875 dicimus
1769 835 1871 873 nos
1906 830 2051 876 recte

464 909 712 973 credere,
752 926 874 980 quae
934 911 1153 966 dicente
1190 913 1374 983 aliquo
1435 914 1708 982 ingentem
1757 915 2049 971 aucwrita-

466 1016 576 1060 tem
625 1004 881 1072 habente,
918 1014 972 1060 et
1008 1006 1096 1061 cui
1133 1007 1355 1065 credere
1387 1008 1609 1078 quidem
1645 1018 1729 1064 est
1773 1013 2010 1066 salutare
2034 1043 2048 1072 ν

467 1113 578 1152 non
614 1098 840 1154 credere
877 1114 1003 1153 vero
1033 1099 1430 1169 periculosum,
1475 1118 1576 1158 nos
1608 1105 1923 1174 recipimus.
1951 1105 2050 1162 Cui

467 1191 639 1262 igitur
675 1192 768 1246 tali
805 1207 906 1262 ego
944 1195 1174 1248 credens
1203 1209 1314 1248 non
1372 1204 1578 1250 temere
1634 1197 1765 1266 mihi
1827 1196 2052 1252 videbor

470 1286 574 1341 hoc
614 1284 798 1340 facere
819 1285 843 1339 ?
865 1286 1110 1341 sacraene
1158 1285 1502 1358 Scripturae?
1529 1301 1584 1344 at
1617 1290 1751 1344 nihil
1784 1292 1892 1346 tale
1936 1293 2052 1362 ipsa

467 1377 739 1446 loquitur.
775 1380 859 1433 An
892 1378 1240 1450 generalibus
1270 1380 1519 1436 conciliis
1545 1382 1650 1436 hoc
1685 1382 2056 1439 determinan-

469 1471 620 1526 tibus
649 1481 703 1528 et
726 1470 1230 1541 dogmatizautibus
1254 1473 1276 1526 ἳ
1302 1475 1396 1529 sed
1428 1491 1606 1544 neque
1643 1477 1764 1532 hoc.
1800 1477 1881 1532 An
1909 1479 2050 1532 mul-

469 1566 543 1622 tis
609 1565 820 1621 sanctis
877 1569 1204 1637 exponendo
1265 1583 1482 1624 sacram
1548 1568 1886 1640 Scripturam
1950 1573 2054 1630 hoc

469 1668 655 1730 aperte
675 1667 725 1715 et
760 1675 857 1729 per
879 1660 1048 1714 multa
1075 1661 1438 1725 tradentibus,
1479 1671 1535 1718 et
1565 1678 1632 1718 ex
1677 1664 1768 1720 illa
1805 1668 1907 1720 hoc
1953 1666 2052 1719 ha.

473 1752 605 1808 bere
638 1749 1066 1810 asserentibus'l
1094 1763 1148 1807 et
1190 1757 1468 1823 quomodo
1532 1758 1636 1813 hoc
1686 1756 1860 1827 possit
1905 1758 2056 1814 dici?

471 1860 540 1898 an
606 1852 887 1916 postremo
949 1845 1106 1901 matri
1165 1845 1588 1904 Ecclesiarum?
1649 1861 1706 1905 at
1751 1865 1883 1907 vero
1939 1851 2058 1908 haec

470 1939 807 1995 contrariam
842 1937 996 1995 dicit.
1031 1939 1225 1995 Nonne
1254 1953 1386 2012 ergo
1419 1958 1648 1998 summas
1696 1945 1801 1999 erit
1831 1946 2062 2000 demen-

465 2033 568 2089 tia
597 2033 780 2089 dicere
831 2033 1052 2106 quidem
1089 2035 1316 2091 credere
1371 2036 1577 2108 aliquid
1643 2038 1710 2094 de
1775 2036 1908 2103 Deo,
1951 2055 2060 2094 non

474 2120 679 2183 habere
711 2139 892 2183 autem
917 2128 1220 2200 assignare,
1256 2130 1344 2185 cui
1379 2132 1610 2187 credens
1643 2141 1787 2188 recte
1821 2134 1924 2189 hoc
1965 2134 2063 2188 ad-

473 2222 666 2279 mittit.
699 2222 784 2277 An
821 2214 966 2280 dicet
999 2225 1217 2296 aliquis,
1280 2226 1426 2296 quod
1463 2227 1738 2296 reliquum
1777 2240 1888 2294 est,
1929 2221 2061 2283 illu-

475 2316 782 2373 tnlnatione
804 2319 1043 2389 quadam
1090 2319 1322 2374 occulta
1365 2327 1418 2375 et
1465 2320 1650 2377 divina
1689 2336 1750 2378 se
1796 2320 1901 2378 hoc
1933 2336 2063 2376 sen-

477 2411 661 2469 sisse?
697 2412 794 2467 sed
829 2427 929 2482 ego
968 2413 1212 2468 nondum
1239 2413 1382 2470 hanc
1407 2415 1640 2484 adeptus
1669 2429 1816 2471 sum.

552 2504 732 2560 Habes
761 2517 816 2560 et
853 2520 1071 2574 causas,
1123 2522 1222 2578 per
1253 2524 1393 2579 quas
1447 2524 1624 2580 neque
1658 2510 2063 2579 necessarium,

482 2612 661 2668 neque
719 2607 920 2667 tutum,
956 2612 1140 2671 neque
1196 2602 1433 2672 alicujus
1494 2605 1799 2673 prudentiae
1853 2607 2068 2662 aestimo

479 2703 626 2756 esse,
655 2701 710 2746 et
734 2691 1044 2762 huiusmodi
1074 2695 1331 2751 assentiri
1361 2696 1623 2767 dogmati.
1648 2697 1920 2764 Quoniam
1941 2713 2070 2754 vero

480 2785 737 2855 superius
752 2785 865 2840 dixi
886 2825 904 2848 ,
933 2786 1111 2842 adhuc
1134 2787 1510 2845 incredibilius
1532 2791 1694 2845 mead
1718 2791 1824 2847 hoc
1845 2791 2068 2853 habere.

480 2890 647 2945 quam
680 2877 746 2931 ad
777 2876 908 2932 illud
943 2879 1086 2949 quod
1112 2877 1291 2935 Latini
1323 2880 1542 2947 dicunt,
1580 2882 1704 2937 volo
1738 2882 1832 2938 tibi
1852 2893 1909 2938 et
1928 2883 2074 2940 hanc

483 2969 925 3037 compass'ionem
961 2972 1273 3026 ostendere.

555 3060 802 3116 Primum
834 3061 1052 3133 quidem
1080 3063 1237 3119 video
1264 3064 1493 3135 majoris
1525 3080 1648 3121 esse
1673 3067 1942 3133 audaciae,
1971 3081 2074 3123 ne-

2154 444 2407 513 periculi,
2457 445 2679 502 invenio
2714 446 2911 515 dogma
2954 445 3277 503 Latinorum
3313 449 3486 504 multo
3537 453 3734 507 tutius.

2155 535 2268 592 Hoc
2294 537 2440 592 enim
2465 539 2685 595 etiamsi
2709 539 2780 593 sit
2799 541 3022 603 falsum,
3041 551 3222 597 tamen
3247 545 3487 599 addit‘ibi
3521 546 3733 616 aliquid

2157 628 2303 684 velut
2343 629 2450 686 Deo
2482 630 2730 703 dignum,
2769 633 2907 687 nihil
2943 633 3256 689 adimendo.
3304 633 3536 706 Spiritui
3586 637 3738 691 enim

2155 723 2583 780 nihildetrahit.
2612 724 2730 780 Non
2765 726 2909 782 enim
2938 743 3004 783 ex
3036 729 3144 784 hoc
3165 729 3393 784 minoris
3424 731 3739 801 dignitatis,

2153 831 2318 889 quam
2348 819 2522 877 Filius
2549 821 2629 876 ﬁt.
2655 820 2798 878 Filio
2812 838 2941 878 vero
2969 824 3105 879 nihil
3130 824 3408 890 auferens,
3435 843 3536 883 nec
3560 829 3738 894 Patri,

2154 912 2223 966 de
2254 914 2339 970 his
2365 929 2485 984 qute
2517 916 2701 983 habet,
2749 918 3070 985 detrahens,
3102 921 3278 982 addit.
3315 905 3463 991 quod
3498 938 3608 976 nun
3645 938 3741 977 so-

2154 1003 2268 1059 lum
2315 1007 2432 1075 ipse
2462 1008 2701 1078 perfecte
2731 1020 2814 1065 est
2835 1013 3094 1082 spirator,
3130 1029 3318 1068 verum
3352 1017 3520 1070 etiam
3554 1016 3742 1085 spira-

2154 1107 2331 1155 torem
2363 1102 2572 1170 genuit.
2611 1102 2743 1159 Illud
2770 1120 2921 1170 vero,
2950 1111 3094 1176 quod
3121 1107 3290 1163 Graeci
3321 1111 3533 1174 dicunt,
3564 1109 3743 1180 siqui-

2156 1193 2276 1248 dem
2303 1193 2499 1249 {alsum
2517 1207 2622 1263 est,
2652 1213 2822 1268 papae,
2843 1217 3005 1268 quam
3031 1218 3226 1271 magna
3246 1203 3583 1269 blasphemia
3609 1215 3694 1257 est
3720 1207 3735 1256 !

2157 1283 2362 1338 addens
2382 1286 2606 1354 quidem
2645 1289 2801 1351 nihil,
2833 1293 3130 1348 detrahens
3167 1309 3319 1360 vero,
3346 1292 3488 1349 Filio
3511 1295 3739 1363 quidem

2158 1377 2370 1445 Spirare
2401 1378 2686 1448 Spiritum,
2721 1381 2865 1438 Patri
2918 1401 3050 1440 vero
3092 1403 3354 1458 generare
3385 1388 3743 1458 spiratorem.

2159 1470 2224 1528 Et
2250 1472 2554 1540 estsimile,
2573 1486 2631 1530 ut
2659 1477 2702 1532 si
2724 1478 2945 1548 quidam
2974 1477 3272 1551 Scriptura:
3298 1481 3566 1538 addentes
3607 1498 3742 1553 erga

2158 1569 2583 1640 quatriduanum
2641 1569 2911 1626 Lazarum
2952 1571 3166 1628 Domini
3215 1573 3543 1630 miraculum
3593 1591 3745 1631 unus

2157 1664 2386 1729 diceret,
2418 1681 2524 1721 non
2542 1666 2743 1722 obiisse
2766 1665 2942 1734 illum,
2964 1667 3059 1722 sed
3084 1667 3420 1737 passionem,
3441 1669 3744 1738 quamdam

2160 1760 2307 1816 circa
2337 1775 2434 1815 cor
2455 1759 2504 1816 ei
2532 1761 2820 1824 accidisse,
2837 1770 2891 1816 et
2914 1761 3090 1816 visum
3113 1776 3233 1817 esse
3257 1761 3423 1828 mori,
3449 1747 3743 1817 Dominum

2157 1866 2291 1908 vero
2310 1861 2508 1924 quarto
2533 1853 2642 1917 die,
2668 1853 2930 1922 passione
2957 1854 3052 1909 illa
3071 1854 3250 1923 ipsum
3279 1854 3573 1918 liberasse;
3597 1854 3746 1909 alius

2161 1961 2358 2003 rursus
2385 1946 2592 2002 diceret
2633 1949 2854 2017 triginta
2883 1948 3100 2004 dierum
3126 1960 3432 2013 mortuum,
3457 1949 3539 2004 vel
3559 1948 3748 2004 adhuc

2166 2041 2332 2108 ultra,
2361 2043 2750 2098 resuscitatum
2776 2040 2947 2097 fuisse
2977 2057 3008 2097 a
3038 2034 3297 2097 Domino.
3321 2040 3567 2112 Utraque
3595 2043 3748 2099 enim

2162 2133 2304 2190 falsa
2332 2143 2540 2190 essent.
2573 2133 2678 2189 Sed
2702 2149 2872 2190 unum
2903 2132 3165 2200 detrahit,
3185 2134 3331 2190 aliud
3357 2135 3507 2190 addit
3527 2135 3605 2190 illi
3641 2137 3752 2190 mi-

2166 2229 2380 2296 raculo,
2415 2239 2473 2284 ut
2505 2243 2615 2284 non
2642 2229 2712 2285 sit
2740 2229 2952 2299 aequale
2973 2238 3282 2299 peccatum.

2233 2321 2666 2392 C‘onsequenter
2686 2336 2884 2376 rursus
2928 2321 3278 2391 perquirens,
3324 2332 3512 2377 utrum
3545 2319 3748 2376 falsum

2169 2418 2445 2472 exsiStens
2501 2413 2951 2469 rationabiliores
2987 2413 3160 2484 possit
3195 2414 3397 2469 habere
3433 2416 3488 2469 in
3540 2414 3754 2483 judicio

2169 2509 2558 2566 excusationes
2592 2551 2607 2575 ,
2650 2509 2868 2564 invenio
2902 2508 3136 2563 multum
3180 2506 3466 2562 interesse.
3524 2505 3755 2562 Latinus

2172 2618 2326 2669 vero,
2367 2603 2639 2666 siquidem
2667 2602 2865 2658 falsum
2901 2601 3056 2666 dicit;
3083 2600 3363 2656 reddendo
3385 2599 3550 2669 hujus
3586 2601 3761 2654 ratio-

2173 2711 2320 2759 nem,
2364 2697 2534 2752 multa
2565 2696 2766 2766 puterit
2804 2697 3005 2752 habere
3034 2696 3177 2750 bona
3228 2694 3473 2764 rel‘ugia:
3509 2695 3657 2764 quod
3697 2691 3755 2748 in

2173 2783 2355 2839 divina
2383 2783 2670 2853 Scriptura
2691 2784 2858 2838 multa
2879 2782 3135 2846 fuissent,
3155 2798 3276 2852 quae
3302 2782 3628 2837 videbantur
3649 2782 3756 2835 hoc

2174 2876 2527 2942 concludere,
2571 2886 2627 2932 et
2663 2875 2781 2946 ipse
2808 2876 3068 2932 voluisset
3121 2879 3438 2930 reverenter
3477 2875 3544 2929 ad
3578 2875 3756 2943 ipsam

2177 2987 2237 3027 se
2282 2970 2523 3027 habere:
2561 2971 2708 3041 quod
2749 2985 2816 3025 ex
2868 2970 2995 3032 (ide,
3029 2967 3169 3034 zelo,
3221 2969 3530 3030 devotione,
3569 2982 3763 3023 amore

2182 3065 2252 3120 ad
2303 3065 2482 3133 ipsum
2543 3061 2841 3119 Dominum
2892 3062 3149 3118 Credebat
3198 3061 3463 3118 adversus
3518 3078 3642 3117 eum
3703 3077 3764 3117 se

487 3171 619 3224 gare
651 3171 759 3212 non
790 3131 1090 3227 procedere
1121 3169 1175 3212 et
1197 3173 1262 3213 ex
1291 3131 1431 3214 Filio
1455 3157 1747 3238 Spiritum,
1779 3131 1946 3232 quam
1972 3175 2075 3231 op-
2100 3131 2144 3190 θ’
2177 3131 2584 3227 blasphemare,
2627 3156 2730 3212 nisi
2785 3155 3031 3212 crederet
3058 3170 3122 3211 ex
3159 3154 3281 3225 ipso
3313 3152 3576 3225 Spiritum
3629 3169 3766 3209 san-

488 3248 752 3317 positum.
797 3250 1004 3306 Sancto
1022 3250 1173 3305 enim
1203 3251 1462 3322 Dionysio
1493 3252 1729 3317 dicente,
1762 3253 1818 3308 in
1847 3253 1969 3323 ipso
1996 3252 2073 3308 De

487 3343 682 3397 divinis
703 3342 1039 3398 nominibus:
1065 3356 1172 3398 non
1197 3345 1509 3400 audendum
1535 3344 1774 3402 totaliter
1797 3346 1864 3402 de
1883 3355 2076 3401 sancta

488 3433 760 3493 Trinitate
795 3436 1104 3508 intelligere
1153 3437 1356 3507 aliquid
1408 3440 1489 3494 vel
1525 3440 1733 3506 dicere,
1771 3450 1966 3510 prteter
2008 3455 2074 3497 ea

489 3547 612 3601 qua:
642 3530 910 3587 divinitus
944 3531 1104 3588 nobis
1146 3547 1241 3601 per
1275 3531 1388 3601 ipsa
1437 3547 1699 3602 expressa
1731 3542 1860 3588 sunt
1890 3547 2077 3589 sacra-

492 3624 704 3680 tissima
734 3623 953 3695 eloquia
988 3644 1004 3682 :
1041 3626 1117 3680 illi
1146 3624 1238 3695 qui
1272 3625 1462 3680 dicunt
1494 3640 1524 3679 a
1551 3625 1662 3679 solo
1694 3623 1851 3678 Patre
1882 3640 2081 3695 proce-

493 3717 623 3772 dire
655 3715 921 3787 Spiritum
958 3730 1236 3783 sanctum,
1265 3719 1511 3774 audacia:
1565 3719 1729 3788 hujus
1766 3717 1956 3790 utique
2000 3717 2080 3773 rei

494 3814 648 3871 sunt.
692 3811 849 3879 Quod
900 3810 1048 3868 enim
1082 3826 1179 3882 per
1209 3811 1587 3867 sacratissima
1609 3810 1822 3880 eloquia
1861 3811 2080 3866 ostendi

496 3910 725 3965 minime
759 3914 954 3976 potest,
976 3904 1083 3958 hoc
1103 3904 1222 3958 ausi
1242 3913 1372 3959 sunt
1398 3903 1503 3974 ipsi
1525 3903 1590 3958 de
1620 3902 1731 3958 Deo
1753 3903 2081 3975 intelligere.

570 3999 749 4055 Latini
779 4013 910 4053 vero
939 3996 1124 4051 multis
1157 3995 1212 4052 in
1247 4010 1407 4051 sacra
1445 3992 1729 4066 Scriptura
1759 3995 1925 4052 dictis
1972 4011 2083 4050 non

499 4108 722 4168 parvam
752 4088 1126 4161 suapiciouem
1161 4088 1572 4159 praestantibus,
1601 4098 1654 4144 et
1687 4083 1754 4145 ex
1789 4087 1930 4144 Filio
1959 4088 2087 4158 Spi-

502 4192 669 4244 ritum
702 4196 956 4242 sanetum
1006 4183 1324 4250 procedere,
1366 4181 1468 4252 ipsi
1502 4191 1560 4236 ut
1591 4180 1778 4246 credo,
1808 4191 2086 4251 putantes,

505 4301 569 4340 ex
618 4284 729 4340 illis
767 4283 873 4337 hoc
929 4275 1254 4349 signiﬁcari,
1292 4289 1421 4344 erga
1470 4289 1684 4329 sacram
1742 4273 2085 4344 Scripturam

505 4377 816 4433 reverentia
834 4365 886 4429 et
910 4369 1191 4442 religione,
1211 4377 1267 4422 et
1293 4367 1525 4423 volendo
1541 4369 1608 4422 ad
1634 4367 1805 4436 ipsam
1830 4367 2091 4423 obedien-

2178 3259 2326 3305 etum
2359 3250 2656 3321 procedere
2679 3266 2696 3303 :
2716 3249 2864 3321 quod
2892 3246 3050 3304 multi
3078 3259 3421 3311 sanctorum,
3445 3247 3538 3318 qui
3562 3246 3618 3300 in
3641 3247 3767 3317 ipso

2177 3343 2348 3412 judici
2389 3343 2732 3411 placuerunt,
2778 3347 2881 3397 hoc
2913 3352 3101 3411 aperte
3147 3353 3202 3397 et
3238 3353 3335 3412 per
3374 3340 3542 3395 multa
3581 3340 3765 3394 tradi-

2179 3439 2429 3501 disserit;
2463 3438 2608 3508 quod
2645 3447 2820 3493 mater
2863 3437 3227 3493 Ecclesiarum
3263 3450 3481 3507 semper
3519 3437 3630 3492 hoc
3656 3437 3758 3491 do—

2181 3535 2411 3589 cuisset.
2451 3533 2519 3586 Et
2551 3545 2684 3586 vet-0
2729 3533 2822 3601 qui
2859 3530 3084 3587 alterius
3134 3533 3305 3602 partis
3345 3541 3451 3596 est,
3488 3530 3767 3602 siquidem

2182 3637 2354 3693 errat,
2388 3639 2566 3696 neque
2605 3624 2814 3694 aliquid
2863 3626 3058 3679 horum
3097 3626 3398 3681 convenire
3428 3624 3492 3679 ad
3529 3640 3769 3680 excusa.

2181 3721 2390 3775 tionem
2426 3717 2708 3788 injudicio
2740 3718 2996 3773 invenio:
3036 3735 3214 3791 neque
3244 3719 3412 3785 aliud,
3437 3718 3585 3772 utita
3617 3718 3773 3774 dica-

2187 3818 2299 3873 tur,
2328 3809 2627 3878 quidquam
2669 3808 2883 3863 ratione
2912 3809 3161 3882 dignum.

2255 3898 2389 3954 item
2419 3902 2680 3970 quoniam
2712 3903 2963 3956 homines
2987 3903 3155 3957 multa
3189 3912 3377 3958 contra
3395 3919 3456 3958 ea
3490 3920 3613 3968 qua:
3648 3907 3773 3974 opi-

2188 3999 2393 4046 nantur
2427 4006 2497 4045 ex
2536 3991 2715 4062 aliqua
2765 3980 3142 4058 contentione,
3179 3995 3261 4048 vel
3318 3995 3402 4050 sui
3439 4009 3648 4058 amore,
3689 3995 3775 4050 vel

2187 4085 2292 4140 alia
2324 4087 2561 4154 quadam
2593 4085 2850 4153 passione
2881 4085 3096 4149 dicunt,
3127 4085 3456 4158 perquirens
3481 4101 3773 4157 ego,quos

2189 4178 2364 4248 magis
2392 4178 2686 4234 verisimile
2707 4188 2793 4234 est
2821 4195 2852 4233 a
2887 4178 3154 4248 principio
3187 4196 3251 4235 ex
3281 4181 3465 4252 aliqua
3510 4183 3608 4235 tali
3642 4197 3779 4251 pas-

2191 4271 2346 4326 sione
2368 4281 2677 4326 commotos
2697 4269 2914 4327 dicere:
2942 4281 3124 4326 utrum
3147 4271 3390 4339 Latinos,
3417 4277 3563 4343 quod
3586 4287 3651 4330 ex
3688 4274 3779 4329 Fi-

2193 4363 2291 4428 lio,
2324 4378 2393 4418 an
2415 4363 2658 4428 Graecos,
2691 4364 2839 4433 quod
2871 4365 3096 4419 haeresis
3123 4375 3177 4420 et
3202 4381 3356 4420 error
3395 4369 3503 4422 hoc
3534 4380 3655 4434 est;
3688 4369 3776 4422 in-

507 4485 588 4526 ter
625 4487 684 4526 se
734 4469 956 4533 habere,
999 4467 1102 4521 hoc
1137 4462 1426 4531 recipiunt.
1465 4461 1647 4528 Quare
1701 4462 1931 4516 multum
1980 4462 2090 4516 dil-
2123 4490 2170 4548 ο
2198 4456 2360 4513 venio
2391 4471 2584 4511 rursus
2604 4453 2854 4510 eamdem
2902 4455 3289 4511 differentiam.
3323 4457 3384 4512 lu
3409 4458 3596 4513 multis
3627 4464 3776 4514 enim

510 4565 614 4618 fert
645 4563 748 4616 hoc
793 4560 861 4616 ab
890 4558 1002 4615 illo.
1031 4555 1248 4612 Nullius
1270 4553 1436 4622 enim,
1465 4555 1550 4609 vel
1579 4553 1822 4608 minima
1845 4552 2091 4608 audaciae

513 4656 727 4712 videtur
748 4669 893 4710 esse.

584 4749 857 4812 ltem,.nou
891 4742 1188 4801 mediocris
1240 4749 1294 4796 et
1338 4740 1579 4795 audaciae
1608 4752 1662 4797 et
1709 4741 2093 4811 praesumptio-

513 4850 599 4902 nis
629 4843 822 4915 procul
858 4842 1026 4896 dubio
1058 4850 1164 4905 est,
1185 4838 1238 4892 in
1269 4835 1619 4906 dogmatibus
1644 4834 1714 4893 de
1731 4826 1948 4892 summa
1969 4835 2093 4890 Trl-

517 4941 704 5001 nitate,
740 4952 894 4992 suam
923 4935 1293 5005 cognitionem
1321 4942 1640 4989 sanctorum
1679 4939 1734 4984 et
1770 4944 2095 4999 magnorum

517 5035 801 5085 ducturum
860 5027 1157 5099 cognitioni
1205 5021 1781 5098 prteponere.Atvero
1819 5023 1911 5094 qui
1967 5022 2098 5076 dicit

517 5141 582 5178 ex
624 5123 742 5178 solo
767 5119 928 5174 Patre
961 5120 1253 5189 procedere
1291 5119 1558 5189 Spiritum
1588 5124 1866 5182 sanctum,
1906 5113 2097 5170 multis

519 5230 572 5270 et
606 5215 816 5287 magnis
851 5214 1080 5276 sanctis,
1113 5222 1166 5265 et
1187 5213 1459 5284 prazcipue
1476 5220 1666 5265 sancto
1689 5210 2025 5280 Augustino,
2046 5218 2103 5263 et

523 5316 714 5361 sancto
758 5305 985 5377 Cyrillo,
1039 5306 1131 5375 qui
1182 5304 1342 5359 latius
1394 5314 1448 5359 et
1495 5302 1739 5375 apertius
1786 5303 2098 5371 oppositum

526 5404 744 5466 docent,
771 5416 830 5453 se
865 5399 1044 5470 ipsum
1081 5397 1398 5453 necessario
1435 5409 1588 5467 putat
1615 5397 2012 5468 sapientiorem
2047 5407 2101 5450 et

528 5495 948 5566 religiosiorem.
984 5493 1028 5547 A
1061 5493 1270 5548 Latinis
1304 5507 1431 5546 vero
1452 5492 1594 5546 nihil
1627 5491 1940 5561 hujusmudi
1976 5504 2102 5559 pec-

526 5601 704 5653 eatur,
727 5589 876 5643 nullo
899 5596 1211 5642 sanctorum
1234 5604 1260 5640 a
1283 5586 1397 5641 solo
1425 5585 1584 5640 l‘atre
1607 5583 1903 5653 procedere
1921 5593 2105 5651 aperte

529 5695 582 5738 et
617 5683 1055 5737 indubitabiliter
1084 5682 1355 5736 tradente.

605 5778 808 5834 veinde
826 5792 1138 5848 suppouetts
1165 5779 1219 5831 in
1256 5786 1405 5848 parte
1427 5787 1716 5845 utrumque
1742 5773 1935 5830 falsum
1961 5788 2103 5837 esse,

2198 4551 2286 4606 his
2317 4553 2525 4605 nostris
2542 4549 2778 4606 subditis
2799 4551 2876 4606 illi
2908 4549 3190 4617 Ecclesiae,
3213 4562 3265 4608 et
3288 4554 3477 4608 multis
3508 4553 3599 4608 hic
3628 4555 3782 4608 aesti-

2198 4639 2398 4696 ntau’do
2423 4655 2483 4695 se
2512 4657 2543 4696 a
2576 4639 2880 4710 majoribus
2913 4643 3172 4713 injuriam
3205 4643 3313 4713 pati
3353 4645 3421 4699 ad
3471 4645 3646 4714 ipsam
3695 4663 3784 4701 re-

2198 4732 2556 4807 fugientibus,
2572 4734 2778 4806 illaque
2796 4736 3368 4792 excommunicatione
3392 4748 3444 4792 et
3467 4738 3786 4806 aliisjussis

2199 4842 2254 4884 et
2281 4831 2430 4884 omni
2465 4829 2628 4884 modo
2657 4846 2931 4892 coercere,
2972 4831 3062 4886 hic
3094 4831 3333 4903 majores
3353 4832 3423 4885 ab
3454 4833 3660 4901 injuria
3695 4848 3790 4887 co—

2202 4935 2400 4980 nante:
2434 4927 2637 4990 ethoc,
2669 4933 2726 4979 ut
2747 4925 3045 4980 verisimile
3068 4936 3172 4992 est,
3202 4926 3289 4982 his
3314 4942 3421 4982 non
3449 4943 3644 4999 parum
3669 4928 3785 4983 dis-

2205 5020 2456 5088 plicentc,
2480 5020 2598 5074 istis
2619 5021 2837 5090 quidem
2864 5037 2926 5073 ex
2951 5019 3292 5075 dill'amando
3311 5021 3457 5076 illam
3483 5020 3787 5077 Ecclesiam

2205 5112 2258 5165 in
2284 5111 2629 5180 dogmatibus
2668 5125 2916 5181 peccare,
2951 5127 3175 5183 suaeque
3217 5113 3321 5168 hoc
3377 5113 3786 5184 persuadendo,

2206 5207 2490 5261 videbatur
2541 5207 2804 5261 advenire
2847 5224 3043 5280 magna
3091 5207 3358 5262 malorum
3398 5208 3652 5264 liberalia
3687 5228 3702 5264 :
3735 5219 3790 5262 et

2210 5301 2460 5356 videlicet
2489 5303 2674 5356 omnia
2701 5303 3004 5356 secundum
3066 5303 3474 5372 beneplacitum
3513 5319 3676 5358 suum
3713 5304 3795 5358 fa-

2207 5394 2478 5451 cientibus
2513 5396 2694 5450 nullus
2725 5395 2792 5449 de
2809 5405 3007 5450 caetero
3039 5412 3325 5453 recurrere
3348 5396 3500 5460 velit,
3521 5405 3690 5467 atque
3711 5397 3794 5452 illi

2210 5490 2611 5545 rationabiliter
2634 5490 2922 5544 videantur
2961 5490 3134 5560 jussis
3169 5506 3323 5562 papae
3366 5491 3511 5546 nolle
3543 5489 3792 5546 obedire.

2283 5583 2470 5652 Itaque
2501 5583 2821 5651 imperatori
2857 5584 2958 5637 huc
2997 5583 3271 5653 provenit,
3303 5584 3448 5655 quod
3480 5584 3639 5654 prius
3683 5599 3796 5639 non

2211 5678 2467 5739 habebat,
2523 5677 2864 5744 patriarchas
2900 5677 3229 5732 conﬁrmare
3261 5687 3315 5732 et
3354 5692 3689 5750 proponere,
3741 5689 3800 5734 et

2216 5772 2418 5827 nullam
2459 5772 2688 5844 relinqui
2726 5771 3049 5838 Ecclesium,
3082 5788 3204 5842 qua:
3235 5774 3414 5830 valeat
3450 5771 3554 5844 ipsi
3583 5770 3638 5826 ia
3666 5766 3797 5828 'ali-
